2632 3464
994 418 1217 444 AUCTARIUM
1244 418 1504 445 CHARTULARII
1529 421 1704 447 UNIVERS.
1731 421 1849 447 PARIS.
2335 425 2368 452 88

843 508 860 535 1
865 507 940 536 345

437 594 594 633 Tempus
632 593 922 632 procuracionis
961 593 1131 632 magistri
1167 593 1348 622 Johannis

746 642 787 670 de
825 641 1030 681 Sarburgo.

789 719 801 731 0
817 719 829 731 0

478 741 570 771 Anno
594 740 718 769 Domini
741 719 976 774 M⁰CCiJXLVQ
998 739 1029 767 in
1054 738 1209 768 crastino⁴
1233 739 1348 768 Mathei

437 790 582 830 apostoli,
597 795 764 819 convocata
779 789 901 818 natione
917 788 1090 828 Anglicana
1105 789 1187 827 apud
1203 788 1347 817 Sanctum

437 840 591 869 Julianum
618 848 784 878 pauperem
813 848 897 866 more
930 843 1078 866 consueto
1105 838 1143 866 ad
1172 837 1348 877 eligendum

437 895 671 929 procuratorem
685 887 829 922 nationis,
850 887 965 915 electus
982 887 1038 915 suit
1052 887 1249 916 concorditer
1263 887 1348 916 nullo

440 938 670 968 contradicente
698 937 846 975 magister
871 936 1028 965 ‚lohannes
1055 936 1093 964 de
1123 936 1283 975 Sat-burgo
1316 936 1348 964 in

438 993 671 1027 procuratorem
695 985 835 1025 predicte
859 985 1004 1014 nationis.
1031 985 1065 1014 ln
1091 984 1177 1025 cujus
1201 995 1348 1025 procura-

436 1037 519 1066 tione
535 1042 602 1065 acta
617 1042 673 1064 etc.

480 1086 585 1115 Primo
603 1094 785 1114 concessum
806 1083 862 1112 fuit
881 1083 1079 1112 concorditer
1093 1083 1125 1111 in
1144 1089 1207 1112 tota
1224 1083 1348 1112 natione

437 1135 587 1174 magistro
619 1133 812 1162 Theoderico
848 1133 885 1161 de
921 1132 1002 1161 Foro
1035 1133 1119 1171 quod
1153 1139 1349 1171 reputaretur

437 1194 550 1224 regens
568 1183 693 1212 omnino
710 1182 790 1211 sicut
806 1182 981 1220 quicunque
998 1182 1036 1210 de
1054 1182 1177 1210 natione
1197 1192 1261 1210 sua.

478 1234 552 1262 Item
566 1232 690 1261 domino
704 1231 910 1271 Engarammo
925 1230 1017 1259 Scoto
1032 1230 1219 1269 supplicanti
1233 1236 1265 1259 ut
1278 1240 1348 1269 pro-

437 1282 616 1321 longaretur
643 1280 793 1309 terminus
819 1279 961 1308 solvendi
986 1279 1009 1307 L
1037 1278 1155 1307 solidos
1179 1278 1346 1317 parisiens.

437 1341 495 1370 pro
514 1331 638 1359 domino
656 1329 795 1359 Johanne
815 1329 907 1358 Scoto
926 1329 963 1357 de
986 1328 1097 1363 Rossi,
1114 1327 1201 1367 cujus
1221 1326 1348 1366 fidejus-

437 1391 490 1409 sor
504 1380 559 1409 fuit
573 1379 622 1408 ille
637 1379 716 1407 idem
732 1378 955 1417 Engarammus
969 1377 1018 1406 vel
1033 1378 1126 1406 frater
1139 1376 1216 1416 ejus,
1230 1377 1349 1406 scilicet

439 1429 582 1458 dominus
602 1428 759 1457 Johannes
779 1428 816 1456 de
837 1426 981 1459 Ketenis‚
1000 1427 1057 1455 sub
1077 1436 1157 1465 pena
1173 1425 1256 1454 XXV
1272 1425 1348 1454 soli-

438 1480 546 1508 dorum
572 1479 611 1507 ad
635 1478 817 1507 solvendum
833 1477 864 1505 in
889 1477 966 1505 sesto
984 1475 1177 1510 Michahelis,
1200 1485 1349 1504 concessa

438 1529 494 1557 suit
510 1527 708 1567 prolongatio
723 1536 822 1565 usque
838 1526 876 1554 ad
892 1525 1088 1554 Nativitatem
1105 1525 1241 1554 Domini.

480 1578 555 1607 Item
572 1577 715 1605 dominus
728 1575 863 1604 Alardus
877 1576 914 1603 de
927 1575 1035 1603 Lunna
1052 1574 1167 1613 incepit
1183 1575 1240 1603 sub
1254 1573 1348 1613 magi-

438 1634 504 1656 stro
519 1626 658 1655 Johanne
674 1625 711 1653 de
726 1624 878 1658 Wesalia,
896 1622 982 1663 cujus
996 1625 1091 1652 bursa
1106 1623 1211 1652 nichil.

478 1676 553 1705 Item
574 1675 689 1704 electus
710 1674 766 1702 fuit
786 1674 852 1702 sine
872 1673 1029 1701 discordia
1047 1673 1078 1701 in
1098 1679 1250 1701 rectorem
1269 1671 1348 1701 Uni-

437 1724 594 1754 versitatis
607 1723 755 1761 magister
768 1721 928 1751 Walterus
940 1722 978 1750 de
988 1721 1138 1750 VVardela
1147 1720 1208 1760 (sic)
1225 1720 1345 1749 Scotus.

479 1774 553 1802 Item
578 1772 721 1801 dominus
745 1770 903 1799 Arnoldus
930 1771 968 1799 de
998 1770 1137 1799 Gruthus
1159 1769 1348 1798 Alamannus

437 1822 552 1862 incepit
566 1822 623 1850 sul)
640 1820 787 1859 magistro
804 1819 944 1848 Gerardo
960 1820 998 1848 de
1014 1819 1137 1853 Prusia,
1155 1818 1241 1858 cujus
1255 1820 1348 1848 bursa

439 1872 482 1901 111
499 1870 602 1900 solidi.

480 1922 554 1950 Item
573 1920 603 1948 in
620 1919 669 1948 die
687 1918 811 1947 veneris
830 1924 902 1957 post
918 1917 1124 1956 inceptionem
1145 1917 1247 1957 magni
1267 1917 1348 1946 ordi-

438 1969 538 1999 narii2
557 1968 734 1998 convocatis
755 1967 941 1996 sufficienter
959 1976 1016 2005 per
1038 1966 1190 1995 bedellum
1214 1967 1348 1995 nationis

437 2026 554 2053 nostre,
588 2028 625 2046 ex
657 2023 742 2056 parte
769 2016 994 2055 procuratoris,
1026 2015 1184 2055 magistris
1211 2014 1348 2054 ejusdem

439 2068 575 2098 nationis
599 2073 705 2095 nostre
730 2066 811 2104 apud
834 2065 978 2094 Sanctum
1002 2065 1155 2093 Julianum
1181 2075 1348 2104 pauperem

440 2119 477 2147 ad
496 2117 672 2156 eligendum
689 2121 881 2153 receptorem
893 2114 1032 2153 predicte
1048 2113 1194 2148 nationis,
1212 2113 1349 2153 legitime

438 2173 468 2196 et
484 2176 541 2205 per
552 2166 632 2194 viam
649 2164 745 2193 sancti
765 2163 894 2202 spiritus
912 2163 1027 2191 electus
1045 2162 1099 2191 fuit
1112 2162 1143 2190 in
1156 2169 1349 2201 receptorem

440 2215 580 2255 predicte
617 2214 751 2242 nationis
785 2212 933 2252 magister
967 2212 1144 2241 VVillelmus
1181 2213 1217 2240 de
1248 2212 1349 2240 Viridi

439 2266 556 2300 Monte,
575 2264 696 2293 Scotus.

850 2356 946 2384 1345

441 2432 516 2471 (Fol.
556 2430 608 2469 53)
645 2429 803 2467 Tempus
846 2427 1135 2466 procuracionis
1177 2427 1349 2466 magistri

591 2477 748 2507 Gerardi
784 2477 938 2506 Dulmen
973 2477 1015 2505 de
1050 2476 1200 2505 Prusia.

480 2560 571 2589 Anno
593 2558 716 2588 Domini
738 2557 986 2592 M⁰CCC⁰XLV⁰,
1008 2557 1058 2585 die
1081 2556 1165 2596 jovis
1188 2556 1349 2596 proxima³

442 2617 513 2649 post
541 2609 674 2647 [festum]
706 2607 786 2636 beati
816 2606 897 2635 Luce
928 2606 1145 2645 ewangeliste,
1173 2608 1349 2635 convocatis

440 2659 584 2688 omnibus
614 2657 772 2696 magistris
804 2662 871 2684 actu
901 2655 1081 2695 regentibus
1109 2655 1295 2684 sufficienter
1319 2656 1350 2684 in

441 2710 569 2739 nacione
588 2708 760 2748 Anglicana
779 2708 817 2736 ad
839 2707 982 2736 Sanctum
1001 2706 1188 2735 Maturinum
1208 2707 1246 2735 ad
1264 2707 1351 2735 ordi-

442 2760 574 2788 nandum
600 2764 629 2787 et
654 2757 905 2796 supplicandum,
925 2755 1167 2795 dispensandum
1188 2762 1218 2784 et
1237 2756 1275 2784 ad
1293 2755 1351 2784 eli-

474 2853 496 2875 1.
532 2853 560 2875 22
570 2850 730 2882 Septembri-³.

473 2889 495 2911 ’2.
532 2888 606 2919 Quod
625 2887 649 2910 in
668 2886 780 2909 crastino
797 2887 822 2908 S.
840 2884 966 2916 Dionysii,
982 2884 1024 2907 die
1040 2885 1069 2907 10
1088 2884 1185 2913 octob.,
1202 2884 1350 2916 incipiebat.

441 2924 500 2948 Dies
514 2923 610 2946 veneris
623 2924 651 2946 14
667 2922 753 2946 Octob.
766 2922 826 2954 fult.

475 2961 497 2983 3.
532 2960 561 2982 20
575 2959 699 2982 Octobris.

1387 943 1420 968 10

1386 1188 1420 1214 15

1386 1435 1420 1460 20

1386 1681 1420 1706 25

1386 1927 1420 1952 30

1387 2173 1420 2199 35

1387 2419 1421 2445 40

1388 2665 1421 2691 45

1462 497 1595 535 gendum
1624 504 1857 536 procuratorem
1892 499 1973 528 dicte
2001 499 2152 534 nacionis.
2177 501 2293 530 electus
2313 501 2369 531 suit

1459 545 1608 584 magister
1633 546 1791 576 Gerardus
1817 547 1950 577 Dulmen
1972 549 2010 577 de
2038 548 2148 578 Prusia
2172 550 2369 580 concorditer

1458 594 1490 622 in
1505 602 1737 633 procuratorem
1754 597 1791 625 ab
1807 596 1950 626 omnibus
1967 597 2124 637 magistris
2139 599 2279 628 nacionis
2294 609 2368 639 pre-

1458 640 1550 676 dicte,
1567 642 1652 671 nullo
1669 643 1793 681 penitus
1810 643 2008 673 reclamante.

1499 690 1533 718 In
1552 689 1638 730 cujus
1654 692 1878 730 procuracione
1894 698 1960 721 acta
1975 699 2047 722 sunt
2062 704 2122 732 que
2138 700 2320 733 sequuntur.

1498 739 1603 768 Primo
1622 747 1788 770 convocata
1809 741 1938 770 nacione
1958 743 1996 770 ad
2018 742 2163 771 Sanctum
2181 743 2367 772 Maturinum

1457 788 1496 816 ad
1517 788 1702 818 audiendum
1722 796 1897 829 compotum
1913 791 2098 830 receptoris,
2116 792 2264 831 magister
2283 792 2368 822 Guil-

1457 836 1566 866 lelmus
1586 838 1624 866 de
1642 838 1782 868 Grinlaw
1798 846 1942 879 receptor
1957 840 2156 879 computavit,
2170 847 2200 870 et
2214 842 2252 870 ab
2267 842 2368 870 omni-

1457 886 1515 914 bus
1531 886 1690 925 magistris
1703 894 1864 926 compotus
1881 898 1956 917 suus
1974 895 2021 918 est
2035 895 2195 928 reputatus
2211 891 2323 925 bonus,
2339 895 2370 919 et

1458 935 1570 963 mansit
1593 935 1714 964 debitus
1739 936 1862 965 nacioni
1886 937 1924 966 de
1948 937 2053 967 bursis
2073 938 2215 977 magistri
2237 938 2368 968 Arnoldi

1458 983 1597 1013 Gruthus
1625 984 1683 1013 XII
1712 985 1845 1020 solidos,
1877 992 1997 1015 rectore
2030 987 2205 1026 persoluto,
2235 987 2368 1027 pedellis

1457 1043 1532 1062 vero
1548 1039 1578 1062 et
1595 1033 1799 1063 luminaribus
1815 1035 1971 1064 insolutis.

1499 1082 1574 1111 Item
1602 1084 1790 1122 computavit
1816 1085 1960 1124 antiquus
1987 1091 2089 1114 rector
2118 1092 2148 1115 et
2173 1085 2290 1125 placuit
2314 1096 2370 1115 sua

1458 1132 1645 1170 computatio
1663 1133 1797 1161 nacioni.

1500 1181 1575 1209 Item
1602 1182 1850 1221 congregacione
1879 1182 2030 1211 facultatis
2058 1183 2135 1212 sacta
2162 1183 2199 1212 ad
2224 1183 2369 1212 Sanctum

1458 1229 1612 1259 Julianum
1640 1241 1820 1270 pauperem,
1846 1241 1953 1260 omnes
1977 1231 2123 1260 naciones
2148 1237 2370 1261 concesserunt

1458 1278 1594 1308 Jacobo⁴
1614 1280 1736 1318 pedello
1763 1279 1951 1309 Gallicorum
1973 1279 2005 1308 in
2031 1280 2118 1309 curia
2138 1281 2220 1319 apud
2238 1281 2369 1310 nuncios

1457 1329 1600 1357 manendi
1622 1329 1792 1364 licenciam,
1816 1339 1978 1368 quousque
1999 1330 2129 1369 negocia
2150 1329 2369 1369 magistrorum

1458 1385 1563 1407 essent
1580 1378 1738 1417 expedita,
1754 1378 1867 1417 quibus
1883 1378 1971 1407 nacio
1987 1384 2094 1407 nostra
2109 1379 2313 1407 consenciens
2331 1379 2368 1408 de

1457 1427 1601 1456 omnibus
1627 1427 1787 1457 laboribus
1817 1434 1847 1456 et
1875 1428 2022 1466 expensis
2056 1428 2197 1467 predicto
2235 1427 2367 1464 Jacobo‚

1459 1483 1605 1515 quantum
1630 1487 1695 1505 eam
1719 1482 1875 1516 tangeret,
1905 1477 2083 1506 satisfacere
2110 1486 2178 1506 cum
2203 1476 2272 1506 aliis
2297 1477 2370 1506 11111·

1458 1525 1641 1555 nacionibus
1658 1525 1882 1565 compromisit.

1498 1575 1573 1604 Item
1600 1581 1767 1604 convocata
1790 1574 1919 1604 nacione
1946 1575 1985 1603 ad
2008 1574 2153 1604 Sanctum
2181 1575 2369 1604 Maturinum

1458 1624 1546 1653 nacio
1569 1624 1725 1653 concessit
1751 1623 1836 1652 11110r
1858 1624 2028 1663 magistriS,
2051 1624 2197 1653 videlicet
2220 1624 2369 1663 magistro

1459 1673 1620 1702 Gerhardo
1645 1674 1683 1702 de
1709 1673 1847 1708 Dulmie,
1875 1679 1946 1702 tunc
1981 1673 2178 1713 procuratori
2211 1673 2367 1709 nacionis,

1458 1723 1607 1762 magistro
1631 1722 1807 1761 Thyderico
1827 1723 1864 1751 de
1890 1722 1982 1757 Foro,
2004 1722 2154 1762 magistro
2176 1713 2309 1751 Johanni
2331 1722 2369 1751 de

1458 1772 1584 1807 Prusia,
1602 1773 1751 1812 magistro
1765 1771 1905 1800 Arnoldo
1921 1771 2075 1807 Gruthus,
2093 1771 2243 1811 magistro
2275 1771 2370 1801 Chri-

1458 1821 1579 1853 stiano*
1607 1822 1744 1851 scribere
1774 1822 1812 1850 ad
1838 1820 1953 1849 curiam
1981 1821 2128 1860 quasdam
2156 1821 2274 1850 litteras
2298 1830 2370 1860 sup-

1457 1871 1635 1911 plicatorias
1667 1881 1725 1910 pro
1754 1870 2008 1909 promocionibus
2037 1879 2143 1898 eorum
2176 1871 2233 1898 sub
2265 1868 2369 1909 sigillo

1458 1921 1614 1955 nacionis,
1632 1920 1663 1948 in
1684 1919 1797 1959 quibus
1815 1919 1926 1948 litteris
1948 1918 2199 1958 supplicaciones
2217 1918 2369 1948 dictorum

1458 1970 1677 2009 magistrorum
1693 1974 1853 1997 contentas
1873 1968 2032 2007 predictus
2050 1967 2199 2006 magister
2216 1967 2370 1997 Christia-

1458 2029 1516 2047 nus
1544 2018 1668 2047 domino
1693 2027 1812 2046 summo
1838 2015 1975 2055 pontifici
2000 2022 2195 2055 presentaret
2219 2025 2256 2044 ex
2282 2021 2369 2055 parte

1458 2067 1609 2101 nacionis,
1630 2066 1798 2095 ‘dummodo
1828 2065 1901 2094 dicti
1928 2064 2068 2104 magistri
2090 2064 2239 2104 magistro
2262 2064 2369 2094 Chris-

1458 2117 1541 2145 tiano
1560 2125 1618 2155 pro
1637 2115 1702 2144 suis
1720 2114 1879 2143 laboribus
1903 2113 2033 2152 quilibet
2055 2119 2167 2142 tantam
2189 2113 2367 2152 pecuniam,

1458 2165 1603 2195 videlicet
1612 2163 1667 2192 XV
1677 2163 1807 2198 solidos,
1820 2162 1988 2198 solverent,
2001 2168 2144 2201 quantam
2157 2161 2287 2201 quilibet
2296 2162 2369 2191 alio-

1459 2224 1526 2243 rum
1546 2213 1765 2252 magistrorum
1788 2211 1984 2241 existentium
2004 2210 2036 2239 in
2058 2211 2171 2246 rotulo,
2198 2210 2247 2240 hic
2269 2211 2370 2249 Pary-

1459 2264 1524 2293 sius
1539 2263 1588 2292 vel
1606 2263 1644 2291 ad
1664 2261 1779 2290 curiam
1797 2260 1918 2289 cuidam
1939 2260 2070 2289 honesto
2093 2259 2210 2288 homini
2231 2259 2276 2288 eis
2297 2265 2369 2288 noto

1459 2312 1704 2342 transmitterent
1737 2310 1886 2349 magistro
1913 2306 2091 2338 Christiano
2119 2309 2310 2343 tradendam,
2338 2308 2369 2337 in

1459 2372 1532 2390 casu
1553 2361 1583 2389 in
1610 2370 1670 2399 quo
1691 2365 1848 2388 constaret
1873 2358 1899 2387 ei
1919 2364 1948 2386 et
1967 2358 2044 2386 bene
2065 2357 2249 2386 certificatus
2270 2362 2367 2392 esset,

1458 2410 1639 2450 magistrum
1655 2408 1865 2437 Christianum
1889 2417 1946 2446 pro
1960 2406 2099 2446 negociis
2113 2406 2264 2434 dictorum
2275 2405 2370 2444 magi-

1459 2467 1593 2490 strorum
1605 2459 1685 2488 sicut
1702 2458 1832 2487 aliorum
1850 2456 2051 2486 existencium
2070 2456 2101 2484 in
2116 2455 2218 2484 rotulo
2237 2454 2369 2484 fideliter

1458 2510 1610 2542 laborare,
1629 2514 1658 2536 et
1676 2507 1764 2536 aliter
1782 2506 1866 2535 nullo
1885 2506 1987 2534 modo.

1500 2559 1575 2587 Item
1593 2557 1735 2586 dominus
1755 2555 1911 2585 Johannes
1930 2555 1967 2583 de
1987 2554 2158 2583 Helmestat
2178 2553 2294 2593 incepit
2312 2554 2369 2582 sub

1459 2608 1607 2647 magistro
1626 2606 1751 2634 Galtero
1771 2606 1808 2633 de
1824 2603 2004 2634 Wardelaw
2022 2603 2126 2637 Scoto,
2144 2609 2215 2632 tunc
2235 2609 2367 2638 rectore,

1460 2655 1546 2696 cujus
1562 2657 1656 2684 bursa
1673 2655 1732 2684 1111
1749 2653 1853 2683 solidi.

1500 2703 1674 2744 Magistro⁶
1689 2703 1829 2732 Gerardo
1848 2702 1981 2731 Dulmen
2003 2701 2153 2730 existente
2169 2706 2370 2739 procuratore

1460 2753 1649 2794 computavit
1665 2758 1819 2792 receptor,
1840 2750 2027 2790 computavit
2045 2749 2191 2789 antiquus
2209 2755 2323 2784 rector,
2341 2755 2372 2778 et

1490 2848 1513 2871 4.
1548 2847 1583 2870 De
1596 2845 1749 2870 Pavillione.

1492 2886 1514 2906 5.
1548 2884 1576 2906 In
1593 2881 1676 2905 curia.

1490 2920 1514 2942 6.
1550 2920 1621 2949 Quae
1642 2919 1791 2948 sequuntur,
1806 2915 1831 2939 in
1849 2924 1895 2939 ma.
1911 2914 2007 2946 scripta
2019 2917 2079 2938 sunt
2097 2913 2150 2937 alio
2166 2913 2326 2940 charactere,
2343 2911 2370 2936 in

1459 2955 1510 2986 fine
1524 2954 1570 2985 fol.
1587 2953 1633 2976 52¹²
1642 2955 1702 2984 post
1710 2952 1919 2984 procurationem
1933 2950 2059 2974 Iohannis
2073 2950 2105 2974 de
2120 2949 2259 2981 sarburgo.

2621 3080 2624 3088 Ἀ
2618 2999 2632 3072 'asaiam-
2623 2958 2632 2990 je·
2622 2920 2632 2952 rw.-
2625 2873 2632 2910 „2⁴-
