2632 3464
468 437 519 462 211

510 513 585 542 Item
615 511 795 541 licenciatus
830 511 887 540 suit
915 510 1059 540 dominus
1096 510 1314 539 Ghiselbertus
1340 510 1378 538 de

469 560 695 591 Lichtenberch
727 561 785 589 sub
816 560 966 600 magistro
994 559 1130 589 Hem-ico
1168 559 1205 588 de
1237 558 1376 598 Kempis,

468 609 556 650 cujus
569 611 665 639 bursa
677 611 694 639 7
710 609 814 639 solidi.

873 703 970 732 1357

469 776 698 806 Procuracio
733 775 904 814 magistri
938 773 1120 803 Willelmi
1153 774 1195 802 de
1233 773 1376 812 Spyny,

529 825 648 860 Scoti,
677 824 808 854 clerici
838 823 1091 852 Moraviensis
1117 822 1310 862 dyocesis.

785 884 798 896 ο

506 906 597 935 Anno
626 904 751 935 Domini
775 903 916 933 M.CCC.
947 903 1206 943 quinquagesimo
1232 903 1375 942 septimo,

467 962 577 995 quarto
600 954 649 983 die
668 954 752 989 Maii,
773 954 850 982 sacta
869 952 1117 992 congregacione
1132 952 1214 991 apud
1233 952 1377 981 Sanctum

466 1004 621 1034 Julianum
638 1012 807 1042 pauperem
823 1002 854 1030 in
872 1001 1001 1030 nacione
1021 1000 1191 1041 Anglicana
1209 1011 1303 1040 super
1320 1001 1378 1030 eli-

467 1054 569 1093 gendo
590 1057 806 1092 procuratore,
824 1051 939 1080 electus
951 1050 1006 1080 fuit
1020 1050 1218 1079 concorditer
1229 1050 1378 1090 magister

466 1102 645 1132 VVillelmus
669 1102 706 1130 de
731 1100 840 1139 Spyny
858 1100 981 1135 Scotus,
1002 1100 1033 1128 in
1053 1098 1140 1139 cujus
1161 1099 1378 1139 procuratoria

466 1158 531 1180 acta
547 1157 619 1180 sunt
635 1160 694 1189 que
710 1155 872 1188 sequntur.

508 1200 542 1229 ln
556 1199 667 1239 primis
678 1199 759 1227 idem
771 1198 919 1238 magister
936 1197 1113 1227 Willelmus
1130 1197 1223 1227 solvit
1235 1198 1246 1226 1
1257 1204 1376 1227 scutum

466 1249 588 1278 nacioni
617 1259 675 1288 pro
701 1247 926 1287 procuratoria‚
961 1253 990 1276 et
1021 1247 1169 1286 magister
1196 1246 1373 1276 Johannes⁴

467 1300 517 1337 [de
535 1298 668 1336 Swecia]
683 1297 775 1326 solvit
792 1297 803 1325 I
820 1303 938 1325 scutum
954 1306 1011 1335 pro
1023 1295 1181 1335 principio
1193 1296 1374 1336 magisterii,

465 1355 495 1377 et
521 1353 706 1387 potaverunt
733 1346 875 1386 magistri
902 1345 1042 1374 nacionis
1065 1346 1150 1384 apud
1172 1356 1293 1380 navem,
1323 1346 1377 1374 ubi

466 1397 613 1437 magister
636 1396 792 1425 Johannes
811 1396 848 1424 de
866 1394 961 1424 Dacia
981 1401 1127 1434 receptor
1143 1405 1236 1423 unum
1258 1401 1376 1424 scutum

465 1447 503 1475 de
519 1446 651 1486 pecunia
665 1444 806 1474 nacionis
820 1444 965 1483 exposuit
977 1443 1058 1473 ultra
1073 1443 1100 1472 Il
1119 1444 1282 1473 antedicta.

507 1496 580 1524 Item
602 1496 679 1523 sacta
698 1493 947 1533 congregacione
968 1493 1107 1522 nacionis
1130 1494 1211 1532 apud
1231 1493 1376 1522 Sanctum

465 1544 647 1574 Matulinum
664 1544 690 1572 X
710 1543 759 1572 die
773 1543 890 1571 mensis
908 1541 1057 1581 ejusdem,
1080 1542 1266 1581 supplicavit
1280 1542 1376 1571 domi-

465 1604 524 1623 nus
546 1593 704 1622 Arnaldus
722 1593 759 1621 de
778 1592 890 1621 Prucia
911 1591 1056 1631 quatinus
1076 1592 1164 1620 nacio
1184 1591 1244 1620 sibi
1267 1592 1377 1620 crede-

464 1649 512 1672 ret
541 1644 652 1671 bursas
668 1652 725 1681 pro
745 1651 799 1670 sua
817 1641 998 1680 incepcione
1013 1641 1144 1675 debitas,
1162 1641 1245 1680 quod
1259 1647 1289 1669 et
1307 1641 1378 1670 fecit

465 1702 500 1721 ea
524 1691 718 1725 condicione,
742 1697 775 1720 ut
799 1701 832 1719 se
855 1690 1008 1729 obligaret
1029 1691 1085 1719 sub
1112 1689 1216 1729 sigillo
1237 1690 1376 1719 officialis

465 1741 551 1780 ipsas
567 1741 647 1769 infra
662 1747 733 1769 tunc
750 1746 779 1769 et
795 1741 903 1768 festum
924 1739 1020 1768 sancti
1037 1738 1144 1769 Jacohi
1169 1739 1340 1768 soluturum
1350 1738 1374 1774 ²,

465 1797 494 1819 et
520 1791 603 1829 quod
621 1789 673 1818 illa
693 1789 742 1818 die
770 1789 951 1818 adveniente
978 1788 1155 1817 ulteriorem
1176 1799 1238 1817 non
1258 1795 1377 1827 peteret

464 1839 654 1873 dilationem,
679 1839 762 1878 quod
790 1844 819 1866 et
843 1837 1013 1877 acceptavit
1037 1844 1067 1866 et
1099 1838 1187 1866 nacio
1208 1838 1374 1867 concessit.

465 1887 561 1928 Cujus
580 1889 674 1917 bursa
687 1888 747 1916 1111
761 1887 864 1916 solidi.

506 1938 580 1966 Item
605 1937 722 1976 incepit
745 1937 826 1965 idem
851 1937 995 1965 (lominus
1022 1936 1178 1965 Arnaldus
1201 1937 1258 1965 sub
1281 1937 1376 1976 magi-

464 1994 529 2016 stro
546 1986 675 2015 Alberto
695 1987 732 2015 de
753 1986 915 2020 Saxconia,
936 1985 987 2024 qui
1005 1986 1042 2014 de
1058 1985 1162 2014 bursis
1178 1985 1328 2015 satisfecit
1343 1993 1376 2015 ut

464 2042 511 2065 est
527 2036 724 2075 premissum.

505 2086 580 2114 Item
603 2091 747 2124 compoto
780 2084 953 2123 receptoris
981 2083 1085 2112 audito
1116 2085 1196 2123 apud
1230 2083 1374 2113 Sanctum

463 2134 650 2163 Maturinum
670 2133 719 2162 die
730 2132 835 2173 jovis³
854 2139 922 2162 ante
939 2133 1048 2161 festum
1068 2132 1303 2167 Penthecostes,
1324 2143 1375 2162 re—

464 2184 575 2212 mansit
601 2183 755 2222 obligatus
783 2183 813 2210 in
841 2182 954 2211 XXVII
981 2182 1090 2211 solidis
1114 2188 1143 2210 et
1165 2181 1205 2210 VI
1225 2182 1372 2217 denariis,

463 2239 551 2262 scuto
566 2232 687 2261 valente
704 2231 772 2261 XVI
788 2231 918 2265 solidos,
934 2231 1005 2260 etin
1016 2231 1084 2260 XLI
1099 2231 1189 2260 libris
1204 2231 1247 2260 III
1265 2231 1374 2261 solidis

463 2289 493 2311 et
505 2282 544 2310 Vl
563 2282 711 2316 denariis,
727 2287 814 2310 scuto
828 2281 947 2310 valente
966 2280 1091 2309 XXXVI
1106 2280 1235 2309 solidos.

532 2360 603 2398 (Fol.
622 2359 671 2399 35)
692 2360 936 2389 Continuatio
966 2359 1135 2399 magistri
1168 2359 1225 2388 W.
1258 2359 1300 2388 de

771 2409 912 2447 Spyny,
953 2409 1069 2438 Scoti.

504 2476 594 2505 Anno
617 2486 678 2515 quo
704 2486 809 2514 supra,
833 2476 934 2514 primo
960 2476 1009 2504 die
1034 2475 1151 2504 mensis
1175 2475 1270 2510 Junii,
1297 2476 1374 2504 facta

462 2525 714 2565 congregacione
741 2526 822 2564 apud
855 2525 998 2553 Sanctum
1025 2525 1177 2553 Julianum
1206 2534 1372 2563 pauperem

464 2575 683 2613 magistrorum
703 2574 842 2602 nacionis
854 2574 1025 2613 Anglicane
1039 2584 1134 2612 super
1145 2573 1289 2613 eligendo
1304 2584 1373 2612 pro-

462 2630 604 2652 curatore
626 2623 675 2652 vel
695 2623 904 2652 continuando
929 2623 1071 2662 antiquo,
1094 2622 1208 2662 placuit
1229 2622 1373 2652 omnibus

463 2673 548 2701 nullo
572 2672 802 2701 contradicente
825 2673 954 2701 eundem
978 2671 1158 2711 magistrum
1180 2671 1372 2701 VVillelmum

462 2723 500 2750 de
519 2722 627 2761 Spyny
641 2721 831 2750 continuare.

494 2824 516 2846 1.
552 2824 642 2846 Postea
657 2823 776 2854 spatium.

493 2860 515 2882 2.
551 2861 598 2882 Ms.
618 2859 771 2883 solviturum

493 2896 516 2918 3.
550 2895 579 2918 25
592 2892 671 2918 Maii?

492 2932 515 2953 [ι.
550 2932 596 2954 Ma.
607 2930 680 2953 Julii.
693 2930 783 2962 Utique
795 2929 873 2961 infra,
883 2938 909 2961 p.
922 2930 975 2958 212,
989 2930 1026 2958 31,
1037 2930 1068 2953 de
1079 2930 1275 2962 congregatione
1286 2931 1300 2953 2
1310 2929 1374 2953 Iulii

462 2966 558 2998 agitur.

1010 434 1235 461 AUCTARIUM
1255 432 1515 460 CHARTULARII
1534 433 1708 460 UNIVERS.
1730 433 1850 460 PARIS.

1416 955 1449 981 10

1415 1201 1448 1226 15

1414 1448 1448 1474 20

1414 1694 1448 1720 25

1414 1940 1448 1966 30

1412 2187 1446 2213 35

1411 2433 1445 2459 40

1411 2680 1444 2706 45

2345 435 2399 462 212

1529 509 1564 538 In
1583 508 1670 549 cujus
1688 509 1920 540 continuatione
1936 510 2052 551 incepit
2068 510 2212 541 dominus
2227 511 2396 541 Nicholaus

1488 558 1525 587 de
1556 558 1666 588 Svecia
1689 560 1747 588 sub
1775 559 1926 599 magistro
1951 559 2091 589 Johanne
2117 560 2155 589 de
2178 559 2284 596 Dacia,
2308 559 2396 600 cujus

1487 607 1583 637 bursa
1594 608 1667 638 VIII
1685 607 1788 638 solidi.

1529 657 1604 686 Item
1618 658 1755 687 secundo
1766 658 1816 687 die
1831 656 1935 687 Junii⁴
1950 658 1981 687 in
1994 658 2242 698 congreg-acione
2257 658 2396 699 generali

1487 706 1569 745 apud
1585 706 1729 736 Sanctum
1746 707 1934 736 Maturinum
1949 713 2107 747 optentum
2124 707 2190 743 suit,
2204 713 2238 737 ut
2251 717 2397 747 procura-

1487 761 1571 784 tores
1590 755 1753 785 nacionum
1768 756 1911 785 Picardie
1927 762 1958 786 et
1969 756 2083 797 Anglie
2093 766 2155 786 non
2169 757 2314 786 sederent
2328 767 2397 786 cum

1487 804 1643 843 deputatis
1671 804 1890 834 Universitatis
1919 805 1952 834 in
1980 815 2072 835 causa
2098 811 2180 835 mota
2210 805 2291 835 inter
2319 805 2396 835 duas

1487 852 1557 882 illas
1572 853 1718 883 naciones
1732 863 1828 894 super
1842 854 2028 893 quibusdam
2042 853 2137 884 terris
2152 861 2183 884 et
2196 855 2354 894 personis.

1529 902 1603 931 Item
1627 901 1758 931 XXVIII
1785 903 1836 931 die
1860 903 1945 932 Junii
1971 904 2051 932 facto
2073 910 2216 943 compoto
2248 904 2398 933 remansit

1487 957 1631 990 receptor
1648 951 1803 991 obligatus
1818 952 1941 982 nacioni
1959 953 1989 982 in
2007 953 2123 982 XXVII
2143 952 2234 982 libris
2250 962 2317 982 cum
2335 952 2395 982 IIII

1487 1000 1598 1029 solidis
1618 1006 1648 1029 et
1664 1000 1704 1029 VI
1723 1000 1872 1035 denariis,
1889 1008 1977 1030 scuto
1987 1002 2108 1031 valente
2120 1001 2247 1031 XXXVI
2263 1001 2393 1031 solidos.

1487 1049 1563 1078 Item
1577 1050 1690 1078 debent
1708 1049 1787 1079 solvi
1803 1050 1886 1079 scole
1899 1050 2040 1090 magistri
2054 1050 2232 1080 Themonis.

1528 1098 1604 1127 Item
1619 1099 1826 1138 procurator-I
1844 1106 1963 1128 scutum
1979 1109 2037 1139 pro
2053 1100 2200 1139 expensis
2218 1101 2302 1139 apud
2316 1102 2396 1129 Lan-

1487 1148 1580 1176 ditum
1594 1158 1631 1176 ex
1647 1147 1870 1177 deliberatione
1883 1148 2034 1178 nacionis.

1528 1196 1603 1226 Item
1625 1197 1675 1226 die
1702 1197 1808 1226 ultima
1831 1197 1948 1226 mensis
1974 1197 2059 1228 Junii
2088 1198 2223 1237 optinuit
2249 1197 2397 1237 magister

1486 1245 1643 1275 Johannes
1673 1245 1769 1282 Mast‚
1789 1247 1828 1275 de
1851 1256 1912 1285 quo
1932 1246 2014 1275 inter
2035 1246 2181 1276 naciones
2204 1246 2347 1276 Picardie
2368 1253 2397 1276 et

1486 1294 1600 1334 Anglie
1616 1301 1663 1324 est
1675 1295 1844 1330 dissensio,
1860 1296 1943 1334 quod
1961 1295 2129 1324 secundum
2146 1295 2273 1325 formam
2290 1294 2408 1335 cujus-‘

1487 1344 1555 1373 dam
1595 1344 1700 1373 statuti
1739 1344 1832 1384 legati
1870 1344 2033 1384 apostolici
2049 1343 2062 1363 ³
2094 1345 2308 1374 remittebatur
2341 1355 2396 1375 sue

1486 1393 1675 1422 conscientie
1702 1399 1732 1422 et
1749 1392 1936 1432 juramento,
1959 1392 2045 1432 cujus
2066 1403 2100 1422 se
2120 1394 2225 1422 credat
2243 1393 2395 1430 nacionis,

1486 1449 1516 1471 et
1526 1442 1672 1482 juravit⁶.

1487 1523 1731 1554 Continuatio
1759 1522 1924 1562 ejusdem
1949 1523 2120 1562 magistri
2142 1522 2324 1552 Willelmi
2352 1522 2396 1551 de

1777 1572 1919 1611 Spyny,
1954 1571 2102 1600 Scotus.

1527 1639 1602 1668 Item
1627 1639 1704 1668 facta
1727 1638 1974 1678 congregacione
1989 1638 2130 1667 nacionis
2148 1638 2229 1678 apud
2250 1637 2396 1668 Sanctum

1485 1688 1639 1718 Julianum
1659 1698 1826 1727 pauperem
1845 1687 1876 1716 in
1895 1688 1972 1716 sesto
1991 1686 2070 1716 beati
2090 1687 2175 1716 Petri
2197 1697 2291 1727 super
2313 1687 2396 1716 elec—

1486 1738 1569 1767 tione
1589 1737 1812 1776 procuratoris,
1832 1737 1905 1775 quia
1915 1737 1947 1765 in
1962 1737 2180 1766 vacacionibus
2194 1736 2259 1772 fuit,
2277 1743 2307 1766 et
2317 1736 2396 1766 alius

1487 1787 1559 1827 eligi
1578 1787 1615 1815 ad
1631 1793 1703 1815 tunc
1719 1796 1781 1815 non
1800 1786 1910 1825 potuit,
1927 1785 2123 1815 continuatus
2140 1786 2196 1815 fuit
2209 1792 2395 1815 memoratus

1486 1836 1635 1875 magister
1647 1835 1824 1864 Willelmus
1840 1836 1877 1863 de
1895 1834 2015 1874 Spyny,
2036 1834 2158 1863 Scotus.

1684 1917 1890 1944 Positiones
1918 1916 2161 1944 Picardorum
2176 1914 2199 1943 ⁷.

1526 1985 1599 2013 Item
1630 1984 1707 2012 sacta
1732 1982 1981 2023 congregacione
2009 1983 2227 2021 deputatorum
2249 1982 2280 2011 in
2303 1992 2395 2012 causa

1486 2034 1566 2062 inter
1582 2023 1639 2062 nos
1655 2039 1684 2062 et
1700 2032 1850 2061 Picardos
1872 2031 1921 2060 die
1939 2031 1966 2060 11
1985 2031 2102 2060 mensis
2118 2031 2191 2060 Julii
2209 2037 2239 2060 et
2257 2031 2396 2061 sedenti-

1485 2084 1543 2112 bus
1575 2082 1620 2111 eis
1649 2092 1704 2121 pro
1733 2080 1879 2110 tribunali
1909 2081 1991 2119 apud
2018 2080 2162 2109 Sanctum
2194 2079 2392 2115 Maturinum,

1484 2132 1633 2172 magister
1650 2131 1807 2160 Johannes
1826 2129 1964 2158 Buridan
1985 2139 2021 2158 ex
2041 2129 2264 2168 approbatione
2278 2139 2395 2168 procu-

1484 2181 1597 2210 ratoris
1619 2180 1821 2209 Picardorum
1844 2178 1993 2218 predictis
2010 2177 2169 2218 judicibus
2192 2188 2249 2217 per
2270 2179 2394 2207 modum

1484 2231 1609 2259 intendit
1637 2240 1691 2258 seu
1721 2228 1868 2257 memorie
1907 2227 2018 2267 optulit
2048 2227 2210 2266 quemdam
2242 2227 2392 2263 rotulum,

1484 2279 1571 2319 cujus
1585 2279 1674 2318 copia
1688 2277 1779 2307 nobis
1797 2278 1932 2306 dabatur
1946 2277 2135 2316 petentibus,
2155 2282 2185 2305 et
2202 2282 2249 2305 est
2264 2276 2346 2305 talis.

1524 2327 1660 2357 Intendit
1690 2327 1824 2366 probare
1850 2336 1954 2355 coram
1989 2325 2143 2364 deputatis
2168 2331 2198 2354 et
2223 2325 2394 2354 reverenda

1483 2384 1579 2407 matre
1596 2387 1651 2406 sua
1670 2375 1880 2405 Universitate
1897 2374 2069 2404 Parisiensi
2086 2373 2174 2403 nacio
2190 2373 2392 2403 Picardorum

1483 2433 1590 2456 contra
1607 2426 1766 2454 nacionem
1781 2424 1983 2464 Anglicorum
2001 2423 2148 2452 articulos
2167 2423 2395 2462 subsequentes

1483 2477 1519 2505 ad
1535 2476 1612 2504 fines
1626 2474 1854 2513 infrascriptos.

1523 2524 1629 2553 Primo
1652 2524 1734 2563 quod
1753 2534 1768 2551 a
1789 2529 1874 2551 tanto
1895 2528 2044 2560 tempore,
2067 2521 2105 2550 de
2127 2519 2215 2560 cujus
2235 2521 2392 2550 contrario

1482 2573 1628 2602 memoria
1643 2572 1799 2601 hominum
1813 2581 1874 2600 non
1889 2570 2003 2605 existit,
2018 2569 2129 2599 fluvius
2143 2570 2243 2598 dictus
2257 2569 2346 2599 Mosa
2361 2570 2392 2598 in

1483 2623 1623 2662 partibus
1656 2621 1730 2656 illis⁷
1764 2621 1795 2649 in
1824 2620 1938 2659 quibus
1968 2629 2006 2648 ex
2036 2625 2166 2658 utroque
2194 2618 2288 2648 latere
2318 2618 2392 2648 dicti

1482 2672 1565 2701 fluvii
1584 2671 1690 2710 lingua
1712 2676 1848 2699 materna
1870 2675 1917 2698 est
1936 2668 2121 2703 theotonica,
2143 2677 2242 2707 usque
2260 2667 2291 2696 in
2309 2677 2392 2696 mare

1483 2721 1559 2761 (sive
1587 2720 1638 2749 ille
1663 2719 1773 2748 fluvius
1803 2718 1980 2747 nominetur
2002 2716 2101 2751 Mosa,
2133 2717 2198 2745 sive
2221 2715 2390 2755 Maroeda),

1514 2825 1536 2846 5.
1571 2821 1695 2845 Simonis.
1713 2820 1768 2844 Vid.
1784 2820 1902 2844 Char-tul.
1915 2819 1993 2843 Univ.
2005 2819 2100 2847 Paris„
2113 2819 2132 2847 1,
2146 2827 2172 2850 p.
2184 2819 2238 2843 456.

1512 2860 1536 2881 6.
1571 2858 1709 2890 Notionem
1733 2856 1905 2880 Picardorum
1923 2854 2010 2887 clegit,
2033 2857 2061 2877 ul
2080 2857 2187 2886 apparet
2208 2862 2221 2877 e
2237 2854 2329 2878 Rutulo
2346 2862 2390 2879 an.

1483 2895 1552 2922 1362,
1570 2894 1594 2917 in
1607 2893 1723 2916 Clmrtul.
1739 2891 1861 2916 Univers.
1876 2891 1970 2919 Paris„
1985 2891 2030 2919 111,
2048 2895 2075 2914 n⁰
2087 2891 2157 2914 1265.
2347 2895 2351 2897 “

1514 2931 1536 2953 7.
1571 2931 1598 2952 ln
1611 2937 1656 2953 ms.
1671 2929 1696 2951 in
1710 2927 1834 2959 margine.
