2632 3464
265 435 320 463 ¹69

269 509 502 540 illustrissimus
531 509 721 540 Francorum
749 518 805 538 rex
837 507 992 537 ordinavit
1017 507 1177 536 emendam

273 559 459 600 condignam
478 558 546 589 fieri
565 557 768 589 Universitati
793 556 990 596 Parysiensi,
1014 566 1083 586 nam
1109 555 1178 595 epi-

266 618 384 648 scopus
404 606 537 648 Parys.⁴
562 607 705 647 promisit
724 606 783 636 fide
812 605 906 645 digna
927 615 1030 634 coram
1051 604 1177 634 domino

267 667 344 698 rege
359 664 390 687 et
406 657 434 686 V
447 656 604 696 deputatis
619 657 657 685 ab
671 655 884 686 Universitate
901 663 1056 694 nunquam
1078 654 1177 683 facere

268 713 379 738 eontra
389 705 554 746 privilegia
567 704 806 740 Universitatis3
827 703 966 733 officialis
977 702 990 721 ²
1002 712 1077 733 vero
1090 701 1178 742 jura-

270 755 316 786 vit
327 756 367 785 ad
381 761 487 785 sancta
497 754 555 784 Dei
571 753 753 794 ewangelia,
763 753 847 793 quod
858 752 990 782 nescivit
1004 751 1031 782 si
1045 751 1177 781 clericus

271 803 328 834 fuit
341 809 544 834 tormentatus
567 800 640 832 vel⁸
668 801 831 831 inhoneste
853 801 1012 835 detentus;
1032 800 1178 829 commis-

268 853 370 883 sarius
399 850 560 882 officialis⁴
583 851 734 880 fatebatur
760 860 794 879 se
817 849 982 890 prebuisse
1002 858 1176 884 assensum,

275 901 329 942 qui
353 902 444 931 dabat
465 899 668 931 Universitati
687 899 740 930 CC
764 899 861 928 libras
884 897 1075 938 parysiens..
1100 907 1177 936 quas

271 956 372 980 tamen
389 950 486 980 libras
505 948 701 979 Universitas
717 947 889 987 resignavit
905 947 1030 976 domino
1050 946 1116 986 regi
1137 947 1177 976 ob

270 998 413 1039 ejusdem
427 997 580 1038 principis
595 997 799 1027 reverentiam
808 995 831 1025 ⁸.

465 1105 538 1135 Isti
562 1111 648 1135 sunt
675 1104 968 1134 determinantes
978 1126 985 1133 .

311 1194 417 1225 Primo
430 1194 573 1224 dominus
587 1193 744 1223 Johannes
760 1193 798 1222 de
816 1192 905 1222 Botis
920 1193 958 1222 de
977 1192 1108 1222 Colonia
1119 1193 1178 1222 sub

272 1244 421 1285 magistro
437 1242 574 1273 Hem-ico
586 1243 625 1272 de
642 1242 760 1278 Minda,
778 1241 866 1282 cujus
883 1242 978 1271 bursa
994 1241 1050 1271 VII
1072 1241 1176 1272 solidi.

312 1293 464 1324 Dominus
489 1291 655 1321 Bai-toldus
679 1292 718 1320 de
744 1291 915 1321 Ruenhove
942 1291 999 1320 sub
1028 1291 1178 1330 magistro

270 1342 401 1374 Alberto
416 1341 567 1376 Bohemo,
584 1339 671 1380 cujus
685 1341 782 1370 bursa
795 1339 836 1370 VI
852 1339 956 1370 solidi.

314 1391 466 1423 Dominus
485 1390 639 1430 Sybaldus
657 1390 696 1419 de
711 1389 938 1430 Nurenberghe
953 1389 1010 1418 sub
1030 1389 1178 1429 magistro

273 1441 403 1471 Alberto
429 1440 468 1469 de
494 1438 653 1474 Bohemia,
687 1438 740 1477 qui
777 1438 862 1467 dedit
892 1437 1023 1467 litteram
1053 1438 1178 1467 domino

270 1489 437 1530 receptori,
451 1488 484 1517 in
499 1498 559 1528 qua
573 1488 717 1527 promisit
729 1497 763 1517 se
778 1487 1004 1516 satisfacturum
1020 1487 1058 1516 de
1073 1486 1178 1516 bursis

270 1539 324 1575 vl,
347 1538 485 1578 qualibet
503 1538 598 1566 bursa
618 1532 791 1576 computata
805 1546 864 1576 pro
885 1535 941 1565 VII
961 1536 1082 1571 solidis,
1099 1536 1179 1565 infra

271 1587 342 1618 hinc
357 1593 388 1617 et
402 1587 512 1616 festum
523 1585 725 1616 Pentecostes
738 1585 880 1625 proximo
892 1586 1037 1620 futurum,
1050 1585 1177 1614 scudato

273 1646 368 1667 aureo
385 1641 561 1675 computato
576 1644 634 1674 pro
650 1634 769 1664 xxllu
785 1634 907 1664 solidis.

311 1685 388 1716 Item
411 1684 556 1714 dominus
577 1683 660 1713 Bero
686 1684 724 1712 de
753 1682 874 1713 Swecia
885 1682 909 1719 ⁸,
935 1682 1022 1722 cujus
1047 1684 1142 1713 bursa
1159 1683 1179 1712 6

270 1734 384 1770 solidi,
402 1732 520 1774 juravit
537 1742 640 1762 coram
662 1732 791 1762 nacione
812 1742 845 1762 se
870 1732 1098 1762 satisfacturum
1120 1733 1178 1762 sub

271 1793 352 1824 pena
367 1782 570 1823 privacionis‚
592 1791 660 1811 cum
676 1781 820 1821 primitus
838 1781 966 1811 facultas
986 1781 1176 1820 suffic[er]et.

313 1832 389 1862 Item
412 1831 556 1861 dominus
572 1830 698 1861 Wiski-
715 1838 722 1874 ’χ
782 1830 944 1860 Dederunt
963 1830 1095 1860 litteram
1121 1831 1179 1860 do-

271 1891 331 1912 nus
351 1880 504 1920 Wenslay
525 1881 583 1910 sub
602 1879 698 1919 magi—

270 1937 340 1961 stro
363 1929 500 1960 Henrico
521 1929 560 1959 de
579 1928 696 1958 Minda.

313 1979 388 2010 Item
399 1979 542 2008 dominus
551 1977 699 2008 Albertus

270 2029 311 2059 de
326 2028 505 2058 Helmstede
524 2027 582 2058 sub
601 2026 700 2067 magi-

270 2084 339 2108 stro
351 2077 483 2107 Alberto
490 2077 529 2106 de
540 2076 698 2106 Bohemia,

314 2125 467 2156 Dominus
543 2125 701 2155 Johannes

739 1880 823 1909 mino
834 1880 990 1920 receptori
999 1879 1030 1909 in
1041 1890 1100 1919 qua
1110 1889 1180 1919 pro—

739 1929 892 1959 miserunt
914 1939 948 1959 se
967 1929 1180 1959 satisfacturos

741 1979 798 2008 sub
825 1987 904 2018 pena
930 1978 1119 2018 privacionis
1143 1978 1180 2007 de

741 2027 884 2057 omnibus
906 2027 1011 2057 bursis
1030 2028 1068 2057 de
1086 2027 1181 2057 scOIIs

742 2083 802 2106 tam
845 2077 884 2106 de
921 2076 1181 2106 determinacione

742 2135 833 2165 quam
841 2125 879 2154 de
888 2124 1016 2155 licencia
1024 2125 1103 2155 infra
1110 2125 1182 2154 hinc

274 2174 436 2215 Meynardi
463 2175 521 2204 sub
552 2173 702 2214 magistro
743 2180 774 2203 et
800 2174 909 2204 festum
942 2174 1180 2209 Penthecostes‚

272 2223 390 2254 Jacobo
408 2224 446 2253 de
463 2223 628 2253 Hollandia
644 2221 668 2252 ⁷.
744 2232 875 2263 quorum
890 2223 985 2253 bursa
995 2222 1021 2252 V
1036 2223 1140 2253 solidi.

315 2272 388 2312 (1701.
408 2272 456 2312 16)
478 2271 554 2302 Item
576 2271 791 2301 determinavit
807 2271 950 2301 dominus
969 2271 1126 2302 Johannes
1145 2272 1183 2301 de

275 2321 382 2352 Peblis
397 2321 509 2352 Scotus
524 2321 583 2351 sub
595 2321 745 2361 magistro
755 2319 939 2356 Marcofino,
956 2321 1009 2360 qui
1019 2320 1135 2361 juravit
1150 2330 1183 2350 se

274 2371 503 2400 satisfacturum
519 2380 586 2400 cum
605 2369 749 2409 primitus
765 2369 891 2399 facultas
909 2369 1072 2399 sufficeret.

316 2419 393 2449 Item
407 2419 552 2449 dominus
568 2419 667 2448 David
683 2418 795 2448 Scotus
811 2419 868 2448 sub
881 2419 1031 2459 magistro
1047 2419 1184 2449 Henrico

275 2468 370 2499 Scoto
386 2469 424 2498 de
440 2467 606 2503 Smaflxem,
621 2466 708 2508 cujus
722 2468 817 2497 bursa
828 2467 855 2497 V
869 2467 974 2503 solidi,
991 2468 1134 2508 promisit
1151 2478 1184 2498 se

274 2517 504 2547 satisfacturum
541 2516 621 2546 infra
654 2516 726 2546 hinc
761 2522 792 2546 et
826 2517 935 2546 festum
970 2516 1183 2547 Pentecostes.

278 2565 380 2596 Solvit
392 2564 406 2584 ⁸
419 2565 500 2596 sicut
512 2565 666 2606 promisit.

318 2615 394 2644 Item
419 2614 563 2645 dominus
592 2614 767 2644 Richardus
796 2615 854 2644 sub
876 2614 1025 2654 magistro
1049 2614 1185 2645 Henrico

278 2663 373 2694 Scoto
387 2664 426 2693 de
441 2663 608 2699 Smalhem,
626 2662 714 2704 cujus
729 2664 823 2693 bursa
839 2663 862 2692 V
879 2663 983 2693 solidi.

309 2743 332 2767 1.
365 2743 459 2768 Petrus
473 2742 506 2767 de
521 2743 638 2773 Porotta,
651 2743 695 2768 ab.
708 2752 750 2768 an.
771 2744 840 2774 1350,
855 2744 971 2768 Dec-emb.
988 2745 1028 2773 20,
1044 2753 1100 2768 cum
1113 2744 1188 2777 prius

272 2777 368 2810 [κίοιτε
379 2778 456 2811 epioe.
470 2780 578 2804 romae.

308 2814 332 2838 2.
368 2813 438 2846 lug.
452 2814 608 2839 Gufflelmu·
617 2814 735 2839 Chat-lot.

309 2850 333 2873 8.
367 2849 444 2874 Vel...
458 2849 582 2874 detentus
591 2853 682 2882 poclm
694 2850 814 2875 deletum.

309 2885 333 2908 Ιι.
367 2884 503 2909 soh-nne·
511 2885 546 2910 Le
556 2885 650 2918 Royer.

310 2921 333 2943 5.
372 2919 427 2944 rid.
445 2919 597 2945 documenta
612 2921 638 2945 in
656 2921 775 2946 uhu-tul.
789 2922 911 2947 Παῖτοι-ι.
928 2922 973 2951 ΙΙΙ,
993 2921 1026 2946 η’·
1044 2922 1186 2951 1220-1223,

275 2954 317 2978 ad
332 2963 375 2980 nn.
395 2955 464 2985 1³51,
478 2958 501 2984 5.
514 2955 553 2986 18,
566 2957 604 2986 27,
616 2957 644 2981 ³1
656 2957 754 2981 Martii.

770 432 884 459 LIBER
904 430 1218 458 PROCURATORUM
1236 430 1416 458 NATIONIS
1434 430 1679 457 ANGLICANAE

1215 951 1249 978 10

1216 1197 1250 1224 15

1215 1443 1250 1470 20

1215 1689 1250 1716 25

1217 1935 1252 1962 30

1219 2181 1254 2207 35

1221 2426 1256 2453 40

2139 433 2190 459 150

1326 506 1402 536 Item
1414 506 1558 536 dominus
1574 506 1754 536 Gen-hardus
1769 508 1805 536 de
1820 507 1954 536 Saxonia
1969 509 2027 537 sub
2043 508 2191 548 magistro

1285 556 1324 584 de
1342 555 1460 591 Minda,
1474 555 1562 595 cujus
1573 556 1670 585 bursa
1685 555 1743 585 XII
1760 556 1853 585 solidi
1868 556 2033 595 parisiens.

1327 603 1402 633 Item
1418 603 1562 633 dominus
1578 603 1727 633 Gerlacus
1743 604 1782 633 de
1797 603 1947 634 Glatbach
1965 606 2023 634 sub
2043 606 2192 645 magistro

1288 651 1425 682 Henrico
1449 653 1486 682 de
1509 652 1626 688 Minda,
1647 652 1734 692 cujus
1754 654 1848 682 bursa
1871 655 1889 682 5
1910 653 2002 683 solidi
2023 655 2190 694 parisiens.

1287 701 1384 731 Nacio
1405 701 1495 731 etiam
1515 711 1618 731 secum
1637 702 1829 741 dispensavit
1852 702 1893 732 ita
1916 703 1999 742 quod
2023 714 2085 732 non
2110 704 2195 734 dedit

1287 750 1349 779 nisi
1364 751 1401 779 10
1417 750 1508 780 solid.
1527 750 1625 790 paris.
1642 761 1700 790 pro
1715 751 1823 780 scolis.

1327 799 1403 828 Item
1421 800 1528 829 eodem
1544 806 1685 839 tempore
1698 800 1872 830 licentiatus
1883 800 1940 830 fuit
1952 801 2096 831 dominus
2113 802 2194 831 Hen-

1286 848 1370 878 ricus
1388 849 1426 878 de
1443 848 1542 878 clivis
1559 850 1616 878 sub
1632 859 1712 889 mag.
1733 849 1873 879 Johanne
1887 850 1925 879 de
1938 849 2088 886 Wesalia,
2107 850 2194 890 cujus

1286 898 1382 927 bursa
1397 897 1471 927 VIII
1490 897 1548 927 sol.
1568 898 1665 938 paris.

1327 947 1402 976 Item
1438 947 1546 976 eodem
1579 953 1718 987 tempore
1751 947 1932 978 licenciatus
1962 948 2019 978 fuit
2051 949 2195 979 dominus

1286 995 1468 1025 Gerhardus
1495 996 1557 1026 Leo
1582 997 1640 1026 sub
1666 996 1816 1037 magistro
1839 997 1961 1027 Juliano
1992 998 2031 1027 de
2059 998 2159 1028 Muris
2170 998 2193 1034 ⁹,

1287 1043 1374 1084 cujus
1390 1045 1486 1074 bursa
1501 1045 1529 1074 11
1546 1045 1649 1075 solidi.

1327 1094 1402 1123 Item
1418 1093 1598 1124 licenciatus
1614 1095 1669 1124 fuit
1684 1095 1827 1125 dominus
1843 1095 2030 1126 Winskinus
2044 1096 2197 1136 Wenslay

1289 1144 1347 1173 sub
1374 1143 1523 1183 magistro
1546 1143 1682 1174 Henrico
1703 1145 1740 1173 de
1764 1144 1882 1180 Minda,
1903 1144 1956 1184 qui
1984 1146 2133 1175 satisfecit
2160 1156 2196 1176 eo

1289 1193 1381 1222 modo
1396 1203 1458 1232 quo
1474 1202 1569 1232 supra
1583 1193 1698 1222 dictum
1714 1199 1772 1222 est.

1330 1241 1405 1270 Item
1413 1241 1594 1271 licenciatus
1603 1242 1659 1271 fuit
1666 1242 1810 1272 dominus
1816 1242 1964 1273 Albertus
1973 1244 2010 1273 de
2018 1243 2198 1274 Helmstede

1291 1290 1349 1319 sub
1365 1290 1516 1330 magistro
1533 1290 1663 1320 Alberto
1678 1292 1716 1321 de
1735 1291 1893 1328 Bohemia,
1911 1293 1964 1332 qui
1981 1293 2088 1322 eodem
2106 1294 2198 1324 modo

1288 1339 1442 1378 promisit.

1328 1387 1404 1418 Item
1425 1388 1607 1418 licenciatus
1626 1389 1682 1419 fuit
1700 1390 1844 1420 dominus
1860 1390 2018 1420 ‚lohannes
2033 1392 2071 1421 de
2091 1391 2197 1422 Peblis

1290 1437 1412 1472 Scotus,
1433 1447 1469 1466 eo
1485 1438 1576 1467 modo
1593 1448 1654 1477 quo
1667 1438 1840 1478 predictum
1857 1445 1914 1469 est.

1328 1486 1402 1516 Item
1418 1486 1599 1516 licenciatus
1616 1487 1672 1516 fuit
1690 1487 1834 1517 dominus
1851 1488 2006 1527 Sybaldus
2020 1490 2058 1519 de
2074 1489 2198 1519 Nuren-

1288 1535 1406 1575 berghe
1429 1536 1487 1565 sub
1511 1536 1661 1575 magistro
1686 1536 1816 1566 Alberto
1847 1538 1885 1566 de
1915 1537 2079 1574 Bohemia,
2110 1538 2197 1579 cujus

1286 1585 1381 1614 bursa
1395 1584 1452 1614 v11
1467 1585 1560 1614 solidi
1575 1585 1741 1624 parisiens.

1331 1633 1407 1663 Item
1422 1634 1539 1673 incepit
1551 1634 1583 1663 in
1593 1634 1712 1664 artibus
1725 1635 1869 1665 dominus
1882 1635 2036 1666 Henricus
2049 1637 2087 1666 de
2099 1637 2199 1667 Clivis

1288 1683 1346 1712 sub
1365 1683 1514 1722 magistro
1535 1683 1676 1713 Henrico
1696 1685 1734 1713 de
1756 1684 1877 1720 Minda,
1903 1684 1991 1724 cujus
2010 1686 2105 1715 bursa
2125 1685 2198 1716 v111

1291 1731 1384 1761 solidi
1401 1732 1498 1772 paris.

1328 1781 1404 1810 Item
1439 1781 1620 1812 licenciatus
1662 1781 1719 1812 fuit
1762 1783 1906 1812 dominus
1947 1783 2116 1813 Bartoldus
2162 1785 2200 1814 de

1292 1830 1462 1860 Ruenhove
1470 1831 1552 1870 apud
1564 1831 1727 1861 Dominam
1738 1831 1882 1861 Nostram
1898 1833 1956 1862 sub
1967 1843 2048 1873 mag.
2064 1833 2200 1864 Henrico

1288 1879 1326 1908 de
1339 1879 1456 1915 Minda,
1475 1878 1569 1919 cujus
1584 1880 1679 1909 bursa
1694 1879 1735 1909 VI
1753 1881 1811 1910 sol.
1827 1881 1925 1920 paris.

1330 1927 1405 1957 Item
1421 1928 1538 1958 electus
1554 1929 1610 1958 fuit
1620 1928 1646 1947 ¹⁰
1665 1929 1697 1958 in
1711 1935 1864 1959 rectorem
1877 1929 2026 1970 magister
2042 1930 2199 1961 Johannes

1292 1976 1330 2006 de
1344 1976 1462 2014 Remis,
1477 1977 1616 2008 nacionis
1633 1977 1805 2008 Gallicane.

1698 2072 1793 2101 1851

1292 2142 1531 2183 [Procuratio
1561 2143 1733 2184 magistri
1760 2144 1889 2174 Jacobi
1920 2144 2197 2185 nouandi-iun]

1332 2223 1423 2253 Anno
1436 2223 1562 2253 Domini
1578 2224 1623 2254 Μο
1634 2224 1729 2254 CCC⁰
1738 2224 1775 2254 L⁰
1789 2224 1903 2264 primo,
1920 2225 1970 2254 die
1982 2225 2116 2255 martis⁴⁴
2131 2232 2203 2265 post

1295 2273 1429 2312 [festum]
1459 2272 1631 2309 Ambrosii,
1664 2274 1743 2303 facta
1778 2275 2026 2314 congregacione
2062 2275 2202 2305 nacionis

1291 2321 1464 2362 Anglicane
1499 2332 1594 2361 super
1630 2322 1780 2352 electione
1817 2324 2029 2362 procuratoris
2063 2324 2202 2354 facienda

1294 2372 1375 2411 apud
1405 2370 1550 2401 Sanctum
1580 2371 1735 2401 sulianum
1769 2382 1953 2412 pauperem,
1995 2373 2112 2402 electus
2147 2373 2203 2403 fuit

1293 2419 1441 2460 magister
1475 2420 1611 2450 Jacobus
1645 2420 1868 2450 Hollandrinus
1901 2421 1932 2450 in
1969 2429 2201 2461 procuratorem

1292 2468 1378 2498 nullo
1393 2468 1518 2509 penitus
1533 2470 1728 2499 reclamante.
1748 2470 1781 2499 In
1796 2469 1884 2510 cujus
1902 2471 2124 2510 procuracione
2135 2477 2202 2500 acta

1295 2524 1368 2548 sunt
1380 2528 1439 2558 que
1456 2525 1638 2558 sequuntur.

1334 2567 1437 2597 Primo
1473 2567 1652 2597 licenciatus
1686 2567 1742 2597 fuit
1774 2568 1916 2597 dominus
1953 2567 2132 2598 Gherardus
2165 2569 2202 2598 de

1294 2615 1475 2646 Molendino
1503 2617 1541 2646 de
1563 2616 1722 2646 Ludersen
1750 2617 1807 2646 sub
1830 2617 1979 2657 magistro
2006 2617 2140 2647 llenrico
2165 2618 2203 2647 de

1298 2665 1415 2700 Minda,
1433 2664 1520 2705 cujus
1533 2666 1628 2694 bursa
1640 2665 1658 2694 4
1675 2665 1779 2695 solidi.

1325 2746 1348 2768 6.
1383 2746 1475 2768 Postea
1485 2745 1596 2777 epatium
1609 2747 1721 2777 quatuor
1735 2744 1774 2768 vel
1785 2745 1898 2777 quinque
1913 2745 2055 2770 verborum.

1327 2781 1349 2804 7.
1382 2780 1506 2810 Baletum,
1525 2783 1550 2804 et
1568 2780 1594 2804 in
1616 2781 1731 2814 margine
1754 2781 1875 2812 scriptum
1898 2789 1906 2804 .·
1929 2781 2052 2805 dominun
2072 2781 2206 2806 Johnnnes

1297 2816 1433 2843 satisfecit.
1444 2819 1470 2840 et
1479 2824 1543 2848 ergo
1554 2820 1595 2840 est
1605 2816 1740 2839 transfixio
1756 2817 1833 2840 facte.

1326 2853 1350 2876 8.
1382 2851 1537 2876 Charus-lere
1547 2851 1690 2876 recentiori.

1325 2889 1350 2911 9.
1386 2887 1444 2911 Fuit
1451 2887 1565 2911 nationi·
1577 2889 1790 2911 Normannorum.

1328 2923 1366 2947 10.
1386 2922 1461 2947 Circa
1474 2923 1503 2946 24
1515 2922 1612 2946 Martii.

1328 2958 1366 2982 11.
1387 2960 1402 2982 5
1415 2957 1520 2990 Aprilis.
