2632 3464
436 416 488 432 xxx
1266 410 1529 437 INTRODUCTIO

451 490 456 498 ‘
483 484 627 516 Tertiam
641 492 776 528 partem
797 485 1004 517 Alexandr-ss
1024 498 1041 518 a
1063 498 1149 531 mag.
1166 487 1287 518 Cesare
1309 486 1533 532 Chunigstain
1553 486 1725 532 Slegawer
1740 487 1882 527 2⁰⁰¹‚3¹¹¹¹²
1896 495 2073 521 tractatum
2091 489 2188 522 Petri
2207 490 2367 535 Hyspam‘

434 554 450 574 a
472 554 559 588 mag.
578 543 787 574 Bernhardo.

480 601 677 645 Computum
693 601 1003 644 cy1·ometr[ie]alem
1025 614 1041 633 a
1058 614 1145 647 mag.
1167 603 1356 634 Hermanno
1371 602 1467 643 [Poll]

477 658 647 691 Donatum
669 671 685 691 a
705 671 791 704 mag.
811 659 961 691 Johanne
978 659 1019 691 de
1035 660 1261 692 Neuenmarkt

478 716 647 749 Praedicti
664 717 816 762 magistri
833 729 894 761 pro
915 730 1030 749 eorum
1051 718 1166 750 labore
1182 718 1268 750 bene
1289 731 1305 750 a
1323 730 1373 750 me
1391 719 1637 762 recompensati
1654 719 1800 752 fuerunt.

482 841 615 878 Plures
640 854 793 891 semper
815 841 1116 878 determinantes
1144 855 1257 892 quam
1285 842 1470 879 licentiati
1493 851 1531 880 et
1551 844 1782 893 incipientes
1807 847 2014 894 quotannis
2032 845 2198 883 fuerunt.
2219 848 2360 883 Eorum

431 924 631 947 numerum
647 911 877 961 quibusdam
888 912 997 948 annis
1014 912 1235 949 ascendisse
1244 912 1417 949 videmus
1429 912 1476 948 ad
1487 914 1646 963 triginta
1657 915 1938 961 novem(1358),
1953 915 2208 965 quadraginta
2221 917 2360 964 (1403),

430 980 684 1030 quadraginta
702 980 779 1016 duo
803 981 936 1027 (1365).

479 1051 528 1086 Ut
548 1063 625 1085 non
646 1063 730 1085 raro
747 1049 943 1086 scholares
964 1051 1002 1085 in
1033 1050 1106 1086 alia
1127 1051 1384 1087 Universitate
1400 1052 1575 1101 inscripti
1600 1052 1766 1088 Parisios
1785 1059 1973 1088 venerunt
1993 1052 2041 1089 ad
2057 1053 2184 1089 studia
2204 1053 2362 1103 perfici-

429 1118 527 1154 enda
540 1119 566 1161 2,
592 1120 646 1154 sic
675 1120 923 1155 inveniuntur
946 1120 1011 1168 qui
1034 1119 1338 1156 determinarunt
1357 1121 1397 1156 in
1419 1120 1493 1157 alia
1518 1122 1776 1158 Universitate
1801 1129 1840 1158 et
1855 1130 1992 1172 postea
2008 1124 2174 1160 Parisios
2194 1123 2358 1174 profecti

429 1195 519 1224 sunt
539 1196 581 1224 ut
596 1188 765 1238 reliquos
785 1189 822 1223 in
840 1188 987 1225 artibus
1003 1189 1146 1238 gradus
1165 1190 1394 1239 reciperent.
1412 1192 1494 1226 Jam
1516 1203 1576 1226 an.
1599 1191 1692 1227 1279
1713 1198 1940 1236 statuerant,
1963 1192 2066 1242 quod
2087 1193 2242 1230 Parisiis
2263 1208 2281 1229 <t
2297 1194 2358 1235 vel

429 1257 519 1293 alibi
549 1259 586 1293 in
612 1258 687 1294 alio
710 1258 839 1294 studio
861 1258 1047 1308 generali,
1077 1258 1142 1295 ubi
1164 1260 1241 1295 sint
1264 1258 1312 1295 ad
1340 1261 1465 1296 minus
1491 1260 1534 1295 12
1559 1261 1733 1310 magistri
1758 1268 1938 1311 regentes
1963 1275 1980 1296 x>
2011 1261 2312 1300 determinarent
2327 1265 2355 1299 ⁸.

429 1328 590 1364 Saeculo
605 1342 678 1371 xiv,
698 1327 799 1364 idem
816 1326 940 1364 adhuc
960 1335 1146 1364 statutum
1163 1329 1332 1378 viguit43
1353 1336 1392 1365 et
1411 1329 1633 1366 cursoribus
1646 1330 1851 1379 jurandum
1869 1338 1951 1368 erat
1975 1344 2017 1368 se
2041 1331 2363 1372 determinavisse

430 1412 447 1432 «
466 1399 633 1434 Parisius
648 1397 709 1434 vel
726 1397 831 1441 alibi,
851 1397 916 1434 ubi
933 1399 982 1434 sit
999 1397 1168 1434 studium
1183 1398 1385 1448 generale⁵
1410 1413 1444 1434 J).
1465 1399 1718 1436 Difficultates
1737 1399 1968 1450 quandoque
1986 1400 2034 1437 de
2053 1400 2126 1437 hoc
2142 1408 2249 1438 ortae
2270 1410 2364 1440 sunt

427 1468 523 1513 (485,
546 1469 566 1503 5
589 1481 691 1517 sqq.;
714 1468 916 1514 488-49Ο);
943 1467 1012 1504 sed
1036 1466 1136 1517 apud
1155 1467 1267 1503 aliam
1289 1469 1587 1505 Universitatem
1609 1469 1868 1518 juramentum
1892 1471 2169 1519 praestiterunt
2190 1483 2232 1508 se
2251 1484 2363 1512 eum-

425 1536 512 1573 dem
533 1537 694 1587 gradum
716 1538 755 1572 in
774 1537 847 1573 alia
868 1538 1126 1574 Universitate
1146 1549 1223 1574 non
1240 1539 1444 1574 iteraturos
1462 1538 1559 1584 (606,
1579 1538 1653 1585 24).

476 1608 537 1642 Sic
562 1607 638 1656 jam
666 1620 726 1642 an.
758 1607 850 1642 1333
872 1606 1039 1643 Thomas
1061 1608 1158 1657 Bray
1178 1613 1217 1643 et
1236 1607 1470 1644 Wilhelmus
1495 1607 1544 1644 de
1569 1607 1827 1658 Cantebrugia
1850 1608 2128 1658 reputabantur
2142 1620 2212 1659 pro
2228 1610 2362 1647 deter-

426 1676 675 1720 minantibus,
693 1678 782 1726 quia
802 1677 840 1712 in
860 1676 998 1725 Anglia
1015 1676 1402 1713 determinaveruntfi.
1428 1677 1565 1713 Postea
1585 1676 1715 1726 plures
1735 1684 1777 1713 ut
1797 1677 2097 1715 determinantes
2120 1678 2354 1728 reputabans

424 1747 522 1789 tur7,
546 1746 660 1782 nullis
691 1745 1012 1795 explicationibus
1042 1745 1195 1782 additis.
1223 1746 1295 1781 An.
1326 1746 1419 1781 1375
1446 1746 1672 1782 Lambertus
1699 1745 1748 1783 de
1773 1746 1897 1783 Gelria
1925 1746 2152 1791 admittitur,
2184 1749 2362 1797 quamvi-

425 1829 503 1852 non
532 1816 794 1852 determinans
825 1816 980 1851 Parisiis
1008 1815 1106 1862 (466,
1139 1816 1203 1859 31;
1235 1815 1320 1857 467,
1346 1815 1414 1861 19).
1438 1815 1511 1850 An.
1533 1815 1626 1851 1376
1641 1815 1835 1852 Johannes
1851 1815 1900 1852 de
1920 1816 2115 1866 Moguntia
2137 1825 2175 1853 et
2192 1816 2364 1854 Thomas

424 1885 472 1921 de
485 1887 650 1934 Ungaria
665 1893 706 1921 ut
722 1885 935 1921 baccalarei
955 1886 1168 1934 pragenses
1183 1884 1394 1920 afferuntur
1405 1885 1431 1919 8.
1455 1885 1527 1920 An.
1554 1886 1644 1920 1381
1666 1892 1849 1922 notantur
1863 1886 1962 1922 tres⁹
1981 1898 2027 1921 ex
2043 1885 2177 1922 eadem
2198 1887 2354 1924 Univer-

424 1956 538 1991 sitate
559 1957 669 2004 (quae
694 1961 823 1990 tamen
844 1955 1000 1990 minime
1023 1955 1267 2000 nominatur),
1292 1955 1403 2003 Hugo
1420 1953 1468 1990 de
1485 1953 1691 1998 Landau¹⁰,
1713 1953 1892 1991 Nicolaus
1908 1954 1956 1991 de
1977 1954 2118 1991 Cuba¹¹
2141 1961 2180 1991 et
2195 1954 2358 1993 Michael

424 2025 472 2061 de
512 2024 759 2060 Frankfordia
773 2025 814 2067 ¹2,
861 2025 1017 2060 Parisiis
1050 2031 1092 2059 ut
1122 2023 1335 2059 baccalarei
1366 2024 1526 2071 recepti.
1560 2023 1749 2059 Gerardus
1783 2023 1972 2060 Domherr
1997 2023 2045 2060 de
2083 2024 2356 2073 Lutzenburgh

424 2107 481 2130 an.
512 2095 602 2130 1395
617 2095 782 2130 Parisios
800 2101 841 2130 ut
856 2093 1104 2129 baccalareus
1122 2092 1335 2129 Tolosanus
1350 2093 1499 2128 venit¹³.
1515 2091 1586 2128 An.
1606 2093 1699 2128 1396
1710 2092 1866 2141 quidam
1883 2092 1990 2129 baec.
2005 2094 2187 2142 Pragens.
2207 2101 2245 2130 et
2257 2093 2357 2130 alter

423 2163 642 2200 Coloniens.
668 2164 814 2212 recepti
841 2170 931 2199 sunt
959 2163 1058 2210 (716,
1087 2163 1159 2209 31).
1191 2162 1290 2198 Infra
1319 2163 1356 2197 in
1390 2169 1500 2198 notas
1521 2161 1650 2211 plures
1684 2161 1746 2197 alii
1767 2174 1812 2198 ex
1837 2162 2128 2199 Universatibus
2154 2162 2359 2199 Vindobo-

421 2234 552 2275 nensi,
581 2232 920 2282 Heidelbergensi,
946 2231 1187 2275 Coloniensi,
1215 2231 1426 2268 Erfurtensi
1453 2238 1495 2267 ut
1518 2230 1732 2267 baccalarei
1755 2239 1826 2268 art.
1859 2232 2026 2267 Parisios
2053 2238 2231 2281 petentes
2254 2232 2358 2268 inse--

421 2310 563 2338 rentur.

464 2449 491 2477 1.
538 2448 560 2477 1.
579 2459 605 2477 e.
629 2448 747 2476 tertiam
766 2453 883 2486 partem
902 2448 1085 2475 Doctrinalis
1106 2446 1276 2475 Alexandri
1296 2447 1333 2475 de
1483 2447 1512 2475 6.
1559 2446 1653 2481 Infra,
1670 2455 1702 2485 p.
1724 2446 1772 2481 17,
1789 2445 1817 2481 5,
1837 2447 1884 2474 11.

420 2497 590 2532 Villa-Dei,
606 2496 692 2536 cujus
711 2497 878 2525 editionem
897 2496 1143 2525 subministravit
1154 2495 1334 2524 Rmcnrmc
1482 2496 1511 2524 7.
1553 2494 1590 2524 V.
1606 2505 1637 2534 g.
1657 2495 1724 2529 114,
1743 2495 1799 2532 143
1819 2495 1887 2530 163,
1905 2495 1962 2530 18;
1979 2495 2048 2529 168,
2066 2496 2113 2525 17.

422 2547 453 2575 in
480 2550 674 2575 Monumenta
704 2547 889 2575 Ger-maniae
911 2546 1136 2584 paedagogica,
1167 2551 1240 2574 tom.
1276 2544 1333 2573 XII
1480 2545 1509 2573 8.
1556 2543 1648 2579 Infra,
1666 2554 1698 2583 p.
1716 2545 1785 2579 500,
1800 2545 1834 2579 85
1852 2544 1922 2579 498,
1942 2543 1991 2572 24.
2010 2543 2058 2573 Cf.
2075 2546 2267 2572 Monumenta
2283 2545 2356 2573 hist-

421 2596 551 2635 (Berlin,
573 2596 671 2635 1893).
1445 2595 1578 2623 Univers.
1602 2595 1709 2632 Prag.‚
1738 2593 1761 2628 1,
1790 2593 1857 2627 142,
1887 2593 1960 2628 148;
1978 2602 2027 2621 an.
2052 2593 2128 2622 1370
2146 2599 2176 2622 et
2194 2593 2269 2622 1371
2283 2593 2353 2622 bac.

462 2646 490 2673 2.
535 2645 583 2674 ΑΙ)
602 2655 682 2679 anno
700 2645 776 2673 1392
793 2644 899 2683 plures
914 2644 944 2672 in
962 2650 1049 2672 notas
1063 2643 1220 2672 attulimus
1236 2643 1288 2682 qui
1303 2643 1334 2671 in
1442 2642 1592 2682 Pragens.

421 2694 692 2733 Heidelberg-ensi,
718 2693 911 2728 Coloniensi,
928 2692 1103 2722 Erfurtensi
1118 2692 1334 2721 Universitati-
1481 2693 1510 2720 9.
1557 2691 1649 2726 Infra,
1667 2702 1698 2730 p.
1713 2692 1783 2726 606,
1799 2692 1835 2720 21
1854 2701 1901 2730 sq.

419 2745 477 2773 bus
494 2750 526 2772 ut
542 2743 699 2773 scholares
714 2743 858 2772 intitulati
878 2748 974 2771 erant.
1417 2766 1419 2770 .
1484 2742 1530 2769 10.
1575 2743 1655 2769 Mon.
1675 2740 1699 2775 Ι,
1717 2740 1784 2774 172,
1802 2741 1869 2769 bac.
1887 2749 1935 2769 an.
1958 2740 2045 2770 1376.

458 2793 487 2821 3.
536 2794 684 2826 Clamat,
711 2793 734 2828 Ι,
755 2796 787 2821 n⁰
814 2793 901 2821 1485.
923 2791 994 2821 Vid.
1023 2797 1183 2830 praeterea
1211 2790 1251 2825 ΙΙ,
1281 2791 1333 2826 19;
1484 2791 1531 2818 11.
1576 2789 1666 2823 Ibid.‚
1703 2800 1755 2828 pp.
1786 2790 1854 2824 173,
1880 2789 1947 2823 174,
1978 2789 2030 2820 ubi
2059 2795 2159 2817 tamen
2189 2798 2351 2827 perperam

418 2852 451 2881 p.
475 2843 577 2871 73-75.
1445 2851 1457 2866 «
1474 2839 1562 2868 Guba
1578 2851 1604 2867 ι).
1621 2839 1693 2867 Bac.
1710 2849 1758 2867 an.
1775 2839 1861 2867 1376.

459 2892 488 2920 4.
533 2891 615 2919 lnsra
628 2892 697 2925 701,
711 2891 759 2919 35.
773 2891 821 2921 Cf.
832 2897 934 2920 tamen
946 2891 1095 2924 Char-tul„
1114 2889 1155 2924 ΙΙ,
1167 2889 1266 2928 p.673
1280 2888 1331 2927 (4).
1485 2889 1532 2917 12.
1577 2888 1667 2922 Ιὸὶιί.,
1687 2898 1718 2926 p.
1741 2888 1807 2922 184,
1823 2888 1890 2916 bac.
1905 2897 1955 2918 an.
1975 2887 2060 2916 1378.

462 2942 491 2969 5.
536 2940 615 2969 Ibid.
634 2951 663 2979 1).
681 2941 739 2969 675
757 2938 1533 2979 (6).13.
1580 2937 1672 2972 Infra,
1690 2947 1720 2975 p.
1737 2937 1806 2971 701,
1824 2936 1862 2965 24
1879 2947 1948 2978 sqq.
