2632 3464
289 424 346 450 ⁴³09

293 509 353 540 pro
386 499 508 540 locagio
531 509 622 540 quam
657 505 789 539 quatuor
819 498 868 528 vel
899 497 1035 537 quinque
1068 499 1201 527 francos.

292 549 532 590 Verumptamen
558 548 617 579 hoc
640 548 759 589 adjecto
786 548 870 588 quod
896 547 978 577 nulle
1003 546 1204 577 alienationes

294 599 369 628 fiant
384 608 441 638 per
466 608 536 628 eum
559 604 590 628 et
614 598 699 638 quod
723 603 786 627 met
808 597 970 632 inhabitet,
987 596 1037 626 vel
1061 596 1088 626 si
1115 594 1204 626 aliter

294 648 392 682 fieret,
406 647 465 678 hoc
480 653 581 677 tamen
591 647 644 677 flat
660 657 728 677 cum
741 655 897 676 consensu
911 645 1062 676 nacionis,
1082 645 1116 674 ln
1132 653 1204 675 casu
1223 660 1227 664 ,

293 706 369 727 vero
384 696 417 726 in
432 706 494 736 quo
509 696 647 727 scolares
665 695 826 736 provincie
844 695 964 725 Swecie
984 694 1205 735 superveniant

297 745 350 786 qui
370 745 503 776 babeant
520 746 673 776 interesse
691 745 818 780 domus,
837 743 1010 774 inhabitent
1022 743 1113 773 aliam
1130 753 1205 783 par-

295 800 356 824 tem
379 794 460 825 dicte
489 795 612 830 domus,
638 804 701 824 non
729 793 914 833 expellendo
941 793 1137 823 Bumundum
1166 793 1204 821 de

292 848 382 883 parte
408 853 475 874 sua.
515 843 549 874 Si
586 853 661 873 vero
691 843 802 883 quovis
833 843 925 872 modo
956 841 1205 882 attemptaverint

294 892 452 935 expellere
467 892 663 923 Bumundum
678 893 717 921 de
729 898 817 932 parte
829 892 939 921 domus
950 901 1039 931 quam
1055 890 1205 920 inhabitat

289 947 325 971 et
348 941 515 982 reparavit,
542 940 631 972 nacio
655 940 738 971 omni
766 941 869 970 studio
892 947 922 970 et
941 940 1086 970 fidelitate
1112 940 1205 969 debet

289 990 442 1021 assistere
458 990 632 1027 Bumendo,
645 989 851 1020 deffendendo
869 989 895 1019 si
910 989 1012 1030 possit
1026 995 1056 1019 et
1067 988 1203 1028 juvando

292 1040 378 1080 quod
392 1049 455 1069 non
469 1039 642 1080 expellatur
655 1049 673 1069 a
683 1039 765 1069 dicta
779 1045 867 1079 parte
881 1040 1003 1068 domus.
1019 1038 1058 1068 Et
1075 1039 1102 1068 si
1115 1037 1203 1068 nacio

294 1088 490 1119 Bumundum
519 1088 696 1119 deffendere
726 1098 787 1118 non
814 1094 924 1128 posset
951 1094 981 1117 et
1008 1087 1203 1117 Bumundum

289 1138 419 1167 domum
437 1137 522 1167 exire
540 1143 693 1177 oporteat,
714 1137 897 1178 expediatur
919 1137 1100 1166 Bumundus
1118 1146 1204 1166 com-

294 1186 376 1226 plete
402 1186 434 1216 in
460 1196 580 1217 summa
603 1186 634 1217 in
663 1186 917 1226 reparacionibus
943 1185 1081 1226 ejusdem
1107 1185 1204 1225 partis

289 1235 404 1266 domus
421 1235 536 1275 posita,
555 1235 584 1265 si
600 1235 699 1265 adhuc
719 1235 907 1275 aliquantum
927 1233 1064 1274 ejusdem
1087 1244 1204 1264 summe

294 1285 432 1314 restabat
458 1284 641 1315 solvendum
672 1290 834 1324 antequam
864 1283 1046 1313 Bumundus
1081 1285 1204 1313 domum

288 1333 382 1364 cedat
395 1333 446 1363 vel
457 1343 474 1363 a
488 1334 580 1364 domo
594 1334 719 1364 recedat
730 1346 739 1370 ;
761 1333 802 1363 ita
819 1334 903 1373 quod
919 1333 1100 1363 Bumundus
1118 1339 1205 1370 ante-

290 1393 385 1423 quam
407 1383 497 1413 cedat
515 1383 620 1418 domo,
637 1383 786 1412 reddatur
806 1382 993 1421 indempnis.
1018 1382 1092 1413 Item
1115 1381 1204 1411 aliam

291 1437 413 1472 partem
437 1432 548 1462 domus
576 1442 636 1471 que
665 1431 794 1471 respicit
818 1431 983 1471 collegium
1016 1430 1204 1460 Belvacense

293 1481 383 1511 nacio
420 1481 506 1511 dedit
539 1481 745 1521 disposicioni
777 1487 806 1510 et
842 1480 1066 1520 gubernacioni
1105 1479 1204 1519 ipsius

294 1530 461 1566 Bumunffl,
481 1530 626 1560 videlicet
645 1535 677 1559 ut
694 1530 792 1570 ipsam
813 1530 929 1559 locaret
946 1529 1127 1568 cuicumque
1146 1538 1204 1568 pro

294 1579 424 1610 utilitate
452 1579 603 1614 nacionis,
635 1585 665 1609 et
693 1588 760 1609 cum
789 1578 913 1618 locagio
943 1577 1080 1618 ejusdem
1106 1577 1204 1618 partis

293 1628 403 1658 fierent
417 1628 636 1668 reparaciones
656 1628 687 1657 in
707 1629 812 1658 eadem
837 1634 925 1668 parte
945 1628 1065 1657 domus.
1085 1626 1124 1656 Et
1138 1627 1205 1656 sin-

292 1677 377 1718 gulis
398 1677 488 1707 annis
515 1677 697 1708 Bumundus
718 1677 864 1707 redderet
887 1682 1062 1716 compotum
1082 1675 1203 1706 nacioni

288 1727 331 1757 de
344 1726 465 1767 locagio
481 1727 621 1766 predicte
635 1726 746 1766 partis.
764 1726 803 1755 Et
817 1735 875 1766 pro
890 1725 996 1755 labore
1009 1735 1100 1765 quem
1114 1724 1204 1754 habe-

294 1775 351 1811 bit,
364 1775 432 1816 ipse
446 1775 582 1805 remittet
597 1786 630 1805 se
646 1776 684 1806 ad
699 1775 870 1809 nacionem,
886 1785 945 1814 que
962 1774 1128 1804 satisfaciet
1143 1773 1203 1804 sibi

294 1825 522 1865 quantificando
544 1825 680 1855 laborem
708 1831 738 1854 et
759 1823 948 1864 diligentiam
966 1819 1205 1864 quam'habebit

288 1874 376 1904 circa
390 1874 527 1904 eamdem
541 1880 660 1914 partem
675 1874 796 1903 domus.
812 1873 888 1903 Item
899 1872 1069 1912 supplicuit
1079 1872 1203 1912 quidam

292 1929 327 1954 ut
340 1922 510 1953 locaretur·
529 1923 590 1953 sibi
605 1923 687 1952 dicta
703 1932 777 1963 pars
794 1923 904 1952 domus
920 1932 1019 1961 usque
1035 1922 1108 1961 (Fol.
1125 1923 1164 1952 83
1177 1921 1202 1960 ¹³)

289 1973 331 2002 ad
346 1972 456 2002 festum
472 1971 576 2002 Sancti
595 1971 745 2002 Johannis
767 1971 908 2011 proxime
923 1971 1069 2006 futurum,
1084 1977 1114 2000 et
1135 1971 1203 2010 pla-

288 2021 356 2052 cuit
365 2021 487 2051 nacioni
500 2027 532 2050 ut
547 2021 674 2051 haberet
686 2030 745 2061 pro
755 2027 825 2051 octo
837 2020 951 2050 francis
964 2026 994 2050 et
1006 2030 1074 2050 cum
1085 2020 1202 2049 eisdem

293 2070 380 2100 fieret
394 2069 556 2110 repat-acio
568 2070 648 2100 dicte
664 2069 774 2110 partis,
791 2075 849 2099 etc.
869 2069 943 2099 Item
955 2069 1071 2109 placuit
1081 2069 1201 2098 nacioni

288 2120 376 2159 quod
402 2119 550 2159 magister
579 2119 714 2148 Jacobus
745 2118 869 2148 Harlem
896 2118 984 2148 daret
1012 2118 1146 2158 pignora
1171 2118 1202 2147 in

292 2169 502 2210 proporcione
522 2168 727 2208 sesquialtera
746 2178 803 2208 pro
821 2167 947 2203 debitis,
962 2177 1092 2207 quorum
1113 2167 1202 2196 debi-

291 2224 392 2248 torum
406 2217 529 2247 termini
543 2216 745 2256 expectatorii
760 2222 893 2256 protunc
907 2217 1029 2246 fuerunt
1042 2216 1198 2245 transacti.

291 2266 412 2297 Placuit
426 2266 522 2296 eciam
540 2266 624 2306 quod
633 2266 722 2295 fieret
737 2265 897 2305 reparacio
910 2264 1004 2294 hostii
1018 2271 1047 2294 et
1064 2264 1200 2304 pulpotri

288 2323 324 2347 et
341 2316 460 2347 sedium
476 2315 641 2346 scolarum.

332 2365 439 2403 Quoad
462 2365 520 2394 2⁰¹¹·
543 2364 703 2394 articulum
727 2373 790 2394 non
814 2364 936 2393 suerunt
958 2362 1099 2403 magistri
1124 2363 1201 2392 bene

288 2414 481 2449 concordes;
518 2419 748 2453 verumptamen
780 2412 946 2443 voluerunt
975 2413 1060 2452 quod
1092 2412 1201 2442 melius

290 2464 449 2495 videretur
465 2472 615 2503 papyrus.

331 2512 442 2550 Quoad
460 2512 501 2541 3¹¹¹
519 2511 680 2542 articulum
702 2510 888 2550 supplicavit
910 2509 1058 2550 magister
1079 2509 1201 2540 Cflnra-

287 2562 350 2592 dus
365 2561 449 2602 quod
465 2561 592 2591 haberet
606 2566 718 2590 restam
733 2559 819 2589 llll⁰¹
831 2566 1000 2595 scutorum,
1012 2569 1070 2599 pro
1088 2559 1201 2599 quibus

292 2611 417 2644 fuerunt
443 2610 561 2640 venditi
585 2608 657 2639 libri
680 2607 839 2649 cujusdam
862 2608 1004 2644 scolaris,
1025 2608 1077 2648 qui
1099 2608 1202 2647 posuit

291 2659 415 2691 maioni
432 2669 491 2700 pro
509 2657 734 2699 quinquaginta
749 2657 870 2693 solidis,
887 2663 917 2687 et
934 2657 1035 2687 dictus
1054 2657 1201 2697 magister

289 2707 429 2739 ostendit
444 2707 691 2749 procuratorium
707 2706 843 2736 habitum
856 2716 873 2735 a
888 2707 1007 2747 prefato
1019 2706 1131 2736 scolari
1147 2706 1199 2746 qui

291 2767 355 2788 non
375 2757 432 2788 suit
451 2757 612 2797 Pax-ysius.
638 2756 677 2787 Et
698 2765 793 2795 super
818 2755 870 2785 illo
892 2755 980 2785 nacio
999 2755 1086 2786 dedit
1101 2756 1201 2795 depu-

290 2812 383 2836 tatos.

292 2952 294 2955 Ι
324 2916 347 2940 1.
382 2917 429 2940 Mn.
441 2916 580 2940 locet-etur.

833 0 1326 31 ,,Ἃδίγζἢῖ*ἶ’φ41ᾏ’γξᾏ.(ι’τρζ·ΐ-,“Ᾱιξξτκ·νὴ·
1340 0 1422 22 <vv-⁸3*
1442 0 1466 18 t*
1478 0 1483 5 ⁴
1495 0 1510 20 α’
1523 4 1530 11 .
1547 0 1555 9 x
1572 0 1591 21 ¹-
1606 1 1616 6 ν-
1684 0 1685 3 ¹
1720 0 1741 21 *J
1750 0 1857 21 1¹·:2‘ss‘5T
1871 0 1887 17 „1

807 422 922 449 LIBER
942 421 1256 449 PROCURATORUM
1276 422 1457 449 NATIONIS
1475 422 1721 449 ANGLICANAE

1244 944 1275 970 10

1242 1189 1275 1215 15

1242 1435 1276 1460 20

1241 1680 1276 1707 25

1240 1926 1274 1952 30

1239 2171 1273 2197 35

1239 2416 1272 2442 40

1239 2660 1272 2687 45

1893 0 1964 20 *avez
1972 4 1978 13 κ
1987 0 2007 19 -ε
2033 0 2044 3 ”
2053 0 2070 19 ’³7

2167 426 2220 451 910

1354 499 1446 528 Facta
1458 500 1704 539 congregacione
1716 500 1865 529 facultatis
1877 502 1957 540 apud
1971 501 2115 531 Sanctum
2127 502 2221 531 Julia-

1314 556 1385 576 num
1405 557 1486 575 anno
1510 557 1572 586 quo
1597 557 1702 586 supra,
1719 547 1769 576 die
1788 548 1905 577 decima
1925 549 2041 578 mensis
2061 549 2219 586 Octobris,

1313 595 1442 624 nacione
1457 596 1495 624 ad
1514 602 1630 635 partem
1646 603 1764 631 vocata,
1781 596 1966 636 supplicavit
1982 599 2128 638 magister
2144 599 2220 628 Her-

1313 654 1443 674 mannus
1468 645 1505 674 de
1530 644 1713 685 Esserlinga
1741 646 1772 674 in
1798 646 1939 682 nacione,
1965 648 2108 686 quatinus
2133 648 2221 678 nacio

1313 694 1414 733 ipsum
1425 700 1601 723 excusatum
1620 694 1746 723 haberet
1761 701 1791 723 et
1806 702 2019 734 supportatum
2040 697 2071 725 in
2087 707 2123 726 eo
2139 698 2222 736 quod

1313 742 1344 772 in
1363 743 1468 778 scolis,
1488 753 1546 782 pro
1561 743 1674 783 quibus
1689 743 1748 772 sibi
1765 744 1891 773 absente
1911 745 2096 784 supplicavit
2113 756 2170 785 pro
2186 756 2221 775 eo

1313 792 1462 832 magister
1477 790 1642 822 Cfinradus
1660 791 1758 832 Lang,
1778 793 1846 832 ipse
1862 793 2009 833 magister
2027 794 2222 824 Hermannus

1313 841 1420 870 eodem
1445 851 1526 870 anno
1558 851 1667 881 regere
1699 852 1760 870 non
1794 849 1902 882 posset
1930 849 2059 882 propter
2091 845 2221 883 quedam

1313 889 1532 930 impedimenta
1555 897 1688 930 protunc
1714 900 1770 930 per
1798 890 1898 930 ipsum
1927 892 2094 931 assignata.
2126 892 2221 933 Cujus

1314 939 1576 979 supplicacionem
1596 939 1683 968 nacio
1698 940 1864 969 concessit.

1718 1033 1815 1062 1405

1345 1104 1436 1134 Acta
1465 1105 1500 1134 in
1529 1106 1791 1145 procuratorio
1824 1106 1996 1146 magistri
2023 1107 2187 1137 Conradi

1514 1154 1666 1184 Lubeck
1693 1155 1736 1184 de
1767 1155 2019 1195 Wolffhagen.

1357 1234 1447 1264 Facta
1483 1236 1729 1276 congregacione
1764 1236 1903 1266 nacionis
1934 1237 2104 1277 Anglicane
2141 1239 2223 1277 apud

1317 1283 1461 1313 Sanctum
1478 1283 1666 1313 Maturinum
1678 1294 1758 1314 anno
1777 1295 1838 1324 quo
1852 1295 1958 1325 supra,
1970 1285 2020 1315 die
2033 1285 2116 1315 ΧΧΙ·
2127 1285 2223 1316 Octo-

1314 1332 1380 1362 bris
1398 1342 1493 1372 super
1519 1333 1640 1363 duobus
1662 1333 1812 1363 articulis.
1836 1334 1959 1363 Primus
1983 1335 2020 1364 ad
2047 1334 2222 1375 eligendum

1314 1391 1427 1411 novum
1450 1388 1694 1421 procuratorem,
1714 1383 1760 1412 2¹¹·
1779 1393 1875 1422 super
1895 1383 2178 1423 supplicacionibus
2194 1391 2225 1414 et

1314 1429 1449 1469 injuriis.
1472 1431 1580 1468 Quoad
1600 1431 1732 1470 primum
1750 1432 1923 1467 articulum,
1944 1432 2059 1462 electus
2075 1433 2130 1462 suit
2147 1443 2223 1463 con-

1314 1479 1451 1509 corditer
1485 1479 1570 1509 nullo
1607 1481 1836 1511 contradicente
1873 1481 2021 1521 magister
2059 1482 2222 1512 Conradus

1315 1528 1451 1566 Lubeck,
1471 1535 1529 1558 etc.
1545 1529 1653 1566 Quoad
1671 1530 1839 1559 secundum
1857 1530 2018 1560 articulum
2037 1531 2224 1570 supplicavit

1313 1584 1498 1617 procurator
1519 1579 1692 1617 precedens
1714 1585 1747 1608 ut
1769 1578 1934 1608 haberetur
1956 1578 2169 1619 gratusjeth
2194 1588 2224 1610 et

1313 1636 1462 1656 concessa
1479 1627 1535 1656 suit
1549 1627 1739 1667 supplicacio
1756 1638 1810 1657 sua
1827 1629 1865 1657 ab
1881 1629 2035 1658 omnibus.
2052 1629 2125 1658 ltem
2147 1640 2223 1670 sup-

1315 1675 1442 1715 plicavit
1465 1676 1613 1716 magister
1630 1676 1795 1706 Conradus
1811 1677 1849 1706 de
1869 1687 1930 1717 quo
1950 1687 2055 1718 supra,
2080 1685 2112 1707 ut
2134 1679 2222 1708 nacio

1313 1725 1471 1755 ordinaret
1485 1726 1569 1765 qnod
1586 1732 1730 1765 receptor
1747 1725 1904 1766 antiquus,
1921 1726 2064 1756 videlicet
2076 1728 2223 1767 magister

1314 1773 1488 1804 Richardus
1507 1775 1545 1803 de
1567 1773 1728 1816 [Loenen]‚
1750 1780 1880 1815 poneret
1902 1775 1932 1804 in
1956 1775 2096 1805 manibus
2116 1777 2222 1806 nacio-

1313 1823 1362 1852 nis
1378 1824 1526 1863 quasdam
1545 1823 1703 1863 pecunias,
1720 1834 1796 1863 quas
1818 1824 1898 1853 idem
1921 1831 2065 1864 receptor
2083 1831 2221 1865 tempore

1313 1882 1367 1901 sue
1399 1872 1572 1912 receptorie
1602 1879 1762 1912 receperat
1785 1874 1823 1902 dc
1854 1873 2037 1902 vendicione
2064 1873 2221 1914 cujusdam

1311 1921 1394 1950 vadii
1414 1931 1469 1950 seu
1490 1922 1647 1961 pignoris,
1670 1923 1753 1961 quod
1779 1922 1834 1951 fuit
1851 1932 1908 1961 pro
1925 1922 2064 1952 Johanne
2084 1923 2167 1953 dicto
2183 1925 2221 1953 de

1311 1969 1448 2000 Wesalia
1465 1971 1502 1999 de
1519 1970 1657 2000 Treveri.
1676 1971 1745 2001 Non
1763 1977 1862 2000 tamen
1880 1971 1986 2010 petivit
2003 1982 2109 2001 omnes
2125 1983 2221 2012 pecu-

1311 2019 1378 2049 nias
1397 2019 1470 2059 poni
1495 2019 1526 2048 in
1548 2019 1690 2049 manibus
1713 2020 1863 2055 nacionis,
1880 2021 1934 2049 sed
1959 2020 2057 2050 solum
2081 2028 2220 2061 receptas

1312 2068 1391 2098 ultra
1409 2068 1471 2103 illa,
1485 2079 1545 2108 que
1569 2069 1706 2108 prefatus
1727 2068 1857 2098 scolaris
1879 2069 2010 2099 debebat
2032 2070 2164 2105 micioni,
2189 2078 2221 2100 ut

1313 2117 1415 2147 dictus
1441 2117 1571 2147 scolaris
1596 2127 1647 2147 eas
1671 2117 1784 2147 habere
1811 2125 1929 2157 posset,
1951 2119 2010 2147 nisi
2029 2119 2116 2148 nacio
2137 2119 2220 2149 aliud

1311 2167 1486 2202 ordinaret;
1509 2173 1539 2196 et
1562 2166 1753 2206 supplicacio
1776 2166 1827 2196 illa
1854 2177 2002 2207 expressa
2024 2178 2079 2207 per
2105 2168 2220 2199 nullum

1312 2215 1368 2245 suit
1383 2215 1566 2255 interempta
1582 2216 1642 2245 nisi
1657 2226 1713 2255 per
1727 2215 1811 2245 illum
1825 2217 2005 2256 magistrum
2020 2217 2219 2254 Ricliardum,

1311 2264 1363 2304 qui
1381 2271 1526 2304 estpars,
1545 2271 1575 2294 et
1593 2265 1638 2294 sic
1656 2264 1807 2294 conclusit
1825 2272 2008 2304 procurator
2025 2267 2107 2305 quod
2119 2267 2220 2297 dictus

1310 2313 1458 2354 magister
1481 2313 1608 2343 haberet
1632 2313 1700 2342 illas
1724 2314 1869 2353 pecunias
1893 2324 2007 2353 ponere
2029 2314 2058 2343 in
2079 2315 2219 2345 manibus

1310 2362 1461 2397 nacionis,
1478 2369 1536 2392 etc.

1350 2410 1441 2441 Facta
1462 2411 1710 2451 congregacione
1728 2412 1866 2441 nacionis
1885 2423 1963 2441 anno
1981 2423 2042 2451 quo
2063 2423 2168 2452 supra,
2188 2414 2218 2442 4·

1310 2461 1360 2490 die
1391 2460 1575 2491 Novembris
1609 2461 1645 2490 ad
1679 2467 1853 2501 requestam
1891 2461 2029 2500 magistri
2067 2462 2218 2492 Johannis

1311 2508 1464 2539 Derlinc²
1485 2509 1537 2549 qui
1561 2509 1747 2550 supplicavit
1767 2509 1879 2539 ibidem
1904 2520 1961 2549 pro
1983 2509 2072 2539 litera
2098 2520 2218 2540 recom-

1311 2558 1500 2588 mendatoria
1517 2559 1554 2588 ad
1573 2559 1753 2598 episcopum
1771 2559 2031 2588 silvanectensem
2050 2559 2087 2588 ad
2106 2559 2218 2589 haben-

1310 2608 1380 2637 dum
1404 2608 1515 2637 bursas
1542 2607 1694 2643 Sorbone,
1719 2614 1749 2637 et
1768 2617 1914 2637 concessa
1939 2608 1994 2637 suit
2014 2607 2217 2648 supplicacio,

1310 2666 1367 2686 nec
1381 2657 1503 2685 fuerunt
1517 2656 1587 2686 alia.

1350 2705 1442 2735 Facta
1476 2705 1723 2745 congregacione
1759 2705 1898 2734 nacionis
1937 2704 2109 2745 Anglicane
2137 2706 2218 2746 apud

1310 2754 1455 2784 Sanctum
1474 2753 1660 2783 Maturinum
1679 2764 1759 2783 anno
1777 2764 1838 2793 quo
1850 2764 1944 2792 supra
1957 2754 2007 2783 die
2025 2754 2220 2793 quindecima

1310 2803 1426 2833 mensis
1444 2802 1640 2837 Novembris,
1661 2802 1735 2832 liora
1754 2809 1861 2832 octava
1879 2812 1975 2842 super
1991 2802 2052 2831 3¹³¹·-
2067 2803 2217 2833 articulis.

1339 2915 1362 2939 2.
1396 2916 1451 2946 lpse
1464 2922 1551 2938 revera
1565 2915 1631 2938 inter
1639 2914 1770 2937 burserio·
1779 2913 1869 2937 ‹Iomuu
1881 2914 2013 2937 Sorbonae
2023 2917 2219 2938 annumeratur.

1315 2949 1368 2974 rid.
1382 2957 1460 2981 cupra
1474 2958 1499 2982 p.
1514 2950 1568 2977 835,
1582 2952 1633 2973 not,
1649 2950 1670 2972 1.

2081 0 2291 26 ’ἵῑ“3ϊ»ἒ·’“ἓ>”’“”““’“’
2308 0 2369 19 Iwss‘.
