2632 3464
399 433 451 458 683
942 429 1165 455 AUCTARIUM
1190 428 1450 455 CHARTULARII
1474 429 1647 456 UNIVERS.
1670 429 1788 457 PARIS.
2270 432 2327 459 684

399 509 535 538 corditer
557 507 678 537 Franko
703 508 740 536 de
761 507 835 536 Delf
855 506 939 535 nullo
962 506 1156 535 reclamante.
1177 506 1222 534 2⁰³
1244 511 1309 534 erat

399 568 493 597 super
509 556 804 596 supplicacionibus,
820 562 849 585 et
863 557 901 584 de
914 555 967 584 illo
983 554 1088 584 nichil.

440 606 603 636 Celebrata
618 605 864 645 congregacione
883 604 1102 633 Universitatis
1118 604 1199 642 apud
1216 603 1308 632 Sanc-

399 663 462 685 tum
486 655 671 684 Maturinum
694 654 837 683 xxvllla
858 654 907 682 die
932 652 1068 692 ejusdem
1093 653 1208 681 mensis
1233 652 1309 681 hora

399 705 566 744 primarum
590 704 639 733 vel
660 703 756 738 circa,
778 709 909 741 protunc
930 708 996 731 erat
1013 701 1107 730 eciam
1134 711 1308 741 congrega-

400 754 447 782 cio
465 753 605 782 nacionis
621 762 716 791 super
735 753 855 781 duobus
874 751 1022 780 articulis.
1043 750 1167 779 Primus
1188 757 1253 779 erat
1270 751 1308 779 ad

400 803 583 832 audiendum
599 801 651 830 illa
671 811 730 840 que
749 801 846 830 relata
862 801 984 829 fuerunt
999 799 1149 838 magistro
1165 799 1307 828 Arnoldo

401 852 534 890 Bloeyer
553 849 768 890 predecessori
789 859 855 878 meo
874 859 931 888 per
954 855 1184 888 procuratorem
1200 849 1307 877 nacio-

400 901 448 930 nis
479 900 636 934 Picardie,
672 906 702 928 et
732 899 930 938 presentibus
963 898 1118 937 aliquibus
1148 897 1306 937 magistris

400 949 537 989 ejusdem
553 949 702 978 nacionis.
717 948 756 977 Et
768 948 874 977 retulit
890 948 1044 986 quomodo
1060 947 1219 986 predictus
1235 957 1306 986 pro·

401 1005 524 1028 curator
558 997 723 1037 requisivit
750 1007 817 1026 eum
847 1003 880 1025 ut
908 996 1081 1035 requireret
1113 1002 1305 1035 receptorem

399 1047 538 1076 nacionis
561 1046 743 1086 Anglicane‚
766 1052 800 1075 ut
824 1046 937 1074 faceret
957 1055 1102 1084 reparare
1127 1045 1306 1084 superiores

400 1097 500 1125 scolas
517 1103 626 1134 septem
642 1097 768 1129 arcium,
788 1095 863 1124 alias
883 1095 943 1123 nisi
960 1095 1073 1123 faceret
1091 1095 1179 1123 nacio
1197 1094 1307 1123 Picar-

399 1146 448 1174 die
464 1146 636 1174 intenderet
648 1145 746 1173 facere
759 1143 909 1183 reparari,
920 1150 950 1173 et
960 1144 1004 1172 sic
1016 1144 1104 1172 nacio
1115 1150 1222 1172 nostra
1233 1154 1306 1183 per-

399 1195 485 1223 deret
495 1193 547 1233 jus
563 1200 593 1222 et
606 1193 826 1232 proprietatem
843 1203 926 1222 suam
941 1193 972 1221 in
986 1192 1048 1221 illis
1059 1193 1165 1221 scolis.
1181 1193 1221 1221 Et
1231 1193 1306 1222 deli-

398 1244 535 1272 beratum
558 1249 624 1271 erat
645 1243 728 1281 quod
750 1248 934 1281 procurator
952 1252 1013 1271 una
1035 1252 1102 1270 cum
1122 1242 1305 1280 quibusdam

398 1292 555 1331 magistris
573 1292 693 1320 adirent
706 1297 937 1330 procuratorem
956 1291 1094 1329 predicte
1110 1291 1250 1320 nacionis
1267 1292 1306 1320 ad

397 1341 634 1380 supplicandum
651 1341 721 1375 sibi,
734 1340 878 1379 quatinus
896 1340 957 1378 ipsi
973 1341 1010 1368 de
1024 1340 1153 1369 nacione
1166 1340 1306 1379 predicta

396 1390 511 1419 vellent
535 1390 594 1418 sibi
619 1390 783 1428 providere
810 1390 847 1418 de
872 1389 940 1418 aliis
966 1389 1077 1424 scolis,
1102 1396 1132 1418 et
1159 1399 1217 1418 nos
1234 1389 1305 1428 jure

397 1445 504 1468 nostro
523 1439 554 1467 in
570 1438 632 1467 illis
651 1438 745 1467 scolis
760 1438 803 1467 uti
821 1438 1011 1477 permittere,
1029 1438 1100 1477 quia
1118 1444 1179 1467 met
1193 1439 1224 1467 in
1242 1438 1304 1468 illis

395 1488 544 1517 vellemus
559 1488 663 1527 legere
677 1494 706 1516 et
721 1497 830 1526 regere
847 1488 1015 1516 secundum
1029 1488 1112 1526 quod
1128 1487 1254 1517 facimus
1272 1488 1304 1517 in

395 1537 464 1566 aliis
490 1537 594 1566 scolis.
618 1537 708 1574 Quod
726 1536 752 1565 si
775 1547 836 1565 non
858 1536 973 1566 vellent
997 1537 1107 1572 facere,
1126 1537 1305 1576 requirere-

396 1596 463 1615 mus
483 1585 639 1614 dominum
657 1591 808 1614 rectorem
827 1586 864 1614 ad
888 1585 1057 1614 faciendum
1081 1586 1305 1625 congregacio-

395 1645 464 1663 nem
479 1635 641 1669 facultatis,
658 1634 690 1663 in
703 1644 763 1673 qua
778 1634 866 1663 nacio
883 1634 976 1663 vellet
988 1641 1094 1673 petere
1108 1641 1138 1663 et
1147 1635 1304 1664 declarare

391 1683 443 1724 jus
463 1694 550 1713 suum
567 1684 598 1712 in
617 1683 678 1712 illis
702 1683 807 1712 scolis.
829 1683 869 1712 Et
891 1685 928 1712 ad
948 1683 1006 1712 hoc
1025 1684 1222 1712 concorditer
1240 1690 1305 1713 erat

396 1733 511 1762 electus
527 1733 674 1772 magister
691 1733 847 1761 Johannes
860 1733 896 1761 de
911 1732 1074 1762 Haustria⁴
1097 1735 1167 1772 (Fol.
1187 1733 1234 1772 11)
1251 1734 1304 1772 qui

394 1788 586 1821 proponeret
609 1782 718 1810 sactum
741 1781 881 1810 nacionis
905 1788 935 1810 et
957 1781 1128 1810 declararet
1145 1781 1196 1821 jus
1215 1792 1303 1811 suum

395 1831 426 1860 in
453 1831 516 1859 illis
545 1831 655 1866 scolis,
680 1831 811 1870 qualiter
836 1831 907 1859 fecit
930 1830 1017 1859 valde
1045 1830 1246 1870 solempniter
1271 1831 1304 1860 in

395 1880 641 1919 congregacione
662 1879 813 1909 facultatis
838 1879 947 1918 prima,
968 1880 1045 1909 facta
1065 1880 1096 1908 4³
1115 1880 1164 1908 die
1187 1881 1303 1910 mensis

395 1929 552 1964 Octobris,
575 1928 693 1958 scilicet
713 1929 782 1968 ipso
800 1928 849 1957 die
869 1928 1037 1961 Francisci.
1063 1929 1103 1957 Et
1120 1939 1215 1968 super
1231 1939 1304 1969 pro-

394 1978 505 2017 positis
517 1977 529 1995 ²
552 1988 607 2016 per
626 1978 799 2017 predictum
818 1977 997 2016 magistrum
1016 1977 1190 2016 petiverunt
1205 1978 1250 2006 illi
1265 1979 1303 2007 de

394 2027 521 2056 nacione
549 2026 711 2066 predicta³
732 2026 914 2055 dilacionem
945 2037 1044 2066 usque
1070 2028 1107 2055 ad
1131 2028 1302 2066 proximam

395 2076 671 2115 congregacionem
683 2075 834 2105 facultatis
848 2076 883 2104 ad
898 2076 1148 2114 respondendum
1163 2076 1302 2105 articulis

394 2125 507 2153 ibidem
523 2125 706 2164 propositis.

434 2174 479 2202 2¹¹³
505 2173 652 2203 articulus
677 2183 771 2212 super
795 2173 1097 2213 supplicacionibus,
1124 2180 1154 2203 et
1182 2175 1219 2203 de
1249 2175 1301 2203 illo

393 2222 498 2251 nichil.

434 2272 508 2300 ltem
525 2272 601 2300 sacta
618 2271 864 2310 congregacione
880 2271 1020 2300 nacionis
1034 2270 1207 2310 Anglicane
1220 2273 1301 2311 apud

394 2321 537 2349 Sanctum
554 2320 740 2349 Maturinum
762 2320 833 2348 Vlla
854 2320 904 2349 die
927 2320 1041 2349 mensis
1059 2320 1205 2350 Octobris
1226 2321 1301 2350 hora

392 2380 541 2398 nonarum
569 2369 681 2398 Nostre
714 2369 855 2404 Domine,
882 2379 977 2408 super
1001 2370 1122 2398 duobus
1148 2370 1298 2399 articulis.

393 2418 516 2447 Primus
539 2424 586 2447 est
606 2419 644 2446 ad
666 2418 845 2447 avisandum
866 2418 903 2446 de
926 2418 1017 2446 modo
1034 2419 1244 2457 respondendi
1262 2420 1301 2448 ad

392 2468 537 2496 articulos
566 2467 745 2506 propositos
772 2477 829 2506 per
852 2466 1033 2505 magistrum
1062 2467 1230 2506 Nycolaum
1262 2469 1300 2497 de

393 2516 550 2545 Ghonesia
567 2526 604 2545 ex
627 2522 714 2555 parte
737 2515 876 2544 nacionis
897 2515 1051 2550 Picardie,
1069 2516 1140 2554 quia
1160 2516 1228 2555 ipse
1250 2527 1301 2546 re-

392 2565 518 2604 spondit
532 2566 570 2594 ad
583 2570 764 2604 argumenta
775 2565 852 2593 facta
868 2574 923 2603 per
938 2564 1118 2603 magistrum
1130 2565 1300 2594 Johannem

392 2615 428 2642 de
453 2614 594 2649 Austria‚
618 2620 648 2643 et
677 2613 913 2642 confirmacione
946 2619 1123 2642 nostrorum
1153 2615 1300 2644 articulo-

391 2673 457 2691 rum
473 2669 502 2692 et
520 2669 627 2692 contra
644 2662 832 2692 solucionem
849 2663 887 2690 ad
903 2669 1082 2701 argumenta
1099 2669 1216 2698 nostra,
1232 2664 1300 2692 data

391 2712 596 2750 replicacione
616 2712 696 2741 forti.
715 2712 760 2740 2¹¹⁵
778 2717 843 2740 erat
857 2712 894 2739 de
911 2711 1207 2750 supplicacionibus,
1220 2718 1249 2741 et
1262 2713 1299 2741 de

391 2760 443 2789 illo
457 2761 562 2789 nichil.

424 2853 446 2876 1.
479 2853 611 2876 Johannes
623 2853 782 2876 Mullcchner
792 2853 823 2876 de
832 2853 945 2880 Austria,
955 2855 1016 2876 tunc
1028 2852 1194 2876 bacealareua
1204 2854 1300 2883 sorma-

392 2892 434 2911 tus
451 2888 476 2911 in
490 2888 575 2917 theol„
592 2889 623 2911 de
640 2897 689 2919 quo
703 2897 728 2919 p.
746 2890 798 2916 585,
817 2889 832 2911 4
847 2895 918 2920 sqq.;
931 2890 984 2912 590.
1002 2889 1050 2911 An.
1065 2889 1125 2911 1395
1142 2891 1165 2911 et
1178 2888 1203 2910 in
1217 2889 1299 2911 omni-

397 2923 443 2946 bus
460 2924 535 2946 annis
552 2924 714 2955 sequentibus
731 2932 805 2955 saepe
821 2924 871 2954 suit
886 2923 989 2947 nuntius
1007 2923 1182 2947 Universitatis
1196 2927 1301 2955 propter

395 2959 512 2982 unionem
528 2959 648 2983 ecclesiae
663 2960 698 2982 ad
712 2968 791 2992 regna
809 2959 872 2988 alia,
888 2959 1010 2991 imprimis
1029 2959 1055 2982 in
1071 2959 1260 2988 Alemanniam,
1276 2961 1300 2982 el

1363 705 1379 731 5

1343 951 1377 977 10

1344 1198 1377 1224 15

1342 1445 1376 1470 20

1342 1691 1375 1716 25

1340 1936 1375 1962 30

1339 2182 1373 2207 35

1338 2427 1372 2452 40

1338 2672 1371 2698 45

1681 503 1705 518 ‘
1821 507 1918 537 1393

1496 577 1585 607 Acta
1608 578 1644 607 in
1666 579 1928 618 procuratoria
1946 580 2100 610 Henrici
2115 581 2158 610 de
2177 580 2241 621 Oy.

1455 652 1547 682 Anno
1570 653 1695 683 Domini
1723 654 1769 684 Μο
1791 654 2013 691 cccoxcmo,
2033 655 2117 686 xxi·
2136 656 2186 686 die
2207 633 2329 687 mensa».

1417 701 1582 738 Octobris,
1609 703 1685 733 sacta
1711 704 1957 743 congregacione
1986 704 2062 734 hora
2082 705 2251 744 primarum
2273 706 2324 736 vel
2361 738 2362 741 Ἴ

1417 751 1541 780 circiter
1563 761 1658 791 super
1678 752 1778 782 tribus
1800 753 1949 782 articulis.
1971 753 2095 783 Primus
2117 761 2183 784 erat
2205 755 2244 784 ad
2266 755 2330 784 eli-

1416 801 1550 840 gendum
1572 811 1684 830 novum
1703 808 1934 841 procuratorem
1953 803 2002 832 vel
2023 804 2062 832 ad
2082 804 2323 834 continuandum

1415 849 1584 889 antiquum.
1604 851 1651 879 2¹¹³
1671 857 1736 880 erat
1756 852 1795 880 ad
1812 851 1996 882 audiendum
2019 859 2194 892 computum
2213 863 2330 892 recep-v

1414 898 1501 928 toris.
1517 899 1563 928 3¹²·
1577 909 1672 939 super
1684 900 1967 940 supplicacionibus
1979 907 2008 930 et
2018 900 2151 941 injuriis.
2170 902 2322 939 Quantum

1414 948 1453 976 ad
1467 948 1600 987 primum
1615 948 1731 978 electus
1748 955 1813 979 erat
1832 950 2028 979 concorditer
2043 950 2198 980 Henricus
2216 952 2253 980 de
2275 950 2323 990 oy

1414 997 1446 1026 in
1461 1003 1694 1037 procuratorem
1709 998 1848 1028 nacionis
1863 999 2046 1038 Anglicane.
2064 999 2111 1029 De
2127 999 2197 1029 aliis
2211 1000 2324 1030 articu-

1414 1046 1453 1075 lis
1471 1046 1567 1075 nichil
1583 1046 1638 1075 fuit
1651 1047 1826 1086 expeditum
1843 1048 1916 1086 quia
1931 1054 1988 1078 etc.

1456 1095 1531 1124 Item
1575 1096 1652 1124 sacta
1687 1097 1934 1136 congregacione
1972 1097 2111 1127 nacionis
2150 1097 2329 1138 Anglicane

1415 1144 1522 1183 quinto
1549 1144 1599 1173 die
1622 1145 1738 1174 mensis
1763 1145 1948 1175 Novembris
1970 1145 2107 1186 ejusdem
2131 1147 2203 1176 anni
2228 1157 2329 1187 super

1415 1193 1536 1222 duobus
1553 1193 1702 1223 articulis.
1723 1194 1846 1223 Primus
1865 1201 1930 1224 erat
1948 1196 1987 1224 ad
2006 1196 2211 1226 ordinandum
2228 1207 2322 1226 unum

1413 1248 1639 1281 proponentem
1655 1243 1686 1271 in
1701 1242 1910 1272 Universitate
1927 1254 1986 1283 pro
2002 1245 2080 1274 facto
2095 1245 2235 1274 nacionis
2247 1255 2322 1285 pen-

1414 1292 1505 1320 dente
1523 1291 1604 1320 inter
1616 1291 1714 1331 ipsam
1730 1298 1761 1321 et
1777 1292 1957 1332 episcopum
1974 1292 2186 1323 Baiocensem.
2201 1295 2247 1323 2¹¹·
2257 1301 2330 1324 erat.

1414 1349 1509 1379 super
1524 1340 1808 1380 supplicacionibus
1826 1347 1856 1370 et
1869 1340 2002 1381 injuriis.
2023 1343 2176 1380 Quantum
2197 1344 2235 1372 ad
2255 1344 2322 1383 pri-

1413 1399 1495 1418 mum
1517 1389 1633 1419 electus
1653 1396 1684 1419 et
1702 1391 1866 1429 deputatus
1884 1391 1940 1420 fuit
1959 1392 2156 1421 concorditer
2174 1393 2329 1432 magister>

1413 1438 1570 1467 Johannes
1586 1439 1623 1467 de
1639 1438 1775 1468 Austria.
1795 1439 1947 1476 Quantum
1965 1441 2003 1469 ad
2017 1440 2057 1468 2¹¹¹
2070 1441 2324 1480 supplicaverunt

1413 1487 1527 1516 bedelli
1547 1488 1631 1527 quod
1650 1494 1779 1527 possent
1793 1488 1932 1528 recipere
1954 1490 2065 1518 bursas
2082 1499 2100 1518 a
2114 1490 2322 1520 subdetermi-

1413 1536 1557 1566 nantibus
1579 1546 1637 1576 pro
1658 1537 1719 1566 isto
1741 1547 1832 1566 anno.
1857 1538 1897 1567 Et
1920 1538 2110 1578 supplicacio
2137 1549 2242 1569 eorum
2266 1540 2329 1569 suit.

1413 1595 1563 1615 concessa
1577 1596 1634 1625 pro
1651 1586 1711 1615 isto
1730 1596 1821 1622 anno,
1839 1597 1875 1616 eo
1889 1587 1988 1616 solum
2001 1587 2145 1627 adjuncto
2158 1589 2242 1628 quod
2258 1599 2321 1618 non

1412 1635 1586 1664 traheretur
1599 1636 1637 1664 ad
1653 1636 1918 1674 consequenciam.

1454 1684 1529 1713 Item
1543 1685 1620 1713 facta
1634 1684 1881 1724 congregacione
1896 1695 1979 1715 nono
1992 1686 2042 1715 die
2059 1686 2175 1715 mensis
2191 1686 2322 1716 Novem-

1412 1733 1478 1762 bris
1496 1733 1632 1772 ejusdem
1648 1733 1719 1762 anni
1737 1734 1770 1762 in
1786 1733 1898 1763 Sancto
1915 1734 2070 1764 Maturino
2087 1745 2183 1775 super
2200 1737 2329 1766 duobus·

1412 1782 1562 1811 articulis.
1580 1782 1704 1812 Primus
1722 1789 1787 1812 erat
1803 1783 1841 1811 ad
1857 1783 2076 1813 insinuandum
2095 1785 2229 1820 nacioni,
2247 1795 2321 1824 quo-

1412 1832 1503 1861 modo
1534 1837 1717 1871 procurator
1750 1832 1889 1861 nacionis
1923 1832 2064 1862 Picardie
2099 1843 2167 1863 cum
2199 1834 2326 1863 duobus-

1413 1880 1576 1910 clientibus
1589 1880 1758 1910 insinuavit
1769 1880 1862 1910 michi
1875 1882 1914 1910 ad
1930 1882 2125 1911 referendum
2143 1882 2175 1911 in
2191 1883 2327 1912 nacione

1411 1929 1594 1969 Anglicana,
1616 1930 1699 1968 quod
1720 1939 1776 1958 rex
1795 1929 1888 1959 vellet
1908 1940 2031 1960 servare
2052 1932 2231 1971 magistrum
2254 1932 2326 1962 Ro-

1411 1979 1530 2008 bertum
1565 1979 1602 2007 de
1641 1978 1826 2008 Oudenarde
1861 1979 1893 2008 in
1928 1980 2130 2019 possessione
2167 1981 2319 2010 scolarum

1412 2027 1526 2057 arcium
1547 2027 1754 2067 superiorum,
1780 2034 1810 2057 et
1827 2028 1910 2067 quod
1930 2039 1992 2058 non
2012 2039 2199 2068 poneremus
2217 2030 2319 2069 ipsum

1412 2083 1498 2106 extra
1513 2077 1757 2116 possessionem,
1773 2077 1918 2106 videlicet
1931 2078 1988 2107 sub
2002 2088 2082 2117 pena
2099 2085 2219 2108 centum
2237 2089 2320 2108 mar-

1411 2136 1514 2155 carum
1532 2126 1663 2165 argenti.
1677 2125 1837 2155 Secundus
1847 2126 1995 2156 articulus
2011 2133 2077 2156 erat
2094 2137 2189 2166 super
2202 2127 2319 2168 suppli-

1410 2175 1599 2204 cacionibus.
1613 2175 1653 2204 Et
1671 2175 1767 2203 nichil
1782 2175 1838 2204 suit
1852 2185 1909 2214 pro
1922 2181 1995 2205 tunc
2009 2176 2184 2216 expeditum
2200 2177 2238 2205 de
2250 2186 2326 2215 pre*

1410 2224 1501 2253 dictis
1517 2223 1666 2259 articulis,
1687 2224 1758 2263 quia
1775 2234 1833 2263 pro
1857 2225 1963 2254 eadem
1985 2225 2062 2254 hora
2081 2225 2136 2254 fuit
2157 2225 2189 2254 in
2210 2226 2318 2254 eodem

1410 2273 1478 2302 loco
1492 2273 1697 2312 congregacio
1714 2273 1933 2302 Universitatis
1944 2274 1982 2302 ad
1995 2275 2212 2303 conferendam
2223 2285 2319 2314 quan-

1409 2323 1478 2351 dam
1489 2332 1604 2357 curam,
1617 2321 1736 2350 scilicet
1748 2322 1908 2351 ecclesiam
1923 2322 2020 2352 sancti
2031 2322 2166 2352 Andree.
2180 2323 2220 2352 Et
2229 2324 2317 2353 nacio

1409 2377 1516 2400 nostra
1534 2370 1698 2410 requisivit
1711 2370 1950 2400 Universitatem
1966 2372 2004 2400 ad
2020 2371 2090 2407 hoc,
2106 2378 2140 2401 ut
2154 2371 2319 2402 ratificaret

1409 2420 1520 2449 factum
1535 2420 1588 2448 diu
1606 2419 1786 2449 ventilatum
1805 2420 1886 2449 inter
1902 2420 2061 2449 nacionem
2084 2426 2114 2449 et
2135 2421 2316 2460 episcopum

1410 2468 1621 2498 Baiocensem.
1644 2468 1682 2497 Et
1707 2468 1762 2497 suit
1783 2478 1964 2498 concessum
1984 2479 2041 2508 per
2062 2469 2314 2506 Universitatem‚

1409 2518 1574 2546 dummodo
1589 2517 1725 2556 placeret
1742 2517 1864 2546 nacioni
1883 2517 2054 2557 Anglicane
2070 2518 2158 2547 matri
2178 2528 2254 2548 mee.
2277 2519 2317 2548 Et

1410 2567 1526 2605 recepit
1559 2572 1666 2595 noster
1694 2572 1837 2605 receptor
1864 2566 1991 2606 triginta
2016 2568 2094 2596 duos
2124 2568 2247 2596 francos
2278 2568 2316 2596 ad

1408 2625 1497 2644 usum
1520 2615 1671 2650 nacionis,
1688 2621 1890 2654 protestatum
1910 2621 2010 2644 tamen
2031 2615 2087 2645 fuit
2103 2616 2135 2644 in
2152 2615 2316 2646 Universi-

1408 2670 1468 2692 tate
1485 2665 1567 2702 quod
1584 2664 1641 2692 ista
1656 2664 1786 2703 pecunia
1800 2673 1863 2693 non
1880 2670 2097 2703 exponeretur,
2114 2665 2176 2694 nisi
2191 2665 2229 2694 de
2243 2675 2321 2694 con--

1409 2722 1504 2741 sensu
1523 2712 1753 2742 Universitatis.

1450 2761 1524 2790 ltem
1547 2762 1622 2790 facta
1647 2761 1893 2800 congregacione
1915 2762 2096 2791 duodecimo
2121 2763 2170 2792 die
2199 2763 2316 2792 mensis

1409 2852 1444 2875 ad
1461 2853 1588 2884 quasdam
1609 2853 1799 2876 Uniomitates.
1817 2854 1865 2877 An.
1885 2853 1945 2877 1395
1963 2853 2109 2878 licentiatus
2125 2857 2163 2879 eal
2179 2855 2204 2879 in
2221 2854 2319 2887 thena,-

1407 2888 1453 2911 sed
1464 2889 1586 2911 remansit
1601 2888 1626 2911 in
1640 2889 1752 2912 natione.

1438 2924 1461 2947 2.
1495 2925 1542 2947 Με.
1557 2924 1708 2955 prepositis.

1438 2960 1459 2982 3.
1494 2960 1513 2983 1.
1526 2968 1546 2982 e.
1559 2959 1739 2983 Picnrdorum.

2624 1091 2632 1159 mnam.
2618 831 2632 1080 ...dau-m..‘....ae-.-22,.
2618 808 2632 820 ,Α
2630 792 2632 794 .

2630 2067 2632 2074 a
2622 1939 2632 2040 -Avrflaz-
2622 1868 2632 1932 aa*
