2632 3464
418 414 469 442 187

418 489 559 519 nacionis
581 490 664 529 apud
687 489 832 519 Sanctum
850 489 1038 519 Maturinum
1065 499 1160 529 super
1179 489 1329 519 electione

416 539 648 579 procuratoris,
681 539 798 568 electus
827 539 884 568 suit
913 538 945 568 in
985 545 1218 578 procuratorem
1248 538 1329 568 dicte

417 587 558 618 nacionis
577 587 726 628 magister
750 588 947 618 Hermannus
967 589 1005 617 de
1022 588 1174 624 Wesalia,
1192 588 1224 616 in
1242 586 1329 627 cujus

416 637 634 677 procuratoria
648 637 705 667 hec
720 638 798 667 sacta
813 643 895 668 sunt.

456 686 564 716 Primo
579 687 685 716 eadem
703 686 752 716 die
771 697 826 716 sue
842 686 1003 716 electionis
1024 685 1212 725 computavit
1230 685 1330 725 magi-

416 741 481 766 ster
494 735 664 766 Wiskinus
684 735 831 775 antiquus
850 742 995 775 receptor
1011 735 1212 775 presentibus
1230 734 1330 774 magi-

416 784 492 814 stris
507 784 587 814 dicte
602 784 755 819 nacionis,
772 783 957 823 computatis
971 784 1114 813 omnibus
1130 790 1161 813 et
1170 783 1328 812 defalcatis

415 833 565 863 remansit
575 833 657 862 idem
668 840 812 872 receptor
825 833 980 872 obligatus
991 833 1022 861 in
1032 843 1095 862 uno
1108 839 1196 862 scuto
1207 832 1223 861 J
1227 831 1326 861 ohan-

415 882 465 912 nis
476 889 506 912 et
515 882 542 911 V
555 882 677 918 solidis,
686 882 917 922 supplicacione
930 881 1073 922 magistri
1086 881 1255 911 Themonis
1270 891 1328 921 pro

415 931 481 961 suis
504 932 599 961 scolis
619 931 777 971 quitandis
794 938 972 960 remanente
994 932 1076 970 apud
1096 930 1273 965 nacionem,
1299 937 1329 959 et

415 981 511 1010 eciam
526 980 617 1010 tertia
636 987 723 1020 parte
740 980 819 1010 scuti
838 990 898 1019 que
914 980 1060 1020 exposuit
1073 980 1222 1019 magister
1241 979 1328 1009 Hen-

415 1030 500 1060 ricus
518 1031 555 1059 de
575 1030 719 1069 Kempis,
742 1036 772 1059 et
789 1030 980 1070 approbatus
998 1030 1054 1059 suit
1070 1035 1233 1068 compotus
1248 1028 1328 1068 ejus·

414 1080 485 1108 dem
503 1080 687 1118 receptoris.

456 1129 531 1158 Item
549 1130 655 1158 eadem
678 1129 728 1158 die
746 1139 928 1158 concessum
947 1128 1002 1158 suit
1025 1128 1174 1168 magistro
1193 1127 1327 1157 Johanni

415 1179 452 1207 de
466 1178 585 1208 Boeten
602 1180 617 1207 1
638 1184 774 1213 scutum,
794 1178 878 1217 quod
896 1177 1017 1207 solvere
1035 1177 1143 1207 debuit
1162 1187 1219 1216 pro
1239 1177 1328 1206 inro-

414 1227 580 1264 tulacione‚
598 1228 636 1256 de
650 1238 712 1267 quo
729 1227 875 1267 antiquus
891 1233 1036 1267 receptor
1054 1226 1114 1256 sibi
1129 1236 1192 1257 non
1207 1226 1326 1256 satisfe—

414 1276 456 1306 cit
470 1286 526 1306 nec
542 1278 715 1306 tenebatur.

455 1326 530 1355 Item
544 1326 689 1365 exposuit
704 1333 849 1365 receptor
864 1336 963 1355 novus
981 1327 1066 1364 apud
1082 1327 1198 1354 calvum
1219 1326 1327 1364 Capud

414 1375 494 1405 ultra
510 1381 642 1410 scutum,
661 1376 745 1414 quod
764 1375 890 1404 racione
907 1385 986 1404 nove
1006 1374 1241 1414 procuracionis
1261 1374 1326 1403 sol-

412 1434 486 1454 vere
502 1424 621 1460 debuit,
634 1424 720 1453 XVII
737 1424 867 1460 solidos,
885 1431 973 1454 scuto
985 1423 1107 1454 valente
1118 1423 1250 1453 XXXIII
1265 1423 1323 1453 sol.

454 1526 545 1552 Anno
567 1522 694 1552 Domini
716 1522 762 1552 Μο
781 1522 899 1552 CCC¹²²⁰
920 1522 1179 1562 quinquagesimo
1199 1522 1323 1562 quinto,

414 1571 530 1600 mensis
546 1571 694 1601 Octobris
712 1571 762 1600 die
778 1571 853 1611 xxj³,
868 1571 946 1601 sacta
961 1571 1203 1611 congregatione
1218 1572 1326 1601 nacio-

413 1619 483 1650 nis⁴
524 1622 606 1660 apud
647 1620 793 1650 Sanctum
835 1621 990 1651 Julianum
1022 1631 1191 1661 pauperem
1230 1631 1326 1661 super

413 1670 568 1699 eleccione
582 1670 807 1709 procuratoris,
820 1670 1017 1700 continuatus
1032 1670 1088 1700 suit
1100 1671 1132 1700 in
1144 1676 1325 1710 procurato-

413 1730 477 1748 rem
502 1719 583 1748 dicte
605 1719 746 1749 nacionis
770 1719 955 1759 Anglicane,
981 1719 1067 1749 nullo
1084 1719 1209 1759 penitus
1229 1719 1325 1749 recla-

413 1774 525 1803 mante,
546 1769 694 1808 magister
714 1768 911 1798 Hermannus
936 1769 974 1797 de
995 1768 1151 1804 Wesaha,
1181 1768 1212 1797 in
1237 1767 1325 1808 cujus

414 1818 626 1856 procuratoria
639 1818 717 1847 sacta
735 1825 807 1848 sunt
820 1817 876 1847 hec
892 1828 952 1857 que
971 1824 1155 1857 sequuntur.

452 1866 559 1896 Primo
573 1868 648 1896 sacta
664 1867 910 1907 congregacione
922 1866 1060 1907 generali
1072 1873 1102 1896 et
1116 1867 1212 1896 eciam
1223 1867 1325 1897 nacio-

413 1917 461 1945 nis
481 1917 564 1956 apud
584 1916 729 1946 Sanctum
745 1916 944 1951 Maturinum,
964 1917 1120 1946 concessit
1134 1916 1223 1946 nacio
1239 1916 1325 1946 Con-

412 1966 488 1994 rado
505 1966 628 1995 bedello
647 1966 706 1995 tria
722 1972 809 1995 scuta
821 1975 890 1995 cum
907 1965 1036 1995 dimidio
1054 1976 1113 2005 pro
1128 1966 1324 2005 reparatione

412 2014 512 2044 baculi
531 2015 579 2044 sui
592 2015 744 2054 argentei,
764 2014 883 2044 scilicet
900 2015 932 2044 in
947 2015 1089 2054 proxima
1103 2015 1154 2044 die
1171 2016 1324 2045 dominica

412 2064 585 2093 immediate
601 2064 742 2103 sequenti
755 2063 768 2082 ²
789 2065 899 2094 festum
919 2065 1062 2094 undecim
1086 2064 1204 2094 milium
1223 2065 1325 2105 virgi-

412 2124 494 2142 num.

822 2164 840 2191 1
845 2163 919 2192 355

412 2231 483 2268 (Fol.
521 2229 597 2268 28b)
632 2229 767 2259 Themo
801 2230 926 2265 Judei,
957 2230 1122 2259 clericus
1156 2230 1324 2260 civitatis

562 2279 897 2315 Monasteriensis,
932 2279 1180 2309 Westsalus2.

450 2359 542 2388 Anno
556 2359 680 2388 Domini
701 2360 801 2395 13550,
822 2360 859 2389 18
872 2359 921 2389 die
938 2360 1136 2394 Novembris,
1154 2360 1231 2390 sacta
1248 2371 1324 2390 con-

410 2408 597 2448 gregacione
615 2409 788 2448 regentium
810 2415 840 2438 et
859 2419 921 2438 non
939 2409 1112 2448 regentium
1134 2420 1229 2449 super
1247 2410 1324 2439 elec-

411 2458 494 2486 tione
510 2458 734 2496 procuratoris,
748 2458 863 2487 electus
877 2458 934 2487 suit
949 2459 1098 2498 magister
1109 2458 1322 2488 ThemoJudei

410 2507 440 2535 in
460 2513 692 2546 procuratorem
711 2507 850 2536 nacionis
868 2508 1076 2543 concorditer,
1096 2508 1127 2537 in
1145 2507 1232 2547 cujus
1247 2518 1323 2548 pro-

410 2556 564 2585 curatoria
581 2557 658 2585 sacta
676 2563 747 2585 sunt
765 2567 824 2596 que
836 2563 1018 2596 sequuntur.

451 2605 556 2634 Primo
581 2605 698 2644 incepit
722 2606 866 2634 dominus
894 2605 1080 2635 Laurentius
1107 2606 1258 2646 Thrugeti
1285 2607 1322 2636 de

413 2654 517 2689 Dacia,
541 2654 708 2683 canonicus
734 2654 895 2694 Ripensis,
922 2656 979 2684 sub
1003 2656 1153 2694 magistro
1172 2656 1321 2685 Wensze-

411 2704 495 2738 kino,
513 2703 600 2742 cujus
619 2705 714 2733 bursa
732 2705 768 2733 16
782 2704 885 2733 solidi.

451 2753 525 2781 ltem
552 2753 696 2782 dominus
717 2753 863 2782 Nicolaus
892 2753 1050 2793 Henningi
1075 2755 1112 2783 de
1142 2753 1237 2783 Dacia
1264 2756 1321 2784 sub

441 2838 462 2860 1.
497 2839 566 2861 Inter
581 2837 662 2861 lineas
674 2838 818 2862 facultatis.

439 2875 459 2896 2.
497 2874 526 2896 25
538 2873 661 2897 Octobris.

440 2911 462 2932 3.
498 2910 588 2932 Postea
600 2909 748 2933 charactere
760 2910 898 2933 recentiore
911 2910 1028 2933 Recioriu
1041 2910 1141 2934 Alberti
1153 2910 1183 2933 de
1195 2910 1320 2934 Bohemia

409 2945 477 2967 1355.

967 413 1191 439 AUCTARIUM
1211 412 1473 439 CHARTULARII
1491 413 1666 440 UNIVERS.
1689 414 1813 441 PARIS.

1385 689 1401 714 5

1366 934 1400 959 10

1365 1178 1398 1204 15

1364 1424 1398 1450 20

1363 1671 1397 1697 25

1362 1918 1397 1944 30

1362 2165 1396 2191 35

1361 2411 1395 2437 40

1360 2657 1393 2682 45

2300 417 2353 443 188

1439 490 1587 530 magistro
1602 490 1726 520 Berone
1739 492 1778 521 de
1792 490 1903 521 Suecia
1917 491 2045 533 incepit,
2062 491 2149 532 cujus
2159 493 2255 523 bursa
2270 494 2308 523 16
2323 503 2348 523 s.

1480 538 1556 568 Item
1573 539 1605 568 in
1619 540 1842 579 procuratione
1856 540 1998 579 predicta
2009 540 2153 581 pluribus
2171 541 2260 572 sactis
2275 552 2353 572 con-

1439 588 1674 628 gregationibus
1686 588 1884 628 generalibus
1897 589 2050 620 facultatis
2062 590 2236 630 regentium
2246 597 2277 621 et
2289 601 2352 621 non

1438 637 1612 678 regentium
1632 648 1691 678 per
1705 637 1913 678 juramentum
1942 649 1999 679 per
2019 640 2228 670 venerabilem
2251 641 2352 671 virum

1440 687 1622 726 magistrum
1644 687 1807 718 Albertum
1837 689 1875 718 de
1907 688 2073 724 Bohemia,
2101 696 2180 719 tunc>
2201 690 2353 730 temporis

1438 742 1603 772 rectorem,
1626 737 1663 765 de
1683 738 1775 766 modo
1794 737 1918 777 legendi
1936 747 1994 778 per
2011 739 2135 767 modum
2157 739 2354 778 expedientis

1440 794 1535 824 super
1545 795 1658 824 penna,
1670 785 1922 816 deliberaverunt
1934 786 2068 816 finaliter
2082 797 2191 817 omnes
2204 788 2352 818 naciones

1438 839 1472 863 ut
1488 834 1577 863 fieret
1593 833 1652 864 hoc
1668 840 1814 864 statutum
1829 836 1914 875 quod
1936 836 2088 875 sequitur.

1479 882 1513 912 In
1529 883 1653 912 nomine
1669 884 1795 913 Domini
1807 883 1917 914 Amen.
1936 885 2107 924 Temptatis
2118 886 2239 915 duobus
2250 886 2352 916 modis

1437 930 1562 971 legendi
1594 931 1694 961 libros
1723 932 1834 962 artium
1868 933 2060 969 liberalium,
2088 934 2199 973 primis
2226 934 2350 974 quidem

1436 980 1635 1020 philosophie
1653 981 1814 1021 magistris
1831 982 1863 1011 in
1879 982 2023 1012 cathedra
2038 983 2150 1023 raptim
2166 984 2352 1023 proferenti-

1437 1030 1496 1058 bus
1512 1030 1608 1059 verba
1625 1040 1692 1065 sua,
1711 1036 1745 1060 ut
1761 1040 1794 1060 ea
1816 1041 1904 1060 mens
1921 1031 2073 1062 auditoris
2092 1033 2211 1062 valeret
2224 1043 2349 1072 capere,

1437 1088 1545 1108 manus
1567 1089 1643 1108 vero
1663 1089 1726 1108 non
1747 1079 1902 1109 sufficeret
1923 1090 2068 1117 exarare;
2091 1082 2228 1121 posteris
2249 1088 2350 1112 autem

1436 1127 1558 1157 tractim
1567 1128 1810 1164 nominantibus,
1821 1129 1919 1158 donec
1930 1129 2088 1160 auditores
2095 1140 2164 1160 cum
2170 1141 2271 1170 penna
2277 1141 2350 1171 pos-

1437 1183 1506 1206 sent
1517 1177 1657 1207 scribere
1670 1187 1773 1207 coram
1787 1178 1833 1207 eis
1845 1190 1851 1207 ι
1866 1178 2010 1218 diligenti
2020 1179 2160 1209 examine
2169 1203 2176 1215 ,
2193 1180 2254 1210 hiis
2268 1180 2351 1210 invi-

1436 1236 1502 1255 cem
1517 1226 1654 1262 collatis,
1672 1227 1759 1266 prior
1774 1228 1885 1257 modus
1902 1227 2013 1258 melior
2031 1228 2203 1267 reperitur,
2220 1236 2351 1269 propter

1436 1275 1520 1314 quod
1528 1276 1699 1305 communis
1710 1276 1803 1305 animi
1812 1277 1980 1316 concepcio
1989 1287 2048 1307 nos
2056 1283 2178 1307 amonet
2185 1300 2192 1313 ,
2204 1284 2237 1308 ut
2247 1279 2350 1318 ipsum

1436 1325 1467 1353 in
1482 1325 1600 1354 nostris
1615 1325 1801 1355 lectionibus
1815 1325 1979 1356 imitemur.
1999 1326 2065 1356 Nos
2083 1326 2178 1367 igitur
2195 1337 2302 1357 omnes
2321 1334 2351 1358 et

1436 1373 1551 1414 singuli
1564 1374 1705 1414 magistri
1722 1374 1874 1404 facultatis
1889 1375 2005 1405 arcium
2023 1382 2084 1405 tam
2099 1382 2245 1416 regentes
2257 1387 2349 1417 quam

1435 1433 1498 1452 non
1513 1430 1659 1463 regentes
1682 1424 1720 1453 ad
1735 1424 1794 1453 hoc
1809 1424 1989 1463 specialiter
2005 1425 2166 1463 convocati
2182 1435 2241 1465 per
2253 1436 2351 1455 vene-

1435 1472 1564 1502 rabilem
1594 1473 1694 1502 virum
1722 1473 1904 1513 magistrum
1929 1473 2091 1504 Albertum
2124 1475 2162 1504 de
2187 1475 2347 1511 Bohemia,

1435 1528 1507 1551 tunc
1518 1528 1672 1551 rectorem
1686 1522 1920 1558 Universitatis,
1937 1524 2019 1563 apud
2033 1523 2179 1554 Sanctum
2193 1524 2348 1554 Julianum

1435 1581 1615 1610 pauperem,
1639 1571 1802 1601 statuimus
1824 1572 1856 1601 in
1878 1572 1959 1602 hunc
1976 1573 2112 1609 modum,
2136 1574 2220 1613 quod
2240 1583 2349 1603 omnes

1434 1619 1568 1650 lectores
1585 1627 1645 1650 tam
1665 1620 1806 1661 magistri
1827 1631 1918 1661 quam
1939 1621 2075 1652 scolares
2092 1621 2230 1662 ejusdem
2251 1623 2349 1653 facul—

1434 1669 1518 1705 tatis,
1543 1671 1791 1710 quandocunque
1811 1676 1841 1699 et
1860 1670 1991 1700 ubilibet
2010 1681 2064 1700 eos
2083 1671 2217 1711 aliquem
2234 1672 2347 1702 librum

1434 1718 1539 1758 legere
1558 1719 1759 1759 contingerit,
1778 1719 1935 1749 ordinarie
1952 1719 2001 1750 vel
2019 1720 2172 1756 cursorie,
2189 1721 2221 1750 in
2240 1722 2360 1751 eadem·

1436 1767 1576 1798 facultate
1597 1768 1647 1798 vel
1667 1768 1828 1808 disputare
1850 1769 2044 1808 questionem
2065 1769 2149 1799 circa
2170 1770 2272 1810 ipsum
2292 1781 2348 1800 seu

1434 1816 1552 1857 aliquid
1589 1817 1672 1846 aliud
1708 1827 1765 1857 per
1797 1818 1921 1847 modum
1955 1818 2173 1858 expositionis,
2209 1820 2347 1859 priorem

1434 1867 1558 1895 modum
1579 1867 1703 1906 legendi
1721 1868 1889 1897 observent
1909 1868 2078 1897 secundum
2095 1868 2180 1898 vires
2198 1878 2281 1905 suas,
2301 1869 2347 1898 sic

1435 1915 1554 1945 scilicet
1570 1916 1770 1955 proferendo,
1785 1926 1820 1946 ac
1833 1916 1860 1946 si
1875 1916 1979 1946 nullus
1996 1917 2149 1947 scriberet
2162 1928 2266 1947 coram
2287 1918 2346 1954 eis,

1434 1966 1602 1995 secundum
1621 1975 1711 2004 quem
1730 1966 1853 1995 modum
1868 1966 1945 1995 fiunt
1957 1976 2118 1996 sermones
2135 1967 2166 1996 in
2182 1966 2348 1997 Universi-

1434 2020 1494 2043 tate
1513 2020 1543 2043 et
1557 2014 1876 2044 recommendationes
1888 2014 1912 2044 ⁴.

1840 2110 1937 2138 1355

1641 2179 1883 2218 [Laurentius
1900 2174 2135 2221 'Thrugoti.]

1474 2260 1545 2300 (1701.
1566 2259 1614 2300 29)
1631 2260 1723 2289 Anno
1738 2261 1862 2290 Domini
1881 2260 2087 2297 M⁰CCC⁰LV‚
2107 2262 2157 2291 die
2175 2263 2319 2292 mercurii
2331 2262 2346 2281 ⁵

1434 2315 1503 2338 ante
1522 2310 1632 2339 festum
1656 2309 1738 2339 beati
1763 2309 1879 2339 Thome
1904 2311 2050 2349 apostoli,
2074 2312 2150 2340 facta
2171 2321 2346 2352 congrega—

1434 2358 1521 2387 cione
1542 2358 1682 2388 nacionis
1708 2358 1880 2398 Anglicane
1905 2360 1987 2399 apud
2016 2360 2162 2389 Sanctum
2188 2360 2342 2390 Julianum

1433 2417 1600 2446 pauperem
1612 2417 1706 2446 super
1717 2408 1867 2437 electione
1883 2409 2095 2447 procuratoris
2110 2409 2248 2438 facienda
2263 2408 2343 2449 ejus-

1433 2457 1502 2486 dem
1523 2456 1675 2491 nacionis,
1694 2457 1810 2486 electus
1827 2457 1882 2486 suit
1901 2458 1933 2486 in
1954 2465 2187 2496 procuratorem
2210 2469 2344 2488 concor-

1433 2505 1513 2534 diter
1532 2505 1616 2535 nullo
1642 2506 1861 2546 magistrorum
1884 2506 2069 2546 reclamante
2091 2507 2241 2546 magister
2260 2506 2344 2537 Lau-

1432 2555 1556 2584 rencius
1572 2554 1736 2594 Thrugoti,
1754 2555 1921 2584 canonicus
1940 2555 2102 2594 Ripensis,
2122 2557 2160 2585 de
2177 2556 2287 2592 Dacia,
2308 2557 2339 2585 in

1432 2603 1519 2643 cujus
1536 2604 1749 2643 procuratoria
1763 2605 1839 2633 facta
1854 2611 1925 2633 sunt
1940 2614 2000 2644 que
2016 2611 2198 2644 sequuntur.

1472 2653 1587 2682 Eadem
1603 2653 1652 2682 die
1666 2653 1745 2682 idem
1765 2653 1982 2691 L[aurencius]
1997 2660 2184 2693 procurator
2199 2654 2345 2694 exposuit

1431 2712 1524 2731 unum
1548 2702 1697 2731 florenum
1719 2712 1777 2742 pro
1801 2701 1959 2742 principio
1983 2702 2170 2742 magisterii,
2196 2709 2225 2732 et
2250 2703 2343 2733 aliurn

1432 2751 1580 2780 ssorenum
1596 2762 1653 2790 pro
1669 2751 1894 2790 procuratoria.

1461 2841 1483 2863 4.
1520 2842 1571 2863 Hoc
1582 2843 1715 2867 statutum,
1734 2840 1780 2863 sed
1798 2840 1931 2871 integrum,
1948 2848 1991 2864 an.
2012 2841 2079 2868 1355,
2098 2841 2213 2865 Decemb.
2231 2841 2268 2870 10,
2289 2841 2341 2865 vid.

1430 2876 1454 2898 ιἰι
1469 2875 1588 2899 Chnrtul.
1600 2876 1731 2905 Univers.,
1747 2876 1792 2904 Ill,
1804 2883 1831 2907 p.
1845 2877 1883 2903 39,
1897 2881 1924 2899 n⁰
1938 2876 2006 2904 1229,
2017 2884 2048 2900 ex
2059 2876 2186 2908 originali
2195 2876 2299 2900 editum.

1461 2913 1484 2935 5.
1520 2911 1548 2935 16
1558 2911 1672 2935 Decemb.
