2632 3464
273 429 324 455 201

313 504 427 542 Quinta
459 503 509 533 die
544 503 660 532 mensis
701 500 894 542 Septembris
930 497 1179 538 congregacione

271 553 492 593 magistrorum
523 552 604 582 dicte
637 550 778 581 nacionis
808 549 886 578 sacta
919 548 1001 588 apud
1035 547 1179 576 Sanctum

271 601 459 631 Maturinum
475 611 570 641 super
583 605 727 640 computo
735 597 908 637 receptoria
919 596 1084 631 audiendo,
1099 605 1180 625 com-

271 651 392 691 putavit
402 650 518 680 ibidem
533 650 681 690 magister
693 647 851 678 lohannes
866 647 904 676 de
919 645 1019 685 Aquis
1034 655 1092 684 pro
1107 650 1180 674 tunc

271 700 373 730 locum
387 698 560 739 recepturis
575 704 695 728 tenens.
711 695 852 736 Singulis
869 694 1053 734 computatis
1068 693 1181 723 mansit

271 748 411 789 predicte
441 747 564 777 nacioni
596 745 751 786 obligatus
781 754 842 774 uno
872 743 1000 783 antiquo
1034 743 1178 777 scudato‚

271 797 477 837 omnibusque
491 795 650 837 magistris
665 795 703 824 de
718 799 863 834 computo
881 803 938 822 suo
955 791 1094 832 plenarie
1108 801 1180 820 con-

273 846 378 876 tentis.

313 895 388 925 Item
406 895 438 924 in
454 892 611 924 crastino⁴
632 891 807 922 Nativitatis
828 892 916 920 beate
931 890 1070 931 Virginis
1087 889 1180 919 tradi-

272 944 318 974 dit
342 943 490 984 magister
511 942 668 972 Johannes
690 941 728 970 de
750 940 867 980 Aquis,
888 940 988 969 locum
1008 938 1181 978 receptoris

272 1000 393 1028 tenens,
413 992 562 1032 magistro
576 990 706 1020 Alberto
721 991 759 1019 de
778 989 927 1020 Bohemia
936 989 996 1018 tria
1006 994 1092 1018 scuta
1105 987 1180 1017 anti-

273 1052 334 1082 qua
354 1048 385 1072 et
401 1051 494 1071 unum
518 1046 673 1070 mutonem
696 1039 756 1069 sibi
776 1048 926 1068 concessa
944 1047 1002 1078 per
1021 1037 1181 1066 nacionem

271 1092 304 1121 in
325 1090 540 1131 procuratoris
562 1089 702 1129 magistri
728 1087 879 1118 Iohannis
900 1088 938 1116 de
961 1086 1088 1121 Prucia,
1112 1095 1182 1126 pre·

273 1140 413 1170 sentibus
433 1139 583 1179 magistro
600 1138 739 1172 Berone,
757 1147 805 1167 me
822 1141 1040 1176 procuratore,
1058 1141 1088 1164 et
1103 1135 1182 1164 duo-

271 1190 331 1219 bus
349 1188 496 1223 bedenis,
517 1187 725 1227 persolvenda
743 1186 823 1215 infra
844 1186 923 1215 duos
941 1194 1064 1214 menses
1082 1183 1182 1213 inclu-

272 1238 353 1273 sive,
373 1244 403 1267 et
419 1242 635 1267 remanserunt
650 1246 709 1276 pro
725 1242 799 1265 tunc
819 1235 850 1264 in
869 1235 948 1264 cista
966 1233 1108 1263 nacionis
1123 1232 1183 1262 tria

273 1293 359 1318 scuta
376 1287 512 1326 antiqua,
529 1295 623 1315 unum
641 1284 854 1324 Philippinum
870 1290 900 1313 et
914 1284 975 1313 duo
990 1281 1111 1312 floreni.

314 1336 388 1366 Item
406 1335 438 1365 in
454 1335 590 1365 crastino
602 1333 615 1353 ²
634 1333 843 1364 Exaltacionis
859 1338 963 1362 sancte
984 1331 1085 1361 crucis
1101 1331 1182 1360 ince-

271 1392 386 1426 perunt
402 1385 545 1414 dominus
561 1383 715 1413 Henricus
731 1383 768 1412 de
785 1381 872 1412 Goch
887 1388 918 1411 et
933 1381 1076 1410 dominus
1091 1380 1183 1410 Jaco-

273 1436 332 1465 bus
354 1435 392 1464 de
414 1433 502 1463 Goch
522 1434 580 1463 sub
599 1433 748 1472 magistro
770 1431 906 1461 Henrico
929 1431 967 1460 de
990 1430 1134 1469 Kempis‚
1153 1435 1184 1458 et

272 1490 338 1514 erat
353 1483 516 1523 utriusque
531 1483 626 1512 bursa
641 1491 695 1512 sex
713 1481 785 1516 sol.,
803 1486 891 1510 scuto
910 1479 1030 1510 valente
1052 1480 1087 1508 17
1110 1478 1182 1508 soli-

274 1534 333 1563 dos
348 1543 416 1562 cum
434 1531 575 1562 dimidio.

315 1582 390 1612 Item
406 1581 438 1610 in
448 1581 499 1611 die
508 1580 590 1610 beati
598 1579 755 1610 Lamberti
765 1578 777 1597 ³
788 1578 859 1608 dedi
877 1579 991 1608 rectori
1003 1587 1096 1607 unum
1110 1586 1183 1606 scu-

273 1638 336 1662 tum
355 1630 506 1661 Johannis
526 1639 564 1659 ex
581 1635 667 1669 parte
684 1628 823 1658 nacionis
844 1637 902 1668 pro
919 1626 1126 1667 appellatione
1145 1626 1183 1655 ad

273 1679 388 1710 curiam
406 1679 565 1708 mittenda.

684 1729 781 1760 1356

314 1800 387 1838 (1701.
406 1802 445 1830 32
459 1799 484 1840 1’)
502 1798 725 1839 Hennighus
753 1798 795 1827 de
826 1797 998 1836 Pammyn
1022 1797 1064 1826 de
1084 1796 1183 1826 Nova

376 1848 610 1889 Stargardia‚
640 1846 878 1878 Caminensis
904 1846 1086 1876 diocesis.

314 1925 406 1955 Anno
431 1924 557 1954 Domini
586 1923 674 1959 1356,
702 1922 753 1952 die
776 1921 923 1952 veneris⁴
945 1921 1086 1962 proxima
1111 1927 1184 1961 post

275 1975 384 2005 festum
403 1973 518 2003 Mathei
533 1972 666 2012 apostoli
682 1970 899 2012 ewangeliste',
917 1971 995 2000 sacta
1009 1980 1183 2011 congrega-

274 2024 364 2054 cione
384 2022 605 2063 magistrorum
624 2021 765 2051 nacionis
789 2020 960 2061 Anglicane
982 2021 1063 2060 apud
1086 2020 1183 2049 Sanc-

274 2079 338 2103 tum
360 2071 560 2105 Maturinum‚
584 2070 699 2100 electus
720 2070 775 2100 suit
798 2069 830 2099 in
849 2075 1083 2110 procuratorem
1103 2069 1183 2098 dicte

274 2121 414 2152 nacionis
433 2119 581 2160 magister
596 2118 781 2159 Hennighus
798 2119 836 2148 de
854 2119 1003 2158 Pammyn
1021 2116 1183 2147 Caminen-

275 2171 320 2200 sis
337 2169 474 2200 diocesis
492 2168 579 2198 nullo
596 2168 815 2208 magistrorum
837 2168 960 2207 penitus
980 2167 1182 2202 reclamante,

276 2221 307 2250 in
327 2218 414 2260 cujus
436 2218 536 2259 prima
563 2217 775 2257 procuratoria
799 2223 866 2247 acta
890 2223 963 2246 sunt
985 2227 1045 2256 que
1067 2227 1184 2256 sequn-

275 2275 336 2299 tur.

315 2317 432 2352 Primo,
448 2316 498 2356 die
509 2322 539 2346 et
549 2315 618 2345 loco
632 2315 739 2345 eodem
755 2315 1064 2356 congregacioneque
1079 2315 1184 2344 eadem

275 2366 392 2397 electus
409 2366 465 2395 fuit
485 2365 634 2405 magister
648 2364 806 2394 Johannes
821 2365 860 2394 de
876 2363 971 2393 Dacia
989 2364 1020 2393 in
1041 2370 1186 2404 recepto-

275 2425 340 2446 rem
362 2414 443 2445 dicte
465 2413 605 2444 nacionis
626 2413 711 2443 nullo
731 2413 856 2453 penitus
876 2413 1077 2448 reclamante,
1097 2413 1151 2453 qui
1169 2423 1185 2443 a

275 2464 425 2505 magistro
439 2463 578 2493 Johanne
593 2463 632 2492 de
646 2462 747 2503 Aquis
760 2462 859 2492 locum
876 2462 1049 2502 recepturis
1062 2468 1185 2492 tenente

276 2513 305 2543 11
318 2519 406 2543 scuta
418 2512 557 2552 Philippi
570 2522 649 2542 nova
663 2522 730 2541 cum
743 2513 761 2541 2
777 2511 874 2541 scutis
890 2512 928 2541 de
946 2511 1047 2551 aquila
1062 2511 1184 2541 nomine

275 2562 416 2593 nacionis
433 2561 620 2597 sublevavit,
635 2571 704 2590 cum
719 2561 832 2601 quibus
850 2561 957 2590 eodem
975 2560 1026 2590 die
1044 2561 1082 2590 de
1100 2570 1185 2590 com-

276 2611 360 2641 muni
380 2620 534 2641 consensu
552 2610 688 2640 omnium
707 2610 926 2650 magistrorum
946 2609 976 2639 in
993 2609 1063 2639 vico
1080 2609 1184 2640 Citare

275 2661 319 2689 ad
335 2661 463 2690 citat-am
478 2660 622 2690 omnibus
642 2659 800 2699 magistris
819 2665 878 2689 tam
894 2659 1075 2698 regentibus
1095 2669 1184 2699 quam

276 2719 339 2739 non
365 2709 546 2749 regentibus
571 2707 708 2749 ejusdem
736 2708 875 2738 nacionis
901 2708 939 2738 de
965 2718 1026 2738 uno
1053 2707 1185 2748 prandio

365 2816 380 2839 9
392 2814 553 2847 Septembris.

366 2851 395 2875 15
407 2850 570 2883 Septembris.

367 2886 396 2910 17
409 2886 571 2918 Septembris.

366 2922 396 2946 2³
410 2921 572 2954 Septembris.

366 2958 397 2981 20
412 2956 535 2981 Octobris.

308 2815 333 2981 9'?.⁶’.*⁹:⁶

772 425 886 452 LIBER
910 420 1226 450 PROCURATORUM
1250 420 1430 448 NATIONIS
1452 421 1697 448 ANGLICANAE

1218 945 1252 971 10

1220 1191 1254 1218 15

1220 1438 1254 1464 20

1221 1684 1254 1710 25

1220 1929 1255 1956 30

1221 2175 1256 2202 35

1222 2421 1257 2448 40

1223 2667 1257 2694 45

2145 422 2209 448 202

1287 496 1520 536 providebatur,
1537 497 1617 526 ultra
1630 507 1690 536 que
1702 497 1862 536 predictus
1875 504 2019 537 receptor
2032 499 2049 527 2
2063 498 2198 527 florenos

1289 546 1433 584 exposuit
1463 546 1500 575 de
1525 556 1581 575 sua
1610 546 1737 585 propria
1766 547 1872 581 bursa,
1904 547 1941 575 de
1968 547 2081 586 quibus
2106 557 2198 576 unum

1289 601 1408 624 scutum
1425 595 1576 624 Johannis
1596 605 1613 624 a
1633 595 1781 635 magistro
1803 595 1943 625 Johanne
1967 596 2148 625 Hartmanni
2168 597 2199 625 in

1289 645 1565 683 recompe[n]ssam
1580 644 1710 683 accepit,
1727 644 1801 674 licet
1814 654 1877 673 non
1895 645 1926 673 in
1941 645 2077 674 totalem.

1329 693 1405 722 Item
1430 694 1538 722 eodem
1562 693 1612 722 die
1636 693 1785 733 magister
1809 693 1964 723 Henricus
1994 694 2031 723 de
2059 693 2146 723 Goch
2172 701 2202 724 et

1289 742 1438 782 magister
1452 742 1587 772 Jacobus
1607 743 1644 771 de
1661 742 1748 772 Goch
1768 743 1922 772 dederunt
1943 742 1971 772 11
1988 742 2124 773 florenos
2142 754 2199 783 pro

1289 791 1390 830 primo
1403 801 1460 820 suo
1475 791 1733 831 congregacionis
1747 792 1874 821 introitu
1887 793 2055 821 secundum
2071 802 2200 822 consue-

1288 840 1426 869 tudinem
1442 840 1625 870 laudabilem
1643 847 1769 870 actenus
1785 841 1991 870 observatam.

1330 889 1405 919 Item
1423 891 1500 919 facta
1518 890 1766 930 congregacione
1782 890 2000 930 magistrorum
2015 897 2074 920 tam
2091 901 2202 931 regen-

1290 938 1369 967 cium
1383 948 1473 978 quam
1489 948 1550 968 non
1565 939 1742 978 regencium
1756 939 1837 968 dicte
1849 939 1989 968 nacionis
2001 939 2141 979 proxima
2151 939 2201 969 die

1285 986 1391 1026 jovis⁸
1405 994 1478 1027 post
1495 989 1605 1017 festum
1621 988 1702 1018 Luce
1719 988 1920 1028 ewangeliste
1938 998 2033 1028 super
2054 995 2200 1028 computu

1290 1037 1474 1076 receptoris‚
1492 1037 1679 1076 computavit
1696 1037 1839 1067 dominus
1857 1044 2000 1077 receptor
2017 1038 2101 1077 quod
2111 1037 2200 1067 nacio

1289 1086 1452 1115 tenebatur
1468 1085 1495 1115 ei
1518 1086 1548 1115 in
1568 1086 1668 1116 tribus
1686 1086 1776 1115 libris
1795 1096 1863 1116 cum
1881 1086 1936 1116 XV
1953 1086 2063 1116 solidis
2083 1093 2114 1116 et
2131 1093 2200 1116 octo

1290 1135 1438 1170 denariis,
1468 1141 1555 1165 scuto
1583 1135 1704 1165 valente
1734 1135 1790 1165 XX
1821 1135 1951 1170 solidos,
1981 1142 2011 1165 et
2039 1142 2201 1176 compotus

1291 1183 1358 1224 ejus
1380 1184 1437 1214 fuit
1453 1185 1491 1214 ab
1509 1185 1653 1214 omnibus
1674 1185 1875 1225 approbatus.
1899 1184 1938 1214 Et
1954 1185 2013 1214 hoc
2034 1185 2065 1214 in
2087 1185 2200 1215 Sancto

1291 1233 1424 1263 Juliano.

1331 1281 1408 1311 Item
1428 1282 1459 1311 in
1478 1283 1583 1312 eadem
1604 1283 1851 1323 congregacione
1867 1284 2101 1323 computabatur
2118 1284 2202 1323 quod

1292 1331 1435 1361 dominus
1458 1338 1602 1371 receptor
1617 1332 1750 1361 debebat
1770 1332 1902 1362 bedellis
1921 1342 1958 1361 ex
1977 1339 2064 1372 parte
2083 1332 2201 1362 domini

1291 1379 1426 1410 Beronis
1454 1381 1492 1410 de
1519 1380 1629 1410 Suecia
1658 1381 1760 1410 XVIII
1793 1381 1928 1417 solidos,
1959 1387 2047 1411 scuto
2079 1381 2202 1412 valente

1291 1429 1347 1459 XX
1362 1429 1491 1459 solidos.

1332 1479 1406 1508 Item
1422 1479 1478 1508 XX
1495 1479 1545 1508 die
1562 1479 1679 1508 mensis
1695 1479 1841 1509 Octobris
1862 1479 1938 1508 sacta
1953 1480 2201 1520 congregacione

1292 1528 1443 1558 facultatis
1469 1529 1550 1568 apud
1577 1528 1730 1558 sulianum
1758 1538 1938 1568 pauperem,
1968 1539 2118 1558 concessa
2147 1529 2204 1559 fuit

1291 1578 1395 1618 gracia
1411 1577 1525 1607 rectori
1541 1583 1570 1607 et
1586 1575 1718 1617 quatuor
1731 1578 2000 1617 procuratoribus,
2017 1584 2049 1607 ut
2069 1578 2200 1618 quilibet

1291 1637 1397 1656 eorum
1415 1626 1543 1656 haberet
1563 1637 1656 1656 unum
1675 1627 1929 1656 determinantem
1953 1633 1983 1656 et
2003 1627 2200 1657 bacallarium

1292 1676 1404 1706 solutis
1419 1675 1589 1711 solvendis,
1607 1676 1731 1716 penitus
1746 1675 1832 1706 nullo
1847 1676 2043 1706 reclamante.

1701 1769 1798 1798 1356

1557 1840 1694 1870 Petrus
1729 1841 1772 1870 de
1809 1840 1940 1870 Dacia.

1331 1922 1423 1952 Anno
1440 1920 1576 1950 ¹Domini
1600 1920 1688 1955 1356,
1714 1920 1764 1949 die
1793 1919 1938 1950 veneris⁶
1965 1920 2106 1959 proxima
2129 1927 2202 1960 post

1292 1972 1402 2002 festum
1418 1971 1500 2000 Luce
1515 1969 1728 2010 ewangeliste,
1746 1969 1823 1999 sacta
1838 1969 2086 2009 congregacione
2101 1970 2202 1998 nacio-

1292 2021 1341 2050 nis
1356 2020 1527 2060 Anglicane
1543 2019 1624 2058 apud
1641 2018 1785 2048 Sanctum
1798 2018 1964 2053 Julianum,
1977 2018 2093 2048 electus
2104 2019 2160 2048 fuit
2170 2019 2201 2048 in

1292 2075 1524 2110 procuratorem
1542 2067 1623 2097 dicte
1638 2067 1779 2096 nacionis
1793 2067 1942 2107 magister
1960 2067 2072 2097 Petrus
2090 2067 2202 2097 Nicho-

1292 2119 1332 2148 lai
1351 2119 1389 2148 de
1408 2118 1503 2148 Dacia
1522 2116 1606 2146 nullo
1626 2116 1845 2156 magistrorum
1864 2117 1987 2156 penitus
2004 2116 2200 2150 reclamante,

1294 2168 1324 2198 in
1339 2167 1427 2207 cujus
1442 2165 1657 2206 procuratoria
1671 2171 1738 2195 acta
1756 2171 1827 2195 sunt
1843 2175 1903 2205 que
1919 2172 2102 2205 sequuntur.

1334 2217 1468 2247 Sabbato
1485 2214 1646 2255 proximo⁷
1658 2221 1732 2255 post
1756 2215 1890 2254 [festum]
1908 2214 2053 2244 Omnium
2072 2214 2204 2244 Sancto-

1293 2277 1360 2296 rum
1383 2265 1523 2295 solvebat
1544 2264 1692 2304 magister
1712 2263 1870 2293 Iohannes
1892 2264 1930 2293 de
1951 2263 2063 2293 Prucia
2084 2270 2202 2293 scutum

1294 2325 1355 2356 quo
1368 2315 1531 2344 tenebatur
1548 2323 1605 2353 pro
1622 2313 1722 2353 prima
1733 2313 1945 2352 procuratoria
1962 2323 2028 2348 sua,
2044 2319 2073 2342 et
2086 2313 2204 2352 recepit

1294 2374 1386 2395 unum
1413 2364 1525 2393 librum
1554 2363 1593 2392 de
1619 2362 1696 2392 cista
1719 2362 1872 2398 nacionis,
1897 2368 1926 2391 et
1951 2361 2042 2391 alium
2063 2362 2204 2401 reposuit

1294 2414 1407 2444 ibidem
1420 2413 1459 2442 de
1475 2421 1630 2442 consensu
1641 2410 1792 2447 nacionis,
1808 2417 1838 2441 et
1846 2411 1985 2441 solvebat
1995 2417 2109 2440 tantum
2119 2411 2203 2450 quod

1294 2462 1392 2492 adhuc
1412 2467 1509 2491 restat
1527 2470 1595 2491 curn
1615 2460 1716 2490 tribus
1734 2460 1830 2490 scutis
1849 2460 2000 2490 Johannis
2021 2470 2088 2489 cum
2112 2459 2204 2488 dimi-

1294 2512 1358 2547 dio,
1375 2521 1432 2551 pro
1447 2510 1560 2550 quibus
1578 2510 1658 2539 liber
1675 2509 1832 2549 repositus
1849 2515 1896 2539 est
1913 2508 2081 2549 obligatus.

1335 2561 1409 2590 Item
1433 2560 1482 2589 die
1502 2558 1594 2589 lune⁸
1614 2565 1684 2588 ante
1712 2559 1846 2597 [festum]
1868 2558 1993 2587 Martini
2017 2557 2205 2597 computavit

1294 2610 1442 2650 magister
1460 2608 1592 2649 Egidius
1616 2607 1786 2643 Kaudeles,
1808 2607 1954 2646 antiquus
1975 2613 2087 2641 rector,
2105 2612 2134 2636 et
2150 2606 2206 2636 suit

1294 2665 1456 2698 compotus
1471 2657 1537 2698 ejus
1553 2658 1591 2687 ab
1606 2657 1750 2686 omnibus
1765 2657 1966 2696 approbatus.

1336 2708 1411 2738 Item
1439 2707 1489 2737 die
1513 2706 1596 2746 jovis
1627 2705 1717 2735 ante⁹
1753 2706 1862 2735 festum
1902 2704 1999 2734 sancti
2030 2703 2206 2734 Eadmundi

1325 2815 1349 2839 6.
1383 2814 1411 2838 21
1427 2813 1552 2837 Octobris.

1327 2851 1350 2874 7.
1384 2852 1398 2874 5
1409 2849 1565 2872 Novembris.

1327 2887 1350 2910 8.
1385 2886 1398 2909 7
1410 2884 1565 2908 Novembris.

1327 2922 1350 2945 9.
1385 2921 1414 2944 17
1425 2919 1581 2944 Novembris.
