2632 3464
930 415 1203 442 MEMORABILIA
1222 415 1306 441 NA'r.
1327 416 1574 442 ANGLICANAE

2151 428 2185 444 Lx
2189 428 2217 445 ¹1

286 500 392 530 rator
402 492 565 542 quilibet
578 505 699 529 novus
710 492 807 528 hanc
820 491 1117 528 conclusionem
1131 492 1311 540 prosequi
1328 490 1488 528 deberet
1500 492 1649 537 (618‚45
1667 505 1774 541 sqq.;
1791 494 1925 533 619,21
1942 497 2052 543 sqq.).
2072 496 2216 530 Revera

286 563 494 599 Henricum
516 561 699 598 Poelman
719 573 740 597 e
762 561 918 597 natione
939 560 1102 597 exclusit
1122 560 1346 609 nullumque
1369 561 1408 596 in
1430 562 1568 597 Nostra
1588 562 1751 596 Domina
1767 561 2005 598 licentiatum
2023 564 2059 597 in
2075 562 2214 599 librum

282 632 494 681 inscripsit.
525 630 838 673 Memorandum,
861 630 1097 666 Alemannos
1117 637 1265 679 partem
1291 630 1473 678 majorem
1496 631 1663 666 nationis
1688 632 1951 667 constituisse.
1980 633 2070 668 Sine
2097 631 2214 669 dubio

282 701 389 736 Scoti
419 699 657 736 conclusioni
682 712 796 748 aegre
821 698 1097 742 adhaeserunt;
1127 698 1264 735 saltem
1292 698 1516 735 Guillelmus
1545 699 1718 736 Trebron
1744 707 1877 736 contra
1897 714 1981 737 eam
2009 702 2214 738 insurrexit

283 769 460 815 (630,20),
494 776 532 805 et
560 781 658 804 unus
687 768 833 804 alterve
859 768 1094 804 Alemannus
1124 775 1166 804 ut
1190 767 1384 804 Arnoldus
1415 768 1464 804 de
1495 768 1691 811 Arnheim,
1721 769 1914 806 Johannes
1945 770 1994 806 de
2027 771 2213 808 Hocklem

279 836 524 883 (630,20,33).
543 836 780 872 Universitas
797 836 880 884 ipsa
899 848 941 872 se
957 836 1153 884 opposuit,
1176 842 1215 872 et
1230 836 1424 871 nationem
1441 835 1512 871 sub
1531 849 1656 885 poena
1675 837 1907 873 exclusionis
1928 837 1976 873 ad
1994 839 2214 875 cessionem

284 904 440 954 impulit
455 905 658 952 (630-633),
677 917 776 954 quae
789 904 947 941 tandem
964 906 1098 948 cessit,
1117 912 1326 954 postquam
1341 904 1538 942 deminuta
1553 913 1593 941 et
1613 904 1813 942 debilitata
1833 913 1926 943 erat.
1988 923 1990 925 >

331 974 461 1010 Altera
486 987 600 1010 causa
623 981 705 1010 erat
725 974 772 1012 lis
789 974 942 1018 acerba,
973 987 1087 1024 quam
1106 975 1211 1010 natio
1231 974 1444 1024 Anglicana
1460 988 1506 1011 eo
1527 983 1702 1024 tempore
1717 984 1852 1012 contra
1871 984 1948 1012 nat.
1978 977 2212 1013 Gallicanam

279 1044 469 1080 sustinuit
482 1042 531 1080 de
550 1043 795 1080 licentiandis
810 1045 849 1079 in
863 1045 900 1080 S.
927 1043 1117 1080 Genovefa
1133 1043 1223 1090 (vid.
1243 1056 1359 1093 supra
1373 1057 1458 1094 cap.
1480 1045 1550 1091 14),
1571 1052 1610 1081 et
1630 1046 1768 1081 iterum
1789 1046 1902 1081 simul
1916 1045 1964 1082 de
1985 1048 2214 1084 auctoritate

287 1111 496 1149 Clementis
511 1114 578 1150 Vll
597 1112 794 1162 agebatur.
819 1114 921 1162 Papa
941 1113 1222 1149 Avenionensis
1242 1125 1396 1149 causam
1413 1115 1607 1150 commisit
1626 1114 1778 1150 duobus
1799 1115 2091 1158 collectoribus,
2115 1130 2213 1166 quos

277 1183 567 1218 commissarios
588 1183 767 1218 instituit.
794 1183 866 1229 Qui
881 1182 1036 1232 quidem
1056 1181 1328 1218 cancellarium
1348 1183 1385 1218 S.
1405 1183 1633 1227 Genovefae‚
1650 1183 1839 1220 Judocum
1860 1185 2075 1229 Ghisilium‚
2094 1186 2212 1223 fauto-

283 1263 364 1287 rem
385 1250 528 1288 Urbani
542 1252 607 1293 vl,
628 1252 789 1301 ejusque
802 1251 1160 1288 vicecancellarium
1178 1258 1217 1288 et
1235 1259 1416 1300 quattuor
1434 1259 1687 1302 temptatores
1707 1268 1724 1288 «
1751 1255 1980 1291 auctoritate
2001 1256 2214 1304 apostolica

279 1332 304 1356 a
324 1321 405 1356 suis
419 1319 557 1356 officiis
576 1320 835 1357 destituerant
850 1334 868 1356 ι»
888 1328 926 1357 et
943 1333 1063 1357 novos
1085 1322 1334 1358 instituerunt
1349 1322 1373 1357 ¹.
1398 1323 1509 1358 Natio
1527 1323 1740 1372 Anglicana
1758 1336 1828 1372 pro
1851 1326 2010 1374 antiquo
2027 1325 2213 1362 cancella-

284 1390 341 1426 rio
362 1388 586 1426 decertabat
613 1390 711 1436 (613,
744 1390 790 1426 47
819 1402 912 1439 sqq;
942 1390 1028 1433 619,
1047 1390 1119 1436 36).
1143 1391 1238 1426 Cum
1260 1392 1364 1427 natio
1387 1390 1437 1427 de
1457 1391 1654 1428 decisione
1679 1392 1840 1429 duorum
1860 1396 2212 1431 commissariorum

279 1460 427 1495 certior
442 1458 541 1496 facta
551 1466 666 1502 esset,
685 1460 846 1502 irritata,
866 1459 988 1508 April.
1012 1460 1058 1495 25
1075 1467 1300 1508 sequentem
1313 1460 1603 1498 conclusionem
1616 1464 1796 1511 concepit
1814 1477 1822 1498 ι
1853 1477 1870 1498 «
1893 1465 2051 1500 attentis
2072 1463 2211 1501 litteris

280 1527 530 1576 quibusdam,
550 1530 693 1565 virtute
715 1541 877 1578 quarum
902 1529 1082 1565 nonnulli
1110 1530 1318 1579 (intelligas
1346 1545 1358 1565 .·
1383 1532 1640 1567 commissarii
1667 1531 1878 1569 Clementis
1897 1535 1977 1580 Vll)
2001 1533 2212 1583 disponunt

281 1598 386 1634 circa
399 1603 635 1647 temptamen
651 1597 882 1647 predictum,
901 1611 945 1634 ac
962 1599 994 1634 si
1010 1598 1173 1635 facultas
1195 1599 1336 1635 nullam
1351 1599 1512 1637 haberet
1526 1608 1806 1650 potestatem...
1828 1602 2081 1640 deliberatum
2102 1612 2207 1640 est...

278 1666 385 1716 quod
405 1668 510 1704 natio
526 1674 656 1704 nostra
677 1680 755 1704 non
775 1667 935 1704 deberet
952 1668 1082 1717 aliquo
1098 1668 1212 1705 modo
1229 1671 1366 1706 mutari
1384 1671 1423 1705 in
1444 1669 1643 1719 predictis,
1666 1684 1755 1720 ymo
1779 1673 1835 1708 sic
1857 1672 2082 1721 procedere,
2105 1687 2152 1709 ac·
2176 1676 2213 1710 si

276 1736 384 1772 nulle
404 1736 512 1772 litere
531 1739 715 1773 venissent
734 1737 793 1773 vel
811 1737 935 1773 niclzil
943 1739 1083 1785 fuisset
1098 1740 1250 1786 factum
1263 1752 1338 1788 per
1357 1741 1644 1776 οοῙηηιίεεαι-ίοε
1658 1740 1861 1777 literarum
1874 1755 1889 1776 »
1908 1743 2006 1789 (619,
2024 1743 2068 1778 41
2092 1746 2206 1792 sqq.).

279 1807 384 1842 Haec
403 1805 601 1842 conclusio
618 1805 719 1842 idem
739 1806 904 1851 valebat,
928 1820 971 1843 ac
988 1820 1065 1843 non
1083 1820 1294 1857 agnoscere
1310 1810 1578 1845 auctoritatem
1598 1823 1720 1859 papae
1738 1811 2054 1848 Avenionensis2.
2074 1813 2209 1850 Nullus

281 1882 479 1924 praeterea
495 1876 690 1925 magister,
711 1883 864 1925 praeter
882 1889 970 1913 eum
986 1878 1050 1926 qui
1073 1877 1242 1914 officium
1267 1879 1509 1927 temptatoris
1526 1879 1605 1927 jam
1627 1886 1907 1929 acceptaverat,
1925 1881 2020 1917 illud
2040 1882 2208 1919 officium

277 1957 301 1980 a
321 1943 436 1980 dictis
456 1946 732 1982 commissariis
757 1947 929 1995 recipere
947 1945 1081 1990 voluit,
1108 1961 1124 1981 α
1140 1959 1228 1996 ymo
1250 1947 1408 1985 mallent
1426 1947 1530 1997 quod
1547 1950 1678 1985 statim
1693 1949 1920 1987 recederent
1935 1950 1983 1988 de
2002 1953 2168 1988 parisius
2188 1966 2206 1987 2)

279 2013 378 2059 (620,
395 2014 469 2060 25),
486 2021 527 2050 ut
540 2013 696 2063 quidam
710 2015 877 2052 aiebant.

330 2084 376 2119 Et
401 2091 657 2120 recesserunt.
682 2083 742 2120 Ab
765 2097 825 2120 an.
849 2085 942 2121 1379
963 2085 1031 2121 sed
1053 2086 1240 2135 imprimis
1261 2085 1308 2122 ab
1329 2099 1389 2122 an.
1417 2087 1510 2123 1382
1531 2087 1669 2124 Octob.
1694 2101 1816 2138 usque
1831 2089 2015 2126 Novemb.
2034 2091 2204 2139 ejusdem

277 2153 366 2188 anni
388 2165 466 2188 non
486 2154 597 2202 pauci
617 2152 819 2189 Alemanni
847 2155 1014 2191 Parisios
1042 2154 1280 2204 reliquerunt
1294 2157 1321 2191 ⁸.
1353 2156 1425 2192 An.
1454 2157 1560 2200 1382,
1587 2157 1725 2194 Octob.
1753 2159 1809 2202 12,
1835 2160 1940 2196 natio
1964 2160 2133 2210 Anglic.,
2159 2161 2206 2197 ab

279 2222 538 2258 Universitate
565 2223 727 2267 monita,
747 2222 871 2259 adhuc
890 2223 1129 2267 deliberavit,
1153 2237 1230 2261 non
1254 2225 1437 2274 expedire
1462 2226 1629 2263 rotulum
1654 2227 1778 2264 facere
1795 2241 1862 2265 seu
1884 2230 2035 2266 mittere
2057 2230 2104 2266 ad
2126 2230 2207 2267 Cle-

280 2297 462 2327 mentem.
484 2289 649 2339 Sedjam
667 2291 851 2327 Novemb.
873 2292 921 2327 24
936 2294 1041 2329 natio
1059 2293 1290 2342 loquebatur
1299 2294 1347 2330 de
1361 2294 1487 2332 rotulo
1501 2299 1710 2340 communi,
1733 2312 1750 2332 «
1774 2299 1838 2347 qui
1855 2311 1900 2335 ex
1914 2307 2022 2348 parte
2040 2301 2205 2337 nationis

276 2358 327 2396 ad
342 2359 540 2395 deminum
555 2372 694 2409 papam
715 2360 952 2398 Clementem
973 2370 1078 2398 esset
1098 2362 1351 2400 destinandus
1371 2378 1388 2399 1>
1406 2365 1506 2412 (636,
1530 2366 1598 2412 12).
1618 2368 1724 2402 Tunc
1743 2374 1942 2416 praeterea
1956 2376 2203 2419 praeceptum

275 2436 356 2473 est,
384 2443 402 2464 α
424 2428 527 2478 quod
559 2431 732 2479 magistri
760 2431 910 2467 noviter
939 2431 1116 2481 graduati
1149 2433 1265 2482 (apud
1299 2435 1474 2470 Nostram
1503 2436 1716 2482 Dominam)
1740 2437 2043 2474 inscriberentur
2069 2440 2203 2488 papiro

278 2498 444 2534 nationis
464 2511 481 2533 n
506 2498 603 2545 (636,
627 2499 699 2545 37),
722 2507 761 2536 et
783 2500 968 2536 Novemb.
991 2501 1038 2537 28
1057 2502 1162 2537 natio
1181 2503 1297 2539 etiam
1313 2503 1584 2540 cancellarium
1605 2512 1644 2541 et
1657 2505 2002 2543 subcancellarium
2020 2509 2056 2543 S.
2077 2509 2203 2544 Geno-

276 2566 399 2609 vefae,
422 2575 556 2604 contra
574 2581 671 2617 quos
689 2568 804 2618 paulo
825 2576 913 2606 ante
932 2578 1010 2606 tam
1026 2572 1166 2607 acriter
1185 2573 1408 2621 agitaverat,
1435 2573 1483 2609 ad
1499 2575 1714 2622 juramenta
1741 2575 1897 2611 admisit
1916 2577 2012 2623 (637,
2035 2578 2078 2612 12
2101 2581 2199 2627 sqq).

318 2700 346 2729 1.
391 2699 462 2730 Vid.
485 2700 709 2736 Clzarmt.‚111,
736 2711 768 2741 p.
793 2702 852 2731 308
875 2709 905 2732 et
925 2713 1019 2742 supra
1046 2713 1076 2743 p.
1102 2713 1184 2733 Lxu-

277 2757 369 2777 inu.

317 2797 346 2826 2.
384 2797 431 2826 Ex
448 2808 509 2837 quo
524 2798 656 2839 aliisque
669 2806 808 2839 apparet,
820 2801 947 2830 verbum
961 2801 1183 2841 opponentium

278 2845 347 2876 scil.
368 2845 582 2883 Picmdorum,
607 2848 854 2878 Normannorum
879 2856 908 2879 et
932 2850 1133 2890 Anglicorum
1154 2851 1183 2880 in

278 2894 472 2926 Par-lamento
500 2909 506 2926 ι
537 2909 550 2924 ιι
582 2898 664 2936 quod
692 2907 798 2927 eorum
823 2899 1004 2928 intentionis
1029 2910 1183 2939 nunquam

276 2947 376 2976 suerat
397 2955 453 2974 nec
473 2952 538 2975 erat
555 2946 670 2986 aliquid
689 2947 792 2976 dicere
813 2958 867 2977 seu
885 2958 1061 2988 proponere
1077 2955 1183 2979 contra

1293 2711 1411 2744 partem
1437 2706 1547 2735 summi
1571 2707 1726 2746 pontificis
1754 2707 1923 2737 Clementis
1948 2719 2026 2747 pape
2049 2710 2200 2747 moderni,

1293 2754 1441 2793 quinymo
1476 2755 1534 2784 sibi
1564 2756 1753 2786 adherebant
1785 2769 1798 2783 ι)
1827 2764 1884 2786 etc.
1918 2757 2019 2796 (ibim,
2050 2769 2081 2798 p.
2115 2759 2200 2798 307),

1292 2802 1416 2832 minime
1433 2804 1470 2833 ad
1485 2803 1648 2844 Anglicos,
1663 2806 1718 2834 scd
1736 2807 1772 2834 ad
1793 2805 1941 2835 Picardos
1961 2812 1991 2836 et
2006 2806 2202 2838 Norrnannos

1292 2852 1486 2882 referendum
1506 2863 1587 2883 esse.

1332 2903 1362 2930 3.
1406 2901 1476 2932 Vid.
1506 2904 1655 2938 Chartul.,
1679 2903 1734 2939 lll,
1761 2908 1793 2932 1ιο
1820 2905 1907 2941 1640,
1933 2911 1996 2934 not.
2017 2906 2046 2939 4,
2071 2913 2100 2935 et
2123 2906 2200 2935 infra

1294 2960 1323 2989 p.
1345 2951 1415 2985 659,
1433 2957 1497 2981 not.
1513 2953 1542 2980 5.

2228 2099 2283 2125 Pro
2302 2098 2448 2126 Clemente
