2632 3464
255 439 306 464 177

252 520 488 554 procuratorem
507 513 646 555 ejusdem
665 513 807 544 nacionis
821 512 907 542 nullo
926 511 1051 552 penitus
1067 511 1168 541 recla-

253 569 354 593 mante
367 564 516 604 magister
530 563 546 593 J
550 563 690 593 ohannes
707 563 746 592 de
759 561 870 591 Peblis
884 561 1018 591 Scotuss
1029 561 1063 590 ln
1078 559 1167 600 cujus

252 612 470 652 procuratoria
481 618 548 642 acta
565 618 638 642 sunt
653 621 713 651 que
729 617 912 650 sequuntur.

293 661 329 691 ln
370 661 481 701 primis
518 662 596 691 sacta
625 659 876 700 congregacione
913 659 1052 689 nacionis
1084 660 1166 699 apud

254 710 399 741 Sanctum
409 710 565 742 lulianum
575 718 756 750 pauperem,
771 708 862 738 electi
878 709 1002 738 fuerunt
1014 708 1166 738 examina-

251 766 338 790 tores
373 757 649 789 determinancium
684 758 835 798 magister
875 757 1050 797 Eghelinus
1087 757 1164 793 Bos,

252 808 401 849 magister
426 808 560 838 Thomas
582 807 711 838 Kolarst
733 807 771 836 de
793 806 986 846 Bruniswyk
1011 816 1072 836 una
1097 816 1166 836 cum

251 858 335 888 dicto
349 862 567 897 procuratore,
581 856 667 886 nullo
680 856 806 896 penitus
818 855 1015 885 reclamante.

292 906 368 936 Item
387 906 466 936 facta
488 905 736 945 congregacione
758 905 899 934 nacionis
916 905 999 944 apud
1020 905 1165 935 Sanctum

251 955 440 985 Manu-inum
457 955 496 984 ad
508 954 726 990 ordinandum,
742 953 986 993 dispensandum
1002 961 1033 983 et
1044 955 1083 983 ad
1093 964 1166 994 sup-

250 1003 439 1044 plicandum,
449 1004 624 1034 ordinatum
634 1003 691 1033 suit
700 1003 732 1032 in
743 1003 878 1032 favorem
889 1002 1164 1032 determinancium

251 1053 290 1082 de
304 1062 460 1083 consensu
475 1052 611 1082 omnium
625 1052 857 1093 magistrorum,
877 1053 962 1092 quod
976 1052 1166 1082 determina-

250 1108 339 1132 turus
362 1101 518 1141 impotens
540 1100 720 1132 satisfacere
741 1102 780 1131 de
799 1101 906 1131 bursis
926 1101 991 1131 suis
1011 1102 1069 1142 pro
1091 1111 1165 1141 pre-

249 1150 342 1187 senti,
355 1150 488 1190 prestito
499 1150 675 1190 juramento
686 1150 841 1190 receptori
855 1151 938 1190 quod
951 1160 1010 1190 pro
1020 1160 1102 1180 nunc
1118 1157 1166 1180 est

248 1199 416 1240 impotens,
438 1206 570 1240 poneret
588 1200 720 1240 pignera
743 1199 932 1229 sufficiencia
952 1200 1035 1239 apud
1054 1209 1165 1239 recep-

249 1254 360 1285 torem,
379 1259 440 1288 que
456 1249 484 1278 si
504 1259 566 1278 non
584 1249 752 1278 redimeret
769 1249 850 1278 infra
867 1250 977 1279 festum
993 1248 1165 1279 Pentecos—

248 1303 309 1333 tes,
329 1297 439 1328 liceret
461 1297 584 1327 nacioni
605 1299 741 1328 vendere
761 1304 813 1327 aut
832 1297 893 1327 alio
915 1299 1007 1328 modo
1029 1298 1164 1328 alienare

247 1346 390 1386 predicta
399 1347 543 1387 pignera,
556 1347 641 1376 nullo
651 1347 820 1387 privilegio
833 1353 884 1377 aut
895 1353 1008 1377 statuto
1021 1347 1164 1377 obstante

249 1396 280 1425 in
296 1395 499 1438 contrarium.

447 1472 514 1502 Isti
549 1478 634 1517 sunt
662 1473 972 1502 determinantes.

289 1541 396 1572 Primo
420 1542 579 1572 ¹lohannes
610 1543 674 1581 [de]
697 1543 904 1583 Wantisberg
927 1543 985 1572 sub
1012 1543 1163 1583 magistro

248 1590 390 1627 auberto,
408 1589 496 1631 cujus
514 1592 608 1621 bursa
625 1593 643 1621 5
659 1591 765 1627 solidi,
781 1598 869 1621 scuto
886 1592 1007 1621 valente
1019 1593 1056 1621 14
1067 1592 1159 1622 solid.

287 1639 364 1670 ltem
386 1639 578 1670 Ewerardus
602 1641 641 1670 de
656 1640 805 1676 Wardes,
826 1639 915 1681 cujus
939 1641 1033 1671 bursa
1051 1641 1160 1677 nichil,

246 1689 304 1718 sub
321 1689 474 1729 magistro
489 1689 634 1719 Alberto.
851 1714 854 1719 .

287 1737 364 1768 Item
377 1737 536 1768 lohannes
551 1739 589 1768 de
605 1738 796 1779 Brandburg
813 1739 851 1769 de
868 1739 970 1779 Aquis
990 1740 1048 1769 sub
1066 1740 1161 1780 magi-

246 1792 313 1816 stro
324 1786 465 1817 Johanne
483 1788 522 1817 de
538 1786 650 1828 Aquis,
667 1787 756 1828 cujus
772 1789 866 1818 bursa
881 1790 899 1818 5
914 1789 1017 1818 solidi.

286 1835 362 1866 Item
374 1835 572 1867 Hermannus
585 1837 624 1866 de
636 1836 778 1867 Wesalia
789 1838 847 1867 sub
859 1838 1010 1878 magistro
1021 1838 1159 1868 Henrico

246 1886 284 1915 de
297 1884 410 1921 Clivis,
426 1885 516 1926 cujus
529 1887 624 1916 bursa
640 1886 747 1916 nichil.

286 1934 362 1964 Item
372 1934 531 1966 Johannes
543 1935 644 1966 dictus
660 1935 742 1966 Mast
755 1934 762 1954 ¹
779 1937 847 1966 sub,
857 1936 1007 1976 magistro
1019 1936 1159 1966 Johanne

245 1985 284 2013 de
297 1983 386 2020 Fine,
403 1983 491 2024 cujus
508 1985 604 2015 bursa
620 1985 640 2014 4
656 1984 750 2014 solidi
763 1995 831 2015 cum
847 1985 988 2015 dimidio.

286 2032 362 2063 Item
382 2033 538 2064 Henricus
558 2034 597 2063 de
616 2034 730 2064 Lindin
748 2034 786 2064 de
810 2034 964 2064 Essendia
982 2036 1039 2065 sub
1059 2035 1160 2075 magi-

246 2087 312 2112 stro
339 2082 475 2112 Henrico
502 2083 540 2112 de
560 2081 670 2118 clivis,
697 2082 784 2123 cujus
812 2084 907 2114 bursa
930 2084 950 2113 4
976 2084 1070 2114 solidi
1089 2094 1158 2114 cum

245 2130 384 2161 dimidio.

286 2180 362 2210 ltem
396 2182 454 2211 sub
479 2182 586 2211 eodem
617 2181 772 2212 Henricus
801 2183 839 2212 de
871 2182 1036 2218 Essendia‚
1070 2182 1157 2223 cujus

245 2230 339 2259 bursa
354 2230 372 2259 4
388 2230 481 2260 solidi
499 2240 567 2260 cum
583 2230 724 2260 dimidio.

286 2278 361 2309 ltem
375 2279 536 2309 Arnoldus
548 2280 586 2310 de
605 2279 767 2310 Beverhen
779 2281 838 2310 sub
850 2281 1000 2321 magistro
1013 2281 1155 2319 Alberto,

245 2326 332 2368 cujus
346 2323 441 2358 bursa
458 2329 476 2358 4
493 2328 586 2358 solidi
601 2339 670 2359 cum
689 2329 829 2359 dimidio.

284 2376 445 2407 Arnoldus
458 2378 497 2407 de
513 2378 634 2409 Bevere
646 2379 684 2408 de
697 2378 846 2415 Embeke,
856 2378 1133 2419 Maghentenensis
1144 2379 1156 2398 ²

244 2426 390 2466 dyocesis
405 2425 550 2464 clericus,
565 2426 654 2467 cujus
670 2428 765 2458 bursa
780 2427 869 2458 sicud
881 2429 981 2468 prius.

283 2474 359 2505 Item
375 2474 574 2506 Christianus
593 2477 631 2506 de
650 2476 772 2516 Specke
788 2478 846 2507 suh
862 2478 1013 2518 magistro
1026 2478 1155 2514 Thoma,

244 2523 332 2564 cujus
359 2524 455 2555 bursa
482 2525 591 2562 nichil,
621 2527 676 2555 sed
701 2526 836 2566 prestito
858 2525 1034 2566 juramento
1059 2527 1158 2558 solvet

244 2573 434 2613 quamcicius
446 2574 573 2614 poterit.

284 2622 359 2652 ltem
379 2622 538 2654 Johannes
565 2623 726 2654 Gladiator
750 2625 788 2654 de
811 2624 897 2655 Wiic
922 2626 980 2655 sub
1007 2626 1156 2666 magistro

244 2670 443 2702 Theodorico
464 2673 502 2702 de
524 2672 664 2709 Zithard,
687 2673 775 2714 cujus
794 2675 892 2704 bursa
910 2675 928 2704 ὃ
950 2674 1053 2704 solidi.
1077 2675 1156 2706 Cum

245 2730 307 2759 quo
326 2721 404 2751 sacta
417 2721 666 2762 congregacione
677 2722 818 2753 nacionis
831 2722 932 2754 extitit
942 2723 1156 2764 dispensatum

243 2770 282 2799 de
305 2769 450 2800 omnibus
472 2770 589 2807 bursis,
615 2771 759 2811 exceptis·
774 2772 894 2802 duabus
918 2773 1078 2803 solvendis
1097 2783 1156 2814 pro

245 2817 362 2848 lumine
383 2818 479 2849 Beate
494 2819 592 2850 Marie
605 2826 636 2850 et
648 2830 706 2860 pro
724 2820 867 2851 bedellis.

275 2932 298 2956 1.
331 2933 360 2956 11·
371 2933 486 2967 margine
498 2934 620 2966 repetitur
629 2934 706 2960 Hast-

274 2968 296 2992 2.
330 2967 549 3000 Hsguntinencia.

310 3014 424 3033 Auri-rium
436 3014 560 3035 caure-urii
571 3014 659 3035 vasum.
670 3015 736 3036 Puta.
747 3025 773 3032 -—
785 3015 801 3036 Ι.

761 437 875 464 LIBER
897 435 1210 464 PROCURATORUM
1230 434 1410 462 NATIONIS
1429 435 1675 461 ANGLICANAE

1204 957 1238 983 10

1203 1203 1236 1229 15

1201 1449 1236 1475 20

1199 1696 1233 1722 25

1197 1943 1237 1969 30,

1195 2189 1230 2215 35

1195 2435 1229 2462 40

1194 2682 1228 2708 45

2131 436 2184 463 178

1318 510 1394 540 Item
1413 511 1592 541 Willelmus
1617 511 1656 540 de
1677 511 1786 550 Spyny
1806 512 1863 540 sub
1883 512 2034 551 magistro
2051 512 2192 542 Johanne

1277 560 1315 589 de
1329 559 1449 596 Peblis,
1465 558 1554 600 cujus
1570 561 1664 589 bursa
1676 561 1695 589 4
1712 559 1805 589 solidi
1819 569 1887 589 cum
1906 560 2047 590 dimidio.

1317 608 1393 639 Item
1427 608 1595 638 Nicholaus
1623 608 1737 638 Kanuti
1763 609 1801 638 de
1833 609 1929 638 Dacia
1957 610 2015 639 sub
2042 610 2191 650 magistro

1275 657 1455 694 Wizekino,
1472 656 1561 698 cujus
1576 658 1673 687 bursa
1689 659 1707 687 5
1722 657 1825 687 solidi.

1317 707 1392 737 ltem
1420 706 1564 736 dominus
1589 707 1710 736 Stacius
1738 707 1796 736 sub
1821 707 1972 746 magistro
1997 707 2126 737 Alberto
2154 709 2192 738 de

1278 755 1423 791 Saxonia,
1439 754 1526 795 cujus
1540 756 1635 785 bursa
1648 757 1666 786 5
1678 755 1781 785 solidi.

1318 805 1393 834 Item
1435 805 1548 834 Petrus
1591 806 1630 834 de
1673 805 1896 834 Gellenkirken
1938 806 1996 835 sub
2040 806 2191 845 magistro

1275 853 1415 884 Johanne
1429 854 1467 883 de
1485 854 1596 893 Aquis,
1613 853 1702 894 cujus
1720 855 1815 884 bursa
1830 854 1944 891 nichil,
1959 853 2077 894 juravit
2090 861 2190 884 tamen

1276 903 1455 933 satisfacere
1470 903 1662 943 quamcicius
1677 909 1795 942 posset.

1317 952 1392 982 Item
1409 952 1564 981 Henricus
1579 953 1618 981 de
1634 951 1751 982 Kalker
1766 953 1824 982 sub
1837 953 1988 993 magistro
2002 953 2139 982 Henrico
2152 954 2190 983 de

1276 1001 1387 1037 Clivis,
1405 1000 1492 1041 cujus
1510 1002 1606 1031 bursa
1620 1001 1727 1031 nichil.

1316 1050 1392 1080 Item
1426 1050 1607 1090 Goswynus
1642 1051 1679 1079 de
1712 1050 1911 1090 Dutyngham
1944 1052 2002 1080 sub
2038 1052 2190 1091 magistro

1274 1099 1416 1135 Alberto‚
1431 1098 1519 1139 cujus
1535 1100 1630 1129 bursa
1648 1101 1666 1130 5
1684 1099 1788 1129 solidi.

1684 1194 1782 1223 1355

1366 1264 1540 1306 [Thomas
1574 1265 1726 1295 Kolarst
1757 1266 1800 1294 de
1830 1265 2093 1304 Brunswich.]

1314 1347 1386 1385 (Fol.
1411 1348 1447 1376 24
1463 1346 1487 1386 ¹²)
1512 1346 1604 1376 Anno
1630 1345 1754 1375 Domini
1786 1346 1950 1376 millesimo
1975 1347 2189 1377 tricentesimo

1273 1394 1349 1430 LV0,
1367 1395 1486 1425 decima
1501 1395 1551 1425 die
1566 1395 1684 1425 mensis
1699 1395 1821 1431 Marcii,
1841 1396 1919 1426 facta
1940 1396 2188 1436 congregacione

1272 1445 1413 1474 nacionis
1425 1444 1599 1484 Anglicane
1618 1450 1678 1473 tam
1693 1445 1873 1484 regencium
1887 1455 1979 1484 quam
1997 1455 2059 1474 non
2074 1455 2189 1486 regen-

1273 1494 1353 1523 cium
1363 1494 1446 1534 apud
1463 1493 1608 1523 Sanctum
1623 1493 1818 1523 Bernardum
1833 1504 1928 1534 super
1947 1494 2098 1524 electione
2115 1505 2187 1534 pro-

1272 1543 1437 1579 curatoris,
1450 1542 1566 1572 electus
1579 1543 1635 1573 suit
1647 1543 1679 1572 in
1690 1549 1924 1583 procuratorem
1936 1542 2073 1583 ejusdem
2084 1544 2187 1573 nacio-

1272 1592 1321 1621 nis
1351 1592 1549 1622 concorditer
1573 1591 1658 1621 nullo
1683 1592 1906 1632 magistrorum
1933 1593 2057 1632 penitus
2086 1593 2187 1622 recla-

1271 1647 1372 1671 mante
1388 1641 1537 1681 magister
1553 1640 1687 1670 Thomas
1699 1641 1826 1671 Kolarst
1836 1640 1918 1670 Saxo
1934 1643 1972 1671 de
1985 1641 2185 1678 Brunswich,

1271 1690 1573 1721 Hildensemmensis
1602 1690 1760 1730 dyocesis,
1786 1691 1817 1720 in
1851 1689 1938 1731 cujus
1970 1692 2186 1730 procuratoria

1271 1741 1349 1770 saeta
1364 1746 1437 1770 sunt
1454 1739 1522 1769 hec.

1309 1789 1416 1819 Primo
1434 1789 1511 1819 sacta
1526 1789 1776 1829 congregacione
1789 1789 1930 1819 nacionis
1941 1790 2023 1829 apud
2040 1789 2187 1820 Sanctum

1270 1831 1458 1869 Maturinum
1477 1848 1572 1878 super
1593 1837 1892 1878 supplicacionibus,
1920 1838 2064 1869 dominus
2092 1839 2186 1869 Ever-

1269 1887 1385 1918 hardus
1401 1889 1439 1917 de
1452 1887 1589 1918 Wardes
1605 1888 1643 1916 de
1658 1894 1741 1917 terra
1752 1887 1893 1923 Livonie,
1906 1887 1991 1917 illius
2005 1888 2184 1928 Quadrage-

1269 1937 1346 1966 sime
1361 1937 1583 1972 determinans,
1601 1936 1677 1966 seria
1693 1937 1723 1966 4²
1735 1936 1747 1954 ³
1764 1943 1834 1966 ante
1852 1939 1962 1966 Letare
1980 1937 2184 1977 supplicavit,

1268 1992 1302 2016 ut
1324 1986 1465 2026 magistri
1490 1986 1668 2025 supradicte
1691 1986 1832 2015 nacionis
1854 1986 1956 2025 ipsum
1981 1987 2019 2016 de
2038 1986 2183 2026 ampliori

1268 2034 1524 2065 determinatione
1567 2041 1783 2075 supportatum
1823 2034 1936 2065 habere
1966 2035 2179 2075 dispensando

1268 2084 1487 2125 dignarentur,
1511 2090 1563 2114 aut
1586 2085 1793 2114 concederent
1810 2091 1844 2114 ut
1866 2085 2184 2115 subdeterminantem

1267 2133 1370 2173 possit
1398 2133 1598 2169 substituere,
1627 2133 1677 2163 cui
1701 2143 1760 2173 pro
1786 2140 1858 2163 tunc
1889 2134 2118 2164 concedebatur
2151 2141 2185 2164 ut

1267 2182 1582 2212 subdeterminantem
1599 2183 1813 2212 substitueret.
1835 2183 1874 2212 Et
1889 2183 1935 2212 sic
1950 2184 2061 2213 sactum
2077 2190 2136 2219 est,
2154 2189 2185 2213 et

1267 2232 1348 2262 idem
1378 2231 1648 2261 subdeterminans
1673 2231 1790 2272 juravit
1817 2232 2014 2272 procuratori
2044 2231 2182 2272 ejusdem

1267 2291 1419 2311 nacionis.

1608 2347 1831 2378 Licenciati.

1307 2426 1383 2457 Item
1420 2427 1601 2457 licenciatus
1636 2427 1692 2457 fuit
1729 2438 1788 2467 pro
1830 2427 1884 2457 illo
1921 2438 2001 2457 anno
2037 2428 2182 2458 dominus

1266 2476 1423 2506 Johannes
1443 2477 1480 2506 de
1496 2476 1641 2506 Velstede
1664 2476 1746 2506 Saxo
1765 2478 1803 2506 de
1824 2477 2025 2512 Brunswich,
2046 2477 2179 2506 Hilden-

1267 2526 1450 2556 semmensis
1466 2526 1628 2565 dyocesis,
1648 2526 1706 2556 sub
1725 2526 1874 2566 magistro
1897 2526 2051 2566 Egelingo
2071 2525 2178 2562 Bovis,

1267 2573 1354 2615 cujus
1369 2575 1465 2605 bursa
1482 2576 1500 2605 5
1516 2574 1620 2611 solidi,
1639 2582 1727 2605 scuto
1742 2575 1862 2605 valente
1883 2577 1919 2605 15
1936 2575 2067 2605 solidos.

1307 2623 1383 2654 Item
1418 2623 1598 2654 licenciatus
1639 2625 1696 2654 suit
1737 2624 1882 2654 dominus
1922 2624 2080 2654 Johannes
2117 2624 2179 2663 [de]

1265 2673 1464 2704 Wanzberch
1483 2674 1541 2703 sub
1554 2674 1704 2714 magistro
1717 2673 1848 2704 Alberto
1861 2674 1899 2702 de
1919 2673 2071 2709 Saxonis,
2091 2672 2179 2713 cujus

1265 2722 1361 2752 bursa
1376 2723 1394 2752 5
1413 2722 1518 2752 solidi.

1306 2771 1381 2801 Item
1402 2771 1583 2802 licenciatus
1604 2772 1660 2802 suit
1677 2772 1821 2802 dominus
1840 2771 1998 2801 Johannes
2019 2772 2083 2810 [de]
2102 2772 2180 2801 Olo-

1265 2830 1374 2851 muncz
1389 2821 1427 2850 de
1441 2820 1590 2851 Bohemia
1603 2822 1660 2851 sub
1673 2821 1822 2861 magistro
1837 2820 1968 2850 Alberto
1979 2821 2017 2850 de
2032 2820 2177 2856 Saxonis,

1295 2938 1318 2961 ³.
1354 2937 1381 2961 tt
1394 2936 1492 2961 Martii.
