2632 3464
385 453 435 478 827

426 529 500 557 Item
524 528 658 557 Jacobus
689 527 854 566 Lyndesay
884 526 1065 556 licenciatus
1095 527 1153 555 sub
1186 526 1294 558 eodem

384 577 532 616 magistro
553 576 695 606 Arnuldo
708 576 916 615 Wy[t]wyke,
934 574 1021 615 cujus
1037 576 1132 604 bursa
1146 574 1173 604 V
1188 574 1292 604 solidi.

425 626 499 655 Item
518 625 698 655 licenciatus
713 631 762 655 est
782 625 940 654 Johannes
958 625 996 654 de
1018 624 1132 663 Leydis
1149 624 1206 653 sub
1228 633 1294 652 ma-

383 676 482 715 gistro
500 674 660 704 Aernoldo
673 674 814 710 Wtwiic,
831 673 919 714 cujus
937 674 1033 703 bursa
1048 673 1089 702 Vl
1104 673 1206 702 solidi.

424 724 499 753 Item
525 723 704 753 licenciatus
729 730 777 753 est
794 723 973 752 Bernardus
995 722 1111 752 Kolner
1131 722 1188 751 sub
1210 731 1292 761 mag.

382 773 542 803 Aernoldo
555 773 695 808 Wtwiic,
710 772 798 812 cujus
817 773 911 801 bursa
926 772 954 801 11
968 772 1026 801 sol.

424 823 498 852 Item
517 821 696 851 licenciatus
710 827 757 851 est
771 821 939 851 Nicholaus
957 819 1097 859 Cehyld⁴
1122 821 1179 849 sub
1195 819 1294 859 magi-

384 878 449 901 stro
463 871 621 900 Aernoldo
634 871 774 906 Wtwiic,
792 869 878 910 cujus
897 871 991 899 bursa
1005 869 1033 899 11
1048 869 1151 899 solidi.

498 977 713 1016 Sequuntur
739 976 884 1005 nomina
913 975 1181 1014 incipiencium

718 1025 831 1054 istius
856 1024 958 1054 anni.

425 1116 530 1145 Primo
557 1115 673 1154 incepit
700 1114 844 1143 dominus
871 1113 1052 1143 Gherardus
1079 1114 1116 1142 de
1145 1112 1292 1142 Mekeren

385 1167 442 1195 sub
460 1165 609 1204 magistro
629 1163 769 1193 Johanne
787 1164 825 1192 de
848 1163 995 1198 Sutfania‚
1015 1161 1102 1202 cujus
1123 1163 1219 1191 bursa
1235 1161 1292 1191 VII

385 1214 488 1244 solidi.

426 1264 500 1292 ltem
516 1262 632 1301 incepit
647 1262 791 1291 dominus
801 1261 816 1290 J
821 1261 958 1290 ohannes
975 1261 1059 1290 Kern
1070 1261 1128 1290 sub
1143 1261 1293 1300 magistro

383 1313 523 1342 Johanne
542 1312 708 1345 Burbuert‚
725 1310 812 1350 cujus
828 1311 922 1339 bursa
941 1310 984 1338 111
1006 1309 1110 1339 solidi.

426 1362 500 1390 Item
526 1360 641 1399 incepit
668 1359 812 1389 dominus
840 1359 1007 1388 Heinricus
1035 1358 1208 1388 Dintheren
1235 1359 1292 1388 sub

385 1411 532 1450 magistro
546 1409 686 1438 Arnoldo
699 1408 839 1443 Wtwiic,
855 1408 942 1447 cujus
958 1409 1051 1437 bursa
1066 1408 1092 1437 V
1107 1408 1210 1437 solidi.

426 1459 500 1488 Item
527 1459 642 1498 incepit
670 1458 814 1487 dominus
843 1457 977 1487 Jacobus
1000 1458 1038 1486 de
1063 1457 1209 1487 Treveris
1235 1458 1293 1487 sub

386 1509 534 1548 magistro
554 1508 692 1537 Johanne
712 1507 879 1542 Burbuert‚
899 1506 985 1546 cujus
1000 1507 1094 1536 bursa
1112 1506 1170 1536 VII
1188 1507 1291 1536 solidi.

427 1558 501 1587 Item
525 1557 639 1596 incepit
655 1557 799 1585 dominus
822 1556 1019 1585 Bernaerdus
1041 1555 1142 1584 Echof
1153 1557 1211 1585 sub
1228 1566 1293 1585 ma-

386 1607 485 1646 gistro
513 1606 692 1635 Bernaerdo
713 1606 750 1634 de
776 1605 977 1644 Flogheling,
1007 1604 1095 1644 cujus
1117 1605 1212 1634 bursa
1235 1605 1291 1634 VII

387 1656 489 1685 solidi.

427 1705 502 1734 Item
520 1704 635 1743 incepit
654 1704 797 1733 dominus
812 1703 1000 1732 Wilhelmus
1022 1704 1060 1732 de
1079 1702 1292 1732 Aemsterdam

387 1755 444 1784 sub
465 1754 613 1793 magistro
631 1752 790 1782 Aernoldo
805 1752 946 1787 Wtwiic,
967 1751 1053 1791 cujus
1071 1753 1165 1781 bursa
1183 1752 1211 1782 II
1233 1752 1290 1781 sol.

428 1803 503 1832 Item
517 1802 633 1842 incepit
645 1802 788 1831 dominus
800 1801 1017 1831 Coenraerdus
1028 1801 1116 1830 Driel
1125 1803 1182 1830 sub
1198 1801 1293 1842 magi-

387 1859 452 1882 stro
467 1852 626 1882 Aernoldo
643 1850 784 1886 Wtwiic,
800 1849 886 1890 cujus
905 1852 999 1879 bursa
1016 1850 1075 1879 IIII
1088 1850 1191 1879 solidi.

427 1902 502 1930 Item
520 1900 636 1940 incepit
652 1899 828 1929 Aernoldus
851 1900 888 1928 de
912 1899 1096 1929 Dordraco²
1115 1901 1172 1929 sub
1194 1899 1294 1940 magi-

387 1957 452 1980 stro
470 1950 629 1980 Aernoldo
644 1949 785 1984 Wtwiic,
800 1948 887 1988 cujus
903 1949 997 1978 bursa
1013 1948 1069 1977 VII
1088 1949 1191 1978 solidi.

428 2000 502 2029 Item
518 1999 633 2038 incepit
653 1998 810 2027 Johannes
833 1998 870 2026 de
892 1998 1079 2037 Leydissub
1102 1999 1209 2027 eodem
1229 2008 1294 2028 ma-

387 2049 486 2089 gistro
498 2048 657 2077 Aernoldo
669 2047 809 2082 Wtwiic,
825 2045 911 2086 cujus
927 2047 1021 2076 bursa
1035 2047 1075 2076 VI
1089 2047 1192 2076 solidi.

794 2139 888 2168 1401

429 2213 500 2251 iFoL
530 2211 578 2250 59)
603 2211 693 2240 Acta
716 2211 751 2239 in
782 2210 1042 2249 procuratoria
1073 2210 1254 2240 ‚Iohannis

755 2259 926 2288 Eluvald.

430 2341 519 2369 Facta
544 2339 791 2378 congregacione
815 2340 951 2366 nacionis
977 2340 1093 2377 Anglie,
1117 2339 1223 2377 qulnta
1245 2340 1294 2368 die

388 2390 503 2418 mensis
520 2387 591 2424 Maii
609 2398 688 2416 anno
708 2387 833 2416 Domini
849 2387 1011 2416 millesimo
1027 2387 1166 2417 CCCC1⁰
1183 2388 1214 2417 in
1229 2389 1295 2427 pri-

388 2439 446 2467 mis
461 2438 574 2467 Nostre
592 2437 721 2466 Domine
737 2437 818 2475 apud
834 2436 977 2465 Sanctum
997 2436 1183 2466 Maturinum
1202 2447 1296 2476 super

388 2488 487 2516 tribus
503 2486 653 2515 articulis.
670 2486 793 2515 Primus
807 2486 844 2514 ad
856 2485 1028 2524 eligendum
1044 2492 1292 2524 procuratorem;

389 2537 543 2566 secundus
567 2545 661 2574 super
674 2534 825 2564 locatione
843 2535 952 2563 domus
972 2545 1062 2562 cornu
1084 2537 1162 2563 cervi
1178 2535 1210 2563 in
1227 2535 1295 2564 vico

391 2585 493 2614 Sancti
521 2584 668 2623 Hyllarii;
696 2584 811 2612 tercius
834 2593 928 2622 super
955 2583 1238 2622 supplicacionibus
1267 2591 1296 2613 et

390 2633 522 2674 injuriis.
540 2634 640 2672 Super
655 2633 755 2672 primo
769 2632 884 2661 electus
900 2632 955 2661 fuit
968 2632 1164 2661 concorditer
1177 2633 1208 2661 in
1222 2643 1296 2671 pro-

391 2690 562 2712 curatorem
578 2682 727 2721 magister
738 2681 896 2710 Johannes
912 2681 1053 2710 Eluvald.
1071 2680 1172 2720 Super
1189 2682 1220 2709 2⁰
1235 2682 1296 2710 sue-

391 2738 462 2761 runt
484 2732 545 2760 dati
564 2731 700 2771 deputati
719 2730 771 2770 qui
795 2730 944 2759 haberent
964 2729 1090 2758 visitare
1112 2731 1245 2765 domum,
1268 2736 1297 2759 et

391 2781 471 2809 scire
486 2791 543 2819 pro
560 2786 673 2819 quanto
691 2786 799 2819 posset
814 2779 911 2818 ipsam
930 2778 1030 2807 locare
1051 2785 1081 2807 et
1098 2778 1173 2808 illud
1191 2779 1296 2808 nacio—

390 2830 421 2858 ni
438 2830 564 2858 referre.

423 2944 444 2966 1.
479 2944 529 2975 Qui
540 2952 617 2975 supra
629 2952 654 2975 p.
664 2944 719 2974 810,
732 2944 768 2971 17,
782 2946 886 2967 vocatur
896 2942 1079 2966 Possessoris?

422 2980 445 3002 2.
479 2981 527 3002 Ms.
544 2980 685 3010 Dorgraco.

931 449 1151 476 AUCTARIUM
1169 448 1430 476 CHARTULARH
1453 449 1627 476 UNIVERS.
1649 450 1765 476 PARIS.

1331 971 1364 996 10

1330 1214 1364 1240 15

1331 1459 1365 1485 20

1330 1705 1364 1730 25

1331 1955 1365 1980 30

1332 2200 1366 2225 35

1332 2444 1366 2470 40

1333 2688 1367 2714 45

2258 449 2314 476 82ss

1444 525 1546 566 Super
1562 526 1658 556 tercio
1677 525 1864 565 supplicavit
1876 525 2024 565 magister
2041 525 2200 555 Gai-ardus
2216 525 2316 556 Dum·

1403 574 1498 604 heren
1508 582 1542 605 ut
1558 576 1646 605 nacio
1657 575 1750 604 vellet
1760 575 1820 604 sibi
1833 575 1905 604 dare
1916 575 2049 614 aliquam
2059 584 2208 605 summam
2217 585 2309 614 pecu-

1403 623 1453 653 nie
1475 624 1599 653 racione
1622 624 1737 654 lecture
1756 634 1810 654 sue
1828 623 1900 652 libri
1921 623 2122 663 Ethycorum,
2141 625 2309 659 secundum

1403 673 1486 712 quod
1504 673 1592 702 nacio
1611 673 1696 702 dedit
1711 673 1780 702 aliis
1799 672 1962 712 magistris
1983 672 2086 712 ipsum
2107 672 2138 702 in
2155 672 2308 702 consimili

1402 721 1519 751 lectura
1537 722 1788 761 precedentibus.
1814 721 1911 759 Quam
1934 721 2197 761 supplicacionem
2220 722 2313 751 nacie

1402 780 1464 799 non
1481 770 1662 810 acceptavit,
1680 771 1751 810 quia
1766 770 1853 800 multi
1869 771 1992 800 fuerunt
2006 770 2148 810 magistri
2163 770 2217 810 qui
2233 771 2308 800 deli-

1401 820 1549 849 berarunt
1564 820 1647 859 quod
1662 830 1723 849 non
1738 820 1885 849 videbant
1897 820 2031 855 modum,
2045 829 2102 859 per
2117 829 2207 859 quem
2223 826 2308 859 pote·

1401 875 1450 898 rat
1463 869 1552 898 nacio
1566 868 1625 898 sibi
1642 878 1836 904 succurrere,
1852 868 1921 898 visa
1931 867 2068 908 ejusdem
2081 868 2220 898 nacionis
2235 879 2307 908 pau-

1402 923 1519 957 pertate
1527 929 1535 953 ς
1555 924 1585 947 81
1599 917 1694 957 aliqui
1713 917 1854 957 magistri
1869 916 1935 957 ejus
1949 917 2174 958 supplicacioni
2188 919 2308 958 acquie-

1400 972 1520 996 verunt.
1549 965 1610 995 Sed
1630 966 1704 1006 quia
1725 966 1829 996 multis
1851 967 1994 1007 apparuit
2015 967 2099 1006 quod
2118 967 2316 1006 supplicacio·

1402 1014 1468 1054 ejus
1487 1021 1553 1044 erat
1567 1015 1720 1055 graciosa,
1738 1022 1768 1045 et
1782 1014 1883 1045 unus³
1904 1015 1989 1045 solus
2005 1021 2108 1055 potest
2124 1016 2314 1046 interemere

1402 1063 1664 1104 supplicacionem
1677 1065 1844 1104 gratiosam
1863 1076 1869 1094 :
1882 1065 1952 1094 ideo
1965 1065 2022 1094 suit
2032 1065 2210 1094 conclusum
2225 1066 2310 1105 quod

1402 1119 1532 1151 protunc
1548 1123 1610 1142 non
1631 1119 1752 1152 poterat
1775 1113 1892 1152 aliquid
1909 1113 2033 1143 habere.
2052 1114 2127 1143 Item
2149 1114 2309 1154 supplica-‘-

1400 1161 1445 1191 vit
1459 1168 1643 1201 procurator
1659 1162 1804 1202 antiquus
1815 1168 1848 1191 ut
1863 1162 1952 1191 nacio
1966 1162 2059 1192 vellet
2075 1163 2177 1202 ipsum
2193 1163 2308 1193 habere

1401 1210 1434 1239 in
1450 1211 1584 1250 peractis
1606 1217 1744 1250 tempore
1762 1211 1975 1250 procuratorie
1993 1222 2047 1241 sue
2068 1218 2220 1248 avoatum,
2235 1222 2315 1253 gra-

1401 1265 1475 1289 tum.
1494 1259 1552 1290 Cui
1568 1260 1794 1300 supplicacioni
1813 1261 1931 1290 favebat
1947 1260 2048 1290 nacio.

1442 1308 1518 1337 Item
1534 1309 1610 1338 facta
1626 1308 1874 1349 congregacione
1889 1308 2026 1349 ejusdem
2041 1310 2182 1340 nacionis
2196 1310 2316 1350 Anglie

1401 1356 1456 1386 V1=
1476 1358 1525 1386 die
1545 1358 1661 1387 mensis
1681 1358 1755 1387 Maii
1773 1368 1853 1387 anno
1876 1358 2054 1398 supradicto
2074 1369 2168 1398 super
2189 1360 2315 1390 duobus

1401 1406 1550 1436 articulis.
1569 1407 1693 1436 Primus
1706 1407 1854 1437 articulus
1873 1407 1929 1436 fuit
1945 1417 2040 1447 super
2054 1409 2132 1438 facto
2153 1409 2262 1438 domus
2277 1409 2310 1439 in

1401 1454 1470 1485 vico
1487 1455 1626 1485 Brunelli
1643 1457 1686 1485 ad
1698 1458 1868 1496 ymaginem
1885 1456 1970 1485 beate
1982 1458 2082 1486 Mar-ie
2094 1463 2224 1497 propter
2235 1458 2318 1498 lapi·

1402 1504 1457 1534 des
1478 1514 1536 1544 per
1556 1505 1736 1545 magistrum
1753 1505 1900 1535 Thomam
1919 1505 2012 1535 Fabri
2032 1506 2070 1535 ab
2090 1507 2196 1535 eadem
2217 1507 2315 1537 domo

1402 1559 1548 1588 remotos,
1565 1564 1635 1583 nam
1653 1554 1847 1594 supplicabat
1858 1554 2095 1584 archidiaconus
2111 1555 2163 1594 qui
2178 1562 2250 1586 tunc
2263 1556 2310 1586 in—

1401 1602 1557 1632 habitabat
1582 1603 1663 1632 illam
1689 1604 1823 1639 domum,
1847 1603 1992 1643 quatinus
2016 1604 2105 1633 nacio
2130 1604 2223 1634 vellet
2246 1605 2307 1635 sibi

1401 1651 1549 1681 assistere
1568 1653 1606 1681 ad
1623 1653 1852 1691 procedendum
1870 1659 1978 1682 contra
1994 1653 2108 1682 dictum
2129 1654 2310 1693 magistrum

1402 1700 1558 1729 Thomam.
1571 1700 1667 1740 Cujus
1681 1701 1905 1741 supplicacioni
1917 1702 2035 1731 favebat
2050 1702 2149 1737 113810,
2162 1702 2223 1732 sibi
2233 1703 2316 1732 assi-v

1402 1750 1525 1788 gnando
1548 1756 1650 1779 certos
1675 1751 1849 1789 deputatos,
1867 1750 1920 1790 qui
1943 1760 2046 1780 secum
2066 1750 2215 1781 haberent
2233 1761 2309 1791 pro-

1401 1799 1512 1828 cedere
1537 1798 1568 1827 in
1594 1799 1646 1828 illo
1669 1799 1757 1828 facto.
1784 1799 1858 1828 Item
1881 1799 1912 1828 in
1935 1800 2040 1828 eadem
2062 1801 2310 1840 congregacione

1402 1848 1524 1877 suerunt
1546 1848 1607 1877 dati
1632 1849 1708 1877 certi
1730 1848 1866 1888 deputati
1887 1849 1925 1877 ad
1944 1848 2106 1878 locandum
2130 1850 2252 1878 domum
2272 1851 2316 1879 de-

1402 1907 1492 1925 cor-nu
1509 1899 1588 1925 cervi
1608 1908 1666 1937 pro
1683 1897 1812 1927 utilitate
1836 1898 1987 1933 nacionis,
2005 1897 2149 1927 videlicet
2167 1899 2309 1939 magistri

1402 1945 1579 1975 Aernoldus
1590 1946 1730 1981 Wtwiic,
1743 1947 1757 1975 J
1763 1946 1899 1975 ohannes
1915 1946 2032 1986 Dorpe,
2044 1947 2201 1977 «Iohannes
2218 1948 2315 1977 Suth—

1404 1994 1483 2023 fania
1502 2001 1532 2024 et
1553 2002 1745 2034 procurator.
1767 1995 1856 2024 Alius
1881 1995 2028 2025 articulus
2047 1996 2102 2025 fuit
2124 2006 2219 2035 super
2239 1997 2312 2026 aliis

1403 2043 1700 2082 suppficacionibus,
1716 2051 1746 2074 et
1759 2050 1892 2084 protunc
1907 2044 1983 2073 nulli
1995 2044 2045 2073 alii
2059 2046 2182 2074 fuerunt
2192 2045 2315 2085 suppli-

1403 2098 1519 2122 cantes.

1808 2187 1902 2216 1401

1433 2259 1595 2300 (Fol.59¹²)
1624 2258 1716 2288 Acta
1749 2259 1784 2287 in
1815 2259 2077 2298 procuratoria
2102 2259 2276 2298 magistri

1538 2308 1728 2338 Navnonis
1756 2307 1937 2337 Johannis
1971 2308 2013 2336 de
2045 2307 2174 2336 Dacia.

1444 2389 1536 2418 Facta
1562 2388 1808 2428 congregacione
1831 2387 1970 2417 nacionis
1992 2387 2174 2426 Anglicane‚
2198 2386 2241 2416 11³
2259 2387 2316 2416 die

1404 2438 1520 2468 mensis
1542 2437 1625 2466 Junii
1649 2447 1729 2466 anno
1755 2436 1879 2466 Domini
1906 2436 1996 2466 MCD
2020 2436 2130 2477 primo,
2146 2436 2178 2464 in
2199 2436 2314 2475 primis

1404 2487 1516 2517 Nostre
1536 2486 1666 2515 Domine
1682 2486 1763 2524 apud
1779 2485 1923 2515 Sanctum
1939 2484 2125 2514 Maturinum
2141 2494 2236 2523 super
2251 2485 2311 2514 tri-

1404 2537 1461 2566 bus
1477 2534 1626 2564 articulis.
1645 2534 1768 2563 Primus
1787 2534 1933 2563 articulus
1950 2534 1987 2562 ad
2003 2533 2179 2572 eligendum
2197 2543 2309 2563 novum

1405 2590 1651 2624 procuratorem;
1682 2584 1836 2612 secundus
1861 2583 1898 2611 ad
1924 2582 2108 2611 audiendum
2135 2588 2310 2621 compotum

1404 2633 1590 2672 receptoris;
1615 2632 1729 2661 tercius
1752 2641 1846 2671 super
1871 2630 2155 2670 supplicacionibus
2178 2637 2207 2660 et
2228 2629 2311 2670 inju-

1405 2681 1470 2710 riis.
1491 2681 1592 2720 Super
1606 2681 1706 2720 primo
1727 2680 1842 2709 electus
1865 2679 1920 2709 fuit
1936 2679 2134 2708 concorditer
2150 2679 2180 2708 in
2197 2689 2313 2718 procu-

1405 2735 1537 2759 ratorem
1558 2729 1704 2769 magister
1723 2729 1830 2758 Navno
1847 2728 1998 2758 Johannis
2020 2729 2058 2756 de
2081 2727 2187 2757 Dacia.
2210 2728 2319 2767 Super

1406 2779 1541 2808 secundo
1559 2778 1655 2807 nichil
1673 2778 1728 2807 fuit
1745 2778 1866 2811 factum,
1886 2777 1958 2816 quia
1977 2783 2120 2815 receptor
2137 2786 2199 2806 non
2213 2776 2310 2806 venit.

1407 2827 1507 2866 Super
1525 2827 1620 2856 tercio
1642 2826 1827 2866 supplicavit
1845 2825 1990 2865 antiquus
2013 2832 2206 2864 procurator,
2226 2825 2315 2864 quod

1438 2942 1461 2966 ³.
1495 2942 1542 2964 Ms.
1555 2941 1642 2964 unius.
