2632 3464
470 404 521 430 239

875 481 972 511 1358

489 552 648 592 Tempus
677 553 965 592 procuracionis
996 553 1168 593 magistri
1204 553 1356 583 Martini

683 601 895 631 Wesselicz
927 603 969 631 de
999 602 1160 631 Boemia.

506 676 598 707 Anno
628 677 753 707 Domini
779 678 826 707 Μ0
849 678 944 708 CCC⁰
970 678 1227 718 quinquagesimo
1249 685 1373 714 octavo,

467 726 582 756 XV111²
599 726 648 756 die
672 727 788 756 mensis
811 727 1007 762 Novembris,
1029 727 1107 756 facta
1129 727 1375 766 congregacione

466 775 608 805 nacionis
632 775 804 816 Anglicane
831 777 913 815 apud
943 776 1089 805 Sanctum
1119 776 1272 805 Julianum
1297 786 1375 815 pau-

467 835 584 864 perem,
602 825 718 854 electus
737 825 793 854 suit
808 825 839 853 in
856 831 1089 865 procuratorem
1105 825 1253 864 magister
1266 825 1375 854 Marti-

465 884 524 903 nus
546 873 721 903 Wesselicz
742 875 779 903 de
805 873 964 909 Bohemia,
991 874 1022 902 in
1042 873 1129 913 cujus
1150 874 1375 913 procuracione

467 930 538 953 sunt
552 923 607 952 hec
625 930 691 952 acta
709 933 768 962 que
789 923 1030 962 subsequuntur.

507 972 624 1007 Primo,
646 972 695 1001 die
711 973 761 1001 30³
779 972 896 1001 mensis
913 972 1096 1001 Decembris
1111 973 1189 1001 facta
1201 982 1374 1012 congrega-

464 1022 548 1051 tione
563 1021 702 1050 nacionis
724 1021 901 1060 supradicte
925 1031 1020 1060 super
1038 1027 1181 1061 compoto
1201 1022 1373 1061 receptoris

464 1071 617 1100 audiendo
631 1070 662 1099 in
680 1069 810 1099 ecclesia
823 1069 921 1099 sancti
936 1070 1084 1099 Maturini
1100 1070 1174 1099 hora
1187 1070 1286 1110 prime
1303 1077 1374 1110 post

465 1130 649 1154 sermonem,
663 1119 784 1148 auditus
799 1125 846 1148 est
859 1125 1020 1158 compotus
1032 1130 1048 1148 a
1059 1119 1207 1158 magistro
1217 1119 1373 1149 Themone

464 1176 624 1209 receptore
640 1168 779 1198 nacionis
798 1168 985 1208 supradicte,
1006 1175 1036 1197 et
1053 1169 1196 1198 omnibus
1213 1176 1373 1208 computa-

464 1219 515 1254 tis,
545 1217 696 1257 expositis
721 1224 750 1246 et
785 1217 920 1257 receptis
948 1219 1110 1247 tenebatur
1139 1218 1373 1257 prenominatus

463 1273 607 1307 receptor
626 1268 662 1296 13
681 1273 765 1296 scuta
782 1267 957 1305 Jo[hannis]
973 1272 1003 1296 et
1023 1267 1041 1296 3
1061 1266 1195 1302 solidos,
1213 1273 1300 1296 scuto
1318 1278 1373 1297 va-

464 1317 545 1346 lente
560 1316 662 1345 XXIII
682 1316 811 1345 solidos.

503 1366 578 1395 Item
594 1366 643 1394 die
662 1365 768 1394 martis
788 1364 951 1404 proximo⁴
974 1371 1046 1404 post
1069 1371 1206 1394 octavam
1231 1365 1372 1405 Epipha-

461 1416 511 1444 nie
529 1414 654 1444 Domini
674 1414 923 1454 congregacione
946 1414 1085 1443 nacionis
1104 1414 1277 1454 Anglicane
1294 1415 1372 1444 sacta

461 1465 543 1503 apud
562 1464 705 1492 Sanctum
719 1463 884 1498 sulianum,
901 1463 1089 1502 supplicavit
1107 1463 1251 1493 dominus
1267 1463 1371 1493 Theo-

461 1513 566 1542 dricus
584 1513 622 1541 de
638 1512 729 1542 Unna
743 1512 882 1541 nacionis
893 1512 1044 1552 predicte,
1057 1518 1090 1541 ut
1100 1512 1202 1551 ipsum
1213 1514 1251 1542 de
1265 1513 1370 1542 bursis

460 1573 517 1602 pro
533 1562 708 1601 inceptione
720 1562 830 1590 dandis
842 1561 969 1590 haberet
980 1568 1194 1601 supportatum
1210 1562 1264 1601 qui
1279 1562 1369 1592 etiam

460 1622 562 1641 coram
579 1611 719 1650 predicta
737 1611 866 1640 nacione
870 1633 931 1639 .....
944 1609 969 1639 ².

501 1661 541 1689 Et
570 1661 650 1689 idem
681 1659 825 1689 dominus
856 1659 1050 1689 Theodricus
1083 1653 1191 1689 eodem
1228 1661 1277 1690 die
1311 1662 1368 1690 sub

460 1710 610 1749 magistro
628 1709 785 1738 Themone
801 1709 927 1748 incepit,
947 1708 1035 1748 cujus
1051 1709 1186 1738 bursa...

500 1759 574 1788 Item
597 1754 704 1787 eodem
730 1758 780 1787 die
804 1757 946 1787 dominus
967 1758 1119 1787 Volkerus
1144 1759 1181 1787 de
1210 1758 1368 1788 Sutwania

458 1808 574 1847 incepit
596 1808 653 1837 sub
680 1807 828 1846 magistro
862 1806 990 1836 Alberto
1023 1808 1061 1836 de
1093 1807 1242 1844 Saxonia,
1280 1807 1367 1847 cujus

458 1859 552 1886 bursa
567 1857 594 1886 X
610 1856 714 1891 solidi,
735 1862 822 1885 scuto
837 1856 956 1886 valente
975 1856 1095 1885 XXIIII
1111 1857 1241 1886 solidos.

499 1907 538 1935 Et
553 1906 603 1935 die
620 1906 765 1935 mercurii
781 1905 922 1945 proximo
938 1911 1086 1945 sequente
1098 1905 1110 1923 ³
1139 1907 1216 1935 facta
1233 1916 1367 1946 congre-

457 1956 580 1996 gatione
604 1955 754 1984 facultatis
777 1955 887 1984 artium
910 1954 942 1983 in
966 1954 1098 1984 ecclesia
1120 1955 1217 1984 sancti
1240 1956 1365 1991 Juliani,

457 2005 534 2034 lecta
555 2005 611 2034 fuit
633 2005 763 2044 quedam
786 2003 895 2033 cedula
919 2004 1132 2043 dispendiosa,
1156 2015 1216 2043 que
1241 2005 1365 2034 domino

456 2054 570 2083 rectori
586 2054 680 2083 totius
697 2053 918 2083 Universitatis
934 2052 1122 2082 Parisiensis
1134 2052 1144 2071 ⁴
1164 2059 1195 2082 et
1215 2064 1367 2093 procura-

456 2103 577 2132 toribus
604 2109 634 2132 et
658 2102 792 2141 singulis
816 2102 974 2141 magistris
997 2101 1149 2131 facultatis
1173 2103 1283 2132 artium
1309 2113 1367 2142 per

456 2158 628 2182 curatorem
650 2151 876 2190 theologorum,
905 2150 1058 2180 bedellum
1081 2150 1218 2190 ejusdem
1240 2152 1367 2181 faculta-

456 2202 507 2237 tis,
534 2202 565 2230 in
587 2201 828 2240 congregatione
848 2199 999 2229 facultatis
1022 2200 1131 2229 artium
1154 2207 1219 2230 erat
1241 2211 1367 2240 presen-

456 2257 517 2280 tata
529 2250 552 2279 ⁵.
584 2250 650 2287 Qua
674 2249 914 2289 congregatione
946 2249 1031 2278 finita
1056 2249 1198 2289 magistri
1226 2250 1366 2280 nacionis

454 2299 625 2339 Anglicane
642 2299 836 2328 intraverunt
851 2298 882 2327 in
902 2308 991 2327 unam
1006 2298 1174 2333 tabernam,
1194 2299 1247 2327 ubi
1267 2299 1366 2338 magi-

455 2354 519 2378 ster
540 2347 704 2382 Volkerus,
732 2347 785 2386 qui
807 2347 988 2386 precedenti
1011 2346 1061 2376 die
1083 2347 1252 2386 inceperat,
1274 2347 1367 2377 solvit

456 2397 468 2426 Ι
485 2397 633 2426 ssorenum
646 2406 704 2436 pro
724 2396 863 2425 introitu.

496 2446 568 2485 (Fal.
592 2448 628 2476 40
642 2445 666 2486 ¹³)
693 2445 767 2474 Item
786 2446 892 2474 eodem
913 2445 962 2474 die
981 2444 1108 2474 martis⁶
1133 2445 1274 2484 proximo
1294 2452 1367 2485 post

454 2501 591 2524 octavam
612 2494 787 2534 Epiphanie
808 2494 933 2523 Domini
949 2493 1064 2533 juravit
1083 2494 1227 2523 dominus
1248 2494 1366 2534 Pilgri-

454 2554 512 2573 nus
527 2544 705 2573 Zeleschicz
723 2544 761 2572 de
775 2543 887 2572 Prusia
896 2542 1071 2582 juramenta
1082 2553 1142 2582 que
1159 2549 1280 2572 tenetur
1293 2554 1365 2583 pro-

454 2593 589 2623 curatori
600 2592 706 2633 jurare
721 2602 779 2632 pro
797 2592 978 2632 incepcione
995 2602 1061 2627 sua,
1076 2591 1163 2632 cujus
1174 2593 1299 2622 bursam
1312 2593 1364 2622 diu

453 2649 522 2671 ante
541 2642 741 2682 expediverat
760 2640 928 2681 receptori,
947 2651 1006 2680 que
1027 2642 1121 2670 bursa
1143 2648 1191 2670 est
1209 2641 1266 2670 XII
1287 2641 1364 2671 soli-

453 2693 574 2727 dorum,
593 2698 680 2721 scuto
695 2691 815 2720 valente
832 2690 978 2720 XXXIIIl
998 2690 1128 2719 solidos.

542 2794 571 2817 15
587 2793 716 2817 Ianuarii.

541 2829 679 2860 Sequentia
692 2837 786 2852 rasura
798 2828 883 2852 deleta
893 2830 961 2852 sunt.

541 2865 571 2888 16
582 2864 704 2888 Ianuarii
707 2883 711 2887 .

543 2902 612 2924 Tunc
627 2900 741 2924 Johanni
754 2901 832 2924 Ance.

543 2937 573 2960 Ut
587 2945 600 2960 e
612 2936 775 2968 sequentibun
788 2938 904 2968 apparet,
918 2935 1044 2968 agebatur
1056 2935 1088 2959 de
1100 2935 1292 2968 praepositione
1306 2943 1361 2959 rec-

482 2794 508 2960 aare?

1022 405 1241 432 AUCTARIUM
1259 405 1518 433 CHARTULARII
1542 407 1716 434 UNIVERS.
1737 408 1854 435 PARIS.

1413 926 1446 951 10

1411 1171 1444 1197 15

1409 1418 1443 1443 20

1407 1663 1440 1689 25

1404 1910 1438 1936 30

1404 2157 1437 2182 35

1403 2403 1437 2429 40

1401 2649 1434 2675 45

2343 413 2396 440 240

1525 483 1600 513 Item
1625 484 1742 524 incepit
1761 485 1905 514 dominus
1927 485 2113 516 Chunradus
2132 487 2171 516 de
2188 487 2315 518 Boemia
2336 489 2394 519 suh

1484 532 1635 572 magistro
1647 532 1777 563 Alberto
1793 534 1830 563 de
1849 533 1987 570 Boemia,
2007 534 2095 575 cujus
2107 537 2202 566 bursa
2214 537 2322 567 nichil.

1525 581 1600 610 Item
1622 591 1702 611 anno
1726 582 1851 612 Domini
1871 584 1916 613 Μο
1934 585 1994 614 300
2011 585 2077 620 59⁰,
2097 585 2147 615 die
2169 586 2299 616 martis⁷
2323 593 2395 627 post

1485 629 1734 660 Purificationem
1758 638 1865 662 nostre
1887 633 2030 669 Domine,
2051 634 2129 663 facta
2151 636 2394 676 congregatione

1484 679 1702 718 magistrorum
1721 681 1862 710 nacionis
1884 681 2067 722 Anglicane,
2092 683 2279 723 supplicavit
2298 686 2393 725 magi-

1485 733 1550 757 ster
1571 727 1721 769 Ortolpus
1750 730 1788 759 de
1808 730 1938 760 Bavaria
1963 741 2022 771 pro
2048 732 2173 762 domino
2198 733 2329 764 Alberto
2354 735 2393 765 de

1484 775 1625 813 Ravana,
1654 785 1688 808 ut
1709 779 1849 818 predicta
1874 780 1963 809 nacio
1983 781 2065 810 bona
2084 781 2216 821 pignora
2238 783 2393 823 reciperet

1483 835 1541 864 pro
1563 826 1668 856 bursis
1697 827 1778 863 suis,
1805 838 1881 868 quas
1909 829 1977 868 ipse
2001 835 2161 859 teneretur
2184 831 2305 861 solvere
2331 842 2389 872 pro

1484 874 1724 905 determinancia
1740 886 1806 912 sua,
1821 888 1880 917 que
1899 878 2085 918 supplicatio
2097 879 2154 909 fuit
2170 880 2231 909 sibi
2243 890 2392 912 concessa

1484 922 1515 951 in
1547 924 1651 953 eadem
1676 926 1919 966 congregatione
1950 927 2080 957 ecclesie
2107 928 2204 958 sancti
2231 929 2390 967 Maturini,

1483 977 1513 1000 et
1525 972 1614 1001 etiam
1629 982 1686 1011 pro
1703 973 1902 1005 licenciatura
1920 986 1986 1005 sua.

1524 1021 1598 1050 Item
1623 1022 1655 1051 in
1679 1023 1786 1052 eodem
1809 1033 1888 1053 anno
1915 1025 1947 1054 in
1973 1025 2105 1055 ecclesia
2121 1025 2184 1066 jam
2209 1027 2291 1057 dicta
2313 1029 2392 1060 facta

1482 1071 1724 1110 congregatione
1735 1072 1875 1102 nacionis
1888 1073 2058 1114 Anglicane
2070 1076 2157 1105 die...
2170 1075 2183 1094 ⁸
2201 1082 2270 1106 ante
2282 1077 2391 1108 Purifi-

1482 1119 1632 1148 cationem
1643 1127 1750 1150 nostre
1761 1121 1904 1158 Domine,
1917 1124 2104 1163 computavit
2115 1125 2264 1165 magister
2274 1126 2391 1157 Themo

1481 1174 1626 1207 receptor
1647 1169 1783 1199 nationis
1810 1169 1963 1210 ejusdem,
1987 1179 2017 1201 et
2041 1174 2184 1203 omnibus
2206 1175 2390 1215 computatis

1482 1218 1633 1256 expositis
1671 1225 1701 1247 et
1734 1220 1868 1259 receptis
1902 1221 2064 1251 tenebatur
2093 1223 2232 1261 predicte
2263 1224 2387 1254 nacioni

1481 1273 1625 1306 receptor
1641 1268 1677 1296 15
1693 1269 1804 1306 [scuta]
1822 1268 1984 1305 Johannis,
2002 1270 2020 1298 2
2036 1270 2094 1300 sol.

1887 1362 1986 1392 1359

1534 1432 1756 1462 Procuratio
1786 1434 1958 1473 magistri
1987 1434 2145 1465 Henrici
2174 1436 2268 1466 dicti
2296 1438 2339 1468 de

1500 1481 1624 1520 Egher
1654 1482 1696 1510 de
1724 1482 1875 1518 Kalker‚
1906 1483 2151 1514 Coloniensis
2175 1486 2368 1525 dyocesis.

1518 1560 1609 1591 Anno
1632 1561 1757 1591 Domini
1779 1562 1824 1591 ΜΩ
1842 1562 1937 1593 CCC⁰
1958 1563 2216 1605 quinquagesimo
2234 1576 2329 1602 nono,
2354 1567 2387 1597 in

1479 1610 1637 1640 crastin0⁹
1664 1611 1833 1641 Scolastice
1861 1612 2006 1652 virginis,
2035 1614 2112 1643 sacta
2140 1616 2387 1655 congregacione

1478 1659 1629 1689 facultatis
1643 1660 1752 1690 artium
1766 1671 1822 1700 per
1831 1659 2040 1700 juramentum
2056 1663 2195 1693 nacionis
2212 1663 2384 1704 Anglicane

1477 1709 1516 1738 ad
1529 1708 1705 1748 eligendum
1722 1716 1953 1748 procuratorem
1969 1711 2050 1750 apud
2067 1711 2212 1742 Sanctum
2231 1713 2386 1744 «Iulianum

1476 1767 1655 1797 pauperem,
1687 1758 1803 1788 electus
1831 1759 1887 1788 fuit
1916 1759 1948 1788 in
1978 1766 2212 1799 procuratorem
2238 1762 2387 1802 magister

1477 1806 1630 1836 Hem-icus
1657 1807 1758 1837 dictus
1778 1808 1815 1837 de
1838 1807 1944 1848 Egher
1972 1809 2010 1838 de
2036 1809 2161 1846 Kalker,
2187 1810 2386 1842 Coloniensis

1476 1856 1631 1895 dyocesis,
1658 1857 1690 1885 in
1711 1855 1797 1896 cujus
1821 1858 2038 1896 procuratione
2063 1865 2129 1888 acta
2149 1866 2222 1889 sunt
2242 1859 2299 1890 hec
2325 1871 2385 1901 que

1476 1906 1718 1945 subsequuntur.

1514 1955 1548 1984 In
1561 1954 1661 1994 primo
1679 1955 1847 1985 notificavit
1863 1955 1970 1985 eodem
1987 1956 2048 1991 die,
2063 1957 2232 1996 eademque
2247 1968 2383 1998 congre-

1475 2004 1598 2043 gatione
1637 2004 1754 2033 nationi
1793 2004 1933 2043 predicte
1969 2005 2123 2035 discretus
2155 2006 2205 2036 vir
2236 2007 2385 2047 magister

1475 2053 1608 2082 Thomas
1633 2054 1671 2082 de
1691 2053 1815 2088 Hartas,
1838 2053 1960 2088 Scotus,
1982 2055 2134 2093 quendam
2155 2056 2268 2085 bonum
2282 2055 2383 2086 virum

1475 2103 1513 2131 de
1529 2102 1648 2138 Scocia,
1661 2102 1816 2131 dominum
1830 2101 1927 2131 Adam
1941 2103 2070 2132 Jeduort
2087 2103 2224 2139 Scotum,
2237 2105 2383 2135 fundasse

1475 2151 1616 2181 Parisius
1653 2151 1839 2180 hereditarie
1875 2157 1905 2181 et
1943 2158 2096 2191 perpetuo
2140 2153 2281 2183 redditus
2321 2152 2380 2184 ΧΠ

1474 2200 1621 2230 librarum
1636 2206 1756 2230 monete
1767 2206 1905 2239 tempore
1916 2201 2080 2230 solutionis
2094 2201 2236 2231 Parisius
2249 2212 2383 2232 commu·

1474 2250 1555 2279 niter
1572 2249 1725 2279 currentis
1745 2259 1803 2288 pro
1818 2249 1923 2279 bursis
1943 2250 2072 2279 scolaris
2089 2250 2182 2280 unius
2204 2251 2242 2280 de
2265 2251 2382 2287 scotia,

1474 2308 1564 2338 quem
1579 2299 1647 2338 ipse
1661 2298 1760 2337 primo
1776 2298 1915 2338 eligeret,
1936 2299 2057 2328 demum
2072 2305 2145 2338 post
2162 2309 2231 2329 eum
2249 2300 2381 2339 provin-

1473 2348 1515 2377 tia
1534 2347 1647 2383 Scotie,
1664 2347 1812 2386 deinceps
1825 2347 1908 2377 natio
1918 2347 2100 2388 Anglicana‚
2115 2354 2225 2388 postea
2240 2348 2380 2386 facultas,

1474 2403 1503 2425 et
1526 2397 1647 2425 tandem
1675 2396 1870 2426 Universitas
1893 2396 2082 2426 Parisiensis
2103 2397 2141 2426 de
2171 2398 2276 2427 eadem
2305 2408 2382 2437 pro-

1473 2445 1574 2475 vincia
1584 2445 1697 2480 Scotie‚
1713 2455 1802 2484 quem
1814 2445 1936 2474 duxerit
1947 2445 2138 2485 eligendum;
2151 2446 2308 2476 ratificans
2321 2447 2379 2477 hos

1473 2494 1613 2524 redditus
1631 2494 1662 2523 in
1682 2494 1776 2524 certis
1797 2494 2001 2533 pensionibus
2022 2495 2183 2523 domorum
2204 2496 2262 2524 sub
2279 2495 2381 2526 literis

1473 2543 1629 2583 regalibus
1643 2543 1881 2582 testimonioque
1900 2543 2057 2572 literarum
2080 2539 2274 2582 parlamenti,
2291 2544 2381 2574 aliis-

1473 2603 1532 2632 que
1554 2592 1654 2621 modis
1671 2592 1869 2627 certioribus,
1890 2598 1983 2632 prout
2004 2591 2103 2621 adhuc
2123 2592 2254 2632 amplius
2277 2593 2315 2622 de
2333 2593 2380 2623 eis

1471 2642 1523 2670 fiet
1546 2641 1665 2671 mensio
1696 2641 1825 2670 ulterior
1851 2641 1882 2670 in
1920 2640 2144 2676 Universitate;
2178 2642 2379 2681 presentibus

1472 2690 1630 2730 magistris
1644 2695 1846 2730 procuratore
1865 2690 1984 2730 prefato
2003 2689 2172 2726 Themone,
2193 2689 2324 2720 Alberto
2340 2691 2378 2721 de

1471 2792 1543 2821 toris,
1555 2795 1582 2816 ut
1592 2800 1679 2823 cupra,
1690 2800 1717 2823 p.
1729 2792 1783 2821 168,
1795 2791 1817 2820 1,
1829 2793 1852 2815 et
1865 2791 1897 2815 de
1909 2791 2036 2823 dignitate
2045 2791 2168 2824 ejusdem.

1502 2829 1525 2852 6.
1560 2828 1589 2851 15
1599 2827 1728 2852 Ianuarii.

1502 2864 1525 2887 7.
1559 2865 1572 2886 5
1585 2862 1726 2886 Februarii.

1501 2900 1523 2922 8.
1559 2898 1675 2930 Spatium
1692 2898 1718 2922 in
1731 2906 1778 2923 me.

1501 2936 1525 2959 9.
1559 2935 1586 2958 11
1601 2933 1744 2959 Februarii.
