2632 3464
412 443 459 468 671
956 439 1177 466 AUCTARIUM
1198 437 1457 465 CHARTULARII
1478 439 1652 466 UNIVERS.
1674 439 1792 466 PARIS.
2280 442 2332 469 672

412 519 709 559 magistrisohannis
726 517 905 552 Forestarii,
921 517 1058 546 nacionis
1070 515 1265 545 concordiam
1281 525 1316 544 ac

411 570 524 597 bonum
540 568 625 607 pacis
641 567 787 607 optantis,
801 573 833 596 ut
847 566 979 601 dicebat,
996 572 1029 595 ut
1042 566 1136 595 clavis
1150 575 1210 594 una
1225 563 1316 593 arche

410 617 504 651 illius,
523 617 554 646 in
570 627 629 656 qua
650 616 785 656 sigillum
804 626 947 655 magnum
968 615 1106 644 nacionis
1123 614 1314 647 servabatur,

412 667 463 696 uni
475 666 706 705 suppositorum
722 665 860 694 nacionis
875 671 905 694 et
919 664 1008 704 regni
1023 664 1130 693 Scocie
1140 662 1226 702 juxta
1241 662 1316 691 alias

410 726 467 755 per
485 715 722 744 Universitatem
738 714 878 743 ordinata
890 714 1074 742 traderetur.
1092 712 1149 742 Cui
1160 717 1232 751 post
1242 710 1316 740 mul-

410 771 456 794 tas
474 765 694 793 altercaciones
715 773 899 802 responsum
918 769 965 791 est
989 762 1071 801 quod
1094 761 1182 790 nacio
1205 760 1317 800 Angli-

410 824 484 842 cana
500 813 531 842 in
544 814 640 842 forma
650 813 810 841 nacionum
826 812 951 840 aliarum
966 810 1171 850 privilegiata,
1183 820 1240 839 nec
1254 819 1317 839 ser-

411 872 447 891 va
469 868 516 890 set
533 862 639 895 libera,
657 862 694 890 ad
715 861 771 890 hoc
791 871 852 889 non
871 861 1042 894 tenebatur,
1059 869 1116 888 nec
1132 859 1224 888 vellet
1242 859 1316 898 peti-

410 911 527 940 cionem
547 911 635 939 talem
652 910 682 938 in
696 910 834 938 nacionis
854 909 1032 938 servitutem
1047 908 1223 947 peraudire.

451 960 541 988 Facta
577 958 821 998 congregacione
856 958 994 987 nacionis
1030 957 1200 996 Anglicane
1235 957 1317 996 apud

412 1009 555 1038 Sanctum
579 1009 776 1042 Maturinum,
800 1007 896 1036 tercio
918 1007 967 1035 die
992 1007 1108 1035 mensis
1133 1006 1317 1035 Novembris

411 1068 490 1087 anno
510 1065 542 1087 ut
563 1068 668 1096 supra,
686 1067 780 1096 super
804 1067 863 1085 uno
883 1055 1013 1085 articulo
1029 1062 1158 1090 tantum,
1173 1055 1317 1084 videlicet

412 1118 467 1146 pro
479 1107 595 1136 unitate
609 1113 638 1135 et
647 1106 812 1135 concordia
824 1105 963 1134 habenda
977 1105 1007 1133 in
1018 1105 1147 1133 nacione
1159 1114 1253 1144 super
1266 1114 1316 1133 cu-

415 1156 514 1185 stodia
534 1154 645 1184 unius⁴
679 1155 773 1183 clavis
798 1154 893 1194 sigilli
918 1154 1020 1193 magni
1042 1153 1193 1188 nacionis,
1226 1163 1315 1192 quam

416 1205 536 1234 dicebat
562 1205 709 1243 magister
731 1204 888 1233 Johannes
911 1203 1079 1232 Forestarii
1097 1203 1253 1242 pertinere
1265 1203 1318 1232 uni

410 1254 642 1293 suppositorum
659 1253 747 1292 regni
766 1253 887 1287 Scocie,
900 1253 989 1281 datus
1006 1252 1061 1281 fuit
1080 1252 1111 1281 in
1125 1253 1314 1291 deputatum,

411 1303 437 1332 si
462 1303 582 1342 questio
610 1312 704 1341 super
732 1302 789 1330 hoc
810 1301 940 1330 ulterius
964 1307 1148 1336 verteretur,
1169 1301 1317 1340 magister

408 1352 564 1381 lohannes
590 1352 627 1380 de
652 1350 800 1380 Austria²
823 1361 880 1390 per
898 1350 1069 1385 nacionem,
1090 1350 1116 1379 si
1134 1360 1214 1390 opus
1233 1356 1317 1379 esset

409 1401 442 1430 in
462 1401 671 1430 Universitate
689 1401 726 1429 ad
747 1400 993 1439 proponendum.

814 1494 911 1523 1392

450 1567 521 1607 (Fol.
541 1569 557 1596 6
572 1566 594 1605 ¹³)
612 1566 700 1595 Acta
724 1566 760 1595 in
789 1566 1085 1595 contennacione
1112 1566 1276 1605 predicti

598 1616 770 1655 magistri
804 1615 984 1644 Johannis
1021 1615 1129 1654 Gray.

451 1697 541 1726 Facta
574 1696 818 1735 congregacione
856 1696 995 1725 nacionis
1027 1695 1199 1735 Anglicane
1235 1696 1316 1735 apud

411 1746 553 1775 Sanctum
584 1746 735 1774 Julianum
772 1755 950 1784 pauperem,
981 1744 1097 1774 XV111=
1120 1744 1170 1773 die
1199 1745 1315 1774 mensis

410 1795 604 1829 Novembris,
627 1805 707 1823 anno
726 1805 786 1833 quo
805 1804 909 1833 supra,
927 1804 1022 1833 super
1043 1793 1143 1822 tribus
1163 1793 1314 1829 articulis,

409 1844 551 1873 videlicet
572 1844 672 1883 primo
690 1845 727 1872 ad
752 1844 926 1883 eligendum
948 1853 1059 1872 novum
1081 1849 1314 1882 procuratorem

409 1893 457 1922 vel
468 1894 504 1922 ad
516 1894 759 1921 contenuandum
773 1892 834 1932 (sic)
847 1892 1015 1931 antiquum.
1027 1891 1238 1921 Contenuatus
1250 1898 1316 1921 erat

410 1942 439 1970 in
453 1949 683 1981 procuratorem
699 1942 846 1981 magister
859 1941 1016 1970 ,lohannes
1032 1940 1126 1980 Gray.

450 1992 494 2019 2¹¹⁵
513 1991 660 2020 articulus
677 1991 731 2020 fuit
753 2000 848 2029 super
869 1989 1030 2019 audicione
1053 1990 1186 2029 compoti
1205 2000 1314 2029 recep-

409 2040 497 2073 toris‚
515 2041 597 2079 quod
612 2040 738 2069 dilatum
759 2040 814 2068 fuit
835 2050 872 2068 ex
894 2049 995 2068 causa.
1013 2040 1059 2068 3¹¹⁸
1077 2049 1171 2078 super
1193 2039 1315 2078 suppli-

409 2089 597 2123 cacionibus,
616 2089 667 2117 ubi
688 2088 940 2127 supplicaverunt
956 2087 1080 2122 bedelli,
1100 2093 1132 2116 ut
1149 2088 1314 2127 unusquis-

410 2148 468 2177 que
491 2148 595 2167 eorum
618 2138 744 2167 haberet
764 2137 836 2166 Vlll
860 2137 977 2166 solidos
1000 2147 1014 2165 a
1037 2136 1313 2166 determinantibus

409 2187 461 2215 illo
480 2197 570 2215 anno.
592 2187 630 2216 Et
645 2187 689 2215 sic
704 2196 885 2215 concessum
904 2193 962 2215 est.

450 2236 539 2264 Facta
554 2236 799 2275 congregacione
818 2235 957 2264 nacionis
975 2234 1145 2274 Anglicane
1164 2235 1195 2263 in
1214 2235 1314 2264 eccle-

410 2285 454 2312 sia
481 2285 560 2313 beati
587 2284 758 2313 Edemundi
786 2283 873 2323 (sic)³
895 2284 926 2313 in
951 2284 1028 2313 festo
1052 2283 1132 2312 beati
1157 2283 1310 2318 Nicholai,

408 2334 589 2362 clericorum
616 2333 750 2362 omnium
774 2333 941 2362 venerandi
970 2332 1106 2371 patroni,
1131 2343 1225 2371 super
1252 2343 1313 2361 uno

408 2382 547 2416 articulo,
559 2382 700 2411 videlicet
711 2392 805 2422 super
820 2382 1030 2421 disposicione
1043 2381 1311 2416 distribucionum‚

409 2432 581 2460 ordinatum
605 2431 670 2466 suit,
692 2438 724 2460 ut
744 2432 781 2460 de
807 2437 908 2459 cetero
929 2431 1095 2459 secundum
1114 2430 1314 2459 consuetudi-

410 2490 477 2509 nem
501 2480 683 2509 laudabilem
706 2487 735 2509 et
757 2481 956 2519 approbatam
979 2489 1062 2508 more
1089 2479 1179 2508 solito
1199 2479 1314 2518 elargi-

410 2535 524 2558 rentur.
540 2529 614 2558 Acta
632 2536 703 2558 sunt
716 2529 770 2557 hec
787 2539 866 2557 anno
883 2528 1070 2567 supradicto.

450 2578 540 2606 Facta
574 2578 818 2617 congregacione
853 2578 991 2606 nacionis
1026 2577 1197 2616 Anglicane
1233 2577 1313 2616 apud

411 2626 553 2655 Sanctum
572 2627 769 2661 Maturinum,
798 2626 885 2655 ΧΙΙΙ1
911 2627 959 2655 die
981 2626 1095 2655 mensis
1120 2626 1312 2661 Decembris,

409 2682 583 2714 presentata
600 2676 654 2704 fuit
669 2676 798 2714 quedam
817 2675 904 2704 litera
921 2675 952 2703 in
968 2675 1095 2704 nacione
1112 2676 1228 2704 directa
1243 2685 1313 2714 pro-

409 2725 542 2753 curatori
567 2731 596 2753 et
616 2725 772 2763 magistris
795 2724 945 2759 nacionis,
964 2730 993 2753 et
1016 2724 1047 2753 in
1066 2724 1312 2764 congregacione

441 2831 462 2853 l.
499 2832 542 2854 Ma».
555 2831 638 2860 cujus.

440 2866 462 2888 2.
495 2867 541 2888 Ma.
556 2866 664 2888 hostria.

439 2902 459 2922 3.
496 2900 564 2923 Talis
578 2901 683 2923 ecclesia
700 2903 758 2923 lunc
772 2900 879 2923 Parisiis
894 2908 943 2923 non
957 2900 1090 2924 exi-olebat.
1110 2900 1163 2924 Vid.
1176 2900 1307 2928 Boanum,

408 2936 454 2959 Les
466 2936 560 2966 eglises
572 2940 596 2958 et
608 2938 767 2959 monustercs
777 2936 808 2958 de
823 2936 905 2959 Paris.
917 2936 1071 2967 Designatur
1081 2936 1188 2959 ecclesia
1197 2935 1312 2959 nationis

409 2971 445 2993 ad
458 2972 503 2994 SS‚
515 2971 637 2994 Cosmum
648 2975 672 2994 et
690 2971 855 2994 Dumiunum.

1355 961 1388 987 10

1355 1208 1388 1233 15

1354 1454 1388 1479 20

1353 1699 1387 1725 25

1351 1945 1386 1971 30

1351 2191 1385 2217 35

1351 2436 1385 2462 40

1351 2682 1384 2707 45

1425 515 1549 554 publica
1571 516 1648 545 lecta
1670 526 1707 545 ex
1728 523 1815 556 parte
1838 517 1954 546 domini
1976 518 2107 547 rectoris
2129 519 2283 548 monentis
2301 525 2333 549 et

1426 564 1608 603 suplicantis
1637 565 1796 595 nacionem
1825 572 1855 595 et
1882 566 2016 602 nacioni,
2042 573 2074 596 ut
2093 566 2179 606 juxta
2202 567 2278 597 alias
2300 568 2332 597 in

1426 612 1635 644 Universitate
1646 621 1676 644 et
1691 625 1747 654 per
1759 615 1923 644 consilium
1939 616 2056 645 domini
2069 616 2169 646 nostri
2186 617 2271 657 regis
2287 616 2332 657 (ut

1425 663 1559 692 asseruit
1582 673 1636 701 per
1661 664 1884 703 inspectionem
1904 665 2109 704 registrorum
2139 667 2330 705 quorundam

1426 712 1680 751 predecessorum
1702 723 1828 742 suorum
1848 713 2013 754 rectorum)
2039 714 2191 749 ordinata,
2217 715 2332 744 clavem

1425 770 1515 789 unam
1533 761 1624 790 arche
1638 761 1732 798 illius,
1747 762 1778 791 in
1791 772 1852 802 qua
1867 762 2002 802 sigillum
2020 773 2180 792 commune
2196 764 2334 794 nacionis

1425 809 1605 845 includitur,
1617 811 1669 840 uni
1684 811 1903 851 magistrorum
1914 812 1952 841 de
1960 821 2058 852 regno
2071 812 2178 842 Scocie
2189 813 2333 848 oriundo,

1426 859 1464 888 ad
1489 859 1662 889 evitandum
1686 860 1787 900 aliqua
1812 871 1871 900 que
1894 862 2024 890 durante
2051 861 2194 891 scismate
2211 862 2334 891 contin-

1425 918 1499 948 gere
1517 909 1650 947 possint,
1666 909 1745 938 tradi
1762 915 1791 939 et
1803 909 1924 939 restitui
1940 911 2171 939 custodiendam
2193 911 2331 949 [ordina-

1425 957 1497 998 ret]‚
1517 963 1546 986 et
1565 968 1655 997 quam
1677 958 1800 997 quidem
1825 959 1973 998 magister
1991 959 2146 989 Robertus
2158 958 2169 978 ⁴
2193 961 2231 989 de
2250 959 2333 990 dicto

1425 1016 1523 1045 regno
1543 1012 1613 1045 post
1627 1006 1738 1035 dictam
1753 1007 1984 1036 ordinacionem
2000 1017 2055 1037 seu
2072 1008 2331 1038 deliberacionem

1426 1064 1482 1093 per
1499 1054 1739 1084 Universitatem
1757 1065 1814 1094 per
1833 1056 1926 1096 longa
1946 1062 2085 1096 tempora
2103 1057 2281 1093 custodivit,
2300 1064 2334 1087 ut

1425 1110 1565 1132 testatur.
1588 1103 1689 1143 Super
1705 1105 1910 1144 responsione
1933 1105 2019 1145 cujus
2037 1106 2184 1146 magister
2200 1106 2333 1146 Egidius

1424 1152 1439 1181 J
1445 1153 1597 1188 udesasse,
1606 1153 1659 1192 qui
1668 1160 1799 1192 protunc
1808 1154 1923 1183 clavem
1934 1154 2034 1194 ipsam
2052 1155 2251 1191 custodierat,
2264 1165 2332 1185 cum

1425 1202 1609 1241 quibusdam
1629 1202 1698 1232 aliis
1715 1203 1884 1243 magistris,
1906 1204 1976 1243 quia
1998 1214 2057 1244 pro
2078 1210 2151 1234 tunc
2172 1214 2234 1234 non
2255 1205 2334 1235 bene

1425 1250 1543 1290 provisi
1568 1252 1606 1280 ad
1629 1253 1892 1291 respondendum,
1916 1253 2059 1283 dicebant
2082 1263 2115 1283 se
2139 1253 2171 1282 in
2196 1254 2335 1293 proxima

1426 1300 1673 1340 congregacione
1697 1301 1835 1331 nacionis
1857 1303 2060 1341 respondere.
2085 1302 2163 1332 Acta
2185 1308 2257 1332 sunt
2278 1302 2335 1332 hec

1425 1359 1506 1378 anno
1523 1349 1712 1389 supradicto.

1833 1445 1851 1473 1
1856 1444 1930 1474 393

1547 1515 1619 1555 (Fol.
1636 1515 1687 1555 7)³
1709 1515 1811 1554 [Acta
1834 1516 2098 1555 procuratorie
2121 1527 2211 1557 mag.

1685 1564 1844 1594 Arnoldi
1874 1565 2059 1604 Bloeyer.]

1468 1644 1554 1674 ...vel
1569 1646 1606 1674 ad
1622 1646 1855 1674 destatuendum
1874 1652 1907 1674 ut
1921 1655 2008 1675 mens
2024 1644 2188 1684 cujuslibet
2203 1652 2332 1676 conten-

1424 1700 1550 1723 taretur.
1566 1694 1667 1733 Super
1677 1694 1777 1733 primo
1793 1694 1921 1723 articulo
1937 1694 2026 1724 electi
2042 1695 2164 1724 fuerunt
2178 1695 2333 1725 anacione

1425 1743 1456 1772 in
1481 1743 1705 1772 examinatores
1737 1743 1876 1783 magistri
1905 1743 2082 1783 Heynricus
2117 1745 2155 1773 de
2185 1744 2331 1780 Aerhem,

1425 1792 1591 1821 Heinricus
1610 1793 1647 1821 de
1664 1793 1724 1832 Oy,
1740 1792 1898 1822 ‚lohannes
1916 1793 1953 1822 de
1966 1792 2062 1828 Veen,
2078 1792 2276 1823 Gheraerdus
2294 1794 2332 1823 de

1425 1841 1532 1871 Hoene
1556 1852 1616 1870 una
1640 1851 1708 1870 cum
1731 1848 1892 1881 receptore
1914 1841 2065 1877 nacionis,
2084 1842 2137 1882 qui
2159 1849 2192 1872 ut
2213 1843 2334 1872 dicebat

1423 1890 1511 1920 nacio
1541 1896 1623 1920 esset
1647 1901 1684 1919 ex
1710 1890 1820 1919 officio.
1853 1890 1955 1930 Super
1978 1891 2010 1919 2⁰
2033 1891 2162 1920 articulo
2191 1891 2332 1931 placebat

1423 1939 1545 1968 nacioni
1563 1939 1748 1969 concludere
1767 1949 1825 1979 pro
1840 1940 2043 1969 destatuendo
2059 1950 2118 1980 pro
2133 1941 2233 1980 prima
2251 1940 2330 1976 vice,

1422 1995 1537 2018 attento
1553 1989 1635 2028 quod
1652 1989 1738 2018 nacio
1752 1995 1782 2018 et
1793 1999 1922 2028 cappam
1936 1995 1965 2018 et
1979 1989 2098 2029 virgam
2111 1995 2141 2018 et
2156 1989 2245 2029 plura
2259 1989 2329 2026 alia,

1422 2048 1480 2078 pro
1498 2038 1611 2078 quibus
1629 2038 1686 2067 fuit
1703 2038 1888 2073 ordinatum,
1903 2037 1966 2077 jam
1983 2037 2120 2074 haberet,
2137 2048 2171 2067 ac
2186 2039 2282 2068 eciam
2298 2039 2330 2068 in

1421 2087 1535 2117 talibus
1552 2087 1650 2116 libera
1662 2097 1731 2116 esse
1745 2086 1848 2116 vellet.

1464 2137 1555 2166 Facta
1566 2136 1814 2175 congregacione
1827 2136 1965 2165 nacionis
1979 2136 2028 2165 die
2043 2137 2184 2175 sequenti
2197 2137 2227 2165 in
2239 2137 2330 2166 nonis

1422 2185 1535 2215 Nostre
1559 2185 1689 2214 Domine
1713 2195 1769 2224 per
1781 2183 1988 2224 juramentum
2009 2195 2103 2224 super
2122 2186 2165 2214 4⁰¹·
2179 2186 2327 2215 articulis.

1423 2235 1547 2264 Primus
1568 2234 1716 2263 articulus
1736 2234 1801 2269 suit,
1817 2234 1890 2273 quia
1909 2235 1946 2263 de
1964 2244 2052 2264 mane
2071 2235 2241 2274 requisitus
2257 2235 2330 2265 fuis-

1423 2294 1486 2313 sem
1514 2284 1546 2312 in
1575 2283 1821 2322 congregacione
1849 2283 2068 2313 Universitatis
2095 2285 2132 2313 ad
2162 2284 2328 2314 faciendam

1423 2332 1700 2372 congregacionem
1730 2342 1824 2371 super
1853 2332 2080 2361 deliberacione
2114 2332 2181 2361 heri
2215 2333 2328 2368 habita,

1423 2382 1492 2420 quia
1517 2387 1548 2410 ut
1572 2381 1716 2410 dicebant
1742 2381 1849 2420 plures
1876 2387 1981 2410 nostre
2009 2381 2147 2410 nacionis
2175 2381 2327 2421 magistri,

1418 2429 1480 2470 jam
1495 2433 1584 2469 longa
1602 2437 1630 2458 et
1644 2432 1806 2459 inveterata
1822 2431 1929 2468 fuisset
1945 2431 2135 2465 consuetudo,
2153 2431 2233 2469 quod
2249 2441 2329 2459 sem-

1420 2490 1476 2518 per·
1489 2480 1640 2517 antiquior·
1651 2480 1794 2517 magister·
1807 2489 1864 2507 non
1875 2489 1989 2518 regens,
2005 2479 2063 2507 duo
2077 2480 2208 2508 seniores
2221 2490 2326 2519 regen-

1423 2536 1465 2557 tes
1482 2539 1541 2556 una
1561 2538 1625 2556 cum
1649 2535 1799 2566 receptor-e
1816 2528 2038 2556 examinatores
2060 2528 2325 2557 determinandum

1421 2579 1557 2615 fuissent,
1576 2583 1605 2606 et
1619 2577 1714 2606 eciam
1730 2576 1869 2605 bedellus
1885 2576 1977 2605 istum
1992 2576 2154 2605 articulum
2167 2577 2325 2616 magistris

1422 2636 1484 2655 non
1500 2626 1681 2660 intimasset,
1696 2635 1798 2664 ymmo
1815 2625 1975 2654 articulum
1989 2635 2084 2664 super
2101 2625 2325 2655 distribucione

1422 2674 1584 2709 mensium,
1604 2680 1637 2703 ut
1655 2674 1808 2709 dicebant,
1828 2683 1889 2702 non
1909 2674 2049 2702 obstante
2069 2674 2152 2712 quod
2171 2674 2231 2703 sibi
2250 2674 2326 2704 arti-

1422 2723 1522 2752 culum
1538 2723 1670 2762 primum
1688 2733 1745 2762 pro
1761 2722 1928 2751 intimando
1947 2722 2095 2751 dixissem
2113 2723 2144 2751 in
2164 2723 2327 2762 presencia

1452 2830 1475 2852 4.
1509 2829 1632 2852 liebertus
1642 2828 1673 2851 de
1683 2828 1811 2859 Cardeny.
1821 2829 1877 2859 lpse
1885 2836 1929 2852 an.
1944 2828 2003 2851 1381
2017 2827 2109 2859 incepit
2122 2828 2218 2860 (supra,
2232 2837 2258 2860 p.
2270 2829 2325 2858 604,

1422 2865 1470 2896 30).
1489 2865 1564 2888 Circa
1584 2864 1650 2887 idem
1671 2867 1768 2894 tempus
1787 2863 1866 2896 igitur
1885 2864 1936 2895 fuit
1955 2863 2119 2896 congregatio
2141 2863 2324 2888 Universitatis.

1452 2902 1474 2923 5.
1509 2901 1581 2923 Deest
1590 2907 1666 2922 unum
1673 2898 1771 2929 solium.
1781 2900 1852 2930 Quae
1861 2901 2010 2930 sequuntur.
2020 2907 2103 2922 mense
2110 2899 2326 2932 Februariigesta

1421 2937 1487 2963 sunl,
1503 2935 1638 2966 etquidem
1655 2934 1701 2958 sub
1711 2933 1764 2957 alio
1773 2937 1948 2965 procuratore,
1962 2934 2017 2958 scil.
2029 2934 2152 2958 Arnoldo.

2623 3367 2632 3464 ..ι-με.
2625 3320 2628 3323 -
