2632 3464
287 461 341 488 553

290 547 369 578 papa
394 537 562 567 moriturus
589 547 652 567 non
676 537 795 567 fuisset.
828 536 1025 576 Supplicacio
1055 537 1195 577 magistri

290 586 475 617 Theoderici
500 587 538 616 de
570 586 736 626 Yselsteyn
765 585 985 625 supplicantis,
1013 586 1097 625 quod
1127 586 1196 625 ipse

290 642 399 676 posset
408 636 507 665 facere
516 635 632 675 imponi
646 634 706 664 1111
722 635 887 675 magistros
902 635 1046 664 absentes
1061 644 1118 674 pro
1135 634 1195 664 1111

291 685 416 721 francis,
432 685 575 714 transivit
591 694 659 714 cum
675 683 734 713 alia
747 683 820 723 quia
835 683 922 713 multi
940 683 1196 723 supervenientes

290 733 511 764 deliberacioni
536 733 734 764 nesciverunt
752 732 827 772 quid
848 732 1101 772 supplicaverunt
1108 745 1116 769 ;
1143 732 1196 772 qui

291 783 386 813 eciam
418 789 528 822 postea
557 781 810 817 reclamaverunt,
846 781 893 811 sic
923 782 1006 821 quod
1033 781 1060 811 si
1088 791 1195 811 omnes

290 832 466 867 scivissent,
491 831 585 861 credo
607 831 690 871 quod
704 840 766 860 non
782 830 964 860 transivisse
982 830 1081 860 valeat
1096 841 1195 871 quan-

291 887 354 911 tum
369 891 425 910 nec
440 880 530 910 etiam
541 880 644 910 valere
660 885 773 919 potest.

330 929 403 969 (hl.
420 930 468 969 16)
498 929 573 959 Item
599 928 630 958 in
650 929 755 958 eadem
778 928 1024 969 congregacione
1040 929 1117 958 facta
1141 928 1198 958 fuit

290 979 403 1008 relacio
427 979 642 1018 deputatorum
663 987 759 1017 super
779 978 901 1008 duobus
920 977 1069 1007 articulis.
1094 977 1196 1007 Unum

292 1027 440 1068 magister
450 1026 565 1066 Hugho
577 1026 693 1062 retulit,
700 1027 783 1066 quod
792 1026 860 1066 ipse
874 1037 935 1056 una
949 1036 1016 1056 cum
1033 1026 1101 1056 aliis
1110 1032 1198 1056 erant

289 1076 426 1116 deputati
440 1076 478 1105 ad
491 1076 654 1105 taxandum
669 1075 824 1105 aurifabro
838 1075 903 1116 (qui
923 1075 993 1105 fecit
1010 1076 1127 1116 virgam
1142 1085 1196 1105 no·

294 1124 397 1165 stram)
412 1124 551 1165 precium
565 1131 624 1154 tam
637 1134 695 1164 pro
716 1124 777 1154 hiis
792 1134 852 1164 que
875 1125 946 1154 fecit
966 1125 1046 1154 ultra
1066 1124 1118 1154 illa
1138 1134 1196 1164 pro

291 1174 404 1214 quibus
418 1173 587 1204 convencio
600 1183 704 1204 secum
717 1179 782 1203 erat
795 1174 871 1203 facta
879 1173 1094 1214 principaliter
1106 1183 1197 1214 quam

291 1223 386 1253 eciam
401 1233 460 1263 pro
476 1222 712 1258 curialitatibus,
730 1232 789 1263 pro
809 1223 922 1262 quibus
939 1223 1083 1253 omnibus
1098 1223 1198 1262 depu-

289 1272 343 1302 tati
373 1271 454 1302 ultra
477 1281 624 1302 summam
646 1271 849 1311 principalem
870 1272 930 1301 sibi
953 1272 1042 1312 prius
1066 1272 1196 1302 solutam

290 1322 390 1351 eidem
423 1321 649 1360 deputaverunt
674 1320 702 1350 X
722 1321 856 1356 francos,
888 1321 1037 1361 magistro
1064 1321 1196 1350 Johanni

287 1380 364 1400 vero
381 1370 420 1399 de
442 1369 576 1399 Saxonis
589 1369 782 1399 sollicitatori
797 1370 829 1399 in
845 1370 985 1405 factione,
1000 1370 1073 1410 quia
1091 1379 1196 1409 supra-

290 1419 418 1459 scripsit
430 1419 461 1448 in
475 1418 671 1448 consciencia
684 1429 739 1448 sua
756 1419 839 1459 quod
852 1419 932 1448 ultra
947 1418 1007 1448 llll
1021 1419 1143 1448 francos
1158 1419 1196 1448 de

290 1468 421 1508 pecunia
444 1478 500 1498 sua
523 1468 555 1497 in
576 1467 772 1497 sollicitando
790 1473 848 1497 etc.
875 1468 1033 1507 exposuit,
1066 1469 1197 1508 deputa-

288 1523 400 1548 verunt
422 1517 482 1547 1111
507 1517 630 1547 francos
651 1522 681 1546 et
701 1527 794 1547 unum
809 1527 866 1557 par
883 1517 1050 1557 caligarum
1077 1517 1114 1546 de
1135 1526 1197 1547 uno

291 1567 406 1596 franco.

333 1615 366 1644 2⁰
380 1615 495 1651 retulit,
511 1615 666 1654 quomodo
683 1624 763 1644 unus
778 1614 926 1655 magister
936 1614 1076 1645 nacionis
1091 1621 1196 1644 nostre

290 1670 385 1700 esset,
407 1663 461 1704 qui
487 1663 563 1693 alias
589 1663 747 1703 posuisset
763 1663 882 1694 literam
906 1663 1121 1704 obligatoriam
1138 1673 1197 1704 pro

291 1714 407 1750 bursis,
427 1723 482 1743 sue
497 1712 737 1742 determinancie
752 1713 857 1749 credo,
874 1713 951 1742 etde
962 1713 1015 1742 illo
1028 1723 1090 1742 non
1106 1722 1198 1753 repe-

293 1763 408 1793 riretur
421 1762 505 1802 quod
525 1761 684 1797 solvisset,
707 1762 762 1791 sed
781 1761 860 1792 bene
879 1762 1093 1802 reperiebatur
1113 1762 1198 1802 quod

292 1812 382 1842 litera
396 1811 455 1841 sibi
471 1810 527 1841 fuit
542 1810 694 1846 restituta,
707 1817 738 1840 et
753 1810 847 1841 muita
860 1811 919 1841 alia
931 1811 1146 1841 discordancia
1159 1811 1198 1840 de

290 1862 410 1896 eodem,
428 1866 488 1890 tam
509 1860 542 1890 in
562 1860 643 1890 libro
664 1859 836 1900 receptoria
857 1870 948 1900 quam
967 1859 1196 1900 procuratoris,

292 1911 415 1940 fuerunt
426 1909 562 1945 inventa,
577 1914 610 1939 ut
624 1908 714 1944 dixit,
733 1909 778 1939 sic
793 1910 877 1949 quod
895 1909 1044 1950 deputati,
1060 1915 1094 1939 ut
1107 1909 1196 1946 dixit,

293 1959 503 1994 crediderunt,
523 1957 573 1987 vel
594 1957 800 1998 opinabantur
814 1959 897 1998 quod
915 1958 966 1988 illa
983 1958 1113 1998 pecunia
1135 1968 1198 1988 non

293 2008 385 2038 fuerit
408 2006 518 2042 soluta,
539 2006 600 2036 uisi
622 2005 731 2037 melius
748 2007 874 2037 doceret
892 2017 982 2047 quam
1002 2017 1059 2048 per
1081 2007 1199 2048 scripta

291 2062 396 2097 patere
426 2055 528 2096 potuit
544 2067 551 2084 z
574 2065 670 2095 super
704 2065 766 2096 quo
797 2056 938 2096 magistri
968 2056 1196 2093 deliberabant,

291 2106 375 2146 quod
398 2105 499 2134 dictus
527 2103 675 2144 magister
699 2114 763 2134 non
781 2105 994 2135 admitteretur
1007 2105 1045 2135 ad
1063 2105 1197 2136 rotulum

291 2154 353 2184 nisi
372 2153 502 2194 pecunia
520 2152 630 2188 soluta,
653 2163 712 2193 pro
731 2163 792 2194 qua
811 2164 868 2194 per
895 2154 1006 2184 dictam
1024 2154 1144 2184 literam
1163 2164 1197 2185 se

290 2203 450 2243 obligavit,
459 2202 509 2232 vel
522 2202 628 2232 saltem
641 2202 679 2231 de
699 2202 852 2232 solutione
865 2203 991 2233 doceret
1005 2202 1148 2233 similiter
1159 2203 1198 2233 de

291 2251 421 2282 licencia
430 2257 462 2281 et
473 2251 662 2292 magisterio,
680 2251 752 2291 quia
763 2251 802 2281 de
814 2251 877 2282 illis
891 2251 988 2292 majus
1003 2252 1059 2282 fuit
1071 2252 1197 2282 dubium

292 2311 383 2342 quam
396 2301 435 2330 de
449 2299 700 2336 determinancia,
715 2305 750 2330 ut
763 2300 795 2330 in
813 2299 902 2330 libris
919 2310 1069 2341 apparere
1081 2306 1196 2341 potest,

294 2356 327 2380 ut
342 2349 489 2379 dixerunt
505 2348 580 2379 dicti
595 2349 743 2389 deputati.

332 2398 406 2429 Item
431 2399 509 2428 facta
529 2398 776 2438 congregacione
790 2398 930 2428 nacionis
947 2397 1033 2429 xxi·
1053 2399 1103 2429 die
1125 2398 1197 2429 Maii

292 2447 368 2477 hora
383 2457 585 2487 vesperorum
598 2447 679 2487 apud
690 2446 834 2477 Sanctum
847 2447 1033 2478 Maturinum
1045 2458 1103 2488 per
1109 2447 1198 2489 jura-

291 2502 424 2526 mentum
438 2506 533 2536 super
547 2495 590 2526 lll
603 2495 752 2531 articulis,
764 2496 883 2536 primus
896 2497 933 2526 ad
950 2497 1198 2527 concordandum

291 2545 442 2585 quandam
464 2544 714 2575 concurrenciam
741 2551 771 2575 et
797 2545 834 2574 ad
863 2545 1080 2575 declarandum
1104 2555 1199 2585 super

294 2603 344 2630 εις
354 2594 400 2623 2·-
410 2594 448 2623 ad
457 2593 687 2624 accelerandum
699 2594 930 2634 grossacionem
938 2594 1042 2631 rotuli,
1055 2595 1091 2624 ad
1100 2594 1199 2624 decla-

297 2642 425 2672 randum
435 2648 536 2672 utrum
551 2649 735 2683 procurator
744 2649 828 2672 esset
841 2642 1036 2679 inrotulatus,
1046 2644 1084 2673 ad
1094 2643 1198 2673 viden-

300 2690 372 2720 dum
397 2691 435 2720 de
461 2690 696 2727 inrotulacione‚
723 2701 763 2722 ne
794 2692 969 2722 tardaretur
995 2692 1130 2729 rotulus3
1153 2693 1200 2722 3⁸·

298 2748 393 2779 super
409 2739 693 2780 supplicacionibus
709 2746 739 2770 et
756 2740 890 2781 injuriis.

340 2787 550 2819 Deliberatum
577 2789 633 2820 fuit
662 2799 758 2830 super
786 2789 888 2830 primo
915 2790 954 2820 de
980 2790 1200 2821 concurrencla

297 2835 378 2866 inter
391 2836 571 2877 magistrum
588 2837 758 2869 Johannem
773 2838 838 2869 Coc
852 2845 882 2869 et
894 2838 1074 2879 magistrum
1089 2839 1199 2870 Marti—

325 2951 347 2975 1.
381 2952 428 2975 m.
445 2951 619 2984 improcabat.

327 2987 348 3010 2.
385 2986 448 3011 sen.
462 2987 488 3011 in
499 2987 672 3020 percepcionis
684 2995 743 3013 amo
755 2987 822 3013 inter
830 2988 922 3013 law-ean.

788 461 900 487 LIBER
922 460 1232 488 PROCURATORUM
1251 460 1432 488 NATIONIS
1450 461 1696 488 ANGLICANAE

1233 982 1268 1009 10

1234 1227 1267 1254 15

1233 1472 1268 1499 20

1234 1717 1268 1744 25

1234 1963 1269 1990 30

1234 2208 1268 2234 35

1235 2452 1269 2478 40

1236 2696 1270 2722 45

2162 463 2213 489 554

1304 547 1376 566 num
1394 538 1432 566 de
1453 537 1536 566 Delft
1561 547 1619 577 per
1638 537 1781 576 majorem
1806 544 1935 577 partem,
1954 540 2036 577 quod
2066 539 2213 578 magister

1305 585 1456 615 Martinus
1471 586 1603 615 debebat
1617 592 1722 615 tenere
1740 586 1939 615 collacionem
1962 587 2043 616 illam
2063 588 2100 616 dc
2119 598 2212 616 cano-

1303 634 1406 664 nicatu
1427 635 1531 665 Sancti
1545 635 1645 671 Petri,
1663 642 1692 665 et
1707 636 1790 675 quod
1808 635 1956 675 magister
1974 635 2130 665 Johannes
2149 636 2212 666 Coc

1303 693 1367 714 non
1381 683 1512 714 hahebat
1526 683 1579 724 jus
1602 684 1633 714 in
1649 694 1694 719 ea,
1708 684 1832 714 attentis
1848 684 2026 714 racionibus
2042 691 2072 714 et
2089 686 2212 714 motivis

1303 733 1465 773 utriusque
1477 733 1548 774 (que
1562 744 1623 763 non
1636 734 1742 763 scribo
1755 733 1805 763 hic
1818 739 1948 774 propter
1959 734 2167 773 brevitatem);
2185 741 2214 764 et

1304 782 1428 812 fuerunt
1444 782 1481 811 14
1502 792 1560 822 pro
1581 782 1730 822 magistro
1755 781 1906 818 Martino,
1923 782 1965 812 Vl
1984 793 2041 822 pro
2063 783 2213 822 magistro

1304 830 1445 860 Johanne
1470 830 1545 867 Coc,
1565 831 1607 861 IX
1628 832 1667 861 ad
1688 832 1821 861 dandum
1836 832 2018 871 deputatos;
2042 832 2097 860 sed
2117 831 2213 871 major

1305 889 1379 919 pars
1391 879 1604 920 improbabat⁴
1624 881 1702 910 dans
1717 880 1866 920 magistro
1881 879 2016 910 Max-tino
2021 879 2075 920 jus
2090 881 2121 910 in
2132 881 2214 910 dicta

1305 928 1474 958 collacione
1500 939 1557 969 pre
1586 929 1736 970 magistro
1765 929 1906 959 Johanue
1938 929 2012 959 Coc.
2042 929 2082 959 Et
2103 930 2140 958 ab
2162 929 2214 958 illa

1306 977 1534 1008 deliberacione
1570 989 1627 1018 per
1658 979 1780 1008 modum
1814 978 1971 1008 sentencie
2005 979 2075 1008 data
2107 985 2214 1008 contra

1304 1026 1487 1067 magistrum
1505 1027 1676 1057 ,iohannem
1695 1027 1758 1057 Coc
1775 1034 1806 1058 et
1822 1037 1880 1068 pro
1897 1027 2047 1068 magistro
2065 1027 2211 1064 Max-tino,

1304 1076 1454 1116 magister
1476 1076 1634 1106 Johannes
1664 1077 1728 1107 Coc
1754 1077 1921 1117 appellavit
1942 1087 1996 1106 seu
2022 1083 2213 1117 protestatus

1305 1125 1462 1165 appellare
1479 1126 1517 1155 ad
1533 1126 1714 1156 facultatem.

1346 1174 1448 1214 Super
1460 1175 1491 1204 2ο
1503 1175 1706 1205 deliberatum
1719 1175 1775 1205 fuit
1789 1176 1872 1215 quod
1889 1175 2008 1205 rotulus
2023 1175 2213 1205 accelerare-

1305 1228 1355 1252 tur
1367 1229 1514 1263 quantum
1527 1230 1611 1254 esset
1623 1224 1786 1264 possibile,
1799 1230 1830 1254 et
1845 1225 1928 1264 quod
1943 1231 2127 1264 procurator
2137 1235 2213 1254 con-

1304 1279 1450 1312 gregaret
1471 1273 1690 1303 inrotulatores
1706 1274 1746 1303 ad
1764 1274 1888 1303 domum
1913 1283 1999 1303 suam
2025 1273 2074 1303 vel
2093 1274 2125 1303 in
2144 1273 2212 1303 loco

1305 1331 1363 1360 pro
1386 1321 1590 1361 expediendo,
1607 1329 1638 1352 et
1657 1323 1740 1363 quod
1762 1323 1850 1353 fieret
1868 1324 1984 1352 minuta
2002 1329 2032 1352 et
2051 1323 2212 1363 grossacio

1305 1370 1383 1399 infra
1400 1371 1467 1400 dies
1494 1378 1671 1411 sequentes.

1345 1419 1447 1459 Super
1476 1420 1511 1449 2⁰
1531 1430 1651 1450 annexo
1682 1420 1836 1456 dicebant,
1864 1422 1947 1461 quod
1973 1421 2000 1451 si
2030 1427 2113 1451 esset
2137 1421 2212 1450 alias

1304 1468 1403 1498 visum
1418 1467 1652 1508 procuratorem
1668 1479 1738 1499 esse
1755 1469 2001 1506 inrotulatorem,
2018 1471 2101 1510 quod
2117 1470 2211 1499 eciam

1305 1518 1396 1548 modo
1423 1525 1517 1554 esset,
1543 1518 1663 1548 scilicet
1687 1518 1718 1548 in
1745 1519 1950 1558 percepcione
1977 1519 2213 1558 emo[lumento-

1304 1567 1384 1606 rum]
1397 1566 1422 1603 ²,
1439 1567 1484 1597 sic
1504 1573 1534 1597 et
1557 1568 1641 1608 quod
1656 1567 1688 1597 in
1710 1567 1768 1597 hoc
1789 1569 1986 1598 traderentur
2008 1568 2080 1598 libri
2098 1579 2212 1608 procu-

1305 1617 1418 1646 ratoris
1450 1617 1590 1646 nacionis
1619 1623 1649 1647 et
1680 1617 1858 1657 specialiter
1884 1617 1968 1647 illius
2000 1618 2212 1658 procuratoris

1288 1668 1437 1705 'protunc
1463 1666 1629 1705 presentis,
1652 1666 1706 1706 qui
1729 1667 1785 1696 suit
1811 1673 1997 1707 procurator
2022 1667 2053 1696 in
2082 1666 2211 1696 factione

1309 1714 1402 1744 rotuli
1416 1721 1556 1754 tempore
1565 1715 1735 1745 creacionis
1746 1725 1835 1756 pape.
1852 1715 1956 1745 Eciam
1968 1716 2055 1745 multi
2068 1716 2213 1746 dixerunt

1308 1764 1392 1803 quod
1407 1763 1434 1793 si
1449 1774 1512 1794 non
1524 1764 1634 1794 fuisset
1648 1764 1893 1801 consuetudinis,
1907 1765 2006 1795 adhuc
2017 1766 2154 1805 placeret
2166 1766 2212 1795 eis

1306 1813 1388 1853 quod
1416 1819 1602 1853 procurator
1627 1813 1756 1843 haberet
1779 1813 2016 1844 emolumentum
2043 1815 2131 1844 sicud
2161 1814 2211 1843 alii

1305 1861 1536 1898 inrotulatores,
1551 1862 1623 1902 quia
1635 1862 1704 1902 ipse
1716 1862 1844 1893 haberet
1853 1869 1898 1893 tot
1910 1863 2032 1893 labores
2045 1863 2092 1893 vel
2106 1863 2211 1903 plures

1308 1910 1396 1941 sicud
1413 1911 1644 1941 inrotulatores.

1346 1959 1393 1989 De
1410 1960 1442 1989 3⁰
1456 1969 1576 1989 annexo
1593 1959 1709 2000 placuit
1722 1960 1865 2000 pluribus
1879 1962 1962 2001 quod
1978 1961 2126 2001 magister
2139 1961 2212 1991 Jor-

1305 2009 1404 2038 danus
1432 2009 1627 2049 ingrossaret
1653 2009 1799 2046 rotulum,
1818 2010 1890 2050 quia
1918 2009 1993 2039 alias
2025 2021 2099 2050 sepe
2129 2010 2209 2040 fecit.

1306 2057 1411 2087 Multis
1431 2058 1527 2087 eciam
1545 2057 1659 2097 placuit
1680 2059 1763 2098 quod
1787 2059 1935 2099 magister
1959 2059 2050 2099 Hugo
2071 2060 2209 2096 fecissen

1306 2106 1412 2146 plures
1428 2113 1529 2136 tamen
1552 2108 1674 2137 fuerunt
1696 2107 1749 2148 qui
1770 2107 1935 2137 voluerunt
1960 2109 2043 2148 quod
2065 2109 2212 2149 magister

1305 2155 1472 2191 Jordanus,
1491 2166 1558 2186 cum
1579 2156 1648 2186 istis
1662 2163 1763 2186 tamen
1778 2157 2047 2187 moderacionibus
2063 2158 2146 2197 quod
2160 2157 2212 2187 alii

1306 2205 1524 2235 inrotulatores
1539 2215 1646 2236 omnes
1666 2212 1772 2236 essent
1791 2212 1964 2245 presentes,
1981 2213 2010 2236 et
2025 2206 2082 2235 hoc
2096 2207 2126 2235 in
2142 2206 2210 2236 loco

1305 2254 1357 2283 ubi
1370 2261 1615 2284 convocarentur
1624 2265 1681 2295 per
1693 2261 1925 2295 procuratorem
1937 2254 1949 2273 ⁸
1960 2262 1990 2285 et
2002 2256 2144 2295 sequenti
2161 2256 2209 2285 die

1306 2302 1363 2332 hoc
1390 2303 1422 2332 in
1448 2303 1576 2333 nacione
1604 2303 1695 2344 plena
1724 2304 1755 2333 in
1784 2304 2030 2344 congregacione
2059 2305 2209 2334 facultatis

1307 2352 1545 2382 deliberabatur.

1349 2401 1451 2442 Super
1469 2402 1512 2437 3⁰,
1534 2401 1782 2442 supplicaciones
1805 2402 1888 2431 nulle
1912 2403 2045 2437 fuerunt,
2069 2402 2129 2431 nisi
2152 2412 2211 2431 una

1306 2450 1612 2486 recommendatoria,
1628 2460 1688 2490 que
1703 2450 1759 2480 fuit
1773 2460 1932 2485 concessa,
1953 2457 1983 2479 et
1998 2460 2057 2479 una
2072 2450 2211 2480 nacionis

1307 2498 1527 2528 Piccardorum
1545 2499 1582 2528 de
1597 2499 1780 2529 assistencia
1795 2509 1901 2529 eorum
1914 2499 2014 2539 quoad
2031 2498 2210 2529 electionem

1306 2547 1419 2577 bedelli
1435 2549 1585 2587 ipsorum,
1598 2558 1657 2588 que
1671 2548 1726 2578 fuit
1743 2558 1889 2578 concessa
1901 2558 1957 2588 per
1970 2547 2061 2577 istum
2075 2549 2208 2584 modum,

1306 2596 1390 2636 quod
1406 2597 1494 2626 nacio
1509 2602 1615 2626 nostra
1629 2597 1763 2627 libenter
1775 2603 1869 2627 staret
1887 2597 1917 2626 in
1935 2596 2056 2626 bedello
2072 2597 2210 2636 ipsorum

1307 2651 1340 2675 ut
1362 2645 1461 2685 prius,
1481 2651 1511 2675 et
1532 2645 1645 2676 faceret
1666 2655 1724 2686 pro
1741 2645 1787 2676 eis
1807 2646 1954 2686 quicquid
1980 2645 2211 2676 racionabiliter

1308 2694 1407 2724 facere
1422 2701 1540 2734 posset.

1347 2743 1571 2773 Determinavit
1598 2744 1741 2773 dominus
1769 2743 1925 2773 Johannes
1952 2744 1990 2773 de
2019 2743 2209 2774 Monasterio

1307 2792 1365 2821 sub
1392 2793 1540 2832 magistro
1569 2792 1701 2832 Hugone
1730 2793 1767 2822 de
1798 2792 1966 2828 nervon-st,
1999 2792 2086 2833 cujus
2117 2794 2210 2823 bursa

1307 2839 1349 2870 xl
1367 2840 1440 2870 albi.
1459 2840 1567 2871 Posuit
1584 2841 1709 2881 pignus.

1337 2956 1360 2979 8.
1396 2955 1493 2980 Deinde
1506 2963 1553 2979 vos
1565 2955 1693 2987 quaedam
1707 2954 1844 2987 illegibilie.
