2632 3464
26 1783 45 1835 i
53 1798 86 1843 ,ἧς

578 15 604 24 ..
1200 0 1334 33 ,ῃῖὲζξῆπν
1383 0 1449 21 „vm
1716 0 1760 9 ’τ
1864 0 1892 17 15·
1915 0 1960 19 *er
1982 0 2005 6 Ὗ
2111 0 2124 8 ’“

575 36 585 49 ,ἶ
1223 31 1238 39 0
1268 33 1282 37 ,.
1951 32 1954 33 ⁷

284 432 334 459 401
790 430 904 457 LIBER
924 427 1235 456 PROCURATORUM
1254 426 1435 454 NATIONIS
1453 427 1697 454 ANGLICANAE
2146 426 2198 452 402

282 508 363 538 wico
373 515 404 538 et
414 507 579 538 Guillelmo
589 507 742 542 Trebron,
761 507 916 536 inventum
932 505 988 534 fuit
1002 503 1188 534 sufficienter

283 557 366 597 quod
392 557 540 597 magister
563 556 740 587 Hartwicus
765 554 797 584 in
819 554 903 584 nullo
927 553 1049 583 nacioni
1069 558 1188 582 tenere-

282 612 348 640 tur;
371 606 427 636 sed
451 607 489 635 de
514 605 662 646 magistro
685 604 862 640 Guillelmo‚
887 602 960 642 quia
979 612 1038 642 pro
1060 608 1131 631 ωηο
1153 610 1187 630 se

282 661 498 692 excusaverat,
529 654 730 684 deliberatum
760 652 816 682 fuit
845 652 930 692 quod
957 657 1121 680 vocaretur
1148 650 1186 679 ad

282 703 372 733 aliam
391 702 666 744 congregacionem
683 701 832 731 nacionis.

323 752 398 782 Item
429 751 546 792 incepit
579 751 722 781 dominus
750 749 908 780 lohannes
936 748 1094 788 Boysville
1129 749 1187 778 sub

283 801 431 841 magistro
452 799 594 830 Mai-cilio
612 800 650 830 de
673 798 803 839 lnghen‚
825 797 911 838 cujus
931 799 1025 827 bursa
1045 798 1062 827 7
1081 796 1184 826 solidi.

282 849 402 880 Juravit
418 856 448 879 et
465 849 615 879 satisfecit
630 847 796 887 receptori.

323 898 398 928 Item
409 898 524 938 incepit
532 897 675 927 dominus
686 896 844 926 Gerardus
856 897 894 925 de
906 895 1070 936 Hoyngen,
1081 901 1188 934 pastor

283 947 316 976 in
336 946 588 982 Wasserbillich,
606 946 664 976 sub
686 945 836 985 magistro
854 944 990 974 Henrico
1007 945 1045 974 de
1063 944 1184 979 Hassia,

282 994 370 1036 cujus
385 997 479 1025 bursa
493 997 512 1025 9
530 994 588 1025 sol.
609 1005 676 1024 cum
690 994 734 1024 40‘
747 994 895 1024 denariis.

687 1087 782 1117 1³71

281 1159 354 1199 (1⁹01.
385 1158 460 1198 27⁵)
508 1158 597 1188 Acta
642 1158 679 1188 in
714 1158 987 1198 procuracione
1016 1157 1186 1197 magistri

345 1207 494 1238 Alberti
531 1208 573 1237 de
611 1207 783 1242 Pruscia,
826 1206 1123 1236 Pomezamensis

640 1256 830 1286 diocesis.

417 1307 619 1346 Congregacio
629 1306 858 1346 procur-aciones
873 1315 926 1334 sue
938 1306 1052 1344 prima.

322 1387 362 1416 1·.
379 1403 419 1408 —
432 1385 524 1416 Anno
550 1385 674 1415 Domini
694 1384 740 1414 M⁰
759 1365 854 1415 effi&
873 1384 993 1420 Lxxru
1019 1386 1095 1414 facta
1112 1394 1188 1414 con-

280 1435 467 1476 gregacione
490 1434 630 1464 nacionis
650 1434 831 1474 Anglicane,
860 1433 971 1463 XXVI·
994 1434 1044 1463 die
1071 1434 1187 1463 mensis

281 1483 425 1524 Augusti,
444 1484 525 1524 apud
541 1483 684 1513 Sanctum
698 1483 851 1513 sulianum
868 1483 905 1512 ad
921 1483 1095 1523 eligendum
1111 1493 1187 1522 pro-

280 1539 453 1563 curatorem
477 1539 508 1562 et
531 1533 569 1561 ad
596 1532 782 1562 audiendum
806 1538 980 1571 computum
1001 1532 1185 1571 receptoris,

280 1581 397 1612 electus
414 1581 469 1611 fuit
481 1581 513 1610 in
529 1587 762 1621 procuratorem
778 1581 916 1620 predicte
930 1580 1071 1610 nac-ionis
1092 1581 1186 1620 magi·

279 1636 345 1660 ster
358 1629 505 1659 Albertus
519 1630 557 1659 de
577 1629 718 1664 Pruscia,
732 1629 763 1658 in
781 1628 868 1669 cujus
885 1629 1107 1669 procuracione
1120 1636 1187 1659 acta

280 1679 400 1709 fuerant
416 1688 476 1718 que
497 1684 680 1718 sequuntur.

320 1728 361 1758 Et
386 1727 486 1767 primo
512 1727 544 1756 in
575 1728 680 1756 eadem
707 1726 955 1767 congregacione
983 1727 1184 1757 deliberatum

278 1782 345 1806 erat
358 1777 472 1806 bonum
497 1786 566 1806 esse
586 1776 702 1806 intrare
720 1777 877 1806 tabernam
900 1776 938 1805 ad
960 1777 1184 1816 perpotandum

278 1835 390 1855 novum
404 1831 649 1866 procuratorem,
669 1831 700 1855 et
718 1835 785 1855 cum
802 1835 859 1864 pro
877 1831 949 1855 tunc
964 1825 1022 1854 hoc
1039 1825 1105 1855 fieri
1123 1836 1184 1855 non

279 1874 379 1914 potuit
394 1880 522 1914 propter
536 1874 674 1909 missam,
691 1884 750 1914 que
766 1884 823 1914 pro
840 1881 912 1904 tunc
929 1874 1038 1909 suerat,
1058 1874 1183 1904 dilatum

279 1929 345 1953 erat
358 1923 396 1952 ad
411 1923 691 1963 congregacionem
707 1929 898 1963 sequentem.

319 1971 393 2002 Item
408 1971 439 2001 in
450 1972 556 2001 eadem
572 1972 820 2012 congregacione
837 1979 999 2012 computus
1013 1972 1184 2012 recepturis

277 2020 390 2050 dilatus
406 2021 462 2050 suit
476 2030 575 2060 usque
589 2021 627 2050 ad
642 2021 771 2060 primam
792 2021 1082 2061 congregacionem.

317 2071 359 2099 2⁸.
373 2086 408 2093 —
424 2069 498 2099 ltem
512 2070 588 2100 sacta
601 2069 847 2110 congregacione
860 2070 1000 2100 nacionis
1013 2070 1183 2110 Anglicane

277 2128 359 2149 anno
379 2128 440 2158 quo
465 2128 570 2158 supra,
594 2118 644 2148 die
662 2119 713 2148 28·
730 2119 845 2148 mensis
865 2119 1010 2159 Augusti,
1033 2120 1183 2159 proposui

277 2168 360 2207 quod
376 2167 464 2197 nacio
476 2167 662 2197 deliberaret
673 2168 711 2197 de
724 2167 873 2208 magistro
886 2167 1042 2208 Wylelmo
1058 2169 1095 2197 de
1110 2168 1182 2198 Sco-

277 2216 323 2246 cia
338 2217 419 2246 etde
436 2226 491 2246 sua
506 2216 606 2252 litera,
621 2226 710 2256 quam
727 2217 847 2246 nacioni
864 2217 1054 2257 presentavit
1071 2218 1109 2247 de
1125 2217 1182 2247 ali-

277 2265 389 2305 quibus
403 2265 528 2300 debitis,
543 2266 624 2304 quod
639 2265 665 2294 si
678 2275 746 2295 eum
761 2266 800 2294 ad
814 2265 1011 2306 pinguiorem
1031 2267 1181 2296 fortunam

276 2313 422 2344 devenire
455 2313 660 2353 contingeret,
695 2314 778 2354 quod
809 2320 880 2344 tunc
908 2315 946 2343 de
977 2314 1039 2344 illis
1069 2315 1181 2345 debitis

276 2362 396 2392 nacioni
415 2362 616 2397 satisfaceret,
636 2369 744 2393 etcum
761 2364 852 2393 modo
869 2363 1046 2394 devenisset
1060 2365 1098 2393 ad
1113 2365 1180 2404 pin-

274 2411 425 2451 gwiorem
454 2412 605 2441 fortunam
627 2418 658 2441 et
677 2411 797 2441 solvere
817 2419 986 2448 recusaret,
1009 2413 1083 2453 quid
1105 2423 1181 2453 ergo

274 2466 359 2490 esset
387 2459 568 2490 faciendum.
608 2460 648 2490 Et
677 2460 878 2491 deliberatum
912 2467 978 2491 erat
1005 2463 1088 2502 quod
1115 2461 1180 2502 ejus

275 2509 402 2538 deberet
417 2509 526 2539 melius
541 2509 641 2539 audiri
658 2510 824 2549 responsio
842 2510 872 2539 in
891 2520 945 2540 sua
961 2511 1132 2550 presencia.

316 2557 392 2587 ltem
409 2564 552 2598 receptor
572 2564 645 2588 tunc
661 2568 723 2588 non
743 2559 941 2599 computavit,
963 2559 1035 2600 quia
1055 2560 1133 2589 dixit
1147 2570 1180 2590 se

274 2615 344 2636 esse
360 2606 550 2646 inprovisum
566 2617 622 2636 nec
637 2607 697 2637 sibi
715 2617 786 2637 esse
801 2607 915 2638 dictum
937 2618 992 2648 per
1014 2608 1177 2639 bedellum.

315 2654 389 2684 Item
403 2654 604 2686 deliberatum
622 2662 688 2686 erat
703 2655 818 2686 intrare
837 2658 996 2686 tabernam
1014 2658 1051 2687 ad
1066 2668 1180 2697 perpo-

274 2703 399 2733 tandum
422 2713 533 2734 novum
554 2711 785 2744 procuratorem
804 2716 871 2735 cum
892 2706 1013 2736 duobus
1036 2706 1178 2743 noviciis,

274 2761 404 2792 quorum
419 2762 499 2782 unus
513 2759 579 2783 erat
594 2754 741 2794 magister
756 2754 915 2784 Germ-dus
930 2761 1048 2795 pastor.
1065 2761 1137 2791 etc.‚
1150 2762 1181 2786 et

274 2801 422 2841 magister
437 2801 592 2832 Johanneu
608 2801 800 2842 Woysville,
817 2810 847 2833 et
863 2810 935 2833 tunc
953 2804 1047 2833 eciam
1065 2805 1179 2834 dictum

274 2855 339 2879 erat
348 2859 403 2889 per
412 2850 532 2890 aliquos
543 2850 708 2891 magistros
717 2853 799 2892 quod
809 2852 939 2892 pecunia
948 2853 1086 2883 nacionis
1096 2853 1179 2883 nullo

275 2898 366 2927 modo
389 2898 516 2928 deberet
539 2900 709 2939 perpotari.
731 2900 803 2930 lstis
819 2901 864 2931 sic
881 2901 1072 2937 deliberatis,
1091 2903 1178 2933 nacio

274 2946 398 2976 intravit
418 2948 586 2983 tabernam,
614 2954 645 2978 et
665 2948 707 2978 ibi
733 2950 926 2990 consumpsit
952 2950 995 2980 ’.θ’
1026 2951 1120 2981 libras
1149 2957 1179 2981 et

352 3001 465 3020 Amara.
477 3000 600 3021 cmm-ra
610 3001 698 3023 υ-εωη.
709 3002 775 3023 rara.
786 3013 811 3018 -
822 3002 838 3023 1.

1224 951 1258 977 10

1224 1197 1258 1223 15

1224 1441 1258 1467 20

1222 1685 1256 1712 25

1221 1931 1255 1957 30

1219 2175 1253 2202 35

1218 2421 1252 2447 40

1217 2663 1251 2690 45

1216 2908 1250 2934 50

1298 504 1333 532 14
1351 503 1480 538 solidos,
1500 510 1530 532 et
1545 504 1587 532 4⁰³
1604 504 1722 542 pinctas
1738 503 1812 537 vini,
1830 513 1958 542 quarum
1975 504 2110 542 quelibet
2127 515 2197 533 con-

1295 553 1394 581 stabat
1415 553 1453 581 20
1477 551 1633 581 denarios.
1660 552 1699 581 Et
1723 562 1780 591 pro
1807 552 1965 580 solucione
1987 552 2068 581 illius
2094 552 2198 582 habuit

1295 611 1387 631 unum
1416 602 1551 630 francum
1573 610 1590 629 a
1609 601 1750 640 predicto
1772 606 1981 639 procuratore,
2008 607 2037 630 et
2061 602 2139 630 duos
2161 603 2198 630 ab

1295 650 1363 680 aliis
1391 650 1550 690 magistris
1588 650 1709 679 duobus
1740 649 1942 688 supradictis;
1974 649 2055 678 aliud
2083 657 2197 685 autem,

1295 699 1398 729 multis
1436 698 1692 728 altercacionibus
1725 698 1894 738 prehabitis
1929 708 1985 737 per
2015 699 2180 738 magistros
2191 723 2197 734 ,

1294 754 1438 788 receptor
1449 748 1598 778 solvebat.

1336 798 1410 827 Item
1428 797 1459 826 in
1473 797 1577 826 eadem
1594 797 1838 836 congregacione
1854 796 2039 836 supplicavit
2054 797 2199 836 magister

1295 846 1513 876 Geverhardus
1528 847 1566 875 de
1579 845 1712 875 Saxouia
1724 846 1806 885 quod
1822 846 1853 875 in
1868 845 1978 875 rotulis
1994 846 2075 874 circa
2091 856 2199 885 papam

1294 895 1404 925 fiendis
1420 895 1468 925 vel
1485 895 1579 925 eciam
1599 894 1668 924 aliis
1687 901 1796 934 posset
1817 895 1945 934 imponi,
1973 905 2034 924 non
2056 896 2197 924 obstante

1295 944 1342 973 sui
1366 944 1521 979 absencia,
1546 954 1582 973 eo
1609 944 1700 973 modo
1727 954 1788 984 quo
1809 944 1877 973 aliis
1899 950 1983 973 esset
2002 954 2193 973 concessum.

1295 991 1391 1032 Cujus
1409 993 1599 1032 supplicacio
1613 993 1670 1022 suit
1684 1003 1832 1022 concessa
1842 1003 1879 1022 eo
1896 994 1987 1022 modo
2002 1003 2063 1032 quo
2074 993 2153 1023 aliis.

1334 1043 1375 1071 3¹.
1391 1060 1429 1065 —
1446 1042 1519 1071 ltem
1534 1042 1610 1071 sacta
1625 1042 1869 1082 congregacione
1887 1042 2026 1071 nacionis
2042 1052 2122 1071 anno
2137 1053 2197 1081 quo

1295 1101 1400 1130 supra,
1417 1091 1468 1120 29·
1483 1091 1532 1120 die
1547 1091 1663 1120 mensis
1681 1091 1824 1130 Augusti.
1847 1091 1928 1130 apud
1941 1090 2084 1120 Sanctum
2097 1091 2199 1130 Nyco-

1295 1140 1386 1175 laum,
1404 1140 1472 1169 visa
1488 1140 1607 1169 fuerant
1625 1150 1702 1168 nova
1723 1140 1761 1168 de
1780 1140 1880 1169 rotulo
1903 1146 1932 1169 et
1951 1139 2087 1179 ejusdem
2106 1140 2198 1170 rotuli

1295 1189 1384 1228 copia
1399 1189 1548 1228 inspecta.
1562 1188 1637 1218 Item
1648 1188 1762 1218 ibidem
1773 1189 1826 1218 suit
1840 1188 1918 1218 lecta
1930 1199 1988 1218 una
2000 1189 2088 1218 litera
2106 1189 2200 1218 missa

1294 1247 1352 1277 per
1366 1238 1489 1266 fratrem
1506 1237 1645 1277 magistri
1660 1237 1770 1266 Bozeri
1782 1237 1819 1266 de
1833 1237 1917 1267 curia
1930 1237 2078 1272 Romana,
2094 1237 2125 1266 in
2140 1248 2199 1277 qua

1295 1297 1330 1316 se
1347 1286 1504 1316 excusavit
1516 1287 1554 1315 de
1569 1286 1662 1315 nimia
1677 1296 1761 1315 mora
1774 1286 1943 1326 legacionis
1954 1286 2058 1321 rotuli,
2076 1293 2106 1315 et
2123 1297 2199 1326 sup-

1294 1335 1418 1375 plicavit
1433 1336 1517 1375 quod
1536 1345 1604 1364 eum
1622 1335 1712 1364 nacio
1730 1335 1856 1364 haberet
1878 1341 2066 1364 excusatum.
2092 1335 2131 1365 Et
2143 1346 2199 1375 per

1295 1384 1416 1424 aliquos
1433 1390 1596 1414 excusatus
1621 1384 1687 1418 fuit,
1708 1394 1765 1424 per
1782 1384 1902 1424 aliquos
1915 1394 1989 1414 vero
2009 1394 2085 1419 non;
2102 1384 2198 1423 major

1296 1443 1368 1473 pars
1383 1439 1483 1463 tamen
1496 1443 1564 1463 eum
1580 1433 1685 1462 habuit
1700 1441 1888 1463 excusatum.

1336 1483 1410 1512 ltem
1428 1482 1541 1512 ibidem
1561 1482 1761 1512 deliberatum
1782 1482 1837 1512 fuit
1857 1483 1969 1512 bonum
1988 1492 2057 1512 esse
2075 1483 2198 1522 episco-

1294 1542 1366 1572 pum
1391 1531 1618 1571 Trajectensem
1642 1532 1739 1566 adire,
1759 1538 1789 1561 et
1815 1532 1973 1561 nacionem
2001 1531 2059 1561 sibi
2083 1542 2197 1561 recom—

1294 1581 1442 1610 mandari.

1334 1629 1407 1659 ltem
1425 1636 1566 1670 protunc
1584 1629 1769 1669 supplicavit
1785 1630 1931 1669 magister
1943 1623 2100 1659 Arnoldus
2115 1630 2197 1659 Neve

1293 1680 1375 1719 quod
1390 1686 1497 1718 posset
1511 1679 1626 1718 imponi
1639 1679 1670 1708 in
1682 1678 1804 1713 rotulis,
1820 1679 1845 1708 si
1858 1679 1909 1718 qui
1922 1679 2039 1713 fierent,
2057 1689 2092 1708 eo
2107 1680 2197 1708 modo

1293 1738 1354 1768 quo
1370 1728 1438 1757 aliis
1451 1734 1499 1758 est
1511 1737 1704 1762 concessum,
1717 1728 1834 1758 scilicet
1850 1728 1961 1757 solutis
1975 1728 2144 1757 solvendis.
2159 1728 2197 1757 Et

1293 1776 1359 1817 ejus
1374 1777 1430 1806 fuit
1446 1776 1637 1816 supplicacio
1651 1787 1811 1807 concessa.

1334 1826 1408 1856 Item
1437 1826 1622 1866 supplicavit
1659 1826 1806 1866 magister
1837 1826 1993 1856 Johannes
2019 1825 2195 1865 Woysville

1292 1875 1495 1905 consimiliter
1516 1881 1546 1904 et
1565 1885 1601 1904 eo
1619 1877 1720 1905 modo.
1744 1875 1783 1905 Et
1802 1874 1868 1915 ejus
1884 1875 2074 1915 supplicacio
2094 1875 2195 1904 consi-

1292 1924 1405 1954 militer
1422 1925 1477 1954 suit
1493 1934 1642 1954 concessa
1656 1935 1692 1954 eo
1710 1925 1801 1954 modo
1815 1925 1894 1954 sicut
1907 1931 1937 1954 et
1949 1924 2028 1954 aliis.

1331 1974 1372 2003 4¹.
1392 1990 1433 1996 ·—
1450 1973 1524 2003 ltem
1547 1973 1624 2003 sacta
1647 1973 1893 2013 congregacione
1918 1973 2057 2002 nacionis
2083 1973 2194 2013 Angli-

1291 2033 1365 2052 cane
1378 2032 1458 2052 anno
1476 2032 1538 2062 quo
1555 2032 1661 2062 supra,
1678 2023 1775 2062 prima
1792 2022 1841 2051 die
1856 2022 1970 2052 mensis
1987 2022 2190 2062 Septembris,

1291 2072 1328 2101 ad
1350 2071 1554 2101 ordinandum
1579 2072 1616 2101 de
1634 2071 1741 2106 scolis,
1761 2071 1960 2101 deliberatum
1977 2078 2042 2101 erat
2055 2072 2136 2111 quod
2157 2072 2195 2100 de

1292 2121 1369 2150 facto
1387 2127 1531 2160 regentes
1546 2120 1676 2160 quilibet
1689 2121 1719 2150 in
1735 2120 1829 2150 scolis
1846 2120 1911 2150 suis
1928 2130 2085 2150 remanere
2098 2121 2193 2150 debe-

1290 2176 1370 2199 rent.

1332 2219 1405 2248 ltem
1423 2219 1536 2248 ibidem
1558 2219 1815 2248 renunciaverunt
1835 2229 1942 2248 omnes
1958 2225 2101 2258 regentes
2119 2218 2195 2247 alle-

1289 2267 1413 2307 gacioni
1429 2266 1513 2307 juris
1529 2267 1683 2307 inquilinii
1700 2278 1756 2307 pro
1767 2268 1826 2297 alio
1839 2278 1931 2302 ann0,
1946 2274 2090 2307 quantum
2105 2268 2134 2297 in
2149 2269 2193 2297 eis

1289 2322 1382 2350 esset.
1403 2322 1432 2346 et
1453 2326 1548 2356 super
1570 2316 1627 2346 hoc
1648 2326 1708 2345 non
1733 2322 1877 2356 regentes
1896 2316 2105 2356 requisierunt
2119 2327 2194 2356 pro-

1289 2371 1472 2400 curatorem,
1492 2366 1574 2405 quod
1589 2366 1702 2395 faceret
1716 2366 1991 2405 congregacionem
2004 2366 2033 2395 in
2050 2366 2099 2394 die
2115 2365 2193 2405 legi-

1289 2413 1342 2443 bili
1357 2414 1394 2443 ad
1418 2413 1493 2444 illud
1509 2415 1712 2444 statuendum.

1331 2463 1404 2493 ltem
1415 2463 1609 2503 propositum
1623 2470 1687 2493 erat
1698 2464 1801 2498 statui,
1814 2463 1946 2503 qualiter
1956 2464 2043 2492 micio
2057 2463 2194 2502 quolibet

1288 2522 1368 2542 anno
1390 2511 1517 2542 liberam
1539 2519 1569 2541 et
1587 2512 1753 2552 plenariam
1774 2514 1901 2542 deberet
1925 2513 2036 2542 habere
2053 2512 2190 2552 disposi-

1288 2559 1408 2590 cionem
1423 2561 1460 2590 ad
1477 2561 1680 2590 ordinandum
1699 2562 1736 2590 de
1755 2561 1860 2590 scolis.
1882 2561 1919 2590 Et
1938 2561 1962 2589 si
1977 2561 2050 2600 quid
2066 2561 2192 2589 ordina-

1287 2615 1350 2639 tum
1372 2610 1410 2639 de
1433 2609 1478 2639 eis
1503 2609 1612 2644 suerit,
1631 2610 1679 2639 vel
1706 2610 1795 2639 alicui
1819 2620 1966 2639 concesse
1990 2609 2102 2639 suerint
2123 2615 2192 2638 ante

1287 2658 1335 2688 vel
1348 2665 1421 2699 post
1435 2669 1570 2688 mensem
1584 2659 1788 2698 Septembris,
1804 2658 1860 2688 hoc
1876 2658 2053 2687 discernere
2067 2659 2193 2687 deberet

1288 2707 1388 2743 inane,
1414 2708 1468 2737 sed
1491 2707 1521 2737 in
1545 2718 1649 2737 mense
1671 2708 1862 2747 Septembris
1887 2708 1925 2737 de
1950 2708 1994 2736 eis
2019 2707 2142 2746 disponi
2163 2713 2192 2736 et

1287 2756 1425 2787 ordinari
1440 2757 1577 2786 deberet.

1328 2805 1399 2845 (1⁷01.
1417 2806 1465 2845 28)
1488 2805 1561 2835 Item
1574 2806 1650 2835 sacta
1665 2805 1910 2845 congregacione
1925 2805 2063 2834 nacionis
2081 2804 2190 2844 Angli-

1287 2864 1361 2884 cane
1384 2865 1464 2884 anno
1488 2865 1549 2894 quo
1571 2865 1676 2894 supra.
1701 2855 1750 2883 die
1773 2854 1826 2883 xl·
1848 2854 1962 2883 mensis
1986 2853 2189 2894 Septembris,

1287 2904 1366 2944 apud
1384 2904 1527 2933 Sanctum
1548 2903 1733 2933 Maturinum
1758 2903 1795 2932 ad
1820 2903 2013 2932 statuendum
2035 2903 2072 2932 de
2098 2902 2191 2931 scolis

1287 2958 1317 2982 ct
1345 2952 1381 2981 nd
1409 2952 1655 2992 supplicandum,
1684 2952 1883 2981 deliberatum
1910 2958 1975 2981 erat
2003 2952 2085 2991 quod
2116 2951 2191 2981 tales

2072 3006 2097 3024 aa
