2632 3464
279 445 315 471 89

278 520 434 550 concessit
462 519 550 550 nacio
573 518 726 549 licentiam
753 516 880 557 pedello
905 516 1021 546 Jacobo
1047 514 1188 545 nacionis

279 569 436 599 Gallicane
458 568 601 598 manendi
618 567 650 597 in
670 567 756 596 curia
774 566 857 606 apud
876 565 1007 595 nuncios
1023 564 1188 594 Universi-

279 618 364 648 tatis.

684 710 702 738 1
707 709 783 738 345

280 782 437 823 Tempus
481 781 767 823 procuracionis
813 780 986 820 magistri
1030 778 1190 809 Gerardi

465 830 558 861 dicti
589 829 746 860 Dulmen
776 830 819 859 de
850 829 1002 859 Prusia.

287 929 289 933 -
319 911 411 941 Anno
436 910 561 941 Domini
581 909 830 945 M⁰CCC⁰XLV⁰‚
849 909 899 939 die
922 908 1008 949 jovis
1027 906 1187 949 proxima⁴

280 966 352 1000 post
369 961 478 990 festum
495 959 576 990 beati
595 959 731 995 Martini,
747 965 916 988 convocata
933 959 1062 988 nacione
1079 957 1191 997 Angli-

281 1019 355 1039 cana
370 1009 452 1049 apud
465 1008 629 1049 collegium
645 1008 895 1038 Cluniacensium
911 1007 1073 1048 nigrorum
1090 1015 1192 1036 mona-

281 1057 420 1093 chorum,
435 1068 530 1098 super
543 1057 676 1097 negocio
689 1057 806 1086 domini
824 1057 965 1097 episcopi
984 1055 1192 1086 Silvanecten-

281 1106 348 1136 sis²
361 1113 392 1136 et
409 1107 448 1136 ad
463 1107 641 1147 eligendum
657 1113 901 1146 procuratorem,
915 1105 1062 1135 canonice
1076 1105 1193 1134 electus

281 1155 338 1186 fuit
357 1156 506 1196 magister
524 1155 684 1185 Gerardns
699 1155 832 1185 Dulmen
850 1156 888 1185 de
909 1155 1021 1185 Prusia
1036 1155 1073 1183 ab
1091 1154 1193 1183 omni-

281 1205 340 1234 bus
357 1205 517 1245 magistris
532 1204 618 1234 nullo
635 1205 877 1234 contradicente.

322 1253 358 1283 ln
375 1253 464 1294 cujus
480 1253 687 1294 procuratorii
705 1259 844 1294 tempore
859 1260 926 1284 acta
942 1259 1014 1283 sunt
1030 1253 1096 1282 hec.

322 1301 430 1332 Primo
453 1308 620 1332 convocata
644 1299 774 1332 nacione
797 1303 846 1332 die
864 1301 958 1332 lune³
987 1308 1059 1342 post
1082 1303 1193 1331 festum

284 1350 430 1381 Katerine
452 1352 594 1391 proxima
613 1352 651 1381 ad
672 1351 858 1381 audiendum
881 1358 1057 1391 computum
1083 1361 1194 1390 recep-

282 1400 372 1436 toris,
390 1401 538 1440 magister
553 1400 735 1430 Willermus
751 1401 789 1430 de
802 1400 902 1430 Viridi
919 1401 1024 1430 Monte
1038 1406 1193 1439 computa·

283 1449 343 1484 vit,
369 1450 452 1489 quod
478 1450 589 1480 solutis
615 1450 759 1479 omnibus
786 1450 945 1480 solvendis
974 1456 1003 1479 et
1036 1449 1194 1478 defalcatis

285 1498 476 1528 defalcandis
491 1499 588 1528 nichil
605 1499 730 1528 omnino
746 1499 858 1528 mansit
874 1499 997 1528 debitus
1014 1498 1148 1534 nacioni‚
1166 1504 1196 1528 et

285 1547 344 1578 iste
360 1554 523 1588 computus
537 1549 575 1577 ab
591 1549 734 1578 omnibus
750 1548 908 1588 magistris
922 1548 978 1577 fuit
991 1548 1193 1588 approbatus.

326 1597 402 1626 Item
420 1597 564 1626 dominus
584 1597 738 1627 Lubertus
755 1597 844 1627 Bolle
865 1598 903 1627 de
923 1596 1065 1637 Trajecto
1080 1596 1197 1636 incepit

287 1645 318 1674 in
336 1645 454 1675 artibus
473 1647 531 1675 sub
549 1646 698 1686 magistro
717 1646 856 1676 Johanne
877 1646 915 1675 de
934 1645 1089 1682 Wesalia,
1108 1645 1196 1686 cujus

285 1695 382 1724 bursa
397 1694 456 1724 llll
473 1695 576 1724 solidi.

327 1743 402 1773 ltem
413 1743 502 1774 nacio
515 1745 670 1774 concessit
681 1744 944 1784 supplicacionem
955 1745 1072 1774 domini
1083 1745 1099 1774 J
1103 1743 1197 1773 ohan-

286 1792 336 1822 nis
368 1793 406 1822 de
437 1792 548 1828 Dacia,
578 1793 722 1823 videlicet
753 1799 786 1823 ut
820 1799 927 1833 posset
960 1795 1018 1823 sub
1047 1794 1197 1834 magistro

288 1840 461 1871 Michahele
475 1842 692 1872 determinare.

330 1890 405 1920 Item
421 1890 549 1920 facultas
569 1891 655 1921 dedit
668 1892 795 1921 domino
810 1892 940 1927 rectori,
957 1892 1107 1932 magistro
1123 1891 1198 1920 Gal-

289 1945 356 1968 tero
374 1938 479 1975 Scoto,
499 1940 752 1970 determinantem
768 1941 880 1970 solutis
896 1941 1064 1971 solvendis.

695 2033 796 2065 1845

291 2103 450 2144 Tempus
484 2105 774 2144 procuracionis
809 2107 982 2147 magistri
1016 2106 1199 2137 Johannis

601 2155 643 2184 de
679 2154 884 2195 Sarburgo.

597 2214 696 2228 0000

332 2233 423 2264 Anno
446 2234 571 2264 Domini
589 2235 813 2272 MCCCXLv0,
834 2236 884 2266 die
899 2235 1004 2276 jovis⁴
1030 2243 1099 2266 ante
1119 2237 1200 2266 diem

291 2282 452 2313 electionis
467 2284 610 2319 rectoris,
630 2291 798 2314 convocata
812 2285 941 2316 nacione
958 2287 1040 2326 apud
1056 2286 1201 2316 Sanctum

293 2331 485 2362 Bernardum
501 2333 540 2362 ad
558 2333 730 2363 faciendum
748 2340 992 2373 procuratorem,
1014 2335 1130 2365 electus
1146 2335 1203 2366 fuit

291 2381 488 2411 concorditer
507 2382 656 2422 magister
673 2382 831 2413 Johannes
846 2384 884 2413 de
900 2383 1060 2424 Sat-burgo
1079 2384 1111 2414 in
1126 2395 1203 2425 pro-

294 2436 466 2460 curatorem
485 2431 636 2461 nacionis.
655 2431 690 2461 In
709 2430 797 2471 cujus
812 2438 951 2473 tempore
966 2439 1033 2463 acta
1047 2440 1119 2463 sunt
1133 2434 1200 2463 hec.

336 2478 443 2509 Primo
471 2479 502 2509 in
528 2480 578 2509 die
602 2479 749 2510 veneris³
784 2487 857 2521 post
885 2481 976 2511 valde
1006 2483 1204 2513 concorditer

293 2527 409 2558 electus
423 2528 479 2559 fuit
491 2529 523 2558 in
534 2535 686 2559 rectorem
698 2528 919 2560 Universitatis
932 2531 1080 2572 magister
1093 2532 1204 2563 Gerar-

293 2578 352 2607 dus
365 2578 404 2607 de
417 2578 508 2608 domo
521 2579 669 2610 Navarre.

335 2627 409 2657 ltem
431 2627 463 2657 in
485 2628 614 2658 nacione
635 2635 743 2659 nostra
765 2639 914 2659 concessa
935 2630 992 2660 suit
1013 2630 1205 2671 supplicacio

294 2675 386 2705 trium
400 2676 526 2707 fratrum
540 2678 578 2708 de
592 2677 720 2708 Ketenis
734 2678 908 2715 Scotorum,
922 2679 995 2719 quia
1007 2679 1068 2719 ipsi
1086 2680 1207 2710 fuerant

326 2785 348 2810 1.
382 2786 412 2811 17
425 2787 580 2812 Νονεηιὸνὶι.

326 2822 350 2846 2.
388 2821 443 2847 rid.
453 2822 569 2847 inactum.
583 2831 626 2848 an.
640 2823 710 2854 1³4⁶,
721 2824 772 2848 lul.
782 2824 857 2853 21.1'n
865 2824 984 2849 Cbartnl.
993 2825 1082 2855 univ..
1093 2826 1126 2856 n,
1135 2826 1206 2851 1129.

327 2858 351 2883 3.
384 2858 415 2882 2⁸
429 2858 586 2883 Νονσηιῠνίο.

326 2894 350 2917 lu.
385 2893 431 2917 Dte
450 2893 540 2918 uicinia
562 2894 662 2927 Iegiblli
691 2895 824 2920 ordinarie
847 2899 908 2921 ante
930 2896 1096 2921 Nativitatem
1118 2898 1209 2922 Rea-lor

297 2928 448 2988 zla'gebabtus,
467 2929 564 2954 scilicet
576 2930 606 2954 ts
629 2931 784 2956 Decembris.
812 2932 871 2956 Dies
893 2932 963 2965 jovia
986 2935 1065 2957 antea
1094 2936 1151 2958 erat
1178 2933 1207 2958 15

319 2972 386 2988 ecem
405 2973 449 2989 ru.

778 442 893 468 LIBER
918 438 1231 467 PROCURATORUM
1257 438 1439 465 NATIONIS
1460 439 1706 465 ANGLICANAE

1229 959 1263 985 10

1230 1205 1264 1231 15

1231 1451 1266 1476 20

1234 1695 1268 1721 25

1235 1941 1270 1967 30

1237 2187 1271 2214 35

1240 2434 1274 2460 40

1243 2678 1277 2705 45

2174 442 2209 468 90

1298 514 1426 555 obligati
1446 515 1568 544 nacioni
1588 516 1627 544 ad
1649 516 1830 545 solvendum
1851 517 1881 545 in
1900 517 2065 546 Nativitate
2084 517 2210 546 Domini

1297 565 1335 594 50
1351 565 1470 595 solidos
1484 566 1651 604 parisiens.
1668 567 1725 595 sub
1738 576 1817 606 pena
1831 567 1870 595 25
1883 567 2054 596 solidorum
2063 567 2086 602 ⁶,
2109 574 2138 597 et
2151 578 2209 607 pro

1297 619 1370 643 tunc
1385 624 1447 643 non
1460 619 1628 653 potuerunt
1644 614 1778 650 solvere,
1795 615 1865 644 ideo
1883 615 2100 655 supplicabant
2117 622 2149 645 ut
2164 615 2210 645 eis

1297 662 1490 692 relaxaretur
1504 673 1584 702 pena
1604 669 1635 692 et
1650 663 1891 703 prolongaretur
1908 665 2059 694 terminus
2074 665 2210 694 solucio-

1298 710 1347 740 nis
1369 721 1468 750 usque
1490 713 1527 741 ad
1549 711 1663 748 Pasca,
1683 712 1710 741 si
1730 713 1818 752 prius
1838 723 1900 742 non
1922 720 2052 752 possent
2072 713 2209 748 solvere,

1301 759 1374 799 quia
1391 760 1418 789 si
1438 767 1569 800 possent
1585 761 1674 801 prius
1694 761 1832 797 solvere,
1853 762 1884 790 in
1901 763 1982 791 bona
1996 763 2055 791 fide
2074 762 2132 791 hoc
2150 762 2211 801 ipsi

1299 808 1445 838 facerent.
1472 809 1558 839 Tunc
1582 820 1639 850 per
1661 810 1741 839 hunc
1767 811 1890 840 modum
1915 812 2142 840 concedebatur
2166 811 2211 840 eis

1301 857 1509 897 supplicacio‚
1534 859 1653 889 scilicet
1677 860 1761 899 quod
1783 860 1810 889 si
1832 861 1871 889 ad
1892 860 1992 890 Pasca
2015 861 2063 889 vel
2089 860 2212 889 interim

1300 906 1468 942 solverent,
1489 908 1699 938 remitteretur
1716 908 1762 938 eis
1783 909 1885 938 omnis
1906 919 2000 948 pena,
2020 910 2047 939 si
2064 919 2138 939 vero
2156 919 2213 938 nec

1300 961 1373 985 tunc
1391 966 1449 986 nec
1467 956 1589 986 interim
1609 957 1780 993 solverent,
1797 964 1870 987 tunc
1885 969 1945 988 una
1963 969 2030 988 cum
2046 958 2213 998 principali

1301 1004 1516 1044 obligarentur
1535 1006 1657 1036 nacioni
1680 1006 1712 1035 in
1731 1007 1871 1046 predicta
1893 1018 1973 1047 pena
1992 1008 2162 1047 duplicata,
2185 1013 2215 1036 et

1302 1059 1366 1083 tota
1383 1063 1517 1090 summa,
1535 1055 1655 1085 scilicet
1674 1057 1713 1085 50
1737 1056 1829 1085 solidi
1849 1067 1908 1096 pro
1934 1056 2101 1096 principali
2125 1063 2155 1085 et
2176 1057 2215 1085 50

1302 1112 1359 1142 pro
1375 1113 1454 1142 pena
1471 1104 1626 1143 duplicata
1642 1106 1825 1134 ascenderet
1842 1116 1940 1146 usque
1956 1107 1993 1135 ad
2007 1112 2129 1135 centum
2143 1105 2214 1134 soli-

1302 1152 1360 1181 dos
1382 1152 1550 1192 parisiens.
1569 1153 1609 1182 Et
1627 1154 1759 1193 predicti
1782 1155 1909 1190 fratres,
1930 1155 2049 1184 scilicet
2070 1154 2215 1184 dominus

1302 1200 1507 1242 Engaramus,
1518 1203 1662 1233 dominus
1674 1204 1689 1232 J
1693 1203 1831 1233 ohannes
1845 1211 1875 1233 et
1883 1204 2026 1233 dominus
2036 1204 2193 1233 Robertus
2202 1201 2214 1220 '¹

1303 1250 1427 1280 suerunt
1441 1252 1578 1282 contenti
1595 1253 1632 1282 de
1648 1252 1700 1282 tali
1715 1253 1815 1293 gratia
1830 1259 1860 1283 et
1875 1253 1991 1292 placuit
2005 1253 2051 1283 eis
2067 1252 2154 1282 satis.

1343 1299 1418 1329 Item
1432 1301 1464 1330 in
1476 1301 1605 1341 vigilia⁸
1620 1301 1877 1332 circumcisionis
1899 1302 2024 1331 Domini
2038 1301 2216 1331 convocatis

1304 1349 1462 1388 magistris
1487 1350 1626 1380 nacionis
1655 1357 1762 1380 nostre
1786 1352 1868 1391 apud
1891 1351 2036 1380 Sanctum
2061 1351 2215 1380 Julianum

1302 1408 1469 1438 pauperem
1480 1400 1517 1428 ad
1528 1399 1714 1429 audiendum
1727 1406 1902 1439 compotum
1917 1400 2089 1439 recepturis
2103 1399 2214 1434 nostri,

1303 1454 1509 1487 computatum
1529 1449 1584 1478 suit
1601 1450 1684 1488 quod
1702 1459 1800 1488 usque
1819 1450 1857 1478 ad
1877 1449 1958 1478 illam
1974 1449 2054 1478 diem
2073 1454 2217 1488 receptor

1303 1497 1435 1526 debebat
1453 1497 1630 1527 satisfacere
1646 1498 1772 1533 rectori,
1789 1498 1921 1527 bedellis
1936 1504 1966 1527 et
1982 1508 2040 1538 pro
2055 1497 2217 1527 luminari-

1305 1546 1364 1575 bus
1389 1546 1483 1576 Beate
1508 1546 1618 1583 Marie‚
1646 1554 1676 1576 et
1704 1547 1786 1576 natio
1811 1553 1919 1577 nostra
1944 1547 2093 1576 remansit
2117 1546 2216 1576 eidem

1304 1596 1459 1635 receptori
1475 1597 1592 1626 debens
1607 1597 1666 1626 XII
1682 1597 1800 1626 solidos
1816 1603 1847 1626 et
1863 1597 1874 1626 Ι
1891 1597 2061 1626 denarium.

1346 1645 1421 1675 Item
1444 1645 1561 1685 incepit
1584 1646 1727 1676 dominus
1750 1646 1907 1676 Johannes
1929 1647 1967 1675 de
1988 1646 2143 1685 Friburgo
2159 1645 2217 1675 sub

1306 1695 1456 1734 magistro
1471 1694 1611 1724 Johanne
1627 1696 1664 1724 de
1679 1695 1830 1730 Wesalia,
1846 1694 1932 1735 cujus
1946 1696 2041 1724 bursa
2055 1695 2098 1724 111
2111 1694 2215 1723 solidi.

1349 1744 1423 1773 ltem
1438 1744 1554 1784 incepit
1564 1745 1708 1774 dominus
1720 1745 1871 1784 Esigerus
1887 1745 1924 1774 de
1937 1744 2031 1773 Dacia
2047 1745 2104 1773 sub
2123 1744 2217 1783 magi-

1307 1800 1373 1823 stro
1391 1793 1518 1823 Galtero
1533 1794 1571 1822 de
1586 1793 1745 1830 Wardela‚
1764 1793 1850 1833 cujus
1864 1795 1959 1823 bursa
1974 1793 2034 1823 1111
2051 1793 2155 1822 solidi.

1717 1897 1814 1926 1346

1308 1982 1386 2022 (Pol.
1420 1982 1496 2022 53⁵)
1529 1982 1686 2022 Tempus
1718 1982 2007 2022 procuracionis
2045 1981 2218 2021 magistri

1499 2032 1682 2061 Johannis
1715 2033 1758 2061 de
1790 2032 2020 2061 Helmestad.

1653 2119 1721 2132 000

1347 2139 1439 2170 Αιιῐιο
1458 2139 1583 2169 Domini
1599 2139 1833 2174 M⁰CCCXLV⁰,
1848 2139 1898 2168 die
1913 2138 2017 2179 jovis⁹
2035 2145 2108 2178 post
2121 2137 2220 2178 Ephi-

1307 2189 1451 2229 phaniam
1470 2189 1605 2223 Domini,
1623 2195 1790 2218 convocata
1808 2188 1937 2217 nacione
1953 2187 2123 2227 Anglicana
2139 2187 2220 2227 apud

1311 2238 1455 2267 Sanctum
1470 2237 1624 2267 sulianum
1639 2248 1806 2278 pauperem
1825 2238 1863 2267 ad
1881 2238 2052 2267 faciendum
2071 2246 2221 2276 procura-

1309 2293 1419 2322 torem,
1439 2286 1555 2316 electus
1571 2287 1626 2316 suit
1641 2287 1839 2316 concorditer
1853 2287 2001 2326 magister
2013 2286 2170 2315 Johannes
2183 2286 2221 2314 de

1313 2336 1493 2366 Helmestad
1511 2335 1648 2376 ejusdem
1670 2336 1820 2372 nationis,
1837 2336 1868 2365 in
1885 2335 1971 2376 cujus
1987 2334 2222 2375 procuracionis

1313 2392 1452 2426 tempore
1469 2386 1545 2415 sacta
1563 2391 1636 2415 sunt
1650 2395 1685 2415 ea
1700 2396 1760 2425 que
1776 2392 1958 2425 sequuntur.

1352 2433 1458 2464 Primo
1476 2434 1661 2474 supplicavit
1683 2434 1766 2463 natio
1787 2441 1894 2463 nostra
1917 2435 2029 2463 domno
2051 2432 2222 2472 apostolico

1312 2493 1370 2523 pro
1385 2483 1522 2523 quinque
1540 2483 1606 2513 suis
1621 2483 1794 2523 suppositis
1809 2483 1911 2512 rotulo
1929 2482 2148 2512 Universitatis
2161 2491 2222 2510 non

1312 2532 1451 2568 insertis,
1469 2539 1621 2572 quatenus
1636 2533 1714 2572 ipsis
1732 2533 1770 2561 de
1788 2532 1977 2571 benignitate
1994 2531 2078 2560 sedis
2095 2536 2223 2570 aposto-

1313 2581 1371 2612 lice
1389 2583 1428 2612 de
1446 2581 1604 2611 beneficiis
1622 2581 1843 2611 ecclesiasticis
1855 2580 1943 2621 juxta
1961 2582 2086 2610 formam
2104 2578 2223 2619 suppli-

1315 2631 1468 2661 cationum
1494 2641 1618 2660 suarum
1643 2631 1825 2670 dignaretur
1848 2629 2093 2659 misericorditer
2116 2627 2224 2668 provi-

1314 2680 1400 2715 dere,
1415 2690 1505 2720 quam
1522 2679 1785 2719 supplicacionem
1801 2679 1849 2708 vel
1865 2689 1941 2718 quas
1957 2678 2082 2717 dirigat,
2097 2686 2223 2717 presen-

1405 2792 1435 2815 16
1446 2790 1598 2815 Decembris.

1407 2826 1461 2851 Vid.
1475 2834 1553 2858 cupra
1567 2834 1592 2858 p.
1610 2826 1647 2855 87,
1660 2826 1697 2850 16.

1404 2863 1454 2886 Pro
1467 2862 1586 2886 Johanne
1602 2862 1688 2886 Scoto.

1405 2898 1433 2921 31
1448 2897 1598 2921 Decembris.

1406 2934 1435 2957 12
1447 2933 1576 2957 Ianuarii.

1345 2793 1372 2958 509²>²5²5³
