2632 3464
1387 0 1391 5 “
1418 0 1453 15 “1³¹
1462 0 1506 19 »νυ
1512 0 1587 24 5:3qu
1597 0 1923 22 MN}Jsstqhffisseffi*tffl·rt⁴vst.=¹wa
1931 11 1932 14 ,

403 441 454 466 839
944 436 1168 462 AUCTARIUM
1192 434 1452 462 CHARTULARII
1471 435 1645 463 UNIVERS.
1668 437 1787 464 PARIS.
2277 439 2331 465 840

404 516 608 546 bachellarius
622 515 716 544 studii
727 514 918 548 Arfl'orden.,
929 512 1015 552 cujus
1030 513 1125 542 bursa
1137 512 1194 541 VII
1204 511 1308 541 solidi.

445 566 519 595 item
544 564 697 594 admissus
721 564 777 593 suit
799 563 941 592 dominus
960 561 1094 591 Thomas
1119 562 1157 590 de
1182 561 1312 600 Honga-

406 615 451 644 ria
464 614 486 649 ⁴,
509 613 713 643 bachellarius
727 612 821 642 studii
840 611 1084 650 VV[i]ennensis‚
1108 609 1196 650 cujus
1217 611 1312 640 bursa

402 664 507 693 nichil.

809 714 904 743 1401

451 783 702 816 Continuacio
727 781 899 822 magistri
927 780 1056 810 Jacobi
1082 780 1264 810 Johannis

738 832 781 860 de
810 830 973 860 Harlem.

444 910 535 938 Facta
571 907 816 948 congregacione
850 906 989 935 nacionis
1024 905 1197 945 Anglicane
1230 906 1313 945 apud

404 959 549 988 Sanctum
576 956 762 986 Maturinum
787 966 867 984 anno
894 965 955 994 quo
983 965 1093 994 supra,
1116 954 1234 984 decima
1262 955 1313 984 die

404 1008 520 1037 mensis
547 1006 717 1040 Februarii,
743 1005 819 1034 hora
844 1004 1013 1044 primarum
1042 1004 1156 1033 Nostre
1181 1004 1313 1033 Domine

405 1067 500 1096 super
516 1056 637 1084 duobus
653 1054 802 1083 articulis.
822 1054 946 1083 Primus
960 1054 997 1082 ad
1011 1053 1185 1093 eligendum
1201 1063 1314 1082 novum

404 1111 636 1145 procuratorem
662 1103 712 1133 vel
742 1103 982 1132 continuandum
1013 1102 1182 1141 antiquum.
1213 1102 1315 1142 Super

405 1165 466 1194 quo
483 1153 679 1183 concorditer
697 1152 879 1181 deliberavit
896 1151 984 1181 nacio
1003 1161 1062 1191 pro
1079 1151 1314 1180 continuacione

405 1203 545 1242 magistri
566 1202 673 1231 Jacobi
695 1201 846 1230 Johannis
867 1201 906 1230 de
926 1200 1061 1230 Harlem.
1081 1200 1242 1230 Secundus
1263 1210 1315 1229 ar-

407 1253 519 1282 ticulus
534 1258 600 1280 erat
613 1261 708 1290 super
723 1250 1008 1290 supplicacionibus
1022 1256 1052 1278 et
1066 1248 1200 1289 injuriis.
1214 1249 1316 1289 Super

406 1312 468 1341 quo
483 1300 669 1340 supplicavit
686 1306 871 1339 procurator
885 1299 1069 1338 precedens,
1089 1299 1199 1328 iterum
1215 1299 1315 1328 conti-

406 1357 528 1384 nuatuS‚
544 1356 577 1378 ut
590 1350 756 1378 haberetur
768 1355 886 1388 gratus,
902 1348 1168 1377 recommendatus
1184 1354 1214 1377 et
1227 1358 1315 1377 avoa-

405 1407 455 1429 tus
474 1400 505 1428 in
524 1399 584 1428 hiis
605 1409 664 1437 que
685 1398 748 1437 egit
763 1404 902 1437 tempore
918 1397 1153 1436 procuracionis
1174 1407 1239 1426 sue.
1258 1397 1315 1426 Cui

409 1449 496 1478 nacio
532 1447 729 1477 concorditer
758 1447 874 1476 annuit.
908 1446 1167 1486 Supplicaverunt
1194 1447 1226 1475 2⁰
1255 1447 1316 1475 duo

408 1498 587 1527 bachellarii
596 1497 804 1535 VV[i]ennen.‚
815 1502 848 1525 ut
862 1495 911 1524 hic
925 1496 1159 1524 admitterentur
1172 1502 1316 1535 tanquam

410 1547 599 1576 bachellarii.
615 1546 654 1575 Et
672 1555 821 1574 concessa
837 1545 891 1574 suit
908 1555 1013 1574 eorum
1030 1544 1221 1584 supplicacio
1235 1544 1316 1574 solu-

408 1597 448 1625 tis
465 1595 626 1625 solvendis
643 1601 673 1624 et
684 1594 791 1633 juratis
803 1594 953 1633 jurandis.

449 1645 524 1674 Item
543 1644 698 1673 admissus
717 1643 771 1672 suit
789 1643 932 1672 dominus
951 1643 1116 1672 Heinricus
1137 1643 1198 1681 [de]
1214 1642 1317 1672 Xanc-

407 1695 460 1729 tis,
484 1693 689 1722 bachellarius
713 1692 806 1721 studii
830 1691 1035 1727 Colonien.²,
1060 1691 1145 1731 cujus
1171 1693 1266 1721 bursa
1288 1692 1316 1721 11

407 1743 510 1773 solidi.

449 1793 522 1821 Item
545 1792 699 1820 admissus
726 1790 781 1819 fuit
802 1790 945 1820 dominus
972 1790 1126 1819 Henrieus
1151 1791 1188 1819 de
1207 1790 1315 1825 Venlo,

408 1841 614 1871 bachellarius
633 1840 726 1870 studii
745 1839 906 1869 colonien.
921 1839 944 1875 ³,
963 1838 1048 1879 cujus
1068 1840 1163 1869 bursa
1180 1839 1236 1869 V11
1258 1839 1315 1869 sol.

410 1950 483 1989 (Fol.
507 1948 553 1988 63)
580 1948 795 1987 Sequuntur
819 1947 962 1976 nomina
990 1947 1318 1976 determinancium

618 1997 732 2026 istius
766 1996 851 2025 anni
884 1995 1109 2035 supradicti.

451 2087 557 2116 Primo
574 2086 788 2115 determinavit
805 2086 948 2114 dominus
969 2085 1150 2124 Ludolphus
1166 2087 1204 2115 de
1225 2087 1320 2115 Aem-

412 2137 577 2166 stelredam
595 2136 652 2164 sub
668 2135 816 2174 magistro
833 2134 1010 2164 Hermanno
1024 2135 1061 2164 de
1077 2135 1218 2170 Ummen,
1234 2134 1320 2174 cujus

412 2187 507 2215 bursa
525 2185 593 2214 XVI
608 2184 737 2214 denarii.

453 2235 527 2263 Item
545 2233 760 2262 determinavit
772 2233 914 2262 dominus
928 2233 1092 2272 Reynerus
1103 2232 1267 2262 Venatoris
1283 2234 1320 2262 de

412 2284 527 2313 Arnein
551 2284 608 2312 sub
635 2282 783 2321 magistro
809 2282 985 2311 Hermanno
1008 2283 1045 2311 de
1068 2282 1210 2318 Ummen,
1234 2281 1320 2322 cujus

412 2334 506 2361 bursa
522 2332 546 2360 V
564 2332 666 2361 solidi.

454 2382 528 2410 ltem
551 2380 766 2409 determinavit
787 2380 929 2408 dominus
951 2380 1107 2409 Johannes
1133 2381 1241 2409 Petten
1264 2381 1321 2410 sub

413 2431 561 2469 magistro
577 2429 715 2462 Johanne
731 2429 824 2463 Rees,
840 2428 926 2468 cujus
942 2430 1036 2458 bursa
1048 2429 1116 2458 XVI
1131 2430 1260 2458 denarii.

454 2479 527 2508 ltem
542 2478 757 2507 determinavit
772 2478 914 2506 dominus
931 2478 1087 2507 Robertus
1099 2479 1137 2507 de
1148 2479 1270 2507 Merton
1284 2479 1322 2507 de

414 2528 522 2557 Scocia
546 2528 602 2556 sub
626 2527 774 2566 magistro
796 2526 935 2555 Johanne
959 2526 1100 2562 Eluvald‚
1125 2526 1212 2566 cujus
1228 2528 1322 2556 bursa

415 2577 470 2605 Vll
489 2577 590 2605 solidi.

414 2681 598 2712 lleidelbergue
613 2681 758 2705 intitulatus
773 2682 902 2713 (Tonpxn,
914 2681 1045 2711 Mutrikel,
1056 2682 1075 2710 I,
1086 2682 1136 2713 94),
1150 2682 1196 2704 scd
1206 2689 1248 2706 an.
1263 2682 1323 2705 1405

416 2719 504 2740 iterum
519 2717 626 2740 Parisiis
638 2717 764 2740 Invenitur
780 2717 834 2741 Vid.
847 2717 925 2748 infra.

448 2753 469 2775 1.
504 2754 532 2775 1η
543 2753 634 2775 Ieotulo
652 2753 688 2775 ad
703 2752 866 2776 Beni-dietum
881 2753 938 2776 Xlll
953 2760 996 2775 an.
1014 2753 1074 2775 1403
1094 2755 1198 2776 vocatur
1210 2753 1323 2776 Thomas

419 2788 546 2819 Ethiopis,
564 2788 693 2811 lauriem.
711 2788 791 2811 dioec.
809 2788 860 2811 Sed
877 2788 903 2811 in
921 2788 1059 2811 Mntricula
1071 2788 1214 2811 Universit.
1226 2788 1324 2812 Vindo-

416 2823 477 2846 bon.
498 2823 606 2854 plurimi
622 2823 736 2847 Thomas
754 2823 785 2846 de
803 2823 921 2854 Ungui-ia
934 2823 1182 2855 afferuntur,nullu³
1194 2823 1323 2855 Ethiopis.

417 2858 548 2881 Nescimus
565 2859 682 2890 quisnam
702 2859 744 2883 sit.
764 2860 804 2882 Ex
821 2859 890 2891 infra
910 2859 999 2882 relatu
1018 2859 1053 2882 ad
1068 2866 1112 2882 an.
1133 2860 1202 2888 1406,
1221 2861 1279 2883 lun.
1300 2861 1323 2888 8,

417 2894 471 2924 ipae
487 2897 512 2916 ul
527 2895 623 2917 amicus
637 2894 770 2918 Benedicti
782 2895 814 2918 de
827 2895 917 2918 Makra
929 2894 1097 2925 cognoscitur,

448 2930 470 2952 2.
507 2930 633 2952 ilenricus
651 2930 737 2953 Bemel
751 2930 803 2961 (seu
815 2930 903 2961 potius
920 2930 987 2953 alias
1003 2930 1034 2953 de
1052 2930 1150 2961 Bemel)
1164 2930 1196 2954 de
1209 2930 1323 2959 Xanctis‚

418 2965 506 2988 colon.
520 2965 601 2988 dioec.
614 2974 657 2989 αη.
672 2966 730 2989 1397
743 2966 767 2989 in
782 2966 948 2989 L'ntversitate
962 2966 1049 2989 Coton.
1063 2966 1109 2989 sub
1121 2969 1216 2990 rectore
1227 2966 1324 2990 Radul-

1351 956 1384 982 10

1353 1202 1386 1228 15

1354 1447 1387 1473 20

1354 1691 1388 1717 25

1356 1937 1390 1963 30

1358 2183 1391 2208 35

1360 2428 1393 2453 40

1461 512 1536 542 Item
1556 513 1773 543 determinavit
1791 514 1935 544 dominus
1951 514 2086 544 Jacobus
2105 515 2143 544 de
2159 515 2276 555 Peblys
2292 516 2330 545 de

1421 561 1530 592 Scocia
1549 563 1607 591 sub
1629 563 1779 602 magistro
1803 562 1943 592 Johanne
1966 563 2109 600 Eluva1d‚
2129 563 2216 603 cujus
2235 565 2331 594 bursa

1421 609 1460 639 VI
1475 611 1578 640 solidi.

1461 660 1536 689 Item
1562 660 1778 690 determinavit
1804 661 1949 690 dominus
1974 660 2168 692 Guilhelmus
2192 662 2330 692 Glende-

1420 718 1537 748 nuwyn
1559 710 1596 738 de
1625 709 1734 739 Scocia
1763 710 1820 739 sub
1845 709 1994 750 magistro
2015 709 2156 740 Johanne
2182 710 2328 746 Eluvald‚

1421 756 1508 797 cujus
1523 758 1618 787 bursa
1631 758 1688 787 VII
1708 758 1813 788 solidi.

1461 806 1536 836 Item
1551 807 1767 837 determinavit
1781 807 1924 837 dominus
1938 807 2080 838 Matheus
2096 807 2259 838 Godefridi
2274 809 2332 838 sub

1421 855 1569 896 magistro
1587 856 1736 886 Heinrico
1755 857 1793 886 de
1812 856 1960 893 Gorkem,
1978 855 2065 897 cujus
2081 858 2176 887 bursa
2189 857 2260 887 XVI
2276 858 2333 886 de-

1422 915 1512 934 narn.

1462 953 1538 983 Item
1564 954 1780 984 determinavit
1803 955 1947 984 dominus
1974 954 2163 985 Wilhelmus
2190 955 2331 986 Riiswiic

1423 1004 1480 1032 sub
1499 1003 1648 1043 magistro
1667 1003 1804 1033 Henrico
1821 1004 1860 1033 de
1876 1003 2024 1040 Gorkem,
2046 1003 2134 1044 cujus
2154 1005 2250 1034 bursa
2262 1005 2332 1035 XVI

1423 1052 1552 1081 denarii.

1463 1101 1538 1130 Item
1565 1101 1780 1131 determinavit
1808 1102 1951 1131 dominus
1982 1101 2108 1132 Ulricus
2142 1102 2244 1132 Stolcz
2274 1104 2332 1132 sub

1423 1151 1572 1190 magistro
1599 1151 1777 1180 Hermanno
1804 1152 1842 1180 de
1867 1150 2044 1191 Essefinge,
2073 1150 2160 1191 cujus
2186 1152 2282 1182 bursa
2307 1151 2334 1181 V

1425 1199 1528 1229 solidi.

1465 1249 1539 1278 ltem
1565 1249 1780 1278 determinavit
1799 1249 1942 1278 dominus
1964 1248 2097 1279 Thomas
2119 1249 2272 1290 Adougan
2295 1251 2334 1279 de

1425 1298 1534 1327 Scocia
1556 1299 1614 1327 sub
1634 1298 1783 1338 magistro
1805 1297 1946 1327 Johanne
1964 1298 2107 1334 Eluvald,
2129 1298 2216 1339 cujus
2239 1300 2335 1329 bursa

1425 1347 1481 1376 VII
1498 1347 1600 1376 solidi.

1466 1396 1541 1425 Item
1568 1396 1784 1426 determinavit
1813 1396 1958 1426 dominus
1987 1396 2164 1426 Alexander
2189 1398 2227 1426 de
2255 1397 2336 1426 Villa

1424 1444 1574 1474 johannis
1596 1446 1633 1474 de
1653 1445 1762 1474 Scocia
1782 1446 1840 1474 sub
1860 1445 2009 1485 magistro
2029 1445 2168 1475 Johanne
2189 1446 2332 1480 Eluvald.

1425 1493 1512 1534 cujus
1527 1495 1622 1524 bursa
1636 1494 1692 1523 VII
1709 1494 1811 1524 solidi.

1466 1544 1541 1573 Item
1557 1543 1772 1572 determinavit
1781 1543 1925 1572 dominus
1934 1543 2047 1573 Petrus
2062 1545 2100 1572 de
2110 1543 2335 1573 woudrichem

1426 1594 1483 1622 sub
1506 1593 1656 1632 magistro
1675 1592 1815 1621 Johanne
1830 1593 1924 1627 Rees,
1944 1591 2031 1632 cujus
2049 1593 2144 1622 bursa
2159 1592 2229 1622 XVI
2243 1593 2314 1622 den.

1467 1643 1541 1671 Item
1565 1641 1781 1671 determinavit
1800 1642 1944 1671 dominus
1965 1641 2144 1671 Burcardus
2164 1642 2260 1671 Liber
2277 1642 2335 1671 sub

1426 1691 1574 1730 magistro
1597 1691 1774 1719 Hermanno
1794 1690 1955 1730 Eslingen,
1971 1691 2059 1730 cujus
2076 1691 2171 1720 bursa
2187 1690 2214 1720 V
2231 1690 2334 1720 solidi.

1467 1741 1542 1770 Item
1565 1739 1781 1769 determinavit
1804 1740 1947 1769 dominus
1968 1739 2123 1769 Henricus
2145 1739 2255 1779 Brugg
2279 1740 2336 1769 sub

1427 1789 1576 1829 magistro
1605 1789 1782 1818 Hermanno
1813 1789 1850 1818 de
1881 1788 2042 1828 Eslingen,
2074 1787 2160 1828 cujus
2189 1789 2283 1818 bursa
2310 1787 2337 1817 V

1427 1839 1530 1869 solidi.

1468 1887 1543 1917 Item
1573 1886 1787 1916 determinavit
1817 1886 1959 1916 dominus
1991 1886 2183 1916 Theodricus
2211 1886 2336 1926 Spirinc

1428 1938 1485 1967 sub
1501 1937 1650 1977 magistro
1665 1936 1805 1965 Johanne
1824 1935 1918 1971 Roes,
1941 1934 2027 1975 cujus
2046 1937 2141 1965 bursa
2160 1935 2230 1965 XVI
2243 1936 2314 1965 den.

1468 1986 1543 2015 Item
1574 1984 1788 2015 determinavit
1809 1985 1952 2014 dominus
1974 1984 2168 2014 Theodricus
2195 1985 2233 2014 de
2251 1984 2337 2014 Hoe-

1427 2046 1486 2065 ven
1500 2035 1523 2070 ⁴,
1541 2036 1599 2064 sub
1614 2034 1763 2074 magistro
1783 2033 1922 2064 Johanne
1939 2034 2033 2069 Rees,
2050 2033 2137 2072 cujus
2159 2034 2254 2063 bursa
2266 2033 2336 2063 XVI

1429 2084 1558 2114 denarii.

1469 2134 1545 2163 Item
1561 2133 1776 2163 determinavit
1797 2133 1941 2162 dominus
1957 2131 2114 2161 Johannes
2136 2131 2276 2161 Laverok
2299 2131 2337 2160 de

1430 2182 1539 2212 Scocia
1561 2183 1617 2211 sub
1641 2182 1789 2221 magistro
1806 2181 1945 2211 Johanne
1964 2180 2117 2216 Boburth‚
2138 2179 2223 2220 cujus
2243 2181 2338 2210 bursa

1430 2232 1455 2261 V
1468 2231 1571 2261 solidi.

1470 2281 1545 2309 ltem
1568 2280 1784 2309 determinavit
1800 2279 1943 2308 dominus
1963 2278 2121 2308 Johannes
2146 2277 2277 2307 Dalketh
2299 2278 2337 2306 de

1431 2329 1540 2358 Scocia
1555 2329 1612 2358 sub
1629 2329 1777 2368 magistro
1792 2328 1931 2357 Johanne
1945 2327 2087 2363 Eluvald,
2102 2326 2189 2366 cujus
2201 2327 2295 2356 bursa
2312 2326 2338 2355 V

1431 2378 1532 2407 solidi.

1472 2427 1545 2456 Item
1560 2426 1775 2456 determinavit
1789 2426 1932 2455 dominus
1945 2425 2102 2454 Johannes
2112 2424 2198 2463 Boey
2219 2425 2256 2453 de
2274 2423 2338 2452 Oe-

1431 2475 1582 2510 sterhout‚
1608 2476 1682 2504 alias
1707 2476 1744 2504 de
1769 2474 1926 2509 Almkerc,
1946 2475 2004 2504 sub
2025 2474 2174 2513 magistro
2198 2472 2338 2502 Arnoldo

1430 2525 1569 2560 Wtwiic‚
1587 2523 1674 2564 cujus
1691 2525 1785 2553 bursa
1801 2524 1828 2552 V
1844 2523 1947 2553 solidi.

1473 2574 1547 2603 ltem
1571 2573 1787 2602 determinavit
1809 2572 1952 2602 dominus
1975 2571 2163 2601 Wilhelmus
2187 2571 2225 2599 de
2246 2570 2339 2600 Mon-

1433 2684 1457 2707 [ο
1470 2683 1502 2706 de
1519 2683 1583 2707 Rivo
1604 2685 1631 2706 ut
1649 2682 1756 2706 scolari-5
1772 2682 1866 2706 artium
1884 2680 2030 2705 intitulatus
2045 2683 2091 2704 eat.
2107 2682 2245 2712 Postquam
2261 2680 2341 2712 suerit

1433 2719 1555 2752 magister
1574 2718 1676 2744 artium.
1697 2718 1830 2742 Coloniam
1847 2725 1960 2741 reversae
1975 2719 2000 2740 et
2022 2716 2196 2749 magisterium
2216 2716 2242 2739 in
2262 2715 2339 2740 theol.

1432 2755 1542 2786 adeptua
1557 2757 1594 2777 est
1611 2754 1760 2785 famamque
1775 2752 1919 2785 acquisivit.
1939 2752 1993 2776 Vid.
2010 2752 2144 2780 Knussmv,
2155 2751 2201 2776 Die
2219 2751 2341 2775 Matrikel

1433 2790 1479 2813 der
1491 2790 1654 2813 Universitiit
1667 2789 1742 2817 Koln,
1760 2789 1779 2817 1,
1793 2790 1831 2817 70,
1845 2790 1870 2811 et
1883 2791 1934 2811 not.
1950 2790 1965 2811 5
1982 2787 2018 2811 ad
2030 2794 2085 2810 num
2098 2788 2135 2811 33.

1463 2826 1486 2848 3.
1521 2825 1648 2848 Henricus
1661 2825 1693 2848 de
1706 2824 1796 2852 Venlo,
1814 2823 1880 2847 nlius
1898 2823 1930 2847 de
1946 2823 2042 2851 Canne,
2057 2822 2188 2846 Leodiens.
2202 2822 2283 2846 dioec.
2296 2830 2340 2846 an.

1433 2861 1492 2884 1397
1502 2860 1548 2883 sub
1559 2863 1655 2884 rectore
1668 2860 1750 2884 Paulo
1763 2860 1795 2883 de
1808 2859 1897 2883 Geli-ia
1913 2859 1938 2882 in
1954 2858 2122 2882 Universitate
2134 2858 2222 2882 Calon.
2238 2860 2266 2881 ut
2278 2857 2340 2881 acal.

1433 2899 1482 2920 art.
1495 2895 1642 2919 intitulatus
1657 2896 1800 2927 (Knossmv,
1814 2895 1832 2919 1.
1847 2903 1879 2923 c.,
1893 2903 1920 2926 p.
1939 2895 1977 2925 73,
1994 2894 2044 2926 16).

1465 2933 1488 2955 lt.
1521 2933 1569 2954 An.
1585 2932 1645 2954 1414
1659 2931 1684 2954 in
1703 2930 1872 2954 L'niveraitate
1885 2929 2096 2961 Heidelbergensi
2106 2931 2134 2953 ut
2146 2928 2268 2961 magister
2279 2928 2343 2952 inci-

1434 2966 1530 2990 tulatus
1543 2969 1589 2991 est.
1612 2966 1664 2990 Vid.
1681 2966 1800 2994 Tonrxn,
1813 2965 1943 2994 Matrikel,
1955 2965 1975 2994 1,
1989 2965 2042 2990 125.
