2632 3464
289 444 340 471 501

330 519 405 550 item
422 519 539 560 incepit
558 520 701 550 dominus
718 520 864 550 Nicolaus
879 519 954 549 Piec
971 519 1028 548 sub
1047 518 1196 558 magistro

290 568 427 598 Henrico
448 569 486 598 de
505 569 652 604 Rossem,
671 568 759 608 cujus
778 569 874 598 bursa
889 567 947 597 VII
968 567 1072 597 solidi.
1089 567 1200 597 Posuit

289 617 404 657 pignus
418 618 457 647 de
474 627 629 648 consensu
643 617 795 647 nacionis.

329 666 404 696 Item
422 666 539 706 incepit
555 667 698 696 dominus
715 665 902 696 Wilhelmus
926 665 1066 695 Falklant
1086 665 1199 695 Scotus

287 715 345 744 sub
360 715 510 755 maff'stro
526 713 697 745 Wilbelmo
711 715 750 744 de
767 715 922 750 Trebron,
942 713 1030 754 cujus
1045 715 1140 744 bursa
1155 713 1197 743 vl

288 763 391 793 solidi.
410 763 567 794 Satisfecit
587 763 723 794 nacioni.
740 763 839 793 Solvit
856 769 963 793 totum.
986 756 988 758 ¹

330 812 405 842 Item
423 813 539 853 incepit
562 813 705 843 dominus
721 812 855 842 Thomas
876 811 949 842 Wis
972 813 1030 842 sub
1049 812 1198 852 magistro

290 860 452 891 Gherardo
465 862 503 891 de
519 861 642 897 Calker,
658 860 744 901 cujus
761 862 854 890 bursa
869 860 910 890 Vl
927 861 1031 890 solidi.
1048 861 1157 890 Solvit.

295 968 364 998 Isti
407 974 494 998 sunt
535 968 711 1008 magistri
755 968 815 1008 qui
858 967 894 997 in
935 967 1200 1008 procuratoris

349 1017 565 1057 prescripta
593 1017 830 1046 intraverunt
858 1018 901 1046 de
928 1027 1022 1047 novo
1048 1027 1140 1046 con-

410 1065 659 1106 gregaciones
692 1072 726 1095 et
762 1065 962 1095 solverunt
994 1066 1079 1106 qui-

471 1114 564 1144 libet
593 1124 662 1154 pro
689 1113 856 1154 jocundo
885 1114 1020 1144 introi-

625 1169 663 1193 tu
687 1165 864 1193 francum.

329 1251 480 1292 Magister
497 1251 672 1282 Stanislaus
684 1253 723 1282 de
733 1252 865 1282 Polonia
881 1252 974 1282 solvit
989 1253 1136 1282 francum.

329 1300 481 1341 Magister
498 1300 630 1331 Mathias
648 1301 687 1330 de
701 1301 799 1331 Janov
812 1301 904 1332 solvit
921 1302 1070 1331 francum.

328 1349 480 1390 Magister
501 1350 659 1380 lohannes
682 1349 981 1380 Muntscbemannus
1005 1351 1043 1380 de
1066 1351 1199 1390 Magun-

288 1398 336 1428 cia
351 1398 445 1428 solvit
459 1399 607 1429 francum.

329 1446 480 1487 Magister
495 1447 681 1478 Fredericus
693 1448 816 1488 Junghe
832 1448 924 1478 solvit
940 1449 1086 1478 francum.

328 1496 479 1536 Magister
490 1497 649 1526 Arnoldus
660 1497 698 1526 de
707 1496 928 1527 Bruechuesen
942 1497 1036 1527 solvit
1047 1498 1195 1527 francum.

328 1545 484 1585 Magister
494 1545 629 1575 Jacobus
643 1546 731 1585 Lyon
749 1546 861 1575 Scotus
879 1546 972 1576 solvit
988 1547 1136 1576 francum.

328 1593 480 1634 Magister
491 1594 626 1624 Thomas
637 1595 674 1624 de
691 1594 829 1635 Ungaria
845 1595 937 1624 solvit
955 1596 1102 1625 francum.

328 1641 480 1683 Magister
493 1643 598 1673 Buzco
614 1644 652 1673 de
670 1643 832 1684 Scopitecz
848 1644 941 1674 solvit
956 1645 1103 1674 francum.

329 1691 404 1722 Item
426 1692 575 1732 magister
593 1691 758 1733 Philippus
777 1693 899 1733 Pinghe
919 1694 956 1723 de
975 1694 1120 1723 Embrica
1138 1694 1197 1724 sol-

287 1740 332 1771 vit
350 1741 498 1770 francum.

328 1789 401 1829 (Fal.
416 1789 533 1830 2)1tem
546 1790 696 1830 magister
713 1790 897 1820 Guillelmus
918 1791 1067 1821 Falkland
1085 1792 1197 1822 scotus

289 1838 382 1868 solvit
404 1839 540 1869 francum
558 1849 616 1879 pro
639 1838 771 1878 jocundo
790 1839 930 1870 introitu.

329 1936 404 1966 ltem
419 1946 500 1966 anno
518 1936 644 1966 Domini
658 1947 720 1977 quo
739 1947 834 1977 supra
856 1939 931 1968 facta
951 1939 1196 1979 congregacione

288 1985 428 2015 nacionis
450 1986 532 2026 apud
550 1985 695 2016 Sanctum
710 1986 910 2022 Maturinum,
930 1988 1046 2017 mensis
1062 1987 1196 2028 Augusti

288 2034 338 2063 die
356 2034 476 2074 quinta,
492 2035 530 2064 ad
546 2034 794 2065 substituendum
809 2036 943 2076 aliquem
963 2037 995 2066 in
1013 2043 1196 2076 procurato·-

287 2093 352 2112 rem
363 2089 394 2112 et
408 2084 447 2112 ad
461 2083 711 2123 supplicandum,
721 2085 907 2115 substitutus
919 2085 976 2115 suit
986 2086 1195 2122 concorditer,

287 2131 373 2162 nullo
404 2132 600 2167 reclamante,
626 2132 774 2172 magister
801 2133 958 2164 lohannes
983 2134 1132 2164 Lubberti
1158 2136 1196 2164 de

286 2180 454 2211 Daventria
473 2181 504 2210 in
525 2187 768 2221 procuratorem,
786 2192 822 2212 eo
839 2183 923 2222 quod
940 2183 1089 2223 magister
1111 2184 1196 2214 Wil-

285 2229 405 2259 belmus
433 2230 629 2270 prescriptae
660 2239 842 2261 recessurus
877 2238 942 2262 erat
975 2242 1031 2262 nec
1064 2233 1196 2272 amplius

285 2277 446 2308 intendere
466 2285 587 2318 poterat
607 2279 645 2308 ad
664 2281 870 2310 exercendum
894 2280 1026 2310 officium
1046 2291 1196 2321 procura-

287 2327 387 2357 cionis
401 2326 550 2367 ejusdem.

327 2375 402 2405 Item
418 2376 449 2405 in
465 2376 615 2406 electione
625 2377 765 2417 magistri
781 2376 942 2407 wilhelmi
957 2378 1114 2415 antedicti,
1124 2379 1196 2409 licet

286 2424 363 2454 facta
377 2424 477 2454 fuerat
488 2425 695 2465 congregacio
710 2426 747 2455 ad
764 2425 940 2466 eligendum
950 2434 1193 2467 procuratorem,

286 2473 429 2502 similiter
438 2473 477 2503 ad
491 2474 676 2504 audiendum
690 2481 866 2514 compotum
881 2476 1066 2516 receptoria,
1082 2477 1195 2507 dilatus

287 2521 343 2552 suit
357 2528 519 2562 compotus
535 2533 633 2563 usque
649 2524 686 2552 ad
700 2523 881 2553 electionem
901 2531 1092 2565 sequentem.

327 2570 402 2600 ltem
421 2571 497 2601 sacta
516 2572 764 2612 congregacione
785 2573 866 2612 apud
891 2573 1035 2603 Sanctum
1059 2574 1195 2605 Bernar-

286 2619 358 2650 dum
388 2620 528 2650 nacionis
554 2621 646 2650 simul
677 2626 707 2650 et
740 2620 973 2658 Universitatis,
1008 2623 1195 2663 supplicavit

286 2668 436 2708 magister
447 2668 632 2699 Fredericus
647 2669 786 2700 Junioris
800 2669 807 2688 ¹
833 2677 866 2700 ut
882 2671 1009 2701 daretur
1030 2672 1089 2702 sibi
1106 2673 1195 2703 litera

286 2716 502 2747 testimonialis
515 2718 553 2748 de
565 2718 754 2759 magisterio.
771 2719 837 2757 Que
853 2720 1044 2759 supplicacio
1060 2722 1195 2752 admissa

288 2764 356 2794 fuit.

320 2959 342 2983 1.
374 2960 422 2984 Mu.
438 2958 591 2984 Vnda-leu-
604 2962 716 2985 munnio.
732 2961 887 2995 Dnu‘gnalur
900 2963 1047 2988 Fridericus
1060 2964 1191 2996 Jungben.

802 444 914 470 LIBER
938 442 1249 470 PROCURATORUM
1269 442 1449 470 NATIONIS
1468 444 1713 471 ANGLICANAE

1237 963 1271 989 10

1238 1209 1270 1236 15

1236 1456 1270 1482 20

1235 1701 1269 1727 25

1234 1947 1268 1973 30

1234 2192 1267 2218 35

1233 2437 1267 2463 40

1232 2680 1266 2706 45

1241 0 1466 26 Wsrfntz‘53’sarss-„ffs
1480 0 1547 24 -1‘4'11'
1562 0 1635 18 τις-τ’
1651 0 1677 17 Ὗ
1690 1 1696 10 τ
1719 0 1740 17 2:
1754 0 1784 19 ιγ»
1851 7 1853 9 .
1906 0 1963 11 sva·
1985 0 1999 6 ν·
2040 0 2042 3 v
2063 3 2066 6 ·

2162 448 2213 474 502

1715 542 1813 572 1376

1349 622 1439 651 Acta
1480 623 1744 661 procuratorie
1786 623 1959 663 magistri
1997 624 2178 654 Johannis

1429 671 1755 701 Mflntschemanni
1799 672 1842 701 de
1888 672 2096 712 Maguncia.

1347 763 1438 794 Anno
1475 765 1599 794 Domini
1629 775 1690 805 quo
1724 775 1831 805 supra,
1869 765 1981 795 XXVIa
2015 766 2065 795 die
2103 768 2220 797 mensis

1307 812 1442 853 Augusti
1457 824 1517 853 que
1539 813 1594 843 fuit
1615 814 1783 844 crastinum
1811 815 1909 844 sancti
1942 815 2112 850 Lodowici,
2144 816 2220 845 sacta

1307 863 1557 902 congregacione
1584 863 1724 892 nacionis
1757 863 1928 903 Anglicane
1962 865 2044 903 apud
2075 864 2219 894 Sanctum

1307 911 1462 940 Julianum
1478 913 1516 940 ad
1537 911 1719 951 elegendum
1735 919 1970 952 procuratorem
1989 919 2019 942 et
2038 915 2075 942 ad
2092 914 2221 943 audien-

1308 961 1380 989 dum
1405 967 1580 1000 compotum
1606 961 1791 1000 recepturis,
1810 962 1925 991 electus
1946 962 2001 991 fuit
2018 962 2049 991 in
2070 973 2221 1002 procura-

1309 1015 1406 1038 torem
1426 1009 1507 1039 dicte
1532 1010 1671 1039 nacionis
1694 1010 1842 1050 magister
1864 1011 2021 1040 Johannes
2039 1011 2220 1041 Muntsche-

1308 1068 1438 1088 mannus
1465 1059 1503 1088 de
1532 1058 1696 1098 Maguncia
1721 1060 1918 1089 concorditer
1949 1060 2034 1089 nullo
2061 1061 2221 1090 contradi-

1308 1113 1406 1137 cente.
1432 1107 1465 1136 ln
1481 1106 1568 1147 cujus
1585 1108 1807 1147 procuracione
1826 1110 1998 1148 agebantur
2010 1109 2217 1149 infrascripta.

1348 1156 1419 1186 Fuit
1446 1156 1526 1185 enim
1553 1156 1584 1186 in
1611 1158 1716 1186 eadem
1742 1158 1992 1197 congregacione
2024 1159 2221 1188 concorditer

1308 1205 1510 1235 deliberatum
1520 1211 1552 1235 ut
1565 1213 1726 1246 compotus
1737 1207 1908 1246 receptoris
1922 1207 2105 1236 defferretur
2120 1218 2220 1247 usque

1308 1255 1344 1284 ad
1359 1255 1522 1284 adventum
1541 1255 1683 1294 magistri
1700 1255 1832 1285 Walteri
1852 1255 1955 1284 Delf².
1975 1255 2049 1285 Item
2066 1257 2097 1285 in
2113 1257 2219 1286 eadem

1308 1304 1556 1343 congregacione
1594 1304 1650 1333 fuit
1682 1304 1884 1334 deliberatum
1922 1311 1954 1334 ut
1989 1305 2069 1334 idem
2106 1316 2221 1344 procu-

1307 1359 1392 1382 rator
1409 1352 1544 1382 solveret
1567 1353 1704 1382 francum
1730 1359 1858 1393 propter
1883 1354 2012 1393 primam
2034 1361 2219 1393 procurato-

1307 1401 1383 1430 riam
1409 1400 1486 1440 ejus,
1515 1407 1544 1431 et
1566 1401 1607 1431 ita
1634 1402 1744 1431 sactum
1775 1409 1840 1432 erat
1873 1402 1903 1431 in
1933 1403 2060 1432 taberna
2079 1404 2122 1431 ad
2146 1404 2220 1431 duos

1305 1451 1437 1489 gladios.

1349 1499 1423 1528 Item
1433 1499 1561 1528 xxvlla
1571 1499 1621 1529 die
1632 1500 1880 1540 congregacione
1893 1501 1966 1530 sacta
1983 1502 2064 1540 apud
2074 1503 2217 1531 Sanctum

1307 1547 1494 1577 Maturinum
1510 1549 1541 1578 4²
1559 1548 1635 1578 hora
1649 1555 1722 1588 post
1738 1549 1896 1579 meridiem
1912 1551 1950 1579 ad
1967 1550 2215 1589 supplicandum,

1307 1597 1495 1636 supplicavit
1516 1598 1664 1637 magister
1686 1597 1820 1628 Thomas
1843 1598 1928 1628 Wiis
1952 1598 2063 1628 Scotus
2087 1599 2171 1639 quod
2191 1599 2216 1628 si

1306 1646 1372 1675 fieri
1395 1646 1590 1686 contingeret
1612 1647 1757 1681 rotulum,
1785 1654 1818 1676 ut
1841 1647 1885 1676 illi
1913 1654 2057 1687 tanquam
2086 1658 2217 1687 presens

1307 1694 1530 1734 imponeretur,
1546 1702 1597 1725 aut
1610 1696 1636 1724 si
1657 1695 1732 1725 illud
1748 1697 1813 1725 fieri
1832 1707 1894 1726 non
1910 1704 2029 1736 posset,
2042 1698 2125 1736 quod
2146 1703 2217 1726 tunc

1307 1744 1351 1772 illi
1366 1754 1402 1773 eo
1425 1745 1517 1774 modo
1537 1745 1713 1784 imponatur
1730 1755 1791 1784 quo
1815 1745 1866 1774 alii
1884 1746 2028 1775 absentes
2048 1746 2090 1774 illi
2117 1746 2218 1775 rotulo

1306 1793 1549 1832 imponerentur.
1570 1793 1610 1823 Et
1638 1793 1689 1822 illa
1715 1794 1906 1834 supplicacio
1934 1794 1989 1824 suit
2021 1795 2216 1824 concorditer

1305 1842 1440 1871 admissa
1457 1852 1493 1871 eo
1511 1843 1613 1877 modo,
1631 1853 1692 1882 quo
1711 1844 1909 1872 commodose
1926 1844 1992 1872 fieri
2012 1850 2125 1883 potest.

1346 1891 1421 1920 Item
1436 1891 1516 1920 idem
1530 1891 1678 1931 magister
1696 1891 1788 1921 solvit
1809 1899 1882 1931 post
1897 1893 2023 1922 eandem
2040 1902 2214 1932 congrega-

1305 1940 1424 1969 cionem
1451 1950 1543 1969 unum
1569 1940 1705 1970 francum
1730 1951 1788 1980 pro
1811 1940 1945 1980 jocundo
1972 1941 2110 1970 introitu.

1347 1988 1420 2018 item
1443 1989 1473 2018 in
1497 1989 1603 2018 eadem
1624 1990 1872 2029 congregacione
1898 1990 1938 2019 sui
1965 1990 2133 2029 requisitus
2161 2000 2218 2029 per

1306 2037 1485 2077 magistros,
1495 2044 1527 2067 ut
1538 2038 1569 2066 in
1580 2038 1660 2067 libro
1673 2038 1828 2077 signarem
1843 2038 2104 2078 supplicacionem
2117 2039 2215 2078 magi-

1306 2087 1362 2116 stri
1372 2086 1523 2116 Johannis
1536 2087 1573 2116 de
1587 2087 1688 2116 Berka
1704 2087 1799 2117 fuisse
1812 2098 2004 2122 concessam,
2021 2098 2081 2127 qua
2097 2087 2216 2127 suppli-

1305 2135 1384 2165 cavit
1406 2137 1489 2174 quod
1512 2136 1543 2164 in
1565 2146 1638 2165 casu
1656 2146 1718 2175 quo
1739 2137 1826 2166 fieret
1850 2137 1986 2172 rotulus,
2007 2136 2050 2166 illi
2074 2137 2215 2175 impone-

1305 2190 1402 2214 retur.

1346 2233 1420 2262 Item
1437 2233 1492 2263 vl=
1513 2233 1562 2263 die
1586 2233 1779 2273 Septembris
1804 2234 2050 2274 congregacione
2074 2235 2214 2264 nacionis

1305 2283 1382 2312 facta
1399 2283 1436 2311 ad
1457 2283 1602 2312 Sanctum
1622 2283 1809 2312 Maturinum
1830 2285 1867 2313 ad
1890 2284 2095 2313 ordinandum
2120 2294 2216 2323 pecu-

1304 2331 1384 2360 niam
1401 2332 1513 2361 nuncio
1531 2342 1568 2360 ex
1585 2338 1670 2371 parte
1685 2333 1836 2367 nacionis,
1853 2333 1907 2362 suit
1922 2333 2120 2362 concorditer
2136 2333 2214 2362 deli-

1305 2381 1441 2410 berando
1461 2380 1640 2410 conclusum
1664 2382 1748 2421 quod
1766 2382 1879 2410 nuncio
1901 2382 2051 2415 nacionis.
2071 2382 2215 2411 videlicet

1304 2429 1453 2469 magistro
1480 2429 1633 2465 Marsilio,
1666 2430 1813 2459 darentur
1843 2431 1880 2459 de
1915 2430 2043 2470 pecunia
2075 2431 2214 2459 nacionis

1303 2477 1386 2507 XXV
1405 2484 1456 2507 aut
1477 2478 1560 2508 XXX
1585 2478 1693 2514 franci,
1714 2479 1755 2508 ita
1770 2486 1869 2508 tamen
1893 2480 1974 2519 quod
2000 2479 2025 2508 si
2054 2479 2213 2508 nacionem

1303 2527 1498 2567 contingeret
1523 2527 1644 2557 solvere
1668 2528 1827 2567 pecuniam
1849 2538 1905 2567 per
1931 2528 2044 2557 dictum
2069 2528 2212 2557 nuncium

1305 2585 1361 2615 pro
1382 2576 1460 2605 sacto
1483 2575 1702 2606 Universitatis
1724 2577 1949 2616 exponendam,
1976 2577 2057 2616 quod
2081 2587 2116 2606 ex
2143 2583 2212 2606 tunc

1304 2624 1371 2664 ipse
1407 2625 1538 2654 nuncius
1574 2626 1729 2655 tenebitur
1761 2626 1790 2654 in
1830 2625 2004 2665 hujusmodi
2044 2626 2122 2654 sacto
2159 2636 2215 2664 per

1303 2673 1404 2712 ipsum
1424 2674 1605 2713 exponenda
1626 2673 1759 2703 fideliter
1779 2680 1967 2713 computare,
1990 2680 2019 2702 et
2037 2673 2096 2703 sibi
2119 2684 2214 2714 super

1304 2720 1478 2761 hujusmodi
1505 2722 1656 2762 expositis
1680 2722 1811 2751 fideliter
1836 2723 2019 2761 computatis
2044 2733 2059 2750 a
2084 2722 2212 2752 nacione

1303 2770 1448 2806 satisfiet;
1469 2770 1495 2800 si
1514 2777 1614 2800 autem
1633 2771 1762 2810 pecunia
1779 2781 1837 2810 pro
1853 2770 1922 2810 ipso
1945 2777 1975 2800 et
1997 2770 2066 2800 aliis
2084 2770 2213 2801 Univer-

1303 2818 1404 2849 sitatis
1421 2819 1542 2849 nunciis
1566 2829 1621 2859 per
1643 2820 1907 2849 contribucionem
1931 2819 2063 2859 capitum
2082 2819 2212 2859 collige-

1303 2874 1364 2903 tur,
1379 2874 1505 2898 extunc
1531 2869 1622 2897 debet
1645 2868 1756 2897 habere
1779 2874 1893 2898 tantum
1918 2874 2063 2907 quantum
2085 2868 2212 2898 alterius

1333 2970 1357 2994 2.
1389 2969 1541 3001 Receptorlc.
