2632 3464
454 416 529 433 xxxu
1286 406 1550 434 INTRODUCTIO

505 486 558 520 Ex
576 497 621 521 eo
635 483 738 533 quod
754 483 895 534 legitur
909 484 1006 531 (271,
1026 484 1082 530 19)
1100 496 1290 533 pauperes
1311 484 1395 519 sine
1412 495 1508 519 nova
1527 496 1649 534 cappa
1665 486 1835 534 incipere
1851 497 1979 534 posse,
1998 485 2245 523 confirmatur
2261 494 2378 525 statu-

453 563 535 591 tum
552 568 572 590 a
593 554 750 604 reliquis
769 567 931 603 cappam
951 566 1088 589 novam
1109 553 1313 590 rotundam
1330 560 1367 589 et
1389 554 1583 603 propriam
1601 553 1818 590 habendam
1831 554 1856 589 ¹.

1020 686 1052 720 8.
1097 685 1302 734 Magistri
1342 691 1557 732 regentes
1596 684 1807 720 nationis.

504 791 611 826 Sicut
628 788 864 838 praecedens
879 787 1102 837 capitulum,
1120 787 1192 823 hoc
1209 799 1362 836 quoque
1376 786 1555 822 omnibus
1575 786 1796 822 nationibus
1817 799 2019 824 commune
2039 794 2108 824 est.
2132 788 2171 824 Si
2187 789 2273 837 quis
2292 796 2380 838 post

453 859 647 896 licentiam
667 859 705 894 in
722 858 869 894 artibus
894 858 1039 906 incepit
1067 865 1106 893 et
1129 857 1370 906 procuratori
1399 864 1478 892 tam
1500 857 1536 891 in
1563 856 1726 905 pecunia
1755 868 1868 905 quarn
1890 856 2145 905 juramentis²
2173 857 2377 899 satisfecit,

451 929 578 966 dictus
598 929 668 964 fuit
685 929 879 977 magister.
905 925 1236 974 Quemadmodum
1253 926 1408 975 ubique,
1429 925 1601 975 magistri
1618 932 1797 974 regentes
1814 938 1835 961 a
1853 926 2046 975 magistris
2063 939 2138 962 non
2155 926 2380 977 regentibus

452 998 624 1034 distincti
648 1004 750 1033 sunt.
774 998 829 1032 De
851 995 981 1032 multis
1005 996 1198 1044 magistris
1221 994 1316 1029 nihil
1334 1002 1424 1043 post
1444 996 1606 1044 primam
1624 994 1830 1030 lectionem
1852 995 2112 1044 magistralem
2134 997 2266 1032 scitur.
2292 997 2380 1032 Sive

452 1069 618 1104 Parisios
646 1066 884 1115 reliquerint,
914 1066 995 1101 sive
1021 1064 1073 1100 ibi
1099 1064 1211 1100 aliam
1237 1065 1438 1100 scientiam
1459 1063 1634 1100 discituri
1659 1065 1925 1105 remanserint,
1949 1065 2049 1101 inter
2076 1066 2279 1115 magistros
2300 1078 2377 1102 non

452 1145 632 1186 regentes
648 1135 984 1185 computabantur,
1003 1135 1068 1183 qui
1090 1133 1230 1169 docere
1246 1135 1284 1168 in
1301 1133 1447 1169 artibus
1466 1141 1555 1183 post
1571 1133 1764 1182 quoddam
1780 1134 1965 1183 temporis
1982 1135 2148 1183 spatium
2165 1134 2375 1172 desierunt.

454 1209 514 1243 Sic
536 1206 636 1242 haud
655 1207 766 1255 pauci
783 1207 822 1240 in
842 1206 998 1240 natione
1017 1205 1190 1254 magistri
1207 1203 1525 1246 11umerabantur;
1544 1204 1582 1238 in
1600 1202 1725 1239 rotulo
1738 1204 1750 1225 3
1768 1204 1855 1238 anni
1875 1203 1968 1239 1362
1984 1205 2230 1240 nominantur
2250 1205 2315 1246 55;
2341 1205 2379 1240 in

452 1278 755 1325 congregatione
772 1289 833 1311 an.
856 1275 948 1310 1378
970 1282 1078 1310 erant
1099 1274 1144 1309 33
1168 1280 1392 1322 praesentes
1414 1272 1522 1318 (550),
1549 1285 1609 1307 an.
1636 1272 1729 1307 1398
1744 1285 1835 1308 vero
1855 1272 1903 1308 44
1924 1273 2033 1318 (783).

503 1349 542 1382 In
584 1346 768 1382 Auctario
813 1344 900 1380 illos
928 1343 1006 1380 fere
1036 1344 1240 1392 magistros
1272 1349 1451 1392 regentes
1486 1342 1677 1377 inveneris
1706 1342 1770 1390 qui
1803 1341 1955 1377 scholas
1992 1342 2178 1391 impensis
2212 1343 2380 1379 nationis

451 1416 657 1452 habebant.
680 1414 894 1461 Quotannis
916 1425 1047 1449 mense
1067 1411 1283 1462 Septembri
1305 1411 1402 1461 (402,
1428 1411 1492 1455 46;
1511 1411 1595 1451 404,
1623 1411 1665 1446 12
1687 1410 1790 1460 sqq.)
1810 1410 1961 1447 scholas
1986 1411 2024 1446 in
2043 1411 2183 1460 quibus
2205 1419 2380 1448 rexerant

450 1500 550 1523 anno
565 1486 773 1535 praeterito
787 1485 825 1519 in
842 1496 976 1519 manus
995 1483 1161 1518 nationis
1178 1483 1373 1518 remittere
1389 1480 1592 1520 debebant,
1614 1487 1749 1529 postea
1771 1481 2004 1530 quicumque
2031 1493 2166 1530 regere
2189 1481 2228 1515 in
2249 1481 2377 1517 animo

449 1556 617 1592 habebat
637 1568 658 1590 a
677 1555 831 1590 natione
854 1552 1006 1589 scholas
1027 1550 1288 1601 supplicabat;
1315 1557 1396 1586 tum
1420 1549 1572 1586 scholas
1592 1551 1696 1586 natio
1721 1562 1837 1599 saepe
1853 1549 1972 1586 veluti
1998 1563 2098 1586 anno
2120 1549 2379 1599 praecedente

451 1624 720 1662 distribuebat.
749 1624 985 1671 Cuicumque
1009 1622 1193 1670 magistro
1222 1621 1277 1656 sic
1303 1619 1517 1669 approbato
1547 1619 1813 1668 requirebatur
1837 1618 2040 1668 fidejussor
2059 1620 2124 1669 qui
2153 1620 2379 1669 magistrum

451 1709 520 1746 per
539 1702 662 1731 totum
694 1692 930 1729 ordinarium
957 1691 1145 1727 lecturum
1176 1691 1321 1726 nationi
1352 1688 1581 1739 spondebat.
1606 1688 1843 1725 Generaliter
1869 1695 1957 1724 octo
1979 1688 2040 1725 vel
2068 1688 2203 1725 decem
2227 1689 2381 1725 circiter

452 1765 624 1814 magistri
650 1763 803 1799 fuerunt
828 1761 967 1811 quibus
993 1761 1097 1796 natio
1125 1759 1277 1796 scholas
1303 1758 1565 1808 impertiebat,
1593 1757 1825 1807 quandoque
1852 1759 1966 1794 etiam
1994 1759 2132 1794 minus.
2155 1758 2267 1794 Anno
2287 1759 2380 1795 1372

451 1836 697 1871 nominantur
725 1831 931 1882 quinque4,
961 1831 1050 1880 quia
1075 1844 1092 1865 «
1122 1830 1291 1879 quinque
1317 1835 1406 1864 sunt
1434 1828 1562 1864 scolae
1589 1835 1809 1877 spectantes
1838 1827 1885 1863 ad
1909 1828 2103 1863 nationem
2126 1841 2142 1861 n
2175 1828 2271 1873 (414,
2296 1827 2376 1874 42);

451 1919 511 1941 an.
532 1905 624 1940 1373
639 1910 727 1939 octo
744 1902 840 1947 (430,
862 1901 930 1947 12),
950 1913 1010 1936 an.
1035 1899 1127 1936 1374
1141 1900 1219 1948 jam
1241 1898 1375 1935 decem
1394 1897 1613 1933 indicantur
1627 1896 1726 1944 (504,
1749 1897 1763 1931 1
1783 1896 1900 1946 sqq),
1920 1909 1979 1932 an.
2004 1897 2180 1945 sequenti
2201 1896 2379 1933 undecim

452 1975 545 2021 (527,
575 1974 623 2020 9).
650 1972 708 2008 Ab
739 1984 838 2007 anno
870 1971 962 2006 1396
986 1971 1147 2006 istorum
1169 1969 1323 2004 nomina
1354 1968 1623 2017 magistrorum
1654 1966 1868 2015 regentium
1894 1965 2134 2001 sollemniter
2153 1965 2376 2002 afferuntur.

454 2045 575 2079 Etiam
598 2041 738 2078 accidit
756 2048 798 2076 ut
819 2048 897 2077 tam
918 2040 1028 2089 pauci
1053 2046 1232 2088 regentes
1258 2044 1390 2074 essent
1407 2044 1449 2073 ut
1467 2035 1621 2072 scholae
1637 2035 1865 2071 Normannis
1886 2034 1946 2070 vel
1968 2033 2137 2070 Picardis
2158 2033 2380 2070 commoda-

452 2120 584 2149 rentur
605 2112 702 2157 (611,
725 2111 771 2146 29
797 2109 911 2159 sqq.)
943 2108 1160 2145 Secundum
1187 2108 1453 2156 antiquitatem
1477 2106 1672 2155 regentiae
1697 2103 1853 2140 scholae
1880 2103 2222 2145 distribuebantur,
2251 2105 2380 2140 senio-

451 2182 557 2218 ribus
576 2181 753 2217 meliores
770 2180 867 2226 (363,
892 2180 926 2221 5;
945 2179 1030 2219 526,
1053 2179 1112 2220 39;
1133 2178 1218 2219 668,
1242 2177 1300 2219 433
1326 2177 1410 2218 726,
1433 2176 1476 2211 31
1501 2177 1614 2224 sqq).
1637 2175 1722 2210 Fuit
1741 2173 1788 2209 lis
1805 2174 1904 2209 inter
1920 2174 2140 2223 magistros,
2157 2186 2255 2222 quae
2272 2181 2376 2210 sorte

451 2251 702 2287 dirimebatur
717 2250 815 2295 (416,
833 2249 891 2291 32;
913 2248 998 2290 417,
1018 2248 1052 2289 5;
1072 2246 1155 2289 504,
1179 2247 1239 2289 28;
1260 2247 1344 2287 565,
1363 2246 1435 2292 22).
1455 2243 1616 2292 Quando
1635 2243 1721 2292 plus
1738 2255 1850 2292 quam
1868 2243 2038 2292 quinque
2058 2249 2235 2291 regentes
2253 2249 2375 2285 erant,

451 2321 523 2357 sibi
549 2320 596 2356 de
627 2318 770 2356 scholis
794 2317 996 2367 providere
1019 2315 1226 2358 debebant,
1253 2315 1321 2351 sed
1350 2315 1529 2364 expensis
1555 2313 1721 2349 nationis
1746 2312 1844 2358 (287,
1871 2312 1934 2355 34;
1952 2313 2037 2354 477,
2058 2311 2231 2358 433527,
2257 2312 2280 2347 6
2301 2324 2376 2361 sq.,

450 2391 536 2432 626,
550 2390 586 2433 2,
603 2396 641 2425 et
662 2389 832 2438 passim).

501 2461 559 2496 Ab
574 2461 731 2508 antiquo
749 2458 920 2507 magistri
938 2463 1179 2492 remanentes
1198 2454 1350 2491 scholas
1369 2452 1630 2489 recedentium
1643 2452 1927 2499 magistrorum,
1944 2451 2008 2500 qui
2025 2450 2123 2486 fama
2138 2449 2374 2499 gaudebant,

452 2530 511 2566 vel
532 2529 822 2579 resignantium,
851 2525 1099 2575 appetebant.
1129 2526 1191 2561 Sic
1218 2538 1277 2560 an.
1306 2524 1411 2566 1342,
1439 2535 1525 2558 cum
1550 2520 1747 2558 Conradus
1771 2520 1818 2556 de
1848 2519 2192 2569 Montepuellarum
2216 2519 2378 2554 recessit

452 2599 528 2648 (54,
553 2599 598 2633 34
623 2599 739 2646 sqq),
766 2609 825 2631 an.
850 2595 943 2630 1346
961 2595 1058 2640 (101,
1087 2594 1128 2629 19
1148 2596 1262 2642 sqq.).
1288 2593 1334 2628 Et
1352 2592 1429 2640 jam
1458 2590 1504 2626 ab
1530 2591 1688 2639 antiquo
1712 2590 1867 2626 scholae
1889 2602 2003 2639 saepe
2030 2587 2259 2625 distributae
2289 2595 2378 2624 sunt

453 2668 541 2714 (vid.
571 2668 650 2708 125,
674 2667 709 2709 1,
734 2666 819 2708 339,
836 2665 883 2699 44
897 2677 970 2713 sq.;
990 2664 1074 2706 390,
1094 2663 1167 2709 28).

503 2736 740 2772 Scholarium
762 2746 961 2770 numerum
986 2746 1061 2768 non
1091 2731 1267 2768 eumdem
1293 2743 1427 2767 omnes
1456 2730 1626 2779 magistri
1653 2728 1915 2765 obtinuerunt.
1941 2727 2131 2764 Marsilius
2157 2726 2204 2762 de
2232 2725 2378 2774 Inghen

451 2808 584 2855 utique
606 2806 775 2841 omnium
802 2804 1000 2839 maximam
1023 2801 1275 2850 frequentiam
1299 2799 1487 2842 habebam
1509 2813 1526 2833 «
1550 2799 1581 2834 si
1603 2799 1845 2847 contingeret
1864 2796 1967 2846 quod
1990 2809 2088 2846 mag.
2111 2794 2301 2832 Marsilius
2321 2801 2378 2831 tot

494 2911 521 2940 1.
566 2909 635 2937 Vid.
659 2906 864 2941 Clzarml.,11‚
882 2917 913 2945 p.
933 2906 992 2934 680
1008 2905 1078 2944 (16).
1511 2902 1540 2930 3.
1584 2901 1675 2935 Ιὸίιί.,
1696 2901 1752 2935 ΙΙΙ,
1772 2911 1801 2939 ρ.
1818 2901 1868 2929 91.

493 2961 520 2988 2.
567 2959 656 2992 Ibid.,
679 2957 718 2992 ll,
735 2967 767 2996 p.
788 2957 844 2984 681
860 2955 929 2994 (19).
1513 2952 1540 2979 4.
1586 2950 1644 2979 An.
1668 2950 1743 2978 1382
1758 2960 1822 2978 sex.
1838 2949 1907 2978 Vid.
1927 2958 2020 2988 supra
2033 2958 2100 2987 cap.
2119 2948 2149 2976 6.
