2632 3464
419 416 471 442 175

460 493 535 522 Item
554 493 670 532 Symon
691 493 729 521 de
749 492 890 522 Kettenis
907 492 1030 528 Scotus,
1051 492 1138 534 cujus
1150 495 1246 524 bursa
1262 495 1282 523 6
1300 504 1325 523 s.

459 542 575 571 Omnes
600 541 652 570 isti
678 542 696 570 3
721 542 778 571 sub
804 542 954 581 magistro
979 542 1105 572 Galtero
1131 543 1168 572 de
1193 543 1329 572 Warde-

418 591 490 620 law.

458 640 534 669 Item
558 640 674 679 incepit
699 640 843 669 dominus
869 640 1027 670 Johannes
1053 641 1090 670 de
1118 640 1194 670 Fine
1222 640 1330 679 junior

417 690 475 718 sub
489 689 638 729 magistro
656 688 785 719 Alberto
802 690 840 718 de
856 689 1000 724 Saxonia,
1018 689 1109 734 cujus
1124 691 1218 719 bursa
1234 691 1252 718 6
1267 689 1326 719 sol.

458 738 533 767 Item
564 738 614 767 die
646 738 698 767 22*ι
726 738 842 767 mensis
869 738 943 767 Julii
974 740 1052 768 facta
1081 739 1328 778 congregacione

417 787 557 816 nacionis
582 788 664 827 apud
688 787 831 816 Sanctum
855 787 1043 816 Maturinum
1066 797 1161 827 super
1185 794 1328 827 compoto

417 836 590 876 receptoris
610 837 775 871 audiendo,
801 836 989 875 computavit
1010 836 1159 876 magister
1186 837 1329 866 Wiczki-

416 896 487 921 nus,
504 896 562 925 pro
580 892 652 915 tunc
670 886 751 915 dicte
769 885 910 914 nacionis
926 893 1082 925 receptor,
1100 893 1130 915 et
1144 887 1328 926 computatis

417 935 561 964 omnibus
579 941 638 964 tam
655 934 807 974 expositis
826 945 917 974 quam
933 935 1068 974 receptis
1082 935 1232 965 remansit
1247 936 1328 965 obli-

417 990 507 1024 gatus
527 984 648 1012 nacioni
668 984 699 1012 in
717 984 756 1012 40
774 983 882 1019 scutis,
905 985 942 1012 de
964 985 1076 1023 quibus
1093 984 1215 1014 solvere
1236 986 1328 1014 debet

417 1033 548 1072 pedellis
565 1039 594 1062 et
609 1033 696 1062 beate
715 1032 824 1061 Marie.

457 1082 531 1111 Item
548 1082 663 1121 incepit
678 1082 821 1111 dominus
840 1081 999 1111 Arnoldus
1020 1082 1193 1121 Conpistel‚
1213 1083 1327 1122 dyoce-

416 1131 460 1160 sis
484 1130 704 1170 Trajectensis,
728 1132 785 1160 sub
810 1131 960 1170 magistro
988 1131 1119 1160 Hinrico
1146 1133 1184 1161 de
1210 1132 1325 1167 Clivis,

414 1179 501 1219 cujus
518 1181 613 1209 bursa
625 1180 644 1209 8
661 1180 765 1215 solidi,
786 1186 873 1209 scuto
888 1179 1009 1209 valente
1024 1180 1063 1209 26
1077 1180 1207 1210 solidos.

454 1229 529 1258 Item
552 1229 667 1268 incepit
686 1229 830 1258 dominus
850 1228 1008 1258 Johannes
1028 1229 1150 1258 Beissel
1171 1230 1209 1258 de
1226 1229 1326 1269 Aquis

414 1279 471 1308 sub
490 1278 638 1318 magistro
658 1278 798 1307 Johanne
816 1279 854 1307 de
869 1278 982 1318 Aquis,
1000 1278 1087 1318 cujus
1102 1279 1198 1308 bursa
1214 1279 1233 1308 8
1251 1279 1324 1315 sol.,

411 1327 528 1356 floreno
546 1327 666 1357 valente
682 1328 721 1356 26
737 1327 868 1356 solidos.

454 1377 528 1406 Item
546 1376 663 1415 incepit
681 1377 824 1405 dominus
847 1376 1005 1406 ,Iohannes
1023 1377 1061 1405 de
1080 1376 1244 1416 Waspiic⁴
1267 1378 1324 1406 sub

412 1426 561 1465 magistro
586 1425 716 1454 Alberto
741 1426 779 1454 de
804 1425 950 1461 Saxonia,
982 1424 1069 1465 cujus
1094 1426 1189 1455 bursa
1215 1426 1323 1462 nichil,

413 1474 465 1514 qui
486 1474 565 1503 idem
585 1475 661 1504 facta
680 1475 929 1514 congregacione
951 1475 989 1504 ad
1009 1474 1153 1504 Sanctum
1169 1475 1323 1505 ,Iulianum

412 1534 580 1563 pauperem
592 1523 779 1563 supplicavit
790 1534 847 1563 pro
858 1523 1043 1553 remissione
1054 1524 1230 1559 bursarum,
1240 1525 1324 1564 quod

413 1573 473 1602 sibi
490 1573 719 1602 concedebatur
731 1573 940 1602 concorditer.

820 1672 920 1701 1354

648 1743 880 1783 [Bernardus
903 1743 1084 1782 Vreden.]

451 1824 523 1863 (Fal.
533 1823 580 1864 23)
588 1823 679 1853 Anno
687 1823 811 1853 Domini
821 1824 909 1859 1354,
922 1824 971 1853 die
980 1825 1031 1853 21²
1038 1824 1155 1854 mensis
1165 1824 1322 1861 Octobris,

411 1874 488 1902 facta
509 1873 757 1913 congregacione
775 1873 915 1903 nacionis
933 1873 1105 1913 Anglicane
1126 1875 1207 1913 apud
1226 1873 1324 1903 Sanc-

410 1929 473 1952 tum
486 1922 640 1952 Julianum
650 1932 817 1962 pauperem
829 1933 924 1962 super
937 1922 1093 1952 eleccione
1110 1924 1323 1962 procuratoris

410 1972 560 2007 facienda,
581 1971 698 2001 electus
718 1972 775 2001 suit
790 1971 987 2001 concorditer
1000 1971 1086 2001 nullo
1104 1972 1322 2011 magistrorum

409 2021 534 2061 penitus
556 2021 742 2050 reclamante
764 2021 913 2060 magister
939 2021 1118 2050 Bernardus
1142 2021 1255 2051 Frethe
1285 2022 1322 2051 de

412 2070 519 2105 Dacia,
536 2069 730 2099 Ottoniensis
745 2069 902 2109 dyocesis,
919 2069 951 2099 in
968 2076 1202 2109 procuratorem
1219 2071 1323 2100 nacio-

410 2119 458 2148 nis
474 2118 622 2158 ejusdem.
641 2119 676 2148 ln
694 2118 781 2158 cujus
792 2119 1007 2158 procuratoria
1021 2119 1098 2148 facta
1112 2125 1184 2149 sunt
1195 2119 1251 2148 hec
1263 2130 1322 2159 que

411 2175 594 2207 sequuntur.

452 2217 569 2251 Primo,
584 2218 661 2246 sacta
672 2217 918 2257 congregacione
931 2217 1071 2246 nacionis
1082 2218 1164 2257 apud
1178 2217 1323 2247 Sanctum

411 2266 598 2295 Maturinum
625 2266 674 2294 die
706 2266 850 2295 mercurii
863 2265 875 2283 ²
911 2272 982 2305 post
1015 2266 1149 2304 [festum]
1180 2266 1322 2295 undecim

412 2315 528 2344 milium
543 2314 712 2354 virginum,
731 2315 922 2354 computavit
937 2315 1086 2355 magister
1110 2315 1321 2350 Wiczikinus,

412 2374 470 2404 pro
490 2370 563 2393 tunc
584 2370 728 2403 receptor
750 2364 901 2399 nacionis,
923 2370 954 2393 et
972 2364 1156 2403 computatis
1179 2364 1323 2394 omnibus

413 2420 473 2443 tam
506 2413 657 2452 expositis
693 2423 782 2452 quam
816 2412 951 2452 receptis
986 2412 1134 2442 remansit
1166 2413 1323 2453 obligatus

413 2462 534 2491 nacioni
565 2462 603 2491 24
632 2467 730 2497 scuta,
763 2461 895 2501 pedellis
928 2461 1051 2497 solutis,
1088 2468 1177 2502 parte
1209 2462 1323 2491 Nostre

414 2511 546 2541 Domine
575 2521 637 2540 non
666 2511 778 2546 soluta,
804 2511 860 2540 sed
889 2517 1065 2540 remanente
1097 2521 1166 2540 cum
1191 2511 1324 2550 pecunia

412 2560 564 2595 nacionis,
595 2566 625 2589 et
652 2566 724 2589 tunc
751 2560 819 2599 ipse
847 2566 992 2599 receptor
1020 2560 1125 2598 posuit
1148 2561 1186 2589 ad
1214 2560 1321 2589 cistam

413 2609 552 2638 nacionis
568 2610 646 2638 duos
662 2609 760 2638 libros
774 2619 810 2638 ex
826 2615 912 2648 parte
926 2608 1056 2637 Arnoldi
1076 2608 1151 2638 Coci
1167 2609 1204 2638 de
1223 2608 1322 2638 Clivis

412 2668 470 2698 pro
488 2660 506 2687 5
526 2658 623 2687 scutis
639 2668 707 2687 cum
726 2658 865 2692 dimidio,
886 2664 916 2686 et
933 2658 950 2686 3
967 2657 1076 2686 solidis
1093 2667 1160 2686 cum
1181 2657 1320 2692 dimidio,

413 2714 499 2737 scuto
511 2707 633 2736 valente
651 2708 686 2736 15
702 2707 833 2735 solidos.
854 2707 929 2736 Item
943 2716 1036 2735 unum
1054 2706 1167 2735 librum
1182 2716 1219 2735 ex
1234 2713 1322 2746 parte

411 2756 552 2796 magistri
566 2755 726 2785 Wilhelmi
744 2755 941 2795 Dalgarnoch
956 2765 1012 2794 pro
1031 2755 1131 2784 tribus
1145 2754 1253 2784 scutis.

454 2806 528 2834 Item
555 2805 670 2844 incepit
693 2804 837 2834 dominus
860 2804 983 2833 Bricius
1005 2804 1097 2840 Kere,
1120 2804 1242 2838 Scotus‚
1265 2805 1322 2833 sub

444 2920 467 2943 1.
501 2921 528 2943 ln
542 2919 657 2951 margine
667 2919 782 2951 Wuspiic
795 2920 861 2943 citra
874 2920 982 2943 Mosam.

445 2956 468 2979 2.
501 2957 530 2979 22
543 2955 668 2979 Octobris.

955 416 1179 444 AUCTARIUM
1206 417 1465 445 CHARTULARII
1490 419 1663 446 UNIVERS.
1690 419 1809 446 PARIS.

1384 694 1400 719 5

1366 939 1400 965 10

1365 1185 1398 1211 15

1363 1432 1397 1458 20

1362 1677 1396 1704 25

1361 1924 1395 1950 30

1360 2171 1394 2197 35

1360 2418 1394 2444 40

1360 2663 1394 2689 45

2294 422 2346 448 176

1438 495 1588 534 magistro
1615 495 1743 525 Galtero
1772 495 1881 531 Scoto,
1912 495 1999 536 cujus
2031 497 2126 526 bursa
2149 497 2222 527 VIII
2242 498 2347 534 solidi,

1439 550 1526 573 scuto
1538 544 1658 573 valente
1676 544 1834 574 XXXVIII
1849 545 1980 574 solidos.

1845 639 1944 669 1354

1672 709 1815 748 [Simon
1844 711 1886 740 de
1916 710 2115 751 Ketenys.]

1954 771 1968 784 0

1479 788 1550 828 (Fal.
1577 790 1651 830 231²)
1673 790 1764 820 Anno
1789 791 1914 820 Domini
1934 791 1966 820 M
1987 771 2068 822 CCC
2090 793 2348 833 quinquagesimo

1436 837 1480 873 4⁰,
1497 839 1614 868 decima
1633 845 1741 869 octava
1755 840 1805 869 die
1822 841 1939 870 mensis
1960 841 2158 877 Novembris,
2181 843 2259 871 facta
2276 852 2348 872 con-

1437 888 1624 927 gregacione
1641 888 1781 918 nacionis
1797 888 1968 929 Anglicane
1987 891 2070 930 apud
2092 890 2236 920 Sanctum
2254 891 2347 921 Julia-

1437 946 1509 966 num
1524 947 1692 976 pauperem
1703 947 1798 977 super
1808 938 1963 968 eleccione
1974 940 2186 979 procuratoris
2197 940 2345 976 facienda,

1436 985 1553 1015 electus
1573 986 1629 1016 fuit
1655 987 1853 1017 concorditer
1871 987 1956 1017 nullo
1978 988 2197 1028 magistrorum
2223 989 2347 1029 penitus

1436 1035 1622 1065 reclamante
1648 1036 1795 1076 magister
1825 1036 1941 1076 Symon
1967 1038 2005 1066 de
2039 1037 2176 1077 Ketenys
2216 1038 2344 1074 Scotus‚

1437 1083 1542 1113 Sancti
1563 1084 1688 1114 Andree
1712 1085 1858 1120 diocesis,
1888 1086 1928 1120 in,
1946 1093 2180 1125 procuratorem
2206 1088 2347 1118 nacionis

1436 1132 1584 1172 ejusdem,
1606 1133 1638 1163 in
1663 1132 1750 1174 cujus
1772 1135 1988 1174 procuratoria
2011 1136 2089 1165 sacta
2114 1142 2186 1166 sunt
2206 1136 2262 1166 hec
2286 1147 2346 1176 que

1436 1189 1595 1212 secuntur.

1475 1231 1592 1268 Primo,
1606 1233 1711 1261 eadem
1726 1232 1776 1262 die
1794 1233 1880 1263 dedit
1894 1233 1982 1263 nacio
1995 1234 2144 1274 magistro
2158 1234 2291 1264 Johanni
2308 1236 2346 1264 de

1436 1280 1511 1310 Fine
1527 1287 1646 1310 scutum
1661 1291 1730 1311 cum
1743 1282 1850 1322 quinta
1860 1292 1918 1322 pro
1930 1282 2123 1322 suplemento
2139 1293 2342 1323 expensarum

1435 1339 1570 1359 suarum.

1475 1379 1550 1408 Item
1573 1380 1649 1409 facta
1669 1381 1915 1420 congregacione
1937 1381 2077 1410 nacionis
2097 1381 2180 1420 apud
2201 1381 2346 1412 Sanctum

1434 1427 1622 1457 Maturinum
1646 1429 1809 1458 vicessima
1831 1439 1913 1459 nona
1938 1430 1988 1459 die
2018 1430 2133 1459 mensis
2161 1430 2346 1460 Novembris

1434 1478 1622 1516 computavit
1643 1479 1792 1518 magister
1812 1478 1987 1514 Wiscinus,
2012 1489 2070 1518 pro
2093 1485 2166 1509 tunc
2187 1486 2343 1520 receptor,

1433 1526 1476 1555 ita
1499 1527 1582 1566 quod
1605 1527 1750 1557 omnibus
1774 1528 1958 1568 computatis
1978 1529 2141 1558 tenebatur
2164 1529 2287 1558 nacioni
2313 1529 2345 1558 in

1432 1575 1488 1605 XX
1503 1576 1612 1605 scutis.
1627 1576 1693 1606 Hec
1709 1583 1782 1606 sunt
1797 1587 1856 1616 que
1874 1578 1952 1606 facta
1967 1578 2101 1607 suerunt.

1839 1671 1935 1700 1355

1636 1743 1840 1783 [Henricus
1868 1743 1911 1772 de
1941 1741 2140 1784 Kempen.]

1814 1803 1827 1816 0

1472 1825 1563 1855 Anno
1580 1824 1704 1854 Domini
1721 1804 1752 1853 lii
1769 1823 1849 1854 CCC
1868 1823 2125 1864 quinquagesimo
2144 1824 2263 1863 quintO,
2280 1830 2346 1853 tre-

1432 1875 1550 1905 decima
1574 1874 1623 1903 die
1647 1873 1796 1908 Januarii,
1824 1874 1900 1902 facta
1931 1873 2181 1913 congregacione
2205 1872 2345 1902 nacionis

1432 1924 1603 1964 Anglicane
1619 1923 1700 1963 apud
1717 1922 1861 1952 Sanctum
1877 1921 2059 1951 Matulinum
2080 1932 2176 1961 super
2188 1921 2345 1951 eleccione

1431 1972 1645 2013 procuratoris
1665 1972 1815 2007 facienda,
1835 1971 1951 2000 electus
1969 1971 2026 2000 fuit
2047 1971 2244 2000 concorditer
2259 1971 2344 2001 nullo

1431 2020 1652 2062 magistrorum
1672 2021 1797 2061 penitus
1814 2019 1998 2049 reclamante
2018 2020 2168 2060 magister
2189 2019 2344 2050 Henricus

1432 2072 1469 2101 de
1484 2071 1623 2111 Kempen
1638 2070 1820 2104 Almannus‚
1838 2069 2038 2099 Coloniensis
2052 2069 2207 2108 dyocesis,
2226 2069 2257 2098 in
2271 2079 2344 2109 pro-

1431 2127 1604 2150 curatorem
1624 2119 1764 2149 nacionis
1786 2117 1935 2158 ejusdem.
1962 2118 1997 2147 In
2017 2117 2105 2158 cujus
2129 2118 2344 2158 procurator-ia

1432 2171 1509 2199 facta
1528 2175 1599 2198 sunt
1614 2168 1670 2198 hec
1685 2178 1745 2208 que
1761 2173 1945 2207 sequuntur.

1472 2218 1577 2247 Primo
1602 2218 1678 2247 facta
1699 2217 1948 2257 congregacione
1973 2216 2112 2245 nacionis
2134 2217 2173 2245 ad
2198 2215 2342 2246 Sanctum

1431 2267 1619 2297 Maturinum
1650 2266 1700 2296 die
1733 2266 1896 2295 vicessima
1926 2264 2035 2295 sexta⁸
2051 2265 2167 2295 mensis
2192 2265 2342 2300 Ianuarii,

1431 2316 1619 2356 computavit
1639 2315 1790 2355 magister
1810 2314 1989 2349 Wiskinus‚
2012 2324 2071 2354 pro
2093 2320 2166 2343 tunc
2186 2320 2340 2353 receptor,

1431 2366 1472 2395 ita
1487 2366 1569 2405 quod
1591 2375 1650 2405 pro
1668 2364 1811 2394 omnibus
1833 2363 2016 2403 computatis
2035 2364 2198 2393 tenebatur
2220 2363 2343 2392 nacioni

1431 2415 1500 2445 XVI
1515 2421 1602 2444 scuta
1617 2424 1685 2444 cum
1702 2414 1803 2444 tribus
1817 2412 1939 2448 solidis,
1959 2419 2019 2442 etc.

1842 2507 1940 2535 1355

1653 2578 1857 2617 [Johannes
1884 2578 1926 2606 de
1956 2576 2119 2616 Peblis.]

1472 2659 1544 2700 (Fal.
1570 2659 1616 2699 24)
1646 2660 1737 2688 Anno
1760 2658 1886 2688 Domini
1907 2657 2071 2687 millesimo
2091 2656 2340 2693 CCC¹¹¹⁰.LIllI⁰,

1431 2709 1549 2739 decima
1574 2709 1624 2737 die
1651 2708 1767 2737 mensis
1793 2706 1965 2741 Februarii,
1991 2707 2067 2735 facta
2094 2706 2342 2746 congregacione

1431 2757 1571 2787 nacionis
1580 2757 1751 2797 Anglicane
1761 2757 1840 2796 apud
1854 2756 1998 2785 Sanctum
2009 2755 2162 2784 ,Iulianum
2175 2765 2340 2794 pauperem

1432 2817 1528 2847 super
1546 2806 1695 2836 electione
1712 2804 1924 2846 procuratoris
1940 2804 2089 2839 facienda,
2107 2804 2222 2834 electus
2241 2804 2296 2834 suit
2309 2804 2340 2833 in

1463 2919 1486 2942 3.
1520 2917 1605 2942 Prima
1615 2925 1693 2940 manu
1703 2925 1779 2940 nona.
