2632 3464
406 416 458 441 (327
951 411 1174 436 AUCTARIUM
1195 410 1454 437 CHARTULARII
1475 412 1648 439 UNIVERS.
1671 413 1788 440 PARIS.
2279 417 2332 442 628

407 502 468 520 non
484 490 661 530 regencium
678 489 884 527 etjuratorum
897 489 934 516 de
946 488 1135 527 parlamento
1149 493 1177 516 et
1185 487 1315 516 aliorum

406 549 670 580 quorumcumque
681 539 897 577 magistrorum
910 536 1077 576 juratorum
1091 546 1145 575 per
1156 535 1316 575 juramen-

405 597 479 623 tum,
500 589 530 617 in
548 598 607 627 qua
624 588 678 616 fuit
693 587 858 616 concordia
876 586 979 615 habita
997 586 1034 614 de
1053 586 1193 622 adeundo
1210 595 1315 624 regem

407 648 463 677 per
488 637 675 676 sollempnes
703 637 865 675 deputatos
890 641 919 664 et
950 635 1130 673 episcopum
1156 634 1316 663 Parisien-

405 697 482 721 sem,
499 693 528 715 et
541 687 578 714 de
592 695 785 725 quocumque
803 686 883 713 bono
900 685 990 712 modo
1006 683 1138 711 habendi
1153 683 1315 722 pecuniam

407 746 464 775 pro
483 735 603 764 nunciis
627 745 680 763 seu
701 733 855 773 deputatis
874 733 963 762 ituris
985 733 1021 760 ad
1043 742 1162 771 regem,
1183 738 1213 760 et
1232 733 1314 771 quod

405 784 543 823 deputati
569 783 765 812 masticarent
792 782 939 811 articulos
965 782 1188 820 proponendos
1213 791 1315 810 coram

408 844 492 873 rege,
513 840 542 862 et
563 832 796 861 conscriberent
812 831 892 860 illos.

449 883 522 911 Item
551 882 599 910 die
624 887 731 920 quarta
754 880 868 909 mensis
896 879 1054 914 Octobris,
1085 890 1144 918 que
1167 879 1222 908 fuit
1248 880 1314 908 dies

407 932 506 961 sancti
531 931 700 964 Francisci,
726 931 802 958 facta
826 930 881 958 fuit
903 929 1109 968 congregacio
1134 928 1315 967 sollempnis

405 981 487 1020 apud
505 980 647 1009 Sanctum
666 979 856 1008 Bernardum
876 978 1054 1017 regencium
1075 984 1104 1007 et
1119 988 1180 1006 non
1201 988 1316 1017 regen-

404 1030 486 1058 cium
507 1039 561 1068 per
572 1028 789 1068 juramentum,
808 1028 844 1055 ad
857 1037 946 1066 quam
962 1033 1113 1056 venerunt
1127 1027 1187 1055 duo
1199 1026 1315 1055 domini

407 1078 493 1107 missi
521 1089 558 1106 ex
584 1084 670 1116 parte
698 1077 780 1116 regis
811 1077 848 1104 ad
873 1075 1123 1110 Universitatem,
1154 1082 1315 1115 portantes

406 1128 553 1166 quasdam
575 1127 692 1155 litteras
713 1125 874 1154 credencie
903 1135 958 1163 per
981 1135 1085 1164 regem
1111 1124 1315 1154 Universitati

408 1176 530 1210 missas,
556 1175 668 1214 quibus
688 1175 801 1203 ibidem
825 1174 912 1202 lectis
936 1180 965 1202 et
986 1173 1139 1203 relacione
1161 1174 1316 1213 predicto-

407 1236 474 1254 rum
490 1226 671 1253 nunciorum
689 1225 765 1252 facta
787 1224 825 1252 ad
842 1223 1094 1257 Universitatem,
1113 1230 1317 1262 presentave-

407 1281 478 1303 runt
507 1266 708 1303 Univ'ersitati
741 1273 887 1312 quasdam
914 1272 1019 1301 literas
1055 1278 1178 1311 apertas
1213 1272 1317 1312 sigillo

408 1323 494 1363 regio
514 1323 675 1362 sigillatas,
700 1322 731 1350 in
750 1322 862 1361 quibus
883 1321 1120 1350 continebantur
1137 1321 1239 1360 aliqua
1262 1331 1318 1360 per

407 1373 529 1401 modum
545 1371 779 1411 privilegiorum
798 1370 1001 1399 Universitati
1025 1381 1185 1406 concessa,
1204 1371 1317 1410 quibus

407 1422 549 1450 dicebant
578 1420 817 1450 Universitatem
848 1420 962 1448 debere
992 1420 1163 1449 contentari
1197 1426 1227 1448 et
1255 1419 1317 1448 illis

407 1471 520 1500 habitis
534 1470 682 1499 lectiones
698 1470 810 1498 debere
826 1469 954 1498 resumi.
971 1469 1020 1498 Ad
1038 1470 1120 1508 quod
1137 1470 1318 1498 ortabantur

408 1520 648 1549 Universitatem
674 1525 703 1547 et
729 1519 881 1558 rogabant
903 1529 939 1547 ex
964 1525 1051 1557 parte
1080 1518 1176 1557 regis,
1203 1524 1236 1547 ut
1259 1518 1317 1547 hoc

408 1570 530 1597 faceret.
553 1568 653 1607 Super
671 1578 732 1606 quo
753 1567 854 1596 habita
871 1567 1100 1596 deliberacione
1120 1567 1318 1596 concorditer

408 1618 464 1647 fuit
492 1617 693 1646 deliberatum
721 1618 803 1655 quod
826 1616 915 1645 litera
939 1627 1001 1645 non
1026 1617 1167 1656 placebat
1189 1622 1318 1655 propter

408 1674 491 1696 certa
510 1673 622 1705 puncta
642 1666 672 1694 in
691 1676 725 1695 ea
745 1672 904 1701 contenta;
927 1672 956 1694 et
978 1666 1073 1705 igitur
1095 1666 1219 1695 nolebat
1240 1666 1317 1695 Uni-

408 1716 539 1745 versitas
560 1725 716 1744 resumere
737 1715 898 1749 lectiones,
923 1715 983 1743 nisi
1008 1715 1110 1744 habita
1133 1715 1191 1744 alia
1215 1715 1314 1744 litera.

408 1765 499 1801 Quod
522 1765 663 1794 videntes
694 1764 803 1803 prefati
828 1764 944 1792 domini
970 1764 1075 1793 nuncii
1100 1765 1201 1803 regis,
1228 1764 1316 1793 aliam

410 1815 539 1848 literam,
559 1814 589 1842 in
602 1824 660 1852 qua
678 1819 790 1852 puncta
806 1813 857 1842 illa
873 1823 934 1841 non
946 1813 1195 1848 continebantur,
1213 1813 1317 1853 sigillo

409 1864 495 1903 regio
508 1863 671 1902 sigillatam
683 1862 884 1891 Universitati
896 1868 1155 1901 presentaverunt
1167 1862 1189 1898 ⁴,
1207 1873 1318 1902 rogan—

409 1919 455 1941 tes
476 1919 507 1941 ut
522 1912 620 1951 prius.
643 1911 744 1950 Super
760 1922 819 1950 qua
838 1911 1065 1940 deliberacione
1084 1911 1184 1940 habita
1202 1911 1318 1950 placuit

409 1962 508 1994 litera,
523 1967 552 1990 et
564 1961 794 2000 regraciabatur
805 1960 1000 1989 Universitas
1014 1960 1092 1999 regi,
1109 1967 1139 1989 et
1149 1961 1319 2000 resumpsit

410 2011 570 2044 lectiones,
589 2010 714 2038 missam
738 2010 775 2038 de
795 2016 901 2038 sancto
922 2010 1034 2048 spiritu
1052 2010 1240 2039 concludens
1259 2021 1317 2049 pro

410 2070 483 2099 rege
504 2060 534 2088 in
559 2060 665 2088 eodem
686 2059 829 2097 collegio,
857 2059 1065 2088 Universitate
1088 2066 1243 2097 presente,
1268 2059 1317 2088 die

409 2109 463 2137 Vla
485 2109 600 2137 mensis
624 2108 755 2147 predicti
777 2109 890 2136 debere
913 2107 1128 2147 sollempniter
1154 2108 1315 2137 celebrari.

451 2158 524 2186 ltem
544 2158 619 2186 sacta
639 2157 886 2196 congregacione
903 2156 1054 2185 facultatis
1072 2158 1153 2196 apud
1173 2158 1317 2186 Sanctum

408 2207 563 2236 Julianum
587 2216 751 2245 pauperem
774 2206 814 2234 Xa
835 2206 884 2234 die
906 2206 1053 2235 Octobris
1076 2207 1113 2235 ad
1141 2206 1317 2245 eligendum

410 2262 559 2284 rectorem
583 2262 612 2284 et
634 2256 671 2283 ad
694 2255 941 2294 supplicandum,
964 2255 1150 2294 supplicavit
1171 2256 1318 2295 magister

408 2305 564 2334 lohannes
589 2305 626 2333 de
651 2304 789 2338 Austria,
815 2310 847 2332 ut
876 2311 983 2343 posset
1006 2304 1111 2343 legere
1134 2305 1317 2343 quibusdam

410 2353 583 2382 scolaribus
605 2353 669 2381 suis
696 2352 902 2382 Geometriam
928 2353 1068 2382 Euclidis
1092 2353 1122 2382 in
1147 2354 1238 2382 domo
1263 2364 1318 2382 sua

409 2403 518 2431 diebus
536 2402 664 2436 festivis,
680 2400 767 2441 cujus
783 2402 973 2441 supplicacio
990 2402 1045 2431 fuit
1062 2413 1221 2431 concessa.
1240 2403 1317 2442 Sup-

410 2451 554 2490 plicatum
580 2451 635 2479 fuit
661 2451 756 2479 eciam
783 2461 840 2489 pro
869 2451 1037 2490 magistris,
1065 2452 1117 2490 qui
1136 2452 1318 2491 inceperunt

411 2500 558 2528 lectiones
576 2500 605 2528 in
622 2510 718 2539 parvo
735 2500 906 2534 ordinario,
929 2506 961 2529 ut
979 2507 1107 2539 possent
1125 2501 1315 2529 continuare.

412 2549 450 2577 Et
466 2559 647 2577 concessum
666 2555 712 2578 est
732 2549 777 2578 eis
798 2549 880 2587 quod
902 2549 931 2577 in
948 2549 1084 2587 qualibet
1105 2549 1227 2588 possint
1243 2560 1318 2578 con-

411 2598 529 2626 tinuare
550 2598 698 2626 lectiones
716 2607 799 2632 suas,
813 2604 940 2636 excepta
952 2598 1027 2626 hora
1041 2608 1190 2627 nonarum
1205 2599 1317 2627 Nostre

413 2646 554 2675 Domine.

453 2695 486 2723 ln
511 2696 648 2733 predicta
672 2705 746 2724 vero
773 2696 1018 2735 congregacione
1038 2696 1092 2724 suit
1112 2696 1268 2725 discordia
1287 2697 1317 2725 in

413 2744 537 2772 nacione
554 2751 674 2779 nostra,
697 2745 768 2783 quia
789 2755 855 2773 cum
875 2745 1023 2783 magister
1037 2745 1193 2774 Johannes
1213 2745 1318 2774 Hoke-

443 2836 465 2858 1.
499 2837 591 2866 Agitur
608 2837 639 2859 αἰ·
653 2837 787 2869 privilegio
805 2837 881 2868 regi-3,
898 2846 947 2868 quo
962 2838 1093 2869 supposita
1110 2838 1287 2863 Univemitntis
1302 2848 1318 2862 α

411 2871 491 2894 talliis
503 2875 526 2894 el
543 2872 647 2895 decimis
660 2873 756 2900 eximit,
773 2873 804 2895 de
823 2881 872 2904 qno
888 2873 957 2904 infra
975 2882 1002 2904 p.
1015 2875 1069 2901 639,
1086 2874 1112 2896 21
1129 2876 1153 2896 et
1169 2882 1196 2905 p.
1210 2875 1264 2902 644,
1279 2875 1317 2897 15.

443 2907 465 2929 2.
499 2908 545 2930 Ma.
562 2916 604 2931 an.

443 2944 465 2965 3.
501 2943 648 2973 Opinamur,
660 2943 799 2967 Guillelmo
809 2944 839 2967 de
851 2944 967 2967 Trebron
981 2947 1004 2967 et
1020 2945 1135 2967 Arnoldo
1144 2945 1175 2968 de
1184 2945 1316 2968 Arnheim.

1353 934 1386 959 10

1354 1179 1387 1205 15

1355 1425 1388 1451 20

1355 1671 1388 1697 25

1355 1917 1389 1942 30

1355 2163 1388 2188 35

1355 2407 1389 2433 40

1425 488 1483 518 lem
1498 496 1581 518 esset
1596 489 1712 519 electus
1729 490 1772 528 [in
1789 490 1964 529 intrantem]
1979 501 1996 520 a
2011 490 2117 531 majori
2133 498 2218 531 parte
2233 493 2334 522 nacio-

1425 537 1474 567 nis
1495 548 1549 567 seu
1572 539 1789 579 magistrorum
1810 540 2005 579 presencium
2028 541 2059 569 in
2076 541 2248 580 principio,
2265 552 2334 571 cum

1425 586 1455 615 in
1481 587 1707 617 deliberacione
1726 589 1860 628 positum
1884 589 1953 623 fuit,
1974 596 2157 628 procurator
2177 590 2237 619 sibi
2257 591 2334 620 dixit

1425 637 1508 675 quod
1528 636 1595 675 ipse
1615 637 1742 666 haberet
1765 638 1871 677 plures
1888 648 1982 667 voces
2000 645 2029 667 et
2049 640 2132 678 quod
2153 639 2212 668 sibi
2232 639 2334 678 provi-

1424 685 1511 714 deret
1533 686 1570 714 de
1600 696 1708 725 cappa.
1731 686 1844 716 Postea
1868 693 2030 726 antequam
2058 694 2240 727 procurator
2267 698 2334 718 sur-

1423 734 1503 763 rexit
1528 735 1566 764 de
1597 736 1670 764 sede
1699 746 1765 770 sua,
1795 742 1947 765 venerunt
1974 736 2026 765 alii
2058 737 2198 776 magistri
2229 737 2335 776 plures

1423 789 1580 823 petentes,
1603 784 1677 823 quid
1699 791 1783 814 esset
1806 786 1931 820 factum;
1952 791 1982 814 et
2005 795 2074 815 cum
2099 786 2145 815 eis
2167 786 2333 821 diceretur,

1423 832 1568 862 volebant
1590 833 1683 862 eciam
1705 844 1799 872 super
1817 834 1979 873 proposito
2000 834 2184 864 deliberare.
2203 835 2242 864 Et
2260 835 2334 864 deli-

1424 882 1573 911 berabant
1588 888 1617 911 et
1635 882 1795 921 elegerunt
1808 889 2040 922 procuratorem
2054 883 2085 912 in
2101 884 2276 913 intrantem.
2296 885 2335 913 Et

1424 937 1607 969 procurator
1632 931 1742 960 videns
1769 942 1802 961 se
1835 932 1948 961 habere
1975 932 2181 972 pluralitatem
2211 943 2332 968 vocum,

1424 979 1610 1019 acceptavit3
1639 980 1787 1019 magister
1816 990 1891 1010 vero
1926 981 2082 1011 Johannes
2116 981 2265 1011 Hokelem
2297 982 2335 1011 ad

1425 1028 1595 1058 facultatem
1611 1029 1788 1068 appellavit,
1803 1040 1983 1069 proponens
2000 1040 2103 1059 coram
2119 1030 2259 1060 facultate
2276 1041 2335 1070 pro

1424 1084 1511 1117 parte
1527 1088 1592 1112 sua,
1606 1079 1689 1117 quod
1706 1079 1772 1118 ipse
1787 1079 1918 1108 debebat
1935 1089 2005 1108 esse
2024 1079 2155 1114 intrans,
2170 1080 2242 1119 quia
2257 1079 2335 1109 elec·

1425 1133 1474 1156 tus
1485 1137 1501 1155 a
1511 1126 1619 1166 majori
1635 1134 1721 1166 parte
1735 1133 1765 1157 et
1777 1127 1955 1157 conclusum
1971 1138 2028 1167 pro
2042 1138 2078 1157 eo
2093 1129 2157 1164 fuit,
2172 1135 2335 1168 antequam

1425 1176 1476 1205 alii
1490 1183 1652 1205 venerunt.
1670 1175 1821 1216 Magister
1834 1177 1989 1206 Jordanus
2005 1178 2043 1206 de
2060 1177 2158 1207 Clivis
2173 1188 2232 1217 pro
2248 1184 2334 1217 parte

1425 1225 1638 1264 procuratoris
1659 1226 1834 1265 proposuit,
1860 1227 1944 1265 quod
1967 1233 2051 1256 esset
2072 1227 2235 1256 laudabilis
2258 1237 2334 1256 con—

1426 1275 1557 1304 suetudo
1589 1274 1730 1304 nacionis
1760 1275 1914 1314 predicte,
1942 1276 2025 1314 quod
2056 1286 2164 1305 omnes
2193 1275 2334 1316 magistri

1426 1324 1601 1358 venientes,
1621 1330 1783 1363 antequam
1806 1331 1991 1363 procurator
2006 1331 2164 1364 surgeret,
2186 1325 2336 1354 haberent

1426 1382 1530 1411 voces,
1549 1382 1584 1401 ac
1595 1371 1607 1390 ²
1624 1372 1651 1402 si
1667 1383 1683 1401 a
1700 1373 1856 1412 principio
1875 1373 2020 1409 fuissent;
2037 1380 2068 1402 et
2081 1374 2178 1403 eciam
2202 1373 2335 1403 asseruit

1427 1421 1485 1451 hoc
1512 1431 1581 1450 esse
1602 1420 1774 1461 sta[tu]tum
1799 1422 1938 1451 nacionis
1963 1423 2072 1452 factum
2099 1423 2137 1451 ad
2159 1422 2333 1452 evitandum

1427 1471 1562 1506 fraudes,
1581 1481 1619 1499 ne
1641 1470 1735 1510 aliqui
1754 1471 2030 1510 congregacionem
2047 1471 2179 1511 aliquam
2197 1472 2334 1512 particu-

1426 1520 1520 1549 larem
1537 1520 1738 1549 celebrarent.
1755 1519 1824 1549 Hiis
1837 1520 1951 1549 auditis
1968 1520 2094 1550 facultas
2108 1521 2334 1550 deliberacione

1426 1569 1530 1598 habita
1542 1569 1679 1598 decrevit
1694 1570 1788 1608 quod,
1802 1569 1861 1597 nisi
1876 1570 2001 1598 doceret
2017 1570 2165 1609 magister
2179 1570 2334 1599 Jordanus

1426 1619 1463 1647 de
1480 1624 1604 1653 statuto,
1625 1618 1662 1647 ad
1681 1618 1764 1656 quod
1785 1628 1817 1647 se
1835 1619 1999 1653 referebat,
2016 1619 2164 1658 magister
2177 1619 2334 1648 ,lohannes

1427 1667 1577 1696 Hokelem
1596 1673 1679 1696 esset
1693 1677 1765 1696 vere
1781 1666 1896 1696 electus
1915 1674 1945 1696 et
1959 1673 2043 1696 esset
2059 1668 2178 1697 intrans
2188 1680 2196 1703 ;
2216 1674 2246 1697 et
2263 1667 2335 1707 quia

1426 1716 1525 1745 noluit
1543 1716 1631 1745 nacio
1657 1717 1766 1746 factum
1785 1716 1945 1745 electionis
1965 1716 2038 1746 novi
2060 1716 2192 1746 rectoris
2218 1723 2334 1746 tantum

1426 1766 1594 1800 retardare,
1608 1766 1691 1804 quod
1702 1766 1821 1804 que[re]
1827 1771 1873 1794 ret
1883 1771 2028 1795 statutum
2038 1765 2069 1794 in
2078 1765 2171 1794 archa
2181 1766 2332 1800 nacionis,

1426 1814 1523 1844 voluit
1541 1815 1623 1854 quod
1642 1814 1722 1843 idem
1743 1820 1926 1854 procurator
1946 1814 2095 1854 magistro
2110 1814 2243 1844 Johanni
2260 1825 2334 1854 pre-

1427 1864 1508 1893 dicto
1529 1870 1660 1902 protunc
1683 1864 1821 1898 cederet,
1845 1870 2022 1903 protestans
2044 1864 2127 1902 quod
2149 1864 2180 1892 in
2201 1864 2334 1893 futurum

1427 1913 1487 1942 sibi
1506 1923 1568 1942 non
1587 1914 1710 1942 cederet
1730 1912 1787 1942 hoc
1808 1912 1839 1941 in
1859 1912 1984 1952 aliquod
2001 1912 2215 1952 prejudicium.
2234 1913 2273 1942 Et
2289 1913 2334 1942 sic

1426 1968 1616 2001 protestatus
1637 1962 1692 1991 suit
1710 1961 1858 2001 magister
1878 1962 2033 1990 Jordanus
2053 1961 2213 2001 predictus
2232 1971 2334 1991 coram

1427 2011 1567 2040 facultate
1583 2011 1705 2039 nomine
1723 2010 1864 2039 nacionis
1881 2010 2051 2049 Anglicane
2071 2010 2258 2049 supradicte.

1468 2061 1542 2089 Item
1569 2060 1642 2089 ΧΗ·
1669 2060 1718 2088 die
1744 2060 1859 2088 mensis
1886 2059 2032 2089 Octobris
2057 2060 2133 2089 sacta
2162 2069 2335 2099 congrega-

1427 2110 1515 2139 cione
1543 2108 1763 2138 Universitatis
1787 2119 1843 2148 per
1857 2107 2064 2148 juramentum
2084 2109 2164 2148 apud
2190 2108 2333 2138 Sanctum

1427 2159 1613 2187 Maturinum
1633 2168 1728 2197 super
1745 2158 1866 2186 duobus
1884 2157 2033 2191 articulis,
2050 2157 2169 2197 primus
2186 2167 2224 2186 an
2239 2167 2335 2196 expe—

1427 2208 1508 2236 diret
1524 2206 1709 2236 concludere
1722 2207 1855 2236 rotulum
1871 2207 1908 2236 ad
1926 2217 2050 2246 papam;
2066 2213 2096 2235 et
2113 2207 2196 2245 quod
2213 2206 2335 2235 conclu-

1427 2258 1552 2285 deretur
1569 2257 1607 2284 de
1627 2257 1705 2285 sacto
1724 2255 1945 2285 Universitatis
1968 2255 1999 2284 in
2020 2255 2211 2295 parlamento
2228 2261 2335 2284 contra

1426 2306 1567 2339 clientes,
1593 2305 1645 2344 qui
1673 2304 1748 2333 alias
1771 2304 1943 2343 suppositis
1966 2304 2031 2333 suis
2052 2310 2082 2333 et
2111 2304 2171 2332 sibi
2194 2314 2334 2343 magnam

1427 2356 1565 2383 fecerunt
1577 2353 1719 2393 injuriam
1735 2360 1764 2382 et
1778 2353 1971 2383 violenciam.

1468 2404 1514 2432 De
1526 2403 1627 2442 primo
1641 2402 1822 2431 deliberavit
1836 2402 1924 2431 nacio
1941 2402 2112 2441 Anglicana
2124 2401 2332 2437 concorditer,

1427 2453 1547 2481 duobus
1580 2452 1752 2491 suppositis
1788 2450 1921 2490 demptis
1933 2450 1956 2485 ³,
1993 2451 2075 2489 quod
2109 2457 2241 2489 protunc
2272 2461 2332 2479 non

1427 2501 1609 2540 expediebat
1632 2502 1730 2529 facere
1756 2510 1811 2529 seu
1832 2500 1952 2528 mittere
1975 2499 2107 2538 aliquem
2130 2499 2274 2528 rotulum.
2295 2499 2335 2528 Et

1427 2560 1521 2589 super
1537 2550 1588 2578 illa
1603 2549 1831 2578 deliberacione
1850 2554 2034 2587 procurator
2048 2549 2207 2577 reddendo
2220 2548 2334 2577 delibe-

1427 2606 1491 2628 rata
1505 2599 1600 2638 peciit
1619 2598 1773 2637 publicum
1794 2598 2030 2626 instrumentum
2049 2607 2065 2625 a
2083 2597 2231 2636 magistro
2247 2597 2334 2626 Hen-

1426 2648 1491 2677 rico
1508 2648 1545 2676 de
1564 2648 1749 2686 Odendorp,
1768 2646 1836 2675 aliis
1854 2646 2036 2675 nacionibus
2052 2646 2239 2674 contrarium
2255 2645 2334 2675 deli-

1426 2696 1605 2726 berantibus
1618 2695 1641 2726 ⁴.
1658 2695 1798 2725 Facultas
1813 2695 1906 2724 eciam
1926 2695 2120 2724 decretorum
2134 2695 2228 2734 peciit
2240 2701 2334 2724 matu-

1427 2745 1492 2775 rius
1522 2745 1696 2780 consilium,
1731 2744 1800 2773 aliis
1830 2744 1949 2773 duabus
1980 2743 2184 2778 facultatibus,
2216 2743 2335 2773 scilicet

1458 2839 1480 2862 [ι.
1514 2838 1591 2862 Natio
1610 2837 1745 2861 Pie-ardica
1760 2837 1818 2868 jam
1838 2837 1867 2860 18
1885 2835 2010 2867 Septemb.
2031 2836 2227 2868 congregatione
2244 2836 2334 2859 habita

1426 2874 1497 2904 apud
1509 2875 1534 2896 S.
1547 2873 1677 2896 lulianum
1689 2872 1870 2896 inrotulatorea
1882 2871 2023 2895 nominavit
2035 2872 2196 2895 Honoratum
2205 2872 2236 2895 de
2244 2873 2333 2899 Porta,

1425 2909 1570 2932 Johnnnem
1585 2908 1750 2940 Carpentarii
1767 2911 1791 2931 et
1804 2907 1950 2932 Gemi-dum
1967 2907 1999 2931 de
2017 2907 2196 2938 Vei-signiaco,
2217 2911 2244 2931 ut
2256 2908 2333 2938 refert

1427 2945 1560 2972 Emmaus,
1573 2944 1614 2975 tv,
1629 2945 1682 2967 591.
