2632 3464
296 394 349 422 297

298 472 380 502 inter
396 476 496 501 cetera
510 470 566 500 suit
579 470 774 510 propositum
787 479 826 499 ex
841 475 927 508 parte
939 468 1079 498 nacionis
1094 468 1202 508 Angli-

295 530 373 551 cane
392 520 430 550 de
450 530 524 554 uno,
546 519 670 549 nomine
689 518 762 548 Otto
783 518 821 548 de
839 517 1061 557 Dymningha,
1080 517 1202 547 volente

296 569 514 603 determinare,
541 578 631 608 quem
661 567 750 597 nacio
778 566 935 596 Gallicana
962 566 1040 595 dixit
1070 576 1140 595 esse
1163 566 1202 595 de

296 618 425 648 nacione
443 627 514 653 sua;
538 617 628 647 nacio
644 626 719 647 vero
737 615 908 655 Anglicana
926 615 1086 644 asserebat
1101 625 1202 655 oppo-

297 667 401 697 situm.
423 665 520 706 Cujus
541 665 670 706 pecunia
690 674 749 704 pro
770 663 1024 694 determinatione
1046 664 1147 693 danda
1173 669 1203 693 et

296 715 437 750 licencia,
462 715 491 745 si
514 715 556 744 ita
579 713 785 753 contingeret,
808 713 976 742 secundum
996 712 1202 742 deliberacio-

297 774 367 794 nem
400 763 551 794 facultatis
584 763 796 803 deponebatur
826 762 858 791 in
889 762 1030 791 manibus
1061 761 1202 802 magistri

295 813 404 844 Jacobi
417 813 545 843 Juvenis
557 812 596 842 de
610 811 734 841 natione
747 810 982 846 Pickardorum,
1000 811 1202 850 quoadusque

296 862 380 892 dicta
395 871 488 892 causa
500 861 652 891 finiretur.

703 952 802 982 1364

297 1025 520 1056 Procuratio
551 1023 734 1054 willelmi
764 1024 855 1054 dicti
888 1024 1022 1059 Buzer,
1055 1023 1204 1064 Trajec-

626 1079 724 1103 tens.
759 1073 867 1113 dyoc.

337 1154 429 1184 Anno
450 1153 575 1184 Domini
593 1133 625 1183 lei
647 1133 729 1184 CC&
750 1153 849 1183 LXIII
869 1154 1036 1183 secundum
1052 1153 1155 1183 stilum
1175 1159 1206 1183 et

298 1203 553 1234 consuetudinem
573 1202 703 1232 ecclesie
718 1201 888 1238 Gallicane,
906 1202 956 1231 die
973 1202 1111 1232 sabbati·
1134 1209 1206 1242 post

299 1252 484 1283 dominicam
500 1262 560 1292 qua
575 1258 716 1281 cantatur
727 1254 836 1281 Letare
850 1254 1017 1281 Jerusalem
1035 1252 1111 1281 facta
1128 1262 1205 1281 con-

297 1301 485 1342 gregacione
504 1300 644 1330 nacionis
661 1300 831 1340 Anglicane
846 1301 884 1330 ad
901 1300 1077 1340 eligendum
1091 1310 1205 1340 procu-

298 1356 432 1381 ratorem
448 1355 478 1379 et
493 1350 532 1379 ad
546 1349 731 1379 audiendum
746 1355 922 1389 compotum
939 1349 1111 1389 receptoria
1125 1355 1155 1379 et
1166 1350 1205 1379 ad

297 1398 548 1439 supplicandum,
566 1398 683 1428 electus
701 1398 756 1428 fuit
770 1398 801 1428 in
816 1404 1048 1438 procuratorem
1064 1398 1204 1428 nacionis

299 1447 437 1488 predicte
449 1447 597 1487 magister
605 1447 790 1477 Guillelmus
801 1446 902 1477 dictus
915 1447 1026 1477 Buzer.
1040 1447 1080 1477 Et
1091 1448 1204 1477 ibidem

298 1502 506 1536 computatum
526 1496 604 1535 [fuit]
629 1495 684 1531 sic,
704 1496 787 1536 quod
805 1495 954 1536 magistro
970 1496 1103 1526 Johanni
1126 1497 1206 1537 Rig-

299 1551 438 1586 mestorp
455 1545 645 1575 satisfactum
663 1545 720 1575 fuit
731 1545 769 1574 de
781 1544 839 1574 XII
854 1544 981 1575 florenis
998 1545 1059 1575 sibi
1075 1555 1206 1575 conces-

298 1594 344 1624 sis
360 1594 392 1624 in
410 1594 544 1623 rectoria
557 1604 622 1623 sua.

339 1643 414 1673 Item
430 1642 543 1672 ibidem
559 1642 651 1672 michi
667 1642 860 1682 procuratori
877 1644 1056 1683 supradicto
1069 1644 1205 1673 satisfac-

297 1698 362 1722 tum
382 1692 449 1727 fuit,
470 1691 512 1721 sit
531 1691 563 1721 in
584 1691 730 1732 pecunia,
755 1692 795 1721 sit
814 1692 844 1722 in
864 1692 976 1722 litteris
994 1692 1143 1728 officialis,
1167 1693 1206 1722 de

298 1740 384 1772 m
400 1741 527 1776 francis,
543 1740 575 1770 in
588 1741 702 1780 quibus
715 1740 807 1770 michi
825 1741 914 1771 nacio
930 1742 1092 1771 tenebatur
1106 1741 1206 1772 adhuc

298 1791 337 1820 de
368 1799 405 1820 eo
434 1795 465 1820 et
491 1799 550 1830 pro
576 1799 614 1820 eo
647 1790 731 1829 quod
756 1790 888 1820 nuncius
918 1800 1001 1820 eram
1025 1791 1063 1820 ad
1090 1791 1205 1821 curiam

299 1839 467 1869 Romanam
483 1838 515 1868 in
532 1838 693 1868 creacione
707 1839 824 1868 domini
839 1839 970 1875 Urbani,
989 1847 1048 1870 etc.

341 1888 415 1918 Item
434 1887 548 1918 ibidem
563 1887 663 1918 solute
673 1894 762 1918 erant
773 1889 833 1918 due
849 1888 927 1918 libre
942 1889 1092 1930 magistro
1107 1889 1206 1919 Theo-

299 1937 406 1966 derico
424 1936 524 1967 Distel
543 1937 581 1966 de
601 1935 692 1967 Unna
710 1938 865 1978 receptori
885 1947 942 1978 pro
959 1938 1059 1968 officio
1085 1949 1153 1973 suo,
1177 1945 1207 1969 et

300 1985 414 2015 ibidem
427 1985 529 2015 dictus
544 1992 688 2025 receptor
701 1986 847 2026 promisit
860 1987 944 2027 quod
960 1987 987 2017 si
1004 1997 1072 2017 eum
1088 1988 1205 2018 contin-

299 2041 389 2075 geret
403 2035 550 2064 recedere
562 2040 632 2064 ante
646 2035 736 2064 linem
750 2035 798 2065 sui
814 2035 917 2072 officii,
934 2037 1018 2076 quod
1033 2037 1124 2066 alium
1136 2037 1205 2067 loco

299 2082 349 2113 sui
366 2083 569 2113 substitueret
585 2083 652 2113 sine
669 2084 816 2124 expensis
829 2084 979 2115 nacionis.

340 2131 416 2163 Item
448 2133 562 2162 ibidem
595 2133 782 2172 computavit
813 2133 956 2163 dominus
989 2140 1144 2175 receptor,
1176 2141 1207 2165 et

298 2181 443 2211 omnibus
466 2182 650 2221 computatis
672 2182 819 2212 remansit
845 2182 1000 2223 obligatus
1026 2184 1148 2214 nacioni
1175 2185 1206 2214 in

299 2229 372 2260 vul
389 2229 479 2260 libris
489 2236 520 2260 et
535 2232 555 2260 9
568 2230 688 2266 solidis,
706 2237 736 2261 et
750 2238 912 2271 computus
929 2232 985 2262 fuit
1002 2234 1202 2273 approbatus.

342 2278 416 2309 Item
433 2285 579 2319 computo
597 2279 676 2309 facto
694 2279 783 2310 nacio
803 2280 929 2311 intravit
949 2282 1122 2320 tabernam,
1147 2282 1206 2312 sci-

300 2327 372 2358 licet
393 2330 564 2368 ymaginem
590 2330 688 2358 sancti
709 2328 818 2359 Jacolu·
844 2329 876 2359 in
899 2329 968 2359 vico
993 2330 1150 2367 Sutorum‚
1176 2337 1207 2361 et

301 2376 414 2407 ibidem
427 2377 602 2417 perpotavit
616 2378 695 2407 duos
709 2378 830 2408 francos
846 2388 914 2408 cum
927 2379 1068 2415 dimidio,
1082 2386 1112 2410 et
1122 2390 1206 2410 rece-

300 2431 372 2466 ptor
389 2425 484 2456 solvit
495 2431 604 2456 totum.

342 2474 416 2505 Item
440 2475 660 2505 advertendum
686 2481 735 2506 est
763 2476 846 2516 quod
870 2476 920 2507 die
945 2477 1111 2508 mercurii¹
1134 2485 1207 2519 post

297 2523 411 2553 ludica
436 2523 514 2554 facta
546 2524 793 2565 congregacione
829 2525 979 2556 facultatis
1015 2526 1130 2557 arcium
1167 2528 1205 2558 ad

299 2571 484 2602 audiendum
518 2571 726 2613 juramentum
771 2573 1014 2605 bachalariorum
1059 2576 1204 2617 superius

300 2620 574 2659 licensiandorum,
590 2620 774 2662 juraverunt
791 2630 923 2663 quatuor
941 2624 1107 2655 bacbalarii
1125 2626 1205 2656 dun-

300 2675 393 2706 taxat,
413 2679 544 2710 quorum
563 2680 643 2701 unus
659 2670 797 2702 Gallicus
814 2679 879 2702 erat
895 2678 926 2703 et
944 2673 1055 2714 gallice
1076 2684 1206 2714 proces-

299 2717 353 2754 sit.
371 2718 423 2748 alii
440 2719 502 2749 duo
517 2725 605 2749 erant
621 2719 760 2750 Piccardi
780 2726 811 2751 et
826 2727 859 2751 ut
879 2721 1021 2752 PIccardi
1038 2733 1205 2763 processe·

332 2841 355 2865 1.
388 2842 404 2866 ⁹
414 2841 511 2866 Marcii.

332 2876 356 2901 ί.
390 2877 420 2901 ¹8
433 2877 529 2902 Πινίίἰ.

331 2912 356 2936 8.
388 2912 419 2936 27
431 2912 529 2937 Horti«.

794 393 908 420 LIBER
927 392 1240 420 PROCURATORUM
1261 393 1439 419 NATIONIS
1458 393 1704 419 ANGLICANAE

1241 913 1275 939 10

1243 1159 1276 1185 15

1243 1404 1276 1431 20

1243 1648 1276 1675 25

1243 1894 1278 1921 30

1243 2139 1278 2166 35

1243 2384 1277 2411 40

1243 2628 1276 2656 45

2161 394 2216 420 298

1310 475 1393 503 runt,
1423 475 1454 498 et
1483 475 1612 508 quartus
1639 475 1705 498 erat
1735 469 1877 498 dominus
1909 468 1981 498 Otto
2015 470 2053 498 de
2087 471 2214 509 dyocesi

1310 517 1464 547 Methensi
1503 524 1593 547 natus
1623 524 1653 547 et
1681 518 1839 547 aclimatus
1875 518 2049 556 ydyomate,
2077 519 2115 548 de
2154 529 2215 558 quo

1310 567 1436 596 dubium
1450 573 1515 596 erat
1528 573 1557 595 et
1571 568 1748 596 vertebatur
1762 566 1843 596 inter
1852 567 2011 596 nacionem
2027 567 2215 597 Gallicanam

1310 622 1340 645 et
1373 621 1522 650 nostram,
1547 616 1585 644 ad
1612 626 1702 655 quam
1728 615 1884 655 pertinere
1912 616 2049 644 deberet.
2086 615 2125 645 Et
2150 617 2216 655 ipse

1309 664 1465 704 processit
1488 675 1525 694 ex
1548 671 1678 704 utraque
1709 665 1839 694 nacione
1870 665 2050 704 magistrum
2074 665 2217 704 eligendo

1311 714 1368 743 sub
1383 713 1436 742 illa
1453 713 1646 748 condicione,
1666 714 1748 753 quod
1766 714 1938 752 cuicunque
1955 713 2077 743 nacioni
2096 713 2218 753 adjudi-

1311 768 1442 792 caretur.
1466 762 1636 792 Normanni
1657 772 1732 791 vero
1751 762 1868 791 nullum
1891 762 2054 791 habebant.
2078 763 2117 791 Et
2135 763 2217 792 istud

1310 811 1498 851 permissum
1525 818 1590 840 erat
1615 821 1673 850 pro
1704 818 1777 841 tunc
1803 812 1861 841 sub
1884 811 1937 840 tali
1961 811 2142 840 condicione
2170 812 2218 840 vel

1310 860 1539 900 protestacione
1555 861 1637 900 quod
1652 861 1690 889 de
1703 867 1818 895 cetero,
1835 861 1958 900 quando
1973 867 2104 900 quatuor
2119 860 2218 889 solum

1311 919 1369 950 per
1381 919 1415 938 se
1428 909 1676 944 licensiarentur,
1689 909 1826 949 quelibet
1841 909 1930 938 nacio
1944 919 2037 939 unum
2051 909 2215 938 obtineret.

1374 957 1448 988 Item
1465 958 1614 988 satisfecit
1629 957 1811 988 Guillelmus
1829 959 1867 987 de
1883 958 2003 998 Balbyn
2018 959 2056 988 de
2071 959 2090 987 4
2106 958 2219 988 francis

1313 1014 1344 1038 et
1368 1008 1387 1037 6
1413 1007 1536 1042 solidis,
1566 1007 1597 1036 in
1620 1007 1734 1047 quibus
1762 1008 1924 1037 tenebatur
1953 1007 2046 1037 michi
2070 1017 2107 1036 ex
2133 1014 2219 1047 parte

1313 1056 1454 1086 nacionis
1472 1056 1595 1086 racione
1615 1067 1669 1086 sue
1682 1056 1934 1086 determinancie.

1354 1105 1430 1135 Item
1444 1105 1622 1135 licensiatus
1636 1105 1693 1135 suit
1706 1105 1849 1135 dominus
1867 1105 1940 1135 Otto
1953 1105 2089 1135 Methen.
2105 1107 2221 1145 dyoce-

1314 1154 1358 1184 sis
1369 1154 1618 1184 conditionaliter
1627 1155 1684 1184 sub
1698 1164 1744 1184 me
1755 1161 1955 1194 procuratore
1966 1155 2118 1194 predicto,
2132 1154 2219 1195 cujus

1313 1204 1408 1233 bursa
1424 1202 1497 1232 VIII
1514 1203 1617 1233 solidi.

1354 1252 1428 1282 Item
1446 1252 1626 1282 licensiatus
1644 1253 1700 1282 fuit
1714 1253 1857 1282 dominus
1876 1253 2057 1283 Coenradus
2073 1253 2222 1293 Haghen-

1314 1308 1428 1331 mester
1443 1302 1500 1331 sub
1515 1301 1664 1342 magistro
1678 1301 1814 1331 Henrico
1830 1303 1868 1331 de
1885 1301 2007 1337 Hassia,
2025 1301 2112 1342 cujus
2127 1303 2222 1332 bursa

1313 1350 1385 1380 VIII
1404 1350 1508 1380 solidi.
1820 1374 1822 1378 ,

1354 1399 1429 1429 Item
1444 1399 1622 1429 licensiatus
1640 1399 1784 1430 dominus
1799 1399 1980 1430 Gherardus
1998 1399 2144 1430 Swethen
2161 1401 2218 1430 sub

1314 1448 1463 1488 magistro
1478 1448 1670 1478 Theoderico
1689 1449 1855 1483 Dameron,
1873 1448 1960 1489 cujus
1975 1450 2069 1478 bursa
2085 1449 2141 1478 VII
2161 1449 2219 1478 sol.

1354 1497 1393 1526 Et
1414 1498 1486 1537 quia
1505 1498 1607 1528 dictus
1627 1498 1770 1527 dominus
1797 1497 1976 1527 Gherardus
2002 1508 2119 1538 pauper
2143 1504 2220 1534 erat,

1314 1547 1370 1576 sed
1385 1546 1484 1576 noluit
1497 1553 1598 1576 tamen
1617 1547 1759 1576 similiter
1769 1546 1875 1587 jurare
1895 1548 2062 1576 secundum
2083 1553 2221 1577 tenorem

1314 1595 1419 1625 statuti
1449 1602 1672 1635 paupertatem,
1703 1596 1773 1625 ideo
1793 1594 1910 1635 juravit
1937 1597 2021 1636 quod
2049 1606 2131 1626 nunc
2160 1607 2222 1626 non

1315 1644 1442 1674 haberet
1466 1645 1547 1674 unde
1575 1645 1721 1680 solveret,
1748 1645 1804 1674 sed
1828 1644 1944 1685 juravit
1975 1646 2058 1685 quod
2088 1645 2223 1675 solveret

1314 1693 1412 1723 dictas
1428 1694 1540 1723 bursas
1555 1694 1671 1723 nationi
1687 1704 1777 1733 quam
1793 1694 1854 1723 cito
1871 1694 1955 1724 Deus
1973 1695 2060 1724 daret
2079 1695 2140 1724 sibi
2162 1701 2222 1724 tam

1313 1742 1461 1782 pinguem
1479 1743 1631 1772 fortunam
1651 1744 1735 1783 quod
1759 1743 1886 1773 haberet
1907 1744 1988 1773 unde
2015 1743 2159 1774 solveret.
2185 1744 2224 1774 Et

1314 1791 1374 1821 ista
1388 1791 1494 1831 gracia
1510 1798 1576 1822 erat
1593 1792 1652 1822 sibi
1672 1793 1749 1822 facta
1769 1792 1800 1822 in
1822 1793 2068 1833 congregacione
2088 1793 2223 1823 nationis

1315 1840 1393 1870 facta
1407 1850 1502 1880 super
1518 1841 1576 1870 hoe
1592 1841 1631 1870 ad
1652 1841 1834 1872 Carmelitas
1850 1842 1880 1871 in
1899 1842 1947 1871 die
1966 1841 2132 1872 mercurii³
2153 1849 2223 1882 post

1316 1889 1425 1919 festum
1443 1889 1573 1920 Pasche.
1629 1887 1632 1890 ’

1357 1938 1390 1967 lu
1405 1939 1456 1968 die
1473 1939 1617 1969 mercurii
1633 1946 1706 1979 post
1723 1940 1832 1970 festum
1853 1939 1973 1970 Pasche
1994 1940 2071 1970 facta
2089 1950 2222 1981 congre-

1315 1987 1444 2026 gacione
1461 1989 1602 2028 predicta
1617 1994 1679 2018 tota
1696 1989 1779 2018 natio
1796 1989 1923 2018 intravit
1937 1991 2106 2029 ymaginem
2126 1991 2225 2019 sancti

1314 2036 1463 2068 Iohannis
1476 2037 1507 2066 in
1525 2038 1594 2067 vico
1613 2037 1754 2073 Beverie,
1774 2044 1804 2068 et
1817 2038 1992 2078 perpotavit
2006 2038 2073 2068 XLI
2089 2039 2223 2069 florenos

1315 2098 1439 2128 parvos.

1355 2137 1431 2167 Item
1451 2135 1609 2166 secundo⁴
1628 2136 1678 2165 die
1697 2143 1770 2176 post
1789 2137 1972 2174 Qua-simodo
1990 2137 2067 2166 facta
2089 2147 2222 2177 congre-

1315 2186 1442 2227 gacione
1460 2185 1594 2214 nationis
1614 2186 1652 2214 ad
1673 2185 1858 2215 audiendum
1882 2192 2057 2226 computum
2081 2193 2223 2226 recepto-

1315 2235 1371 2270 ris,
1389 2235 1428 2264 ad
1448 2234 1624 2274 eligendum
1642 2244 1755 2263 novum
1772 2240 1976 2275 receptorem,
1994 2235 2030 2264 ad
2047 2235 2223 2275 eligendum

1315 2289 1559 2324 procuratorem,
1574 2290 1604 2313 et
1614 2284 1651 2312 ad
1664 2283 1912 2323 supplicandum,
1925 2285 2111 2323 computavit
2124 2284 2224 2314 domi-

1314 2342 1373 2362 nus
1402 2338 1546 2372 receptor
1576 2332 1622 2362 sic
1651 2333 1736 2372 quod
1760 2342 1816 2362 nec
1846 2332 1994 2363 remansit
2024 2333 2140 2362 nationi
2168 2343 2224 2363 nec

1314 2381 1397 2411 natio
1433 2381 1494 2410 sibi
1524 2380 1634 2411 solutis
1665 2382 1784 2411 duabus
1823 2381 1928 2411 scolis.
1963 2382 2135 2421 Computus
2168 2382 2225 2412 fuit

1314 2430 1515 2470 approbatus.

1356 2479 1430 2509 Item
1453 2479 1570 2509 electus
1596 2478 1652 2508 fuit
1672 2479 1703 2508 in
1723 2485 1915 2519 receptorem
1938 2489 2035 2519 usque
2055 2479 2092 2509 ad
2114 2479 2223 2509 festum

1314 2527 1449 2558 Matbie¹⁵
1467 2528 1615 2568 magister
1630 2527 1819 2558 Marchelius
1836 2528 1966 2569 inghen‚
1988 2535 2017 2558 et
2034 2527 2150 2568 juravit
2164 2529 2222 2558 sub

1313 2577 1460 2617 expensis
1476 2577 1649 2617 receptoria
1667 2577 1796 2617 antiqui.

1356 2625 1432 2656 ltem
1452 2625 1638 2666 supplicavit
1658 2626 1806 2667 magister
1828 2625 2038 2655 Theodericus
2065 2626 2165 2656 Distel
2185 2627 2224 2656 de

1315 2673 1405 2705 Unna
1425 2675 1508 2715 quod
1531 2675 1613 2705 natio
1640 2675 1728 2704 daret
1755 2675 1815 2704 sibi
1844 2674 1962 2704 literam
1987 2675 2222 2705 testimonialem

1314 2724 1398 2764 quod
1417 2724 1472 2754 fuit
1490 2730 1674 2764 procurator
1697 2730 1727 2754 et
1744 2733 1857 2764 regens
1878 2730 2015 2763 tempore
2037 2725 2105 2754 date
2129 2723 2224 2755 rotuli

1345 2849 1370 2873 4.
1401 2850 1448 2873 Me.
1461 2844 1529 2880 salui)
1541 2850 1660 2874 sabbato.
1673 2849 1730 2874 ruit
1743 2850 1754 2874 1
1771 2849 1878 2881 Aprilis.
1899 2850 1952 2874 rid.
1963 2853 2062 2883 pecten.

1346 2886 1370 2909 6.
1403 2885 1431 2909 24
1445 2885 1587 2913 februarii.
1600 2885 1669 2909 1³⁶⁶.
