2632 3464
413 386 461 411 12:

411 460 545 496 bedello,
561 471 599 490 ne
612 461 822 490 retardaretur
834 459 884 489 via
898 459 937 488 ad
953 459 1067 488 curiam
1079 468 1136 497 per
1148 458 1319 493 nacionem,

413 510 568 540 concessit
583 509 704 539 nacioni
725 509 875 548 magister
892 508 1060 538 Nicholaus
1083 508 1121 537 de
1142 507 1251 537 Svecia
1266 517 1324 546 pro

412 566 484 589 tunc
504 565 649 598 receptor
668 558 808 588 nacionis
829 559 890 587 duo
910 564 996 587 scuta
1018 567 1075 596 pro
1097 557 1230 592 bedello‚
1258 566 1326 585 cum

411 619 470 648 pro
499 615 571 638 tunc
596 607 711 637 nullam
737 607 910 647 pecuniam,
942 616 1000 646 que
1024 616 1083 645 pro
1113 605 1182 645 ipso
1207 605 1327 634 scilicet

413 658 535 687 bedello
552 657 717 691 sufficeret,
733 656 862 685 haberet
877 656 914 685 de
930 656 1070 684 nacione.

454 707 529 736 Item
549 706 600 735 die
616 706 751 735 crastina
768 711 841 744 post
861 705 940 734 diem
961 704 1218 744 congregacionis
1241 702 1325 743 ejus—

414 756 494 790 dem,
521 755 640 785 scilicet
671 755 745 784 seria
777 753 904 794 quinta⁴
935 760 1003 782 ante
1036 754 1146 782 festum
1180 752 1325 781 Omnium

415 804 609 840 Sanctorum,
626 805 703 833 facta
715 803 958 843 congregatione
974 802 1125 831 facultatis
1137 802 1218 840 apud
1233 801 1326 830 Sanc-

413 860 476 883 tum
499 854 653 883 Julianum
674 862 843 892 pauperem
871 861 967 891 super
991 852 1097 880 eadem
1123 850 1325 889 expedicione

414 903 540 938 bedelli,
566 903 769 932 deliberatum
799 901 854 930 suit
885 907 918 930 ut
950 900 1087 939 quelibet
1117 900 1205 929 nacio
1239 901 1326 929 daret

414 952 551 991 quinque
567 958 652 981 scuta
671 950 805 986 bedello,
824 950 868 979 sic
885 950 969 989 quod
985 960 1043 989 pro
1064 956 1136 978 tunc
1154 949 1234 978 idem
1250 959 1326 988 pro-

414 1008 538 1030 curator
553 1001 670 1030 eisdem
682 1001 803 1029 duobus
816 999 912 1028 scutis
927 999 1045 1028 addens
1058 999 1117 1027 tria
1129 1009 1185 1038 pro
1197 998 1325 1027 nacione

413 1050 464 1079 illa
480 1050 617 1089 quinque
635 1055 721 1078 scuta
736 1048 890 1088 exposuit.

454 1099 529 1128 Item
545 1099 594 1128 die
614 1098 720 1128 martis
732 1097 744 1115 ²
759 1104 832 1137 post
852 1098 962 1127 festum
981 1097 1125 1126 Omnium
1143 1097 1324 1126 Sanctorum

413 1149 489 1178 sacta
511 1148 760 1187 congregacione
781 1147 922 1176 nacionis
940 1147 1020 1186 apud
1035 1146 1181 1175 Sanctum
1199 1146 1325 1175 Maturi-

411 1208 495 1232 num,
514 1197 671 1226 concessit
685 1197 834 1236 magister
853 1195 1010 1235 Nycolaus
1032 1202 1178 1234 receptor
1200 1195 1326 1235 sepedi-

412 1253 479 1276 ctus
504 1246 626 1275 nacioni
656 1247 717 1275 duo
748 1252 837 1275 scuta
864 1255 922 1285 pro
952 1245 1102 1284 magistro
1124 1244 1263 1274 Johanne
1287 1245 1325 1273 de

413 1296 561 1325 Hoesden
586 1295 710 1330 nuncio,
733 1295 853 1324 scilicet
871 1294 936 1334 pro:
952 1294 1100 1333 expensis
1120 1294 1208 1323 sactis
1225 1294 1256 1322 in
1273 1294 1326 1323 iti-

412 1355 486 1374 nere
503 1355 559 1384 pro
582 1345 735 1374 habendis
751 1344 865 1374 litteris
878 1343 987 1384 regiis.

453 1394 528 1423 Item
553 1395 630 1423 facta
655 1393 889 1433 computacione
912 1393 1045 1422 rectoris
1070 1393 1204 1432 antiqui,
1233 1392 1327 1422 solvit

413 1445 497 1482 apud
513 1454 683 1483 grangyam
705 1449 769 1472 tres
788 1442 918 1478 solidos,
943 1452 980 1471 ex
1003 1449 1090 1481 parte
1110 1442 1249 1471 nacionis
1269 1442 1325 1470 ibi—

413 1494 481 1522 dem
497 1499 710 1532 consumptos.

454 1542 529 1571 Item
546 1542 670 1581 quando
690 1541 779 1571 nacio
796 1541 884 1570 fieret
899 1540 1041 1570 similiter
1061 1541 1145 1579 apud
1155 1551 1326 1580 grangyam

416 1592 447 1620 in
467 1602 553 1627 cena,
569 1591 662 1620 solvit
676 1591 757 1620 idem
770 1597 916 1630 receptor
931 1590 970 1619 24
986 1590 1116 1619 solidos.

454 1641 529 1670 Item
548 1646 679 1680 quatuor
698 1640 816 1669 solidos
835 1649 902 1669 cum
921 1639 981 1668 1111
998 1639 1134 1668 denariis
1150 1639 1283 1668 bedello.

825 1734 922 1763 1348

437 1806 679 1845 [Procuratio
715 1805 889 1845 magistri
921 1805 1077 1834 Henrici
1104 1805 1239 1834 Thome
1264 1805 1306 1834 de

783 1854 962 1893 Swecia.]

453 1937 544 1965 Anno
566 1935 691 1965 Domini
719 1923 761 1965 lia.
787 1923 880 1966 CC&
906 1922 1034 1965 X⁰LV111
1056 1936 1133 1965 sacta
1151 1946 1327 1975 congrega-

414 1986 503 2014 cione
527 1986 608 2025 apud
623 1986 767 2014 Sanctum
785 1985 938 2014 Julianum
960 1995 1126 2024 pauperem
1147 1985 1178 2013 in
1196 1984 1326 2014 octava³

415 2035 512 2064 sancti
532 2035 657 2063 Martini
678 2035 818 2074 episcopi
835 2041 865 2064 et
881 2034 1072 2064 confessoris
1095 2035 1133 2063 ad
1155 2034 1327 2064 faciendum

415 2090 647 2123 procuratorem
668 2084 807 2113 nacionis
830 2083 1020 2123 Anglicane,
1039 2083 1155 2113 electus
1178 2084 1234 2113 fuit
1251 2094 1327 2113 con-

416 2133 553 2162 corditer
568 2134 599 2162 in
615 2139 848 2172 procuratorem
867 2133 1006 2162 nacionis
1024 2132 1161 2172 ejusdem
1180 2133 1328 2173 magister

417 2183 565 2212 Hinricus
589 2182 706 2211 Thome
728 2183 766 2211 de
790 2182 921 2218 Swecia,
945 2182 976 2211 in
997 2181 1083 2221 cujus
1102 2182 1328 2221 procuracione

417 2238 483 2261 acta
499 2238 571 2261 sunt
586 2242 646 2271 que
665 2238 848 2271 sequuntur.

458 2281 564 2310 Primo
597 2282 673 2310 sacta
702 2281 950 2320 congregacione
979 2281 1119 2310 nacionis
1151 2280 1200 2310 die
1231 2281 1329 2310 sancti

418 2330 527 2359 Brictii
545 2330 685 2369 episcopi
697 2329 707 2348 ⁴
727 2331 808 2369 apud
828 2330 973 2359 Sanctum
991 2330 1190 2365 Maturinum‚
1207 2330 1330 2370 suppli-

418 2380 506 2409 cahat
523 2379 672 2419 magister
692 2379 856 2409 Conradus
879 2380 916 2408 de
936 2379 1053 2414 Minda,
1078 2381 1161 2419 quod
1179 2380 1329 2409 terminus

418 2428 589 2458 solucionis
608 2429 738 2458 duorum
755 2428 943 2458 florenorum
962 2429 1000 2457 de
1024 2428 1192 2463 Florentia,
1212 2429 1243 2457 in
1259 2429 1330 2468 qui-

418 2479 476 2507 bus
487 2478 648 2507 tenebatur
659 2478 837 2507 satisfacere
849 2478 971 2507 nacioni
982 2478 1061 2506 infra
1074 2478 1180 2507 Natale
1192 2478 1328 2514 Domini,

419 2527 478 2556 sibi
497 2527 739 2567 prolongaretur
759 2537 858 2566 usque
879 2528 917 2556 ad
939 2527 1048 2556 festum
1077 2527 1196 2556 Pasche
1222 2527 1331 2567 proxi-

417 2587 510 2611 mum,
522 2583 551 2605 et
560 2576 617 2605 hoc
627 2576 687 2605 sibi
696 2576 893 2605 concorditer
901 2582 949 2605 est
962 2586 1156 2611 concessum,
1167 2576 1219 2605 tali
1229 2583 1330 2606 tamen

418 2625 556 2654 adhibita
571 2626 764 2660 condicione,
785 2626 868 2664 quod
886 2625 911 2654 si
928 2625 1094 2665 contigerit
1111 2626 1212 2665 ipsum
1226 2626 1330 2665 aliquo

418 2676 509 2704 modo
526 2685 583 2714 pro
599 2681 670 2704 tunc
684 2675 815 2704 deficere
833 2674 863 2703 in
878 2674 1037 2704 solucione
1051 2675 1259 2714 predictorum
1278 2675 1330 2705 sso-

454 2782 477 2805 1.
513 2783 543 2805 30
555 2781 679 2805 Octobris.

450 2818 474 2842 2.
507 2818 521 2840 4
537 2817 692 2841 Novembris.

450 2853 473 2876 3.
508 2855 562 2876 Non
581 2853 656 2877 debet
668 2852 779 2884 intelligi
791 2853 847 2876 dies
860 2856 953 2876 octava
969 2852 1010 2884 (18
1025 2852 1193 2884 Nouembris),
1205 2853 1251 2876 ted
1261 2853 1331 2884 infra

420 2891 545 2917 octavam,
557 2898 612 2912 cum
630 2889 794 2921 congregatio
811 2889 966 2920 subtequeru
980 2889 1053 2919 sacta
1070 2888 1103 2912 nic
1118 2889 1147 2912 13
1160 2890 1221 2912 Νον.
1238 2889 1331 2912 Verini-

421 2924 514 2948 militer
526 2925 614 2956 prima
625 2925 789 2958 congregatio
799 2927 855 2948 erat
869 2927 897 2948 12
908 2924 1027 2948 Nouemb.

959 382 1183 409 AUCTARIUM
1203 381 1463 408 CHARTULARII
1483 382 1658 408 UNIVERS.
1680 381 1799 408 PARIS.

1364 904 1398 930 10

1364 1150 1397 1176 15

1363 1396 1397 1422 20

1364 1643 1397 1669 25

1365 1889 1398 1916 30

1365 2136 1399 2162 35

1367 2382 1401 2408 40

1368 2629 1402 2654 45

2290 385 2345 411 128

1433 468 1595 493 renerum,
1620 459 1714 487 frater
1733 468 1808 488 suus
1833 459 1981 498 magister
2003 459 2149 489 Hinricus
2174 460 2212 490 de
2236 460 2343 491 Mindn

1435 507 1604 537 satisfaciat
1629 518 1687 547 pro
1716 508 1835 543 eodem,
1869 508 1921 547 qui
1951 509 1989 537 ad
2019 507 2078 537 hoc
2107 509 2279 539 faciendum
2308 520 2343 540 se

1435 556 1557 585 nacioni
1574 563 1684 596 sponte
1700 563 1729 586 et
1748 556 1955 596 personaliter
1970 557 2130 597 obligavit.

1476 605 1551 634 Item
1573 616 1702 645 presens
1720 606 1762 635 sui
1787 616 1855 635 cum
1874 606 1943 635 aliis
1963 606 2102 636 nacionis
2121 614 2227 637 nostre
2245 608 2345 648 magi-

1435 654 1510 683 stris
1528 655 1559 683 in
1575 655 1625 684 die
1641 655 1739 684 sancti
1754 655 1908 684 Edmundi
1925 655 2010 695 regis
2021 655 2045 690 ³,
2066 657 2188 695 quando
2200 657 2347 687 dominus

1435 702 1599 733 Conradus
1617 704 1757 733 bedellus
1780 711 1888 733 noster
1905 705 1942 733 ad
1963 704 2071 733 cistam
2089 705 2229 735 nacionis
2249 716 2345 746 repo-

1435 752 1498 782 suit
1514 753 1618 781 omnia
1634 760 1814 782 ornamenta
1828 760 1858 782 et
1873 754 2063 789 indumenta,
2081 764 2140 793 que
2156 754 2216 784 sibi
2232 755 2347 785 tradita

1435 802 1558 831 suerunt
1570 808 1630 831 tam
1647 803 1686 831 ad
1701 802 1798 831 solem
1814 804 1991 842 ponendum
2008 813 2098 843 quam
2114 804 2151 832 ad
2168 804 2342 843 lavandum,

1435 861 1495 890 que
1508 850 1610 880 omnia
1628 851 1828 891 singulariter
1845 858 1875 881 et
1891 852 2070 881 nominatim
2087 852 2204 892 scripta
2221 853 2348 883 fuerunt

1435 900 1466 928 in
1482 901 1612 939 quadam
1630 900 1753 939 papiro,
1774 910 1864 940 quam
1884 901 1923 930 ad
1943 901 2051 930 cistam
2069 902 2210 940 reposuit
2232 912 2346 942 supra-

1435 949 1557 984 dictam,
1578 959 1635 988 pro
1653 959 1784 988 quorum
1798 949 1918 979 locione
1934 950 2077 980 dominus
2089 957 2234 990 receptor
2247 961 2348 991 expo-

1435 998 1497 1027 suit
1511 999 1591 1028 duos
1607 998 1725 1027 solidos
1742 999 1906 1038 parisiens.

1476 1047 1550 1076 Item
1564 1047 1595 1076 in
1609 1047 1658 1076 die
1670 1047 1768 1077 sancti
1779 1047 1919 1077 Nicholai
1933 1048 2072 1088 episcopi
2085 1055 2115 1078 et
2129 1049 2321 1080 confessoris
2332 1048 2349 1068 ⁶

1435 1096 1578 1125 dominus
1591 1103 1736 1135 receptor
1748 1097 1892 1136 exposuit
1902 1097 2038 1137 quinque
2049 1098 2166 1128 solidos
2178 1099 2344 1138 parisiens.

1434 1155 1493 1184 pro
1527 1146 1804 1175 distribucionibus
1836 1146 2054 1186 magistrorum
2086 1148 2283 1187 presencium
2313 1148 2347 1178 in

1435 1194 1531 1224 missa
1547 1195 1629 1234 apud
1648 1195 1778 1224 Sanctos
1795 1195 1939 1225 Cosmam
1956 1202 1985 1225 et
2001 1196 2197 1226 Damianum.

1476 1243 1551 1273 Item
1575 1244 1691 1284 incepit
1715 1244 1746 1273 in
1770 1245 1888 1274 artibus
1911 1244 2056 1274 dominus
2080 1245 2238 1275 Johannes
2263 1246 2348 1276 Nese

1435 1293 1472 1322 de
1486 1292 1627 1333 Trajecto
1643 1294 1700 1322 sub
1716 1293 1866 1333 magistro
1879 1293 2019 1323 Johanne
2039 1295 2078 1324 de
2103 1294 2236 1330 Vesalia,
2258 1294 2349 1335 cujus

1434 1342 1530 1371 bursa
1545 1342 1652 1371 nichil.

1845 1438 1862 1466 1
1867 1437 1941 1467 348

1438 1505 1680 1547 [Procuratio
1706 1509 1879 1549 magistri
1905 1509 2087 1539 Johannis
2113 1509 2275 1540 Walteri
2303 1511 2350 1540 de

1783 1558 1996 1597 Arnheim.]

1474 1638 1565 1668 Anno
1583 1639 1708 1668 Domini
1726 1638 1769 1668 M.
1794 1638 1899 1668 CCC⁰.
1921 1638 2049 1668 XLVIII
2071 1639 2149 1669 facta
2171 1649 2350 1679 congrega—

1435 1688 1523 1718 cione
1540 1688 1692 1717 facultatis
1706 1688 1787 1728 apud
1803 1687 1948 1717 Sanctum
1966 1687 2118 1717 sulianum
2134 1698 2300 1728 pauperem
2315 1689 2348 1718 in

1436 1738 1511 1767 seria
1526 1738 1615 1767 tertia
1626 1737 1638 1755 '¹
1656 1744 1730 1777 post
1744 1738 1855 1767 festum
1871 1737 1981 1773 Lucie,
2001 1737 2117 1767 electus
2135 1744 2183 1767 est
2198 1738 2229 1767 in
2244 1745 2350 1768 recto-

1435 1797 1500 1817 rem
1531 1786 1750 1816 Universitatis
1782 1787 1931 1826 magister
1963 1786 2121 1816 Iohannes
2161 1787 2280 1816 Nicolai
2308 1788 2350 1817 de

1436 1837 1532 1866 Dacia
1547 1837 1585 1865 de
1601 1835 1730 1865 nacione
1745 1835 1928 1876 Anglicana,
1944 1842 1974 1865 et
1986 1837 2094 1865 eodem
2113 1836 2162 1866 die
2178 1837 2256 1866 facta
2271 1846 2349 1866 con·-

1435 1885 1623 1926 gregacione
1641 1885 1781 1915 nacionis
1798 1885 1969 1925 Anglicane
1988 1886 2025 1914 ad
2045 1886 2217 1915 faciendum
2235 1895 2349 1925 procu-

1435 1941 1580 1970 ratorem,
1610 1935 1725 1964 electus
1750 1934 1806 1964 suit
1834 1935 2032 1964 concorditer
2058 1935 2090 1963 in
2113 1941 2347 1974 procuratorem

1436 1985 1575 2014 nacionis
1605 1983 1743 2024 ejusdem
1776 1984 1924 2024 magister
1957 1983 2115 2013 Johannes
2146 1983 2280 2014 Walteri
2309 1985 2350 2014 de

1436 2033 1586 2069 Arnhem,
1621 2034 1655 2064 in
1692 2032 1780 2074 cujus
1810 2033 2036 2072 procuracione
2075 2039 2141 2062 acta
2179 2039 2251 2063 sunt
2287 2043 2347 2073 que

1437 2089 1620 2122 sequuntur.
1773 2110 1777 2113 ,

1478 2132 1583 2162 Primo
1616 2132 1733 2172 incepit
1761 2131 1906 2161 dominus
1938 2131 2073 2161 Jacobus
2104 2132 2141 2161 de
2169 2131 2349 2168 Hollandia,

1437 2181 1611 2211 oriundus⁸
1637 2182 1674 2211 de
1700 2181 1926 2216 Waterlandia,
1953 2182 2010 2210 sub
2037 2181 2187 2221 magistro
2208 2181 2350 2210 Johanne

1438 2231 1476 2260 de
1488 2230 1638 2266 Wezalia,
1659 2230 1746 2270 cujus
1764 2231 1860 2260 bursa
1874 2230 1982 2259 nichil.

1479 2280 1554 2310 Item
1568 2280 1754 2309 substitutus
1775 2280 1830 2309 suit
1847 2280 1995 2320 magister
2013 2279 2167 2309 Henricus
2183 2280 2221 2309 de
2242 2279 2348 2309 Minda

1438 2330 1469 2358 in
1488 2339 1615 2359 recessu
1636 2329 1859 2368 procuratoris,
1887 2329 2008 2359 scilicet
2031 2329 2172 2369 magistri
2196 2328 2350 2358 Iohannis

1438 2379 1476 2408 de
1491 2378 1641 2408 Arnhem.

1480 2428 1514 2457 In
1537 2427 1623 2468 cujus
1641 2428 1866 2457 substitucione
1886 2428 2003 2467 incepit
2022 2427 2166 2457 dominus
2189 2427 2349 2457 Robertus

1439 2478 1476 2507 de
1493 2477 1695 2517 Dronghelen
1714 2479 1772 2507 sub
1789 2478 1939 2518 magistro
1956 2476 2082 2506 Galtero
2098 2477 2135 2506 de
2148 2476 2348 2516 Warderlay,

1439 2525 1526 2566 cujus
1544 2527 1638 2556 bursa
1656 2527 1683 2556 X
1699 2527 1802 2563 solidi,
1820 2527 1851 2556 in
1861 2527 1930 2557 vico
1946 2526 2110 2556 Straminis
2123 2527 2181 2555 sub
2197 2526 2351 2566 magistro

1439 2576 1580 2616 predicto
1599 2576 1631 2605 in
1649 2576 1743 2606 scolis
1762 2576 1827 2606 suis
1843 2576 1892 2605 die
1911 2575 1969 2605 XII
1987 2575 2104 2605 mensis
2123 2575 2261 2604 Januarii
2275 2581 2351 2615 post

1440 2625 1546 2655 horam
1563 2626 1674 2665 prime,
1694 2632 1753 2655 etc.

1529 2783 1558 2806 13
1573 2781 1730 2806 Novembris.

1528 2819 1558 2842 20
1568 2817 1722 2841 Novembris.

1527 2855 1542 2877 6
1554 2853 1706 2877 Decembris.

1528 2890 1557 2913 16
1570 2888 1722 2912 Decembrie.

1526 2925 1659 2949 oriundus
1671 2924 1702 2948 de
1715 2924 1893 2948 waterlandin
1906 2923 1958 2948 alio
1971 2923 2119 2948 charactere
2131 2923 2198 2948 intel·
2211 2923 2303 2948 lineae.

1470 2785 1494 2949 PNPP’?
