2632 3464
413 405 468 431 219

416 481 572 522 obligatus
590 480 733 510 dominus
751 487 895 520 receptor
912 481 1035 510 nacioni
1055 481 1086 510 in
1103 480 1187 510 XXX
1206 486 1324 520 septem

416 531 526 560 solidis
544 541 612 559 cum
626 530 765 559 dimidio.

458 580 493 609 In
514 579 625 619 primis
647 579 728 608 idem
750 579 899 619 magister
922 579 1069 608 Nicolaus
1092 578 1184 608 solvit
1205 578 1327 607 nacioni

416 639 509 658 unum
526 635 645 658 scutum
661 638 718 668 pro
734 628 959 668 procuratoria‚
972 634 1002 657 et
1015 628 1116 657 statim
1133 633 1327 666 perpotatum

418 678 474 708 fuit
488 678 564 707 illud
578 683 697 707 scutum
712 687 770 717 per
784 678 951 717 magistros
967 677 999 706 in
1014 677 1142 706 taberna
1157 677 1199 704 ad
1211 677 1327 715 ymagi-

417 738 483 756 nem
498 734 596 756 nostre
610 728 736 756 Domine
754 727 784 756 in
799 727 868 756 vico
885 726 990 755 Sancti
1008 725 1126 755 Jacobi.

459 777 534 806 Item
547 775 555 794 ⁴
574 776 624 805 die
635 777 671 805 10
681 776 797 805 mensis
808 774 1124 815 Septembrisjuravit
1139 774 1220 803 idem
1233 773 1328 813 magi-

419 832 484 855 ster
499 825 646 855 Nicolaus
664 835 767 854 coram
785 824 939 864 deputatis
956 823 1176 853 Universitatis
1192 824 1230 852 de
1244 822 1329 852 'veri-

418 881 479 904 tate
510 875 638 904 dicenda
677 883 779 903 coram
820 873 1038 902 tabellionibus
1073 873 1111 901 ad
1149 872 1328 912 posiciones

420 924 656 958 Pickardorum,
688 930 718 952 et
748 923 850 952 statim
879 932 952 951 casu
983 921 1142 961 inopinato
1171 921 1328 950 accidente

419 973 550 1002 recessit
569 971 773 1001 Aureoleanis
797 977 928 1011 propter
951 972 1063 1000 arduas
1090 981 1199 1000 causas
1226 970 1328 1009 ipsum

420 1028 595 1062 tangentes,
622 1021 814 1050 substituens
829 1031 876 1050 me
894 1020 1082 1049 Themonem
1100 1020 1201 1055 Judei,
1223 1025 1252 1048 et
1270 1028 1328 1058 ego

421 1071 538 1101 Themo
554 1071 585 1100 in
599 1070 749 1105 crastino,
765 1069 911 1099 videlicet
928 1071 962 1098 11
981 1069 1031 1098 die
1047 1069 1180 1109 predicti
1198 1068 1326 1103 mensis,

420 1120 579 1160 comparui
595 1130 663 1149 cum
683 1119 752 1148 aliis
771 1119 926 1158 deputatis
947 1119 1086 1148 nacionis
1106 1128 1209 1147 coram
1230 1116 1329 1147 tabel-

419 1170 555 1199 lionibus
574 1169 655 1207 apud
672 1168 866 1203 Carmelitas‚
882 1168 989 1197 valens
1002 1178 1111 1197 cavere
1127 1168 1164 1196 de
1177 1167 1328 1196 rathifica-

419 1219 507 1248 cione
522 1218 662 1247 nacionis
677 1218 776 1246 tocius
793 1217 975 1257 Anglicane,
995 1223 1024 1246 et
1033 1215 1140 1256 jurare
1156 1222 1185 1245 et
1199 1227 1329 1257 respon-

419 1268 492 1296 dere
522 1267 737 1307 posicionibus
774 1267 841 1296 loco
872 1266 1086 1306 procuratoris
1113 1267 1267 1301 absentis,
1300 1273 1330 1296 et

419 1317 543 1345 minime
561 1316 600 1345 fui
617 1315 790 1355 permissus
807 1322 936 1355 propter
948 1315 1188 1344 reclamaciones
1204 1315 1329 1344 Pickar-

419 1366 539 1396 dorum.
560 1365 600 1394 Et
614 1366 684 1394 ideo
701 1365 927 1394 convocacione
940 1364 1080 1393 nacionis
1097 1365 1184 1400 facta,
1197 1375 1329 1394 concor-

419 1415 499 1444 diter
521 1415 561 1444 fui
581 1414 696 1443 electus
713 1421 742 1443 et
758 1414 943 1443 substitutus
960 1413 1028 1443 loco
1041 1413 1174 1453 predicti
1188 1414 1328 1453 magistri

419 1464 538 1494 Nicolai
553 1470 582 1493 et
598 1474 664 1492 cum
680 1463 878 1503 presentibus
897 1463 1010 1492 ibidem
1028 1463 1223 1492 venerandus
1235 1463 1328 1503 magi-

420 1520 484 1543 ster
503 1513 659 1542 Henricus
682 1514 720 1542 de
740 1513 889 1552 Kampen,
913 1512 965 1551 qui
986 1522 1048 1541 non
1069 1522 1200 1551 presens
1221 1512 1276 1541 fuit
1297 1513 1329 1541 in

419 1562 667 1602 congregacione
685 1562 835 1597 nacionis,
857 1568 887 1591 et
905 1562 976 1591 ideo
990 1560 1073 1599 iuxta
1089 1561 1329 1590 consuetudines

421 1613 602 1641 observatas
625 1611 731 1640 debuit
752 1621 845 1640 unum
868 1617 986 1640 scutum
1009 1610 1167 1650 magistris
1189 1610 1330 1640 nacionis

420 1662 458 1690 ad
472 1661 650 1700 potandum.
670 1661 709 1689 Et
729 1661 839 1689 factum
855 1659 923 1689 est²
942 1660 974 1688 in
991 1661 1118 1689 taberna
1140 1670 1200 1699 que
1218 1659 1330 1689 dieitur

419 1711 464 1739 ad
480 1712 658 1749 grangiam,
683 1710 788 1738 eadem
807 1709 857 1738 die
881 1710 916 1737 11
937 1710 975 1738 de
997 1719 1140 1748 vespere,
1160 1715 1190 1738 et
1211 1709 1330 1748 reliqua

420 1759 534 1788 ibidem
557 1765 661 1798 potata
682 1759 882 1788 solvebantur
904 1768 960 1797 per
982 1758 1245 1787 contrihucionem
1269 1758 1330 1787 sin-

420 1809 574 1848 gulorum.
601 1808 675 1837 Item
700 1807 731 1836 in
754 1807 892 1846 predicta
916 1807 1163 1847 congregacione
1183 1807 1331 1837 ratificata

421 1857 646 1887 substitucione
660 1867 726 1886 mea
737 1867 792 1896 per
801 1857 971 1892 nacionem,
986 1857 1172 1896 supplicavit
1183 1857 1331 1896 magister

421 1907 566 1936 Nicolaus
585 1908 622 1936 de
637 1906 843 1935 Almekerken
860 1906 961 1935 dictus
975 1906 1090 1941 Macer,
1103 1912 1254 1945 quatenus
1271 1906 1331 1935 sibi

420 1956 613 1985 remitterent
628 1962 747 1984 scutum
766 1956 898 1984 dandum
917 1956 954 1984 ad
973 1956 1139 1994 potandum
1158 1956 1196 1984 de
1213 1955 1332 1994 princi·

421 2006 474 2045 pio
492 2005 631 2034 nacionis
654 2005 726 2044 quia
743 2014 805 2033 non
829 2004 967 2040 haberet,
987 2011 1016 2034 et
1036 2005 1160 2033 attentis
1177 2005 1242 2034 suis
1259 2005 1331 2033 fide-

422 2055 504 2083 libus
535 2054 694 2083 laboribus
722 2060 751 2082 et
780 2053 884 2082 multis
918 2054 949 2082 in
983 2053 1163 2082 defensione
1191 2053 1332 2083 nacionis

421 2110 527 2132 contra
544 2103 714 2132 Pickardos
731 2109 761 2132 et
776 2103 871 2131 eciam
890 2103 1061 2142 indigentia
1081 2109 1110 2132 et
1125 2102 1333 2132 benivolentia

420 2163 566 2192 persone,
584 2152 672 2181 nacio
684 2152 742 2181 sibi
755 2152 999 2181 misericorditer
1010 2158 1039 2180 et
1048 2152 1189 2192 graciose
1201 2152 1329 2181 remisit.

463 2201 537 2230 Item
561 2202 610 2230 die
638 2202 674 2230 12
697 2202 813 2230 mensis
836 2201 967 2240 predicti
987 2202 1064 2230 facta
1086 2201 1333 2241 congregacione

422 2251 561 2279 nacionis
589 2251 669 2289 apud
695 2250 839 2280 Sanctum
863 2250 1049 2279 Maturinum
1074 2260 1169 2289 super
1191 2251 1333 2280 habendo

423 2300 554 2329 consilio
588 2306 618 2329 et
649 2299 946 2339 supplicacionibus,
973 2299 1158 2338 supplicavit
1187 2300 1334 2339 magister

423 2349 582 2378 Arnoldus
609 2349 647 2377 de
673 2349 795 2378 Celario
817 2350 855 2378 de
882 2348 1046 2387 Locheym,
1073 2355 1224 2387 quatenus
1252 2349 1279 2378 si
1302 2349 1333 2377 in

424 2398 509 2427 brevi
527 2398 722 2437 contingeret
742 2398 980 2426 Universitatem
1003 2398 1123 2426 mittere
1146 2398 1278 2427 rotulum
1295 2399 1333 2427 ad

424 2447 551 2482 curiam,
575 2447 659 2486 quod
685 2447 752 2486 ipse
776 2447 987 2486 imponeretur
1012 2448 1069 2475 sub
1096 2447 1242 2486 expensis
1268 2448 1332 2476 suis

424 2503 577 2535 tamquam
592 2506 736 2536 presens,
756 2496 828 2535 quia
845 2496 1017 2524 intenderet
1032 2496 1093 2524 cito
1109 2496 1211 2525 redire
1227 2502 1256 2525 et
1271 2502 1332 2525 stu-

424 2546 497 2574 dere
514 2552 543 2574 et
561 2556 683 2574 manere
699 2545 730 2573 in
747 2545 849 2574 studio
866 2555 999 2584 semper,
1016 2546 1098 2584 quod
1115 2545 1174 2574 sibi
1192 2545 1247 2574 fuit
1262 2556 1332 2574 con—

424 2595 560 2623 corditer
572 2605 765 2623 concessum.

465 2644 539 2673 ltem
551 2643 563 2661 ³
587 2643 687 2672 XVIII
718 2644 766 2672 die
794 2643 909 2672 mensis
942 2643 1134 2682 Septembris
1167 2644 1246 2673 redii
1274 2654 1332 2683 ego

423 2693 568 2722 Nicolaus
590 2693 752 2727 johannis,
784 2698 814 2721 et
840 2692 941 2721 statim
965 2692 995 2721 in
1021 2693 1157 2722 crastino
1184 2700 1332 2732 sequente

421 2742 506 2771 venit
539 2743 575 2770 ad
602 2752 647 2770 me
675 2742 819 2770 dominus
848 2741 1009 2770 Villelmus
1038 2741 1138 2770 Buser
1161 2748 1190 2771 et
1212 2742 1333 2781 rogavit

422 2792 505 2830 quod
524 2792 653 2820 facerem
672 2802 761 2820 unam
780 2791 1057 2830 congregacionem
1079 2791 1218 2820 nacionis
1235 2801 1330 2830 super

454 2898 476 2921 1.
510 2897 612 2921 Diverso
622 2897 779 2926 charactere,
795 2897 812 2920 i.
824 2906 844 2921 e.
860 2906 937 2920 manu
953 2897 1096 2921 Thmouis.

454 2935 476 2957 2.
509 2934 653 2964 Ms.pol1'u³
664 2934 710 2957 ita.

954 404 1178 431 AUCTARIUM
1198 403 1459 430 CHARTULARII
1478 403 1653 431 UNIVERS.
1677 404 1797 431 PARIS.

1368 929 1400 955 10

1366 1174 1400 1200 15

1367 1419 1401 1445 20

1368 1664 1401 1690 25

1369 1910 1403 1936 30

1370 2154 1404 2180 35

1370 2381 1441 2426 4οἸ

1370 2653 1404 2679 45

2291 407 2347 434 22⁰
2354 428 2357 429 ⁷

1435 479 1577 510 habendo
1599 480 1730 510 consilio
1755 482 1793 510 de
1820 481 1950 510 nacione
1969 488 2087 517 nostra,
2111 482 2244 522 qualiter
2262 482 2344 512 idem

1434 528 1596 559 Villelmus
1618 536 1727 569 posset
1750 530 1899 569 incipere,
1930 530 2003 570 quia
2026 531 2115 560 nacio
2141 531 2345 562 Picardorum

1436 578 1614 608 intendebat
1636 578 1738 619 ipsum
1762 579 1924 619 impedire,
1953 579 2026 619 quia
2047 580 2195 610 credebat
2213 581 2344 610 eundem

1435 626 1611 657 Villelmum
1635 637 1705 657 esse
1726 629 1764 657 de
1784 628 1925 668 partibus
1943 627 2018 664 illis,
2042 629 2080 658 de
2097 629 2212 668 quibus
2231 630 2348 669 pendet

1436 675 1476 705 lis
1501 675 1582 705 inter
1607 677 1764 716 predictas
1790 677 1954 713 naciones,
1984 677 2104 707 scilicet
2128 678 2292 707 Picardam
2316 684 2348 708 et

1436 723 1650 764 Anglicanam.
1674 725 1715 755 Et
1739 732 1812 756 tunc
1832 727 1910 755 facta
1934 726 2183 766 congregacione
2204 726 2346 756 nacionis

1437 773 1543 802 eadem
1556 774 1618 809 die,
1633 774 1836 805 deliberatum
1849 774 1906 804 fuit
1921 785 1977 814 per
1992 775 2160 814 magistros
2172 774 2204 804 in
2216 785 2346 815 congre-

1437 822 1566 862 gacione
1583 829 1757 862 presentes,
1777 825 1860 863 quod
1875 824 1947 863 quia
1962 823 2074 853 malum
2091 830 2175 853 esset
2194 824 2348 864 impedire

1437 870 1641 901 bachellarios
1683 873 1721 902 ab
1754 873 1937 912 incepcione
1971 873 2111 912 ipsorum
2152 873 2219 902 sine
2257 873 2346 912 culpa

1437 930 1555 954 eorum.
1575 927 1605 950 et
1630 921 1702 960 quia
1724 922 1849 951 dubium
1869 928 1935 951 erat
1956 922 2037 951 inter
2059 921 2210 951 Picardos
2227 922 2266 951 de
2286 931 2348 961 qua

1437 969 1566 1004 nacione
1587 976 1671 999 esset
1690 970 1848 1009 predictus
1873 970 2051 1007 Villelmus,
2077 971 2196 1011 placuit
2223 970 2346 1000 nacioni

1437 1018 1608 1058 Anglicane
1631 1020 1714 1058 quod
1733 1020 1827 1049 burse
1849 1020 1981 1059 predicti
2001 1020 2179 1050 bachellarii
2194 1030 2348 1060 poneren-

1437 1074 1488 1097 tur
1502 1068 1539 1096 ad
1553 1078 1674 1097 manum
1692 1075 1896 1108 sequestram,
1916 1075 1946 1098 et
1956 1070 2040 1109 quod
2053 1069 2121 1110 ipse
2137 1069 2346 1099 bachellarius

1433 1116 1553 1156 juraret
1563 1117 1818 1147 condicionaliter
1831 1124 1892 1147 tam
1906 1118 2028 1148 nacioni
2043 1119 2244 1148 Picardorum
2256 1128 2348 1158 quam

1438 1166 1560 1195 nacioni
1593 1165 1765 1206 Anglicane
1790 1166 1965 1207 juramenta
1997 1177 2058 1207 que
2097 1167 2130 1196 in
2165 1167 2348 1207 incepcione

1438 1215 1694 1245 bachellariorum
1711 1215 1859 1246 hactenus
1868 1216 1936 1245 fieri
1947 1222 2019 1246 sunt
2029 1223 2186 1252 consueta,
2204 1217 2350 1246 videlicet

1438 1264 1522 1304 quod
1540 1264 1566 1293 si
1582 1264 1640 1294 rite
1660 1264 1853 1304 adjudicatus
1876 1265 1969 1295 suerit
1985 1265 2107 1294 nacioni
2124 1265 2344 1301 Picardorum,

1438 1314 1605 1343 observare
1637 1313 1731 1343 vellet
1766 1320 1880 1343 statuta
1912 1320 1943 1343 et
1980 1314 2232 1350 consuetudines,
2273 1320 2346 1350 etc.,

1437 1362 1578 1392 nacionis
1604 1362 1819 1399 Picardorum‚
1853 1363 1880 1392 si
1913 1370 2012 1392 autem
2043 1362 2236 1402 adjudicatus
2260 1363 2351 1393 fieret

1438 1411 1560 1441 nacioni
1585 1418 1691 1441 nostre
1718 1411 1889 1452 Anglicane
1922 1412 2065 1447 finaliter,
2099 1418 2214 1441 statutav
2240 1418 2351 1441 nostra

1438 1461 1629 1490 observaret.
1651 1461 1689 1490 Et
1706 1461 1777 1501 quia
1789 1461 1949 1501 predictus
1962 1461 2123 1491 Villelmus
2137 1461 2239 1491 Buser
2248 1460 2350 1501 magis

1439 1519 1472 1539 se
1498 1511 1627 1550 gerebat
1653 1516 1682 1539 et
1711 1510 1805 1539 eciam
1827 1510 2004 1550 juramento
2028 1510 2161 1550 prestito
2194 1511 2224 1539 in
2257 1510 2350 1550 plena

1439 1559 1686 1599 congregacione
1701 1559 1840 1599 generali
1859 1560 1924 1588 fore
1939 1560 2102 1599 reputabat
2115 1570 2149 1589 se
2167 1560 2204 1588 de
2218 1559 2349 1589 nacione

1438 1614 1546 1637 nostra
1566 1608 1750 1648 Anglicana,
1781 1608 1898 1638 idcirco
1923 1609 2100 1648 specialiter
2117 1608 2239 1648 juraret
2264 1609 2348 1648 quod

1439 1656 1574 1692 interim,
1607 1667 1674 1686 cum
1707 1664 1790 1687 esset
1820 1658 1851 1686 in
1880 1658 2182 1698 congregacionibus
2211 1657 2348 1693 nostris,

1440 1712 1559 1735 secreta
1578 1713 1684 1735 nostra
1703 1706 1779 1736 nulli
1802 1707 1965 1736 revelaret.
1986 1706 2026 1736 Et
2045 1706 2090 1736 sic
2106 1707 2217 1736 sactum
2235 1713 2295 1736 est.·

1481 1756 1555 1785 Item
1571 1755 1721 1795 predictis
1732 1754 1911 1794 juramentis
1921 1755 2061 1795 prestitis
2073 1756 2233 1795 predictus
2243 1755 2349 1785 Villel-

1440 1815 1507 1834 mus
1524 1805 1745 1844 Buserposuit
1759 1815 1816 1844 pro
1837 1805 1943 1834 bursis
1961 1805 2026 1834 suis
2042 1806 2080 1834 ad
2098 1815 2220 1834 manum
2239 1815 2349 1845 seque·

1441 1861 1534 1883 stram
1550 1864 1587 1883 ex
1602 1864 1757 1883 consensu
1773 1855 1930 1883 ambarum
1946 1854 2109 1883 nacionum
2127 1860 2187 1883 tam
2203 1853 2350 1883 Picardo-

1440 1913 1507 1933 rum
1528 1913 1618 1942 quam
1638 1903 1852 1943 Anglicorum,
1867 1903 2012 1932 videlicet
2029 1904 2067 1932 ad
2084 1913 2192 1932 manus
2208 1901 2350 1942 magistri

1440 1952 1590 1982 Johannis
1606 1953 1643 1981 de
1658 1952 1768 1982 Calore
1780 1951 1804 1987 ⁴,
1817 1953 1895 1981 duos
1905 1951 2040 1981 florenos
2052 1952 2089 1980 de
2105 1952 2188 1980 bono
2197 1952 2348 1991 pondere.

1482 2001 1557 2030 Item
1575 2001 1718 2030 dominus
1731 2007 1835 2030 rector
1850 2000 2072 2030 Universitatis
2087 2011 2145 2040 pro
2157 2006 2228 2030 tunc
2243 2000 2351 2030 habuit

1441 2051 1479 2079 de
1504 2050 1663 2089 sepedicto
1690 2049 1832 2079 Villelmo
1860 2060 1950 2078 unam
1972 2051 2109 2085 bursam,
2132 2049 2275 2079 videlicet
2295 2059 2350 2078 sex

1442 2099 1572 2135 solidos,
1594 2109 1656 2128 non
1676 2100 1818 2128 obstante
1841 2099 1924 2138 quod
1946 2109 2000 2128 sex
2019 2100 2131 2128 bursas
2154 2104 2301 2137 posuerat
2317 2098 2350 2127 in

1442 2158 1532 2177 manu
1555 2154 1728 2188 sequestra,
1747 2147 1819 2187 quia
1836 2148 1926 2177 aliter
1948 2154 2051 2177 rector
2071 2158 2133 2176 non
2154 2147 2353 2187 permisisset

1442 2208 1511 2227 eum
1525 2197 1674 2237 incipere.

1851 2251 1948 2280 1357

1693 2317 1865 2356 [Thomas
1895 2318 1936 2346 de
1967 2317 2104 2355 Duns.]

1481 2394 1572 2424 Anno
1598 2394 1724 2423 Domini
1750 2394 1795 2423 M⁰
1819 2393 1914 2424 CCC⁰
1931 2393 2190 2433 quinquagesimo
2206 2393 2352 2432 septimo,

1442 2449 1480 2478 23
1492 2449 1541 2477 die
1553 2447 1759 2488 Septembris,
1770 2448 1847 2477 facta
1857 2447 2104 2487 congregacione
2117 2446 2256 2476 nacionis
2269 2447 2352 2486 apud

1443 2497 1587 2527 Sanctum
1617 2497 1816 2532 Maturinum,
1845 2496 1960 2526 electus
1987 2495 2042 2525 fuit
2063 2495 2096 2524 in
2117 2501 2351 2535 procuratorem

1443 2547 1581 2586 predicte
1602 2546 1742 2576 nacionis
1767 2545 1964 2575 concorditer
1985 2543 2132 2584 magister
2157 2544 2290 2574 Thomas
2313 2545 2352 2574 de

1443 2596 1541 2625 Duns.
1572 2596 1606 2624 In
1633 2594 1719 2634 cujus
1747 2594 1962 2634 procuratoria
1991 2599 2059 2623 acta
2092 2599 2164 2622 sunt
2201 2593 2257 2622 hec
2292 2603 2353 2632 que

1442 2651 1599 2674 secuntur.

1483 2694 1588 2723 Primo
1613 2693 1799 2733 computavit
1826 2692 1973 2732 magister
1994 2691 2151 2720 Johannes
2175 2692 2213 2720 de
2238 2690 2359 2726 Dacia,

1442 2749 1513 2772 tunc
1540 2749 1694 2782 receptor,
1722 2748 1751 2771 et
1778 2742 1856 2771 facto
1877 2747 2020 2780 compoto
2043 2741 2205 2770 tenebatur
2228 2739 2352 2769 nacioni

1442 2793 1473 2821 in
1489 2789 1526 2821 43
1545 2791 1655 2821 solidis
1673 2792 1691 2820 6
1707 2790 1856 2826 denariis,
1872 2796 1960 2820 scuto
1977 2789 2097 2819 valente
2116 2790 2154 2818 36
2170 2788 2299 2818 solidos.

1471 2898 1494 2920 3.
1530 2898 1602 2928 Quae
1613 2899 1755 2928 sequuntur
1763 2895 1860 2927 scripta
1872 2898 1930 2919 sunt
1944 2902 2022 2918 manu
2035 2893 2145 2918 Nicolai.

1471 2933 1495 2956 lt.
1528 2931 1648 2956 Nationia
1662 2931 1829 2955 Gallicorum.
