2632 3464
0 3271 10 3412 il

905 423 1178 451 MEMORABILIA
1197 423 1283 450 NAT.
1303 424 1551 450 ANGLICANAE
2139 437 2197 453 mu

261 507 302 538 et
326 500 536 538 esculentis
557 499 789 551 quaerenda,
813 511 940 549 neque
963 512 1095 536 revera
1123 499 1320 536 deficiunt.
1348 501 1426 536 Nec
1447 499 1702 543 obliviscaris,
1731 502 1769 536 in
1794 501 1978 537 Aac-tario
2001 502 2125 538 solum
2146 502 2196 539 de

263 571 472 620 magistris,
491 571 648 607 minime
666 558 979 606 de⁸scholaribus
995 570 1070 618 agi.

310 639 560 677 Abstinemus
579 651 782 676 recensere
800 640 953 688 quoties
969 639 1137 674 nationis
1151 639 1325 688 magistri
1343 638 1542 675 tabernam
1559 639 1724 688 ingressi
1744 640 1841 683 sint;
1862 641 2003 690 pagina
2020 653 2197 690 quaeque

261 709 467 747 voluminis
487 709 622 752 nostri,
647 709 874 758 praesertim
891 708 929 743 in
944 708 1073 757 priore
1089 714 1211 757 parte,
1231 709 1432 758 potatione
1454 721 1531 744 non
1551 715 1669 744 caret.
1692 709 1787 744 Cum
1803 709 1892 744 vino
1908 709 1956 745 de
1978 710 2195 759 Portugalia

261 779 381 816 semel
401 779 540 816 electio
561 779 822 828 procuratoris
842 776 1144 814 confirmabatur
1161 778 1259 825 (204,
1281 779 1351 825 31).
1378 780 1462 814 Non
1483 791 1636 828 semper
1656 780 1768 815 unica
1787 780 1866 815 vini
1887 787 1977 816 nota
1997 780 2095 826 (247,
2119 781 2192 826 39),

259 849 320 886 vel
351 849 544 885 communi
567 846 665 895 (441,
697 847 759 890 14;
787 847 872 887 563,
901 847 936 890 7,
963 854 1002 883 et
1028 848 1186 896 passim)
1207 847 1544 884 contentabantur.
1570 862 1588 883 (t
1612 848 1798 885 Solatium
1826 850 2021 898 magistris
2046 849 2127 885 fieri
2155 854 2194 890 in

260 917 420 955 taberna
441 931 459 953 1>
481 917 582 967 (153,
603 915 668 959 30;
692 916 776 959 205,
802 917 875 963 32),
898 929 996 966 opus
1016 916 1257 952 caritativum
1272 916 1488 953 videbatur.
1515 917 1758 967 Quandoque>
1782 919 1956 967 magistri
1979 918 2195 955 solutiones

258 994 464 1024 consuetas
481 993 677 1036 praestare
693 986 912 1028 noluerunt,
931 986 1004 1021 nisi
1023 984 1212 1022 haberent
1225 998 1295 1035 pro
1315 987 1389 1022 ista
1405 987 1568 1036 pecunia
1588 986 1733 1023 bonum
1752 986 1956 1036 prandium
1974 989 2014 1022 in
2033 987 2194 1023 taberna

258 1056 356 1105 (223,
375 1057 421 1092 33
442 1059 556 1106 sqq.).
576 1057 765 1092 Dicuntur
779 1056 974 1104 potavisse
1002 1067 1113 1091 mane
1139 1062 1177 1091 et
1200 1068 1382 1105 vespere,
1408 1070 1425 1091 (ι
1453 1057 1491 1092 in
1513 1055 1626 1092 bonis
1653 1056 1751 1092 ediis
1771 1055 1820 1093 de
1844 1069 1955 1093 mane
1977 1064 2016 1093 et
2041 1069 2128 1093 sero
2155 1058 2194 1092 in

258 1125 419 1163 taberna
447 1110 620 1174 angulari
649 1124 750 1174 apud
770 1126 805 1161 S.
825 1124 1018 1161 Julianum
1044 1138 1063 1159 n
1096 1124 1193 1171 (252,
1228 1125 1298 1171 10).
1325 1125 1431 1161 Talia
1454 1125 1599 1175 legenti
1624 1127 1792 1162 animum
1815 1126 1922 1162 subit
1945 1139 2038 1163 usus
2066 1126 2194 1163 dictus

257 1195 557 1243 Frcilzsclzoppen
579 1196 807 1231 societatum
829 1193 1065 1230 studentium
1082 1193 1430 1242 (Gorpsstudenten)
1446 1195 1548 1244 apud
1567 1195 1802 1232 Alamannos
1820 1208 1922 1232 nunc
1939 1197 2087 1245 vigens.
2108 1196 2194 1232 Alia

257 1266 372 1302 etiam
387 1277 514 1301 mores
534 1263 711 1300 hodierni
731 1265 917 1313 temporis
938 1270 1115 1307 evocant,
1133 1264 1234 1299 sicut
1253 1263 1420 1313 bejanni,
1439 1266 1579 1301 novicii
1595 1266 1782 1313 (Rich-ce),
1803 1279 1820 1300 (ι
1837 1266 2044 1302 societates
2059 1267 2193 1302 convi-

257 1333 363 1370 vales
383 1335 550 1370 nationis
572 1347 590 1368 1>
610 1334 707 1380 (474,
727 1334 801 1379 47).
823 1334 1048 1370 Germanica
1064 1334 1199 1382 jocosa
1222 1333 1366 1370 locutio
1394 1341 1460 1371 est
1480 1334 1557 1379 illa,
1587 1348 1686 1384 quae
1709 1336 1748 1370 in
1770 1335 1955 1371 Alcetas-io
1975 1343 2053 1371 tam
2076 1348 2193 1384 saepe

257 1404 426 1440 occurrit
449 1418 455 1439 :
479 1411 684 1452 perpota1·e
709 1403 892 1451 aliquem,
912 1415 1028 1451 super
1046 1402 1191 1451 aliquo.
1221 1403 1295 1438 An.
1321 1403 1414 1438 1363
1441 1411 1626 1439 statutum
1654 1411 1726 1446 est,
1764 1418 1781 1438 «
1809 1403 1912 1453 quod
1939 1403 2102 1453 quilibet
2125 1405 2196 1452 qui

257 1472 409 1508 deberet
428 1473 677 1521 perpotan·...
706 1485 823 1509 unum
846 1471 1034 1508 florenum
1063 1471 1225 1508 deberet
1247 1472 1468 1522 persolvere
1491 1487 1507 1508 >³
1531 1474 1630 1520 (291,
1658 1474 1728 1521 17).
1756 1474 1817 1510 Sic
1848 1488 1865 1508 «
1882 1474 2194 1522 pel-potabantur·

257 1541 386 1591 bejani
403 1542 570 1578 nationis
589 1555 606 1576 >2
634 1528 733 1588 (426,
755 1542 828 1589 25),
852 1554 920 1578 seu
945 1554 1068 1578 novus
1090 1543 1274 1590 magister
1294 1542 1395 1591 (496,
1417 1542 1481 1585 13;
1502 1543 1587 1585 498,
1608 1543 1682 1589 44),
1706 1550 1933 1592 procurator
1947 1556 2069 1579 novus
2091 1543 2189 1589 (360,

256 1612 324 1655 37;
345 1611 430 1654 401,
446 1611 514 1657 27;
532 1610 618 1651 461,
637 1610 701 1653 36;
722 1610 807 1653 463,
830 1611 891 1654 16;
908 1610 993 1654 492,
1015 1611 1072 1654 15,
1096 1619 1135 1647 et
1152 1613 1321 1661 passim),
1343 1626 1361 1647 α
1378 1624 1466 1648 cum
1482 1611 1633 1648 duobus
1650 1613 1813 1648 noviciis
1828 1626 1845 1647 ))
1859 1613 1958 1659 (401,
1976 1613 2050 1658 46),
2067 1625 2191 1649 novus

257 1688 437 1731 receptor
448 1687 487 1717 et
500 1667 738 1717 examinator
754 1681 792 1716 S.
810 1679 1025 1717 Genovefae
1042 1680 1139 1726 (291,
1157 1680 1230 1727 21).
1246 1680 1319 1716 An.
1342 1680 1448 1723 1356,
1466 1680 1577 1717 Febr.
1604 1681 1661 1723 10,
1683 1694 1805 1717 novus
1824 1688 2050 1730 procurator
2073 1695 2090 1716 α
2112 1694 2191 1718 non

255 1749 326 1786 fuit
342 1757 498 1800 potatus
514 1762 636 1799 usque
652 1756 743 1786 tunc
766 1763 800 1792 υ,
819 1757 858 1786 et
876 1764 893 1784 «
910 1756 1111 1800 potaverat
1127 1751 1232 1786 natio
1253 1762 1370 1800 super
1383 1748 1579 1786 officiariis
1593 1764 1609 1785 ))
1627 1750 1721 1800 (190,
1738 1751 1760 1786 4
1779 1753 1894 1800 sqq.).
1912 1750 1999 1786 Alio
2016 1757 2192 1800 tempore

256 1820 430 1870 magistri
449 1819 637 1869 potabant
654 1834 671 1855 α
688 1832 805 1869 super
821 1821 1018 1856 nationem
1041 1834 1058 1854 n
1076 1819 1174 1867 (397,
1194 1820 1241 1867 7).

305 1889 525 1925 Potationes
554 1889 891 1938 comestionesque
923 1888 1088 1925 limitare
1112 1887 1233 1925 voluit
1259 1889 1363 1925 natio
1389 1889 1486 1935 (363,
1508 1889 1609 1937 47)¹‚
1642 1889 1710 1926 sed
1731 1889 1883 1926 frustra.
1915 1891 1955 1925 ln
1980 1891 2025 1926 iis
2051 1902 2190 1927 sensus

255 1957 525 1995 nonnullorum
546 1959 636 1994 vino
655 1959 780 1994 victos
800 1970 888 1994 esse
908 1959 1100 2007 conjicere
1123 1957 1214 1994 licet
1231 1971 1277 1995 ex
1299 1971 1345 1995 eo
1367 1957 1453 1995 loco
1472 1973 1480 1994 ε
1506 1973 1524 1994 «
1552 1960 1740 1996 Henricus
1770 1958 1952 1995 Poelman
1980 1958 2190 1995 inflamma-

254 2035 316 2065 tus
346 2035 385 2065 et
410 2028 670 2078 passionatus,
698 2027 785 2063 licet
808 2035 895 2063 ante
915 2028 1132 2076 prandium
1162 2027 1298 2064 suisset
1326 2042 1344 2063 ³>
1374 2028 1471 2074 (621,
1502 2028 1580 2075 39);
1613 2041 1701 2064 nam
1731 2036 1821 2078 post
1848 2027 2049 2078 prandium
2079 2028 2186 2065 illum

253 2110 454 2135 excessum
481 2098 586 2133 natio
610 2098 884 2133 excusavisset.
911 2097 1012 2144 Quid
1039 2098 1176 2133 mirum
1204 2110 1291 2134 cum
1315 2110 1508 2148 expensae
1543 2099 1825 2147 perpetationis
1855 2098 1969 2134 unius
1994 2111 2116 2148 usque
2140 2098 2187 2134 ad

252 2169 297 2204 41
316 2167 483 2204 florenos
502 2179 642 2216 parvos
662 2165 874 2203 ascendere
888 2174 1050 2216 possent
1067 2167 1165 2213 (298,
1182 2167 1255 2213 33),
1273 2167 1389 2203 etiam
1404 2166 1559 2216 quando
1574 2167 1715 2204 festum
1731 2169 1769 2204 S.
1793 2167 1983 2204 Edmundi
2000 2175 2091 2204 tunc
2109 2182 2186 2205 non

252 2236 524 2274 celebrabant?
1636 2224 1639 2228 ⁴

302 2305 378 2343 Sed
405 2313 447 2343 ut
471 2306 566 2355 justi
598 2306 719 2342 simus
750 2312 884 2342 notare
915 2318 991 2341 non
1021 2306 1164 2355 pigeat,
1195 2305 1290 2342 alios
1311 2306 1427 2342 etiam
1460 2307 1728 2343 Universitatis
1756 2306 1924 2349 sodales,
1954 2320 2030 2343 non
2060 2307 2185 2343 solum

253 2368 458 2426 magistros
481 2376 648 2412 nationis
672 2373 931 2423 Anglicanae,
956 2374 1044 2410 cibo
1068 2375 1236 2424 vinoque
1263 2388 1305 2412 se
1331 2376 1524 2412 invitasse.
1558 2377 1703 2412 Gerson
1729 2376 1848 2412 semel
1876 2376 2187 2426 conquerebatur

251 2445 301 2482 de
329 2444 525 2495 praelatis,
552 2444 745 2494 religiosis
774 2451 814 2480 et
840 2443 1032 2493 theologis
1059 2456 1151 2480 suae
1177 2445 1313 2481 aetatis
1337 2458 1344 2480 :
1379 2459 1396 2479 (ι
1422 2447 1505 2481 Jam
1530 2444 1578 2482 de
1595 2458 1636 2482 se
1664 2445 1867 2495 proverbia
1887 2446 2051 2496 quedam
2083 2446 2183 2495 apud

249 2514 390 2564 vulgus
408 2520 691 2564 generaverunt
710 2526 779 2550 sue
799 2512 998 2550 ebrietatis
1018 2512 1078 2550 vel
1099 2513 1269 2564 crapule,
1293 2527 1380 2550 nam
1401 2521 1440 2551 et
1461 2514 1536 2550 cibi
1558 2514 1675 2565 aliqui
1697 2522 1735 2551 et
1755 2516 1843 2551 vina
1863 2515 2112 2564 precellentia
2135 2515 2183 2551 ab

252 2585 347 2633 ipsis
364 2590 544 2633 tanquam
567 2582 832 2619 inventoribus
858 2590 924 2619 aut
947 2582 1163 2620 cultoribus
1184 2582 1494 2626 denominantur,
1519 2585 1620 2621 sicut
1642 2583 1784 2621 dicitur
1806 2593 1901 2621 carte
1924 2584 2124 2629 lambino,
2144 2591 2184 2621 et

250 2654 310 2688 νίη
330 2652 377 2688 de
399 2652 650 2703 theologica&
678 2666 695 2686 1>
723 2651 919 2699 Quaedam
946 2653 1201 2688 instrumenta
1228 2653 1265 2688 in
1291 2652 1463 2689 Char-lul.
1491 2655 1539 2689 111
1573 2652 1620 2690 de
1654 2653 1721 2690 lite
1750 2654 2018 2690 Universitatis
2047 2661 2182 2690 contra

249 2721 519 2759 cancellarium
552 2721 765 2758 Johannem
799 2720 1005 2758 Blanchart
1031 2720 1135 2758 edita
1158 2721 1270 2758 nobis
1303 2729 1537 2772 suggerunt,
1570 2723 1686 2759 istum
1721 2722 1992 2759 cancellarium
2019 2723 2181 2772 ejusque

247 2790 453 2827 officiarios
470 2798 643 2827 versatos
663 2790 782 2827 fuisse
805 2791 842 2826 in
864 2790 976 2826 bonis
998 2791 1097 2827 vinis
1118 2798 1158 2827 et
1181 2790 1324 2841 epulis;
1350 2791 1640 2841 cognoscebant
1665 2791 1764 2828 bene
1785 2790 2010 2841 qualitatem
2030 2793 2108 2828 vini
2132 2792 2181 2828 de

290 2915 317 2944 1.
362 2914 511 2944 Similiter
523 2920 584 2943 nat.
602 2913 726 2944 Picard.
743 2914 861 2949 eham,
880 2913 936 2949 111,
951 2924 982 2954 p.
1003 2914 1072 2943 210.
1266 2914 1363 2944 14903
1383 2914 1428 2955 (5.
1450 2915 1557 2944 Victor
1576 2915 1657 2955 694),
1678 2915 1730 2945 sol.
1755 2915 1811 2944 120
1826 2914 1855 2951 ὓς
1881 2915 1989 2951 16403,
2009 2915 2061 2945 fol.
2082 2917 2138 2945 126
2152 2915 2177 2945 ¹³.

287 2964 316 2993 2.
361 2966 406 2992 De
425 2965 635 3002 temperantia,
654 2962 685 2992 in
708 2963 789 2992 Bibl.
805 2969 867 2992 nat.
888 2963 991 2999 Puris,
1007 2973 1082 2993 mss.
1101 2963 1153 2993 lat.
1263 2963 1333 2992 Vid.
1354 2966 1447 3003 Opp.‚
1466 2963 1506 2999 ll,
1521 2965 1590 2994 639.

326 3017 440 3036 Auen-rina·
452 3016 576 3036 Chare-larii
585 3016 674 3037 lli-iun.
684 3016 750 3036 Paris.
762 3027 787 3032 —
797 3015 814 3037 l.
2066 3018 2078 3037 h
