2632 3464
420 439 465 468 27,
965 437 1190 464 AUCTARIUM
1212 436 1474 465 CHARTULARII
1494 437 1669 464 UNIVERS.
1692 437 1811 463 PARIS.
2254 424 2257 425 ⁷
2324 439 2358 464 28

463 515 616 545 Dominus
644 514 802 544 Johannes
832 514 1005 543 Baldewini
1032 514 1070 543 de
1101 513 1218 553 Praga,
1247 512 1335 552 cujus

422 566 517 594 bursa
536 564 622 593 11110‘
643 564 751 598 solidi,
772 573 829 603 pro
849 563 944 592 scolis
963 563 1048 592 XXX
1067 563 1172 598 solidi,
1192 562 1334 591 determi—

422 619 515 642 navn.

463 663 538 691 Item
554 661 698 691 dominus
713 662 911 691 Theobaldus
925 662 962 690 de
978 661 1206 700 Lucemborgh,

421 710 508 750 cujus
521 712 616 741 bursa
628 711 688 741 1111
699 711 804 747 solidi,
814 721 872 751 pro
881 710 976 740 scolis
986 710 1091 739 XXX¹³
1102 710 1206 739 solidi.

462 761 535 790 Item
555 760 698 790 dominus
715 760 872 790 Johannes
888 761 926 789 de
945 759 1105 799 Sybergh‚
1121 757 1207 798 cujus

420 811 516 839 bursa
530 810 574 839 111
591 810 700 845 solidi,
717 820 776 849 pro
795 809 890 838 scolis
905 809 960 838 XX
976 808 1080 837 solidi.

461 859 537 888 Item
557 859 701 888 dominus
724 858 879 888 Henricus
897 859 935 887 de
956 857 1101 892 Colonia,
1120 856 1207 897 cujus

420 909 515 938 bursa
529 908 588 938 1111
603 908 707 943 solidi,
725 918 782 947 pro
796 907 891 937 scolis
904 907 988 936 XXX
1005 906 1108 936 solidi.

462 967 537 996 Item
555 966 698 995 dominus
717 965 862 995 Nicolaus
876 966 914 994 de
930 963 1152 1004 Skildebierhg
1164 966 1222 994 sub
1235 966 1335 1005 magi-

422 1022 486 1045 stro
503 1016 659 1054 Ludgere‚
673 1014 760 1054 cujus
774 1015 869 1043 bursa
881 1014 936 1043 XX
950 1013 1054 1049 solidi,
1066 1024 1125 1053 pro
1139 1014 1234 1044 scolis
1249 1015 1334 1044 XXX

421 1065 524 1094 solidi.
1214 1067 1219 1069 ·

1256 897 1285 954 sub
1263 795 1295 874 mag.
1255 660 1285 768 Ulrico

1296 877 1325 914 de
1295 713 1336 855 Augusta

828 1145 846 1172 1
851 1143 926 1173 339

441 1218 598 1256 Tempus
633 1216 921 1256 procuracionis
957 1216 1129 1256 magistri
1166 1216 1313 1246 Andree

622 1265 797 1295 Freouati
831 1266 873 1294 de
908 1265 1134 1295 Smalandia.

459 1352 550 1381 Anno
569 1351 695 1381 Domini
719 1352 796 1381 1338
819 1361 904 1380 more
925 1350 1102 1386 Gallicano,
1119 1357 1149 1380 et
1165 1352 1334 1381 secundum

418 1401 495 1430 alios
518 1402 605 1435 1339,
623 1400 785 1430 undecima
805 1401 854 1429 die
875 1400 991 1429 mensis
1012 1400 1138 1435 Marcii,
1156 1401 1334 1430 convocatis

418 1451 561 1479 omnibus
579 1450 737 1489 magistris
753 1456 821 1479 actu
836 1450 1016 1489 regentibus
1032 1449 1064 1478 in
1082 1450 1210 1479 nacione
1226 1450 1334 1489 Angli-

418 1510 493 1528 cana
513 1501 551 1528 ad
572 1499 716 1528 Sanctum
739 1498 894 1528 Julianum
915 1509 1083 1538 pauperem
1103 1500 1141 1527 ad
1162 1499 1333 1528 faciendum

418 1555 651 1588 procuratorem
668 1548 806 1587 predicte
817 1548 968 1582 nacionis,
986 1547 1102 1577 electus
1115 1548 1170 1577 fuit
1186 1548 1335 1588 magister

417 1598 572 1633 Andreas,
600 1597 743 1626 Freouati
774 1597 855 1626 filius
883 1603 914 1626 et
942 1597 1069 1631 Cecilie‚
1092 1597 1181 1636 regni
1200 1597 1332 1632 Swecie,

418 1647 563 1686 dyocesis
583 1646 806 1686 Lincopensis,
828 1653 910 1675 terre
932 1646 1077 1676 videlicet
1100 1645 1275 1675 Smalandie
1296 1647 1334 1675 de

418 1696 544 1726 australi
590 1695 749 1735 provincia
791 1695 968 1734 Nydungie,
1002 1695 1149 1735 parochie
1190 1695 1334 1726 videlicet

419 1745 623 1784 Hyalmsryd,
652 1745 724 1774 ville
755 1744 874 1774 scilicet
899 1744 1098 1783 Hedesryd⁴,
1128 1745 1158 1773 in
1184 1755 1334 1783 procura-

418 1801 516 1824 torem
538 1794 678 1834 predicte
700 1794 840 1823 nacionis
863 1794 1035 1833 Anglicane
1054 1804 1110 1833 per
1128 1793 1333 1833 pluralitatem

418 1854 539 1874 vocum.
570 1843 788 1883 Appellatione
821 1844 951 1882 quadam
984 1842 1156 1883 interjecta,
1176 1843 1207 1871 in
1239 1843 1333 1872 dubio

419 1894 546 1922 retinuit
578 1893 772 1932 intersignia,
805 1903 838 1921 ac
868 1899 969 1921 tamen
1000 1892 1137 1921 ultimate
1167 1892 1334 1921 concordia

420 1943 554 1972 omnium
574 1943 651 1971 facta
669 1942 734 1977 fuit,
754 1948 784 1971 et
802 1941 846 1970 sic
866 1948 1050 1981 procurator
1065 1941 1224 1970 remansit.

461 1994 494 2022 In
514 1991 601 2031 cujus
620 1999 759 2031 tempore
779 1998 846 2020 acta
863 1998 893 2020 et
908 1991 1025 2030 scripta
1049 1997 1120 2020 sunt
1140 2001 1199 2030 que
1222 2001 1334 2020 secun-

420 2049 468 2071 tur
488 2055 494 2071 ι

459 2092 537 2121 Nota
559 2091 642 2130 quod
669 2090 775 2130 plures
798 2089 959 2118 Alemanni
984 2089 1138 2128 incipiunt
1164 2099 1275 2118 annum
1302 2089 1333 2117 in

420 2140 665 2170 Circumcisione
680 2139 817 2174 Domini,
832 2138 903 2167 licet
914 2138 1024 2167 Gallici
1042 2138 1071 2166 in
1087 2139 1164 2167 sesto
1181 2139 1331 2167 Pascatis.

460 2189 566 2218 Primo
582 2189 638 2223 illi,
654 2189 706 2227 qui
722 2187 1006 2217 determinaverunt
1020 2187 1050 2216 in
1064 2187 1124 2216 alio
1140 2197 1245 2216 mense
1262 2198 1334 2226 pre-

419 2240 558 2273 cedente,
576 2249 637 2267 non
654 2244 741 2267 erant
756 2237 881 2276 scripti,
900 2242 930 2266 et
948 2236 1018 2266 ideo
1035 2247 1088 2265 eos
1105 2236 1234 2275 scripsi,
1254 2247 1334 2276 quo-

418 2299 485 2318 rum
504 2298 583 2317 unus
600 2287 655 2316 suit
672 2287 815 2316 dominus
834 2286 968 2315 Thomas
987 2285 1123 2325 Haquini
1142 2286 1180 2314 de
1198 2286 1332 2321 Orabro,

419 2339 472 2377 qui
490 2336 705 2366 determinavit
721 2337 778 2365 sub
797 2336 968 2365 reverendo
985 2335 1135 2374 magistro
1152 2334 1277 2364 Sunone
1295 2336 1333 2364 de

420 2387 540 2416 Swecia
555 2393 585 2415 et
601 2386 631 2414 in
648 2386 777 2425 quadam
795 2395 912 2414 summa
928 2395 984 2423 pro
999 2384 1094 2413 scolis
1111 2390 1140 2412 et
1155 2394 1212 2423 pro
1229 2384 1334 2413 bursis

418 2442 548 2476 propter
567 2440 779 2474 paupertatem
802 2440 832 2463 et
854 2444 891 2462 ex
911 2434 1011 2472 gratia
1029 2433 1169 2472 magistri
1188 2439 1217 2462 et
1235 2433 1334 2473 magi-

419 2492 554 2515 strorum
578 2484 671 2513 solvit
695 2484 755 2512 nisi
777 2483 847 2512 XVI
871 2483 990 2512 solidos
1010 2482 1190 2522 parisiens.;
1215 2489 1245 2511 et
1264 2489 1334 2521 post

420 2542 519 2564 tamen
535 2534 735 2573 quittabatur.

461 2585 535 2613 Item
567 2583 710 2612 dominus
742 2582 823 2611 Bero
854 2582 891 2610 de
923 2581 1060 2610 Trinello
1090 2581 1245 2620 Vesgotus
1276 2582 1332 2610 sub

420 2634 569 2673 magistro
588 2633 759 2661 reverendo
776 2630 891 2660 Mathia
907 2631 944 2659 de
959 2630 1099 2669 Upsalia‚
1117 2629 1203 2669 cujus
1219 2629 1333 2659 solutio

419 2684 513 2712 burse
532 2682 722 2711 consistebat
740 2681 770 2709 in
788 2680 845 2709 hoc
863 2680 946 2719 quod
963 2679 1115 2708 scriberet
1133 2689 1189 2717 pro
1205 2679 1333 2708 nacione
1372 2703 1374 2705 ,

419 2732 602 2771 Anglicana,
621 2741 688 2759 cum
706 2729 797 2759 fuerit
813 2729 983 2768 requisitus
993 2727 1015 2756 ².

452 2836 474 2858 1.
512 2834 636 2865 Quidam,
651 2834 687 2856 ad
700 2832 859 2856 irridendum
874 2832 950 2856 istum
960 2834 1163 2863 procuratorem,
1179 2831 1205 2854 in
1218 2831 1334 2862 margine

420 2871 533 2903 quinque·
553 2878 643 2893 manua
660 2869 824 2900 designantes
841 2868 942 2892 natalia
961 2867 1037 2899 huju-9
1054 2867 1173 2899 magistri
1186 2867 1330 2890 delineavit.

421 2909 557 2931 Pmeterea
574 2906 679 2937 legimus
692 2905 757 2928 Nota
771 2908 865 2931 tetu...,
880 2907 941 2927 nota
954 2903 1027 2926 bene.

452 2943 474 2965 2.
515 2941 594 2965 Verba
612 2949 616 2964 z
642 2941 717 2972 cujus
738 2940 864 2963 solutioni
888 2939 1030 2970 requisitus
1051 2939 1076 2962 in
1095 2946 1140 2961 ms.
1159 2938 1244 2961 deleta
1265 2940 1332 2961 nunt.

419 2980 449 3002 In
471 2978 586 3010 margine
604 2977 656 3000 ιιΙιό
676 2976 824 2999 charactere
845 2983 849 2998 ε
871 2975 937 2998 Nota
960 2983 1008 3006 pro
1031 2974 1079 2998 deo
1106 2974 1184 2997 istum
1207 2982 1334 3005 procui-u-

1390 716 1406 741 0¹

1372 963 1406 988 10

1372 1210 1405 1235 15

1372 1456 1406 1481 20

1372 1703 1405 1729 25

1371 1950 1405 1975 30

1371 2196 1405 2222 35

1371 2441 1404 2467 40

1486 513 1561 542 Item
1604 513 1748 543 dominus
1791 513 1947 543 Robertus
1993 515 2031 543 de

1445 562 1544 601 Cupir
1559 562 1591 591 in
1610 562 1670 592 Ffif
1685 562 1813 598 Scotus,
1834 561 1920 602 cujus
1938 564 2031 592 bursa

1445 612 1462 639 3
1479 611 1583 641 solidi.

1485 660 1561 689 Item
1594 661 1738 690 dominus
1769 660 1963 692 Gwillelmus
1995 662 2033 691 de

1445 709 1544 748 Cupir
1563 709 1595 738 in
1614 710 1674 738 Ffif
1691 709 1814 746 scotus,
1833 709 1919 750 cujus
1938 711 2034 740 bursa

1444 759 1462 787 3
1478 758 1582 787 solidi.

1486 807 1557 846 (Fol.
1579 807 1627 847 36)
1649 807 1683 836 ln
1706 806 1794 847 cujus
1813 809 1908 837 eciam
1926 809 2143 848 procuratorio
2168 809 2358 838 examinato-

1444 866 1495 886 res
1521 862 1608 885 erant
1630 856 1722 886 saeti³
1746 857 1798 886 isti
1825 869 1831 886 :
1866 858 1966 897 primo
1994 858 2143 897 magister
2166 858 2299 887 Mathias
2321 859 2359 887 de

1444 905 1566 935 Swecia
1585 905 1770 945 Upsalensis
1790 906 1934 945 dyocesis
1953 917 2010 946 pro
2031 907 2132 947 primo
2151 917 2256 936 mense
2277 908 2358 946 apud

1444 954 1586 984 Sanctam
1600 954 1807 990 Genovevam‚
1821 955 1969 993 magister
1981 955 2148 986 Nicholaus
2165 957 2202 985 de
2213 955 2359 985 Vestfalia

1442 1014 1501 1043 pro
1538 1005 1585 1039 2⁰,
1623 1004 1772 1044 magister
1804 1003 1947 1034 Andreas
1991 1005 2134 1034 Freouati
2169 1015 2227 1044 pro
2262 1005 2360 1034 tercio

1443 1063 1560 1083 mense.

1484 1103 1559 1132 Item
1576 1103 1607 1132 in
1625 1103 1733 1132 eodem
1748 1113 1869 1139 mense,
1888 1104 1923 1132 13
1939 1103 1988 1132 die
2004 1104 2120 1133 mensis
2139 1104 2260 1140 Martii,
2276 1104 2358 1134 elec-

1443 1158 1492 1181 tus
1509 1152 1564 1181 fuit
1577 1152 1726 1192 magister
1738 1152 1906 1182 Nicholaus
1920 1153 1957 1182 de
1971 1153 2117 1182 Vestfalia
2131 1154 2170 1182 ad
2182 1153 2357 1193 eligendum

1443 1208 1610 1236 rectorem,
1636 1208 1665 1231 et
1687 1202 1803 1231 electus
1829 1201 1885 1231 fuit
1910 1201 1940 1230 in
1961 1208 2113 1239 rectorem
2137 1202 2357 1232 Universitatis

1443 1250 1592 1290 magister
1622 1250 1798 1280 Richardus
1829 1251 1867 1280 de
1902 1250 2037 1287 Biliac03
2069 1257 2170 1280 tamen
2198 1251 2359 1281 dicebatur

1443 1301 1527 1340 quod
1545 1299 1693 1339 magister
1710 1300 1867 1329 Johannes
1886 1300 1923 1328 de
1941 1300 2084 1329 Bononio
2099 1300 2155 1329 suit
2171 1300 2258 1339 prius
2276 1301 2359 1330 elec-

1443 1355 1492 1378 tus
1508 1355 1538 1378 et
1553 1348 1730 1384 conclusus,
1746 1355 1775 1378 et
1790 1355 1891 1378 tamen
1907 1355 2037 1388 propter
2050 1350 2164 1378 bonum
2179 1350 2266 1389 pacis
2282 1360 2359 1379 con-

1444 1398 1580 1427 cordiam
1596 1398 1725 1427 honeste
1743 1399 1893 1427 fecerunt.

1485 1447 1560 1477 Item
1578 1448 1610 1476 in
1628 1447 1764 1477 crastino
1785 1447 1946 1477 electionis
1969 1447 2103 1487 predicti
2120 1448 2252 1477 rectoris
2273 1458 2357 1477 com-

1442 1497 1560 1536 putavit
1577 1497 1784 1536 predecessor
1804 1507 1879 1526 suus
1902 1497 2050 1536 magister
2070 1496 2246 1526 Richardus
2263 1497 2359 1526 Varot

1444 1546 1652 1581 Normannus,
1663 1546 1716 1585 qui
1729 1555 1797 1574 cum
1814 1546 1935 1575 duobus
1950 1546 2124 1575 rectoribus
2138 1546 2240 1585 ipsum
2254 1546 2358 1575 imme-

1444 1595 1524 1624 diate
1543 1595 1783 1634 precedentibus
1807 1601 1872 1624 erat
1893 1595 2084 1624 examinator
2103 1595 2236 1634 predicti
2259 1595 2364 1635 magi-

1444 1645 1501 1674 stri
1517 1644 1658 1679 Andree,
1674 1650 1703 1673 et
1719 1644 1946 1683 computatione
1967 1645 2044 1673 facta
2063 1650 2093 1673 et
2112 1645 2282 1683 approbata
2301 1654 2359 1684 per

1443 1694 1614 1723 facultatem
1633 1694 1795 1722 tenebatur
1815 1693 1876 1722 sibi
1897 1693 2023 1722 facultas
2040 1693 2071 1721 in
2088 1693 2126 1722 24
2144 1693 2254 1722 solidis
2273 1693 2358 1732 pari-

1444 1743 1553 1778 siens,
1571 1749 1601 1772 et
1623 1742 1678 1772 ivit
1695 1752 1798 1771 secum
1815 1741 1942 1771 facultas
1961 1743 2002 1770 ad
2019 1744 2192 1777 Malleatos,
2209 1748 2239 1771 et
2253 1752 2357 1771 come-

1443 1793 1557 1822 debant
1572 1799 1601 1821 et
1616 1792 1764 1831 potabant
1781 1791 1922 1831 magistri
1940 1792 2046 1820 eodem
2062 1791 2123 1826 die,
2135 1797 2165 1820 et
2180 1792 2356 1831 consumpti

1443 1848 1531 1871 erant
1550 1841 1582 1870 in
1605 1842 1664 1870 fine
1685 1841 1724 1869 30
1749 1840 1853 1875 solidi,
1875 1850 1954 1880 quos
1978 1840 2163 1870 substitutus
2189 1851 2205 1869 a
2231 1840 2358 1869 domino

1443 1898 1564 1921 rectore
1582 1891 1765 1930 exponebat.

1484 1941 1559 1970 Item
1589 1940 1733 1969 dominus
1759 1938 1919 1968 WValterus
1949 1939 1986 1968 de
2013 1938 2152 1967 Moravia
2176 1938 2357 1969 licenciatus

1443 1996 1509 2019 erat
1529 1990 1586 2019 sub
1604 1989 1754 2028 magistro
1773 1988 1880 2018 Ulrico
1899 1989 1936 2017 de
1956 1988 2098 2028 Augusta
2107 1987 2131 2023 ⁴,
2154 1986 2240 2027 cujus
2262 1989 2358 2017 bursa

1444 2039 1550 2068 nichil.

1484 2088 1559 2117 Item
1586 2087 1702 2116 mensis
1730 2085 1868 2127 ejusdem
1894 2093 2033 2126 tempore
2061 2086 2264 2115 deliberatum
2291 2093 2358 2116 erat

1443 2137 1628 2167 unanimiter
1642 2136 1674 2165 in
1695 2136 1920 2171 Universitate‚
1939 2136 2022 2175 quod
2038 2135 2233 2165 mitterentur
2250 2134 2355 2164 nuncii

1443 2187 1620 2226 solempnes
1633 2187 1671 2215 de
1685 2185 1822 2225 qualibet
1835 2185 1975 2214 facultate
1990 2185 2028 2213 ad
2042 2185 2175 2213 eundum
2189 2184 2227 2213 ad
2240 2184 2356 2213 curiam

1444 2237 1612 2265 Romanam
1630 2245 1687 2274 pro
1705 2234 1885 2263 defensione
1905 2234 2098 2273 quorundam
2120 2232 2355 2273 privilegiorum

1444 2284 1664 2315 Universitatis
1691 2290 1720 2313 et
1748 2283 1877 2312 maxime
1910 2282 2100 2322 tangentium
2133 2282 2248 2311 curiam
2280 2292 2356 2311 con-

1443 2340 1636 2363 servatorum
1657 2332 1891 2372 privilegiorum
1913 2331 2168 2361 Universitati55.
2197 2331 2274 2361 Cum
2297 2330 2355 2360 hoc

1443 2383 1538 2412 eciam
1557 2392 1740 2412 concessum
1764 2381 1829 2416 suit,
1856 2382 1939 2420 quod
1964 2381 2160 2410 mitterentur
2181 2379 2274 2409 rotuli
2296 2390 2355 2419 pro

1443 2432 1600 2472 magistris
1622 2430 1787 2471 cujuslibet
1810 2430 1972 2466 facultatis,
1995 2436 2024 2458 et
2048 2429 2250 2458 deliberatum
2272 2435 2352 2463 erat,

1442 2488 1475 2511 ut
1505 2482 1678 2515 videbatur,
1707 2486 1740 2509 ut
1766 2479 1959 2509 contribucio
1986 2479 2084 2513 fieret,
2114 2479 2197 2518 quod
2225 2478 2355 2518 quilibet

1442 2531 1591 2570 magister
1610 2536 1639 2559 et
1662 2529 1791 2558 scolaris
1812 2528 1947 2558 solveret
1967 2534 2106 2567 quartam
2124 2534 2241 2567 partem
2259 2528 2354 2556 burse

1443 2579 1531 2609 sueff.
1568 2579 1710 2608 Attamen
1745 2578 1941 2617 postmodum
1978 2577 2104 2606 facultas
2138 2576 2354 2616 theologorum

1442 2628 1628 2658 reclamavit.
1660 2628 1699 2657 Et
1728 2628 1759 2656 in
1785 2626 1851 2666 ejus
1879 2626 2094 2666 procuratorio
2125 2625 2293 2654 concordia
2316 2625 2353 2654 ad

1442 2678 1567 2718 plenum
1589 2687 1651 2706 non
1673 2682 1737 2706 erat
1759 2676 1876 2711 habita,
1895 2682 1924 2705 et
1941 2675 2011 2704 ideo
2027 2685 2088 2704 non
2107 2674 2177 2713 plus
2194 2674 2297 2703 scribo
2316 2674 2354 2703 de

1443 2727 1512 2756 hoc.

2089 565 2146 593 sub
2156 564 2234 603 magi
2239 564 2360 593 stro-lo-

2089 612 2189 642 hanne
2227 614 2265 642 de
2299 614 2359 642 Rat

2090 661 2183 691 scoto
2210 662 2357 691 determi-

2088 717 2251 741 naverunt.

1442 2829 1552 2856 cionem,
1566 2836 1615 2860 que
1628 2831 1668 2851 est
1679 2827 1743 2851 sutis
1754 2828 1832 2851 fatua.
1851 2827 1903 2851 Vid.
1917 2827 1988 2858 infra
1998 2826 2034 2850 ad
2044 2834 2087 2850 an.
2100 2826 2169 2854 1340,
2180 2825 2301 2848 Novemb.
2313 2825 2352 2850 18.

1474 2866 1494 2888 3.
1531 2866 1599 2887 luter
1611 2863 1702 2887 lineas.

1472 2902 1496 2924 ¹4.
1531 2900 1609 2923 sub...
1624 2901 1742 2930 Augusta
1756 2898 1923 2923 interlineas.

1474 2938 1496 2960 5.
1530 2936 1572 2959 Ad
1583 2935 1646 2959 haec
1657 2935 1743 2959 videas
1753 2943 1840 2966 supra,
1849 2942 1875 2965 p.
1887 2935 1953 2961 26‚5.

1473 2974 1497 2996 6.
1532 2972 1570 3002 Cs'.
1586 2971 1705 2994 chartul.
1721 2970 1798 2994 Univ.
1813 2970 1907 2998 Parim,
1920 2970 1956 2998 11,
1969 2977 1995 3001 p.
2009 2969 2062 3000 674,
2075 2970 2128 2992 nol.
2142 2969 2165 2992 4.

2626 1474 2632 1480 ι,
2619 1458 2628 1465 ⁴
2622 1419 2632 1447 22-
2619 1360 2632 1407 ζῴη
2619 1317 2632 1341 *231
2616 1281 2632 1310 'Ja-

2628 3305 2632 3313 .
2607 2757 2632 3297 t—5·3ae.‚m³am1.ffltm=4a421;m
2622 2718 2632 2747 ψ..
2627 2701 2632 2711 -
