<?xml version="1.0" encoding="UTF-8"?>
<!DOCTYPE html PUBLIC "-//W3C//DTD XHTML 1.0 Transitional//EN"
    "http://www.w3.org/TR/xhtml1/DTD/xhtml1-transitional.dtd">
<html xmlns="http://www.w3.org/1999/xhtml" xml:lang="en" lang="en">
 <head>
  <title>
</title>
<meta http-equiv="Content-Type" content="text/html;charset=utf-8" />
  <meta name='ocr-system' content='tesseract 3.04.00' />
  <meta name='ocr-capabilities' content='ocr_page ocr_carea ocr_par ocr_line ocrx_word'/>
</head>
<body>
  <div class='ocr_page' id='page_1' title='image "auctariumchartul01univuoft_0256.png"; bbox 0 0 2632 3464; ppageno 0'>
   <div class='ocr_carea' id='block_1_1' title="bbox 450 409 501 434">
    <p class='ocr_par' dir='ltr' id='par_1_1' title="bbox 450 409 501 434">
     <span class='ocr_line' id='line_1_1' title="bbox 450 409 501 434; baseline 0 0"><span class='ocrx_word' id='word_1_1' title='bbox 450 409 501 434; x_wconf 88' lang='lat'><strong>335</strong></span> 
     </span>
    </p>
   </div>
   <div class='ocr_carea' id='block_1_2' title="bbox 435 479 1350 2232">
    <p class='ocr_par' dir='ltr' id='par_1_2' title="bbox 448 479 1348 570">
     <span class='ocr_line' id='line_1_2' title="bbox 448 479 1348 521; baseline -0.004 -10"><span class='ocrx_word' id='word_1_2' title='bbox 448 482 545 511; x_wconf 89' lang='lat' dir='ltr'><strong>iretur</strong></span> <span class='ocrx_word' id='word_1_3' title='bbox 571 483 608 510; x_wconf 89' lang='lat' dir='ltr'><strong>ad</strong></span> <span class='ocrx_word' id='word_1_4' title='bbox 630 481 750 511; x_wconf 86' lang='lat' dir='ltr'><strong>archam</strong></span> <span class='ocrx_word' id='word_1_5' title='bbox 776 491 834 521; x_wconf 90' lang='lat' dir='ltr'><strong>pro</strong></span> <span class='ocrx_word' id='word_1_6' title='bbox 855 481 988 510; x_wconf 88' lang='lat' dir='ltr'><strong>videndo</strong></span> <span class='ocrx_word' id='word_1_7' title='bbox 1014 480 1118 509; x_wconf 84' lang='lat' dir='ltr'><strong>literas</strong></span> <span class='ocrx_word' id='word_1_8' title='bbox 1138 486 1167 508; x_wconf 91' lang='lat' dir='ltr'><strong>et</strong></span> <span class='ocrx_word' id='word_1_9' title='bbox 1190 479 1348 508; x_wconf 79' lang='lat' dir='ltr'>debitores</span> 
     </span>
     <span class='ocr_line' id='line_1_3' title="bbox 448 530 547 570; baseline 0 -10"><span class='ocrx_word' id='word_1_10' title='bbox 448 530 547 570; x_wconf 90' lang='lat' dir='ltr'><strong>hujus.</strong></span> 
     </span>
    </p>

    <p class='ocr_par' dir='ltr' id='par_1_3' title="bbox 448 577 1350 707">
     <span class='ocr_line' id='line_1_4' title="bbox 488 577 1349 609; baseline -0.003 -1"><span class='ocrx_word' id='word_1_11' title='bbox 488 580 562 608; x_wconf 91' lang='lat' dir='ltr'><strong>Item</strong></span> <span class='ocrx_word' id='word_1_12' title='bbox 572 580 626 609; x_wconf 81' lang='lat' dir='ltr'><strong>fuit</strong></span> <span class='ocrx_word' id='word_1_13' title='bbox 635 579 807 608; x_wconf 87' lang='lat' dir='ltr'><strong>licentiatus</strong></span> <span class='ocrx_word' id='word_1_14' title='bbox 818 579 959 608; x_wconf 89' lang='lat' dir='ltr'><strong>dominus</strong></span> <span class='ocrx_word' id='word_1_15' title='bbox 972 578 1165 607; x_wconf 91' lang='lat' dir='ltr'><strong>Hermannus</strong></span> <span class='ocrx_word' id='word_1_16' title='bbox 1176 577 1349 606; x_wconf 87' lang='lat' dir='ltr'><strong>Lullenisse</strong></span> 
     </span>
     <span class='ocr_line' id='line_1_5' title="bbox 448 625 1350 668; baseline -0.004 -10"><span class='ocrx_word' id='word_1_17' title='bbox 448 630 505 658; x_wconf 91' lang='lat' dir='ltr'><strong>sub</strong></span> <span class='ocrx_word' id='word_1_18' title='bbox 527 629 675 668; x_wconf 87' lang='lat' dir='ltr'><strong>magistro</strong></span> <span class='ocrx_word' id='word_1_19' title='bbox 700 628 850 662; x_wconf 82' lang='lat' dir='ltr'><strong>Mercilio,</strong></span> <span class='ocrx_word' id='word_1_20' title='bbox 874 626 961 666; x_wconf 83' lang='lat' dir='ltr'><strong>cujus</strong></span> <span class='ocrx_word' id='word_1_21' title='bbox 983 628 1076 656; x_wconf 90' lang='lat' dir='ltr'><strong>bursa</strong></span> <span class='ocrx_word' id='word_1_22' title='bbox 1104 626 1162 655; x_wconf 93' lang='lat' dir='ltr'><strong>IIII</strong></span> <span class='ocrx_word' id='word_1_23' title='bbox 1192 625 1294 660; x_wconf 90' lang='lat' dir='ltr'><strong>solidi,</strong></span> <span class='ocrx_word' id='word_1_24' title='bbox 1320 631 1350 654; x_wconf 93' lang='lat' dir='ltr'><strong>et</strong></span> 
     </span>
     <span class='ocr_line' id='line_1_6' title="bbox 449 677 550 707; baseline 0 -1"><span class='ocrx_word' id='word_1_25' title='bbox 449 677 550 707; x_wconf 89' lang='lat' dir='ltr'><strong>solvit.</strong></span> 
     </span>
    </p>

    <p class='ocr_par' dir='ltr' id='par_1_4' title="bbox 446 723 1348 1097">
     <span class='ocr_line' id='line_1_7' title="bbox 488 723 1346 764; baseline -0.005 -9"><span class='ocrx_word' id='word_1_26' title='bbox 488 726 562 755; x_wconf 91' lang='lat' dir='ltr'><strong>Item</strong></span> <span class='ocrx_word' id='word_1_27' title='bbox 581 726 664 755; x_wconf 91' lang='lat' dir='ltr'><strong>XXX</strong></span> <span class='ocrx_word' id='word_1_28' title='bbox 681 726 729 755; x_wconf 91' lang='lat' dir='ltr'><strong>die</strong></span> <span class='ocrx_word' id='word_1_29' title='bbox 747 725 861 754; x_wconf 86' lang='lat' dir='ltr'><strong>mensis</strong></span> <span class='ocrx_word' id='word_1_30' title='bbox 878 725 996 764; x_wconf 76' lang='lat' dir='ltr'><strong>Aprilis</strong></span> <span class='ocrx_word' id='word_1_31' title='bbox 1015 725 1091 753; x_wconf 83' lang='lat' dir='ltr'><strong>facta</strong></span> <span class='ocrx_word' id='word_1_32' title='bbox 1106 723 1346 763; x_wconf 79' lang='lat' dir='ltr'><strong>congregatione</strong></span> 
     </span>
     <span class='ocr_line' id='line_1_8' title="bbox 448 772 1348 814; baseline -0.004 -10"><span class='ocrx_word' id='word_1_33' title='bbox 448 775 580 804; x_wconf 88' lang='lat' dir='ltr'><strong>nationis</strong></span> <span class='ocrx_word' id='word_1_34' title='bbox 601 785 658 814; x_wconf 87' lang='lat' dir='ltr'><strong>per</strong></span> <span class='ocrx_word' id='word_1_35' title='bbox 674 774 877 814; x_wconf 86' lang='lat' dir='ltr'><strong>juramentum</strong></span> <span class='ocrx_word' id='word_1_36' title='bbox 898 774 979 812; x_wconf 89' lang='lat' dir='ltr'><strong>apud</strong></span> <span class='ocrx_word' id='word_1_37' title='bbox 999 773 1142 802; x_wconf 87' lang='lat' dir='ltr'><strong>Sanctum</strong></span> <span class='ocrx_word' id='word_1_38' title='bbox 1162 772 1348 801; x_wconf 88' lang='lat' dir='ltr'><strong>Maturinum</strong></span> 
     </span>
     <span class='ocr_line' id='line_1_9' title="bbox 447 820 1348 863; baseline -0.004 -10"><span class='ocrx_word' id='word_1_39' title='bbox 447 830 519 863; x_wconf 89' lang='lat' dir='ltr'><strong>post</strong></span> <span class='ocrx_word' id='word_1_40' title='bbox 550 834 732 858; x_wconf 87' lang='lat' dir='ltr'><strong>sermonem,</strong></span> <span class='ocrx_word' id='word_1_41' title='bbox 765 823 964 852; x_wconf 87' lang='lat' dir='ltr'><strong>deliberatum</strong></span> <span class='ocrx_word' id='word_1_42' title='bbox 996 822 1051 851; x_wconf 81' lang='lat' dir='ltr'><strong>suit</strong></span> <span class='ocrx_word' id='word_1_43' title='bbox 1079 831 1096 850; x_wconf 89' lang='lat' dir='ltr'><strong>a</strong></span> <span class='ocrx_word' id='word_1_44' title='bbox 1122 820 1230 860; x_wconf 89' lang='lat' dir='ltr'><strong>majori</strong></span> <span class='ocrx_word' id='word_1_45' title='bbox 1262 826 1348 859; x_wconf 90' lang='lat' dir='ltr'><strong>parte</strong></span> 
     </span>
     <span class='ocr_line' id='line_1_10' title="bbox 448 869 1346 911; baseline -0.004 -9"><span class='ocrx_word' id='word_1_46' title='bbox 448 873 584 902; x_wconf 87' lang='lat' dir='ltr'><strong>nacionis</strong></span> <span class='ocrx_word' id='word_1_47' title='bbox 609 873 691 911; x_wconf 90' lang='lat' dir='ltr'><strong>quod</strong></span> <span class='ocrx_word' id='word_1_48' title='bbox 718 873 826 901; x_wconf 80' lang='lat' dir='ltr'><strong>factum</strong></span> <span class='ocrx_word' id='word_1_49' title='bbox 851 871 999 906; x_wconf 82' lang='lat' dir='ltr'><strong>nacionis,</strong></span> <span class='ocrx_word' id='word_1_50' title='bbox 1029 870 1146 899; x_wconf 87' lang='lat' dir='ltr'><strong>scilicet</strong></span> <span class='ocrx_word' id='word_1_51' title='bbox 1169 870 1207 898; x_wconf 91' lang='lat' dir='ltr'><strong>de</strong></span> <span class='ocrx_word' id='word_1_52' title='bbox 1229 869 1346 898; x_wconf 83' lang='lat' dir='ltr'><strong>offensa</strong></span> 
     </span>
     <span class='ocr_line' id='line_1_11' title="bbox 447 918 1347 960; baseline -0.003 -10"><span class='ocrx_word' id='word_1_53' title='bbox 447 921 530 950; x_wconf 90' lang='lat' dir='ltr'><strong>illata</strong></span> <span class='ocrx_word' id='word_1_54' title='bbox 552 922 671 950; x_wconf 87' lang='lat' dir='ltr'><strong>nacioni</strong></span> <span class='ocrx_word' id='word_1_55' title='bbox 694 931 748 960; x_wconf 86' lang='lat' dir='ltr'><strong>per</strong></span> <span class='ocrx_word' id='word_1_56' title='bbox 771 926 932 955; x_wconf 85' lang='lat' dir='ltr'><strong>rectorem,</strong></span> <span class='ocrx_word' id='word_1_57' title='bbox 957 919 1160 948; x_wconf 87' lang='lat' dir='ltr'><strong>dimitteretur</strong></span> <span class='ocrx_word' id='word_1_58' title='bbox 1181 928 1237 947; x_wconf 91' lang='lat' dir='ltr'><strong>nec</strong></span> <span class='ocrx_word' id='word_1_59' title='bbox 1257 918 1288 947; x_wconf 91' lang='lat' dir='ltr'><strong>in</strong></span> <span class='ocrx_word' id='word_1_60' title='bbox 1311 928 1347 947; x_wconf 93' lang='lat' dir='ltr'><strong>eo</strong></span> 
     </span>
     <span class='ocr_line' id='line_1_12' title="bbox 446 967 1345 1009; baseline -0.004 -10"><span class='ocrx_word' id='word_1_61' title='bbox 446 970 574 999; x_wconf 89' lang='lat' dir='ltr'><strong>ulterius</strong></span> <span class='ocrx_word' id='word_1_62' title='bbox 592 971 822 1009; x_wconf 75' lang='lat' dir='ltr'><strong>procederetur,</strong></span> <span class='ocrx_word' id='word_1_63' title='bbox 842 969 901 998; x_wconf 89' lang='lat' dir='ltr'><strong>nisi</strong></span> <span class='ocrx_word' id='word_1_64' title='bbox 914 968 1001 997; x_wconf 86' lang='lat' dir='ltr'><strong>nacio</strong></span> <span class='ocrx_word' id='word_1_65' title='bbox 1019 968 1050 997; x_wconf 91' lang='lat' dir='ltr'><strong>in</strong></span> <span class='ocrx_word' id='word_1_66' title='bbox 1068 967 1181 1007; x_wconf 81' lang='lat' dir='ltr'><strong>graciis</strong></span> <span class='ocrx_word' id='word_1_67' title='bbox 1198 967 1345 996; x_wconf 76' lang='lat' dir='ltr'><strong>faciendis</strong></span> 
     </span>
     <span class='ocr_line' id='line_1_13' title="bbox 446 1016 1347 1056; baseline -0.004 -8"><span class='ocrx_word' id='word_1_68' title='bbox 446 1020 558 1048; x_wconf 83' lang='lat' dir='ltr'><strong>rectori</strong></span> <span class='ocrx_word' id='word_1_69' title='bbox 571 1019 759 1048; x_wconf 86' lang='lat' dir='ltr'><strong>consimilem</strong></span> <span class='ocrx_word' id='word_1_70' title='bbox 773 1019 885 1047; x_wconf 86' lang='lat' dir='ltr'><strong>faceret</strong></span> <span class='ocrx_word' id='word_1_71' title='bbox 896 1018 922 1046; x_wconf 91' lang='lat' dir='ltr'><strong>si</strong></span> <span class='ocrx_word' id='word_1_72' title='bbox 938 1017 1137 1056; x_wconf 88' lang='lat' dir='ltr'><strong>imposterum</strong></span> <span class='ocrx_word' id='word_1_73' title='bbox 1153 1016 1347 1055; x_wconf 86' lang='lat' dir='ltr'><strong>contingeret</strong></span> 
     </span>
     <span class='ocr_line' id='line_1_14' title="bbox 446 1068 554 1097; baseline 0 -1"><span class='ocrx_word' id='word_1_74' title='bbox 446 1068 554 1097; x_wconf 89' lang='lat' dir='ltr'><strong>eidem.</strong></span> 
     </span>
    </p>

    <p class='ocr_par' dir='ltr' id='par_1_5' title="bbox 439 1114 1347 1732">
     <span class='ocr_line' id='line_1_15' title="bbox 487 1114 1347 1153; baseline -0.005 -7"><span class='ocrx_word' id='word_1_75' title='bbox 487 1117 559 1146; x_wconf 84' lang='lat' dir='ltr'><strong>Item</strong></span> <span class='ocrx_word' id='word_1_76' title='bbox 601 1117 798 1145; x_wconf 88' lang='lat' dir='ltr'><strong>deliberatum</strong></span> <span class='ocrx_word' id='word_1_77' title='bbox 836 1116 891 1144; x_wconf 86' lang='lat' dir='ltr'><strong>fuit</strong></span> <span class='ocrx_word' id='word_1_78' title='bbox 928 1115 1040 1144; x_wconf 89' lang='lat' dir='ltr'><strong>ibidem</strong></span> <span class='ocrx_word' id='word_1_79' title='bbox 1077 1115 1159 1153; x_wconf 92' lang='lat' dir='ltr'><strong>quod</strong></span> <span class='ocrx_word' id='word_1_80' title='bbox 1200 1114 1347 1153; x_wconf 86' lang='lat' dir='ltr'><strong>magister</strong></span> 
     </span>
     <span class='ocr_line' id='line_1_16' title="bbox 446 1163 1346 1205; baseline -0.003 -11"><span class='ocrx_word' id='word_1_81' title='bbox 446 1166 549 1194; x_wconf 91' lang='lat' dir='ltr'><strong>Helias</strong></span> <span class='ocrx_word' id='word_1_82' title='bbox 566 1166 660 1205; x_wconf 85' lang='lat' dir='ltr'><strong>Lopic</strong></span> <span class='ocrx_word' id='word_1_83' title='bbox 678 1166 823 1194; x_wconf 86' lang='lat' dir='ltr'><strong>citaretur</strong></span> <span class='ocrx_word' id='word_1_84' title='bbox 840 1174 941 1193; x_wconf 86' lang='lat' dir='ltr'><strong>coram</strong></span> <span class='ocrx_word' id='word_1_85' title='bbox 961 1170 1092 1198; x_wconf 88' lang='lat' dir='ltr'><strong>rectore,</strong></span> <span class='ocrx_word' id='word_1_86' title='bbox 1109 1169 1139 1192; x_wconf 92' lang='lat' dir='ltr'><strong>et</strong></span> <span class='ocrx_word' id='word_1_87' title='bbox 1154 1163 1198 1192; x_wconf 87' lang='lat' dir='ltr'><strong>sic</strong></span> <span class='ocrx_word' id='word_1_88' title='bbox 1217 1163 1346 1192; x_wconf 83' lang='lat' dir='ltr'><strong>habere-</strong></span> 
     </span>
     <span class='ocr_line' id='line_1_17' title="bbox 444 1212 1346 1253; baseline -0.004 -9"><span class='ocrx_word' id='word_1_89' title='bbox 444 1221 493 1244; x_wconf 87' lang='lat' dir='ltr'><strong>tur</strong></span> <span class='ocrx_word' id='word_1_90' title='bbox 512 1215 638 1253; x_wconf 83' lang='lat' dir='ltr'><strong>pecunia</strong></span> <span class='ocrx_word' id='word_1_91' title='bbox 661 1215 798 1243; x_wconf 87' lang='lat' dir='ltr'><strong>nacionis</strong></span> <span class='ocrx_word' id='word_1_92' title='bbox 818 1215 855 1242; x_wconf 91' lang='lat' dir='ltr'><strong>ab</strong></span> <span class='ocrx_word' id='word_1_93' title='bbox 878 1214 958 1253; x_wconf 90' lang='lat' dir='ltr'><strong>ipso,</strong></span> <span class='ocrx_word' id='word_1_94' title='bbox 981 1223 1040 1252; x_wconf 88' lang='lat' dir='ltr'><strong>que</strong></span> <span class='ocrx_word' id='word_1_95' title='bbox 1061 1212 1119 1241; x_wconf 87' lang='lat' dir='ltr'><strong>sibi</strong></span> <span class='ocrx_word' id='word_1_96' title='bbox 1140 1213 1208 1241; x_wconf 90' lang='lat' dir='ltr'><strong>data</strong></span> <span class='ocrx_word' id='word_1_97' title='bbox 1228 1218 1294 1241; x_wconf 91' lang='lat' dir='ltr'><strong>erat</strong></span> <span class='ocrx_word' id='word_1_98' title='bbox 1307 1213 1346 1240; x_wconf 88' lang='lat' dir='ltr'><strong>ad</strong></span> 
     </span>
     <span class='ocr_line' id='line_1_18' title="bbox 443 1261 1345 1302; baseline -0.002 -10"><span class='ocrx_word' id='word_1_99' title='bbox 443 1264 622 1292; x_wconf 84' lang='lat' dir='ltr'><strong>solvendum</strong></span> <span class='ocrx_word' id='word_1_100' title='bbox 652 1263 771 1292; x_wconf 82' lang='lat' dir='ltr'><strong>nacioni</strong></span> <span class='ocrx_word' id='word_1_101' title='bbox 801 1273 837 1291; x_wconf 92' lang='lat' dir='ltr'><strong>ex</strong></span> <span class='ocrx_word' id='word_1_102' title='bbox 863 1269 950 1302; x_wconf 90' lang='lat' dir='ltr'><strong>parte</strong></span> <span class='ocrx_word' id='word_1_103' title='bbox 981 1261 1187 1301; x_wconf 81' lang='lat' dir='ltr'><strong>magistri...⁴,</strong></span> <span class='ocrx_word' id='word_1_104' title='bbox 1214 1263 1270 1290; x_wconf 87' lang='lat' dir='ltr'><strong>sub</strong></span> <span class='ocrx_word' id='word_1_105' title='bbox 1293 1262 1345 1291; x_wconf 89' lang='lat' dir='ltr'><strong>tali</strong></span> 
     </span>
     <span class='ocr_line' id='line_1_19' title="bbox 443 1310 1343 1351; baseline -0.002 -10"><span class='ocrx_word' id='word_1_106' title='bbox 443 1313 622 1341; x_wconf 90' lang='lat' dir='ltr'><strong>condicione</strong></span> <span class='ocrx_word' id='word_1_107' title='bbox 653 1313 735 1351; x_wconf 89' lang='lat' dir='ltr'><strong>quod</strong></span> <span class='ocrx_word' id='word_1_108' title='bbox 759 1312 846 1340; x_wconf 89' lang='lat' dir='ltr'><strong>nacio</strong></span> <span class='ocrx_word' id='word_1_109' title='bbox 869 1312 967 1350; x_wconf 90' lang='lat' dir='ltr'><strong>ipsam</strong></span> <span class='ocrx_word' id='word_1_110' title='bbox 989 1311 1123 1340; x_wconf 89' lang='lat' dir='ltr'><strong>totaliter</strong></span> <span class='ocrx_word' id='word_1_111' title='bbox 1149 1310 1343 1349; x_wconf 79' lang='lat' dir='ltr'><strong>ach[i]taret²</strong></span> 
     </span>
     <span class='ocr_line' id='line_1_20' title="bbox 443 1360 1342 1400; baseline -0.001 -11"><span class='ocrx_word' id='word_1_112' title='bbox 443 1367 471 1390; x_wconf 88' lang='lat' dir='ltr'><strong>et</strong></span> <span class='ocrx_word' id='word_1_113' title='bbox 485 1362 643 1400; x_wconf 88' lang='lat' dir='ltr'><strong>predictus</strong></span> <span class='ocrx_word' id='word_1_114' title='bbox 659 1361 805 1400; x_wconf 84' lang='lat' dir='ltr'><strong>magister</strong></span> <span class='ocrx_word' id='word_1_115' title='bbox 824 1361 928 1389; x_wconf 85' lang='lat' dir='ltr'><strong>Helias</strong></span> <span class='ocrx_word' id='word_1_116' title='bbox 943 1366 1100 1389; x_wconf 88' lang='lat' dir='ltr'><strong>teneretur</strong></span> <span class='ocrx_word' id='word_1_117' title='bbox 1114 1369 1170 1398; x_wconf 85' lang='lat' dir='ltr'><strong>per</strong></span> <span class='ocrx_word' id='word_1_118' title='bbox 1184 1360 1342 1388; x_wconf 89' lang='lat' dir='ltr'><strong>nacionem</strong></span> 
     </span>
     <span class='ocr_line' id='line_1_21' title="bbox 442 1409 1341 1449; baseline -0.001 -11"><span class='ocrx_word' id='word_1_119' title='bbox 442 1410 626 1449; x_wconf 83' lang='lat' dir='ltr'><strong>indempnis.</strong></span> <span class='ocrx_word' id='word_1_120' title='bbox 648 1410 687 1439; x_wconf 90' lang='lat' dir='ltr'><strong>Et</strong></span> <span class='ocrx_word' id='word_1_121' title='bbox 705 1411 827 1438; x_wconf 89' lang='lat' dir='ltr'><strong>fuerunt</strong></span> <span class='ocrx_word' id='word_1_122' title='bbox 849 1410 886 1438; x_wconf 84' lang='lat' dir='ltr'><strong>ad</strong></span> <span class='ocrx_word' id='word_1_123' title='bbox 907 1409 965 1438; x_wconf 89' lang='lat' dir='ltr'><strong>hoc</strong></span> <span class='ocrx_word' id='word_1_124' title='bbox 988 1409 1124 1448; x_wconf 90' lang='lat' dir='ltr'><strong>deputati</strong></span> <span class='ocrx_word' id='word_1_125' title='bbox 1148 1415 1341 1447; x_wconf 85' lang='lat' dir='ltr'><strong>procurator,</strong></span> 
     </span>
     <span class='ocr_line' id='line_1_22' title="bbox 441 1457 1340 1498; baseline -0.001 -11"><span class='ocrx_word' id='word_1_126' title='bbox 441 1459 587 1498; x_wconf 89' lang='lat' dir='ltr'><strong>magister</strong></span> <span class='ocrx_word' id='word_1_127' title='bbox 613 1459 795 1493; x_wconf 87' lang='lat' dir='ltr'><strong>Hernestus,</strong></span> <span class='ocrx_word' id='word_1_128' title='bbox 823 1458 968 1498; x_wconf 87' lang='lat' dir='ltr'><strong>magister</strong></span> <span class='ocrx_word' id='word_1_129' title='bbox 995 1457 1150 1486; x_wconf 86' lang='lat' dir='ltr'><strong>Jordanus</strong></span> <span class='ocrx_word' id='word_1_130' title='bbox 1172 1458 1209 1486; x_wconf 92' lang='lat' dir='ltr'><strong>de</strong></span> <span class='ocrx_word' id='word_1_131' title='bbox 1232 1457 1340 1493; x_wconf 86' lang='lat' dir='ltr'><strong>Clivis,</strong></span> 
     </span>
     <span class='ocr_line' id='line_1_23' title="bbox 441 1506 1342 1547; baseline -0.001 -11"><span class='ocrx_word' id='word_1_132' title='bbox 441 1508 587 1547; x_wconf 87' lang='lat' dir='ltr'><strong>magister</strong></span> <span class='ocrx_word' id='word_1_133' title='bbox 598 1507 753 1536; x_wconf 84' lang='lat' dir='ltr'><strong>Johannes</strong></span> <span class='ocrx_word' id='word_1_134' title='bbox 766 1509 804 1536; x_wconf 91' lang='lat' dir='ltr'><strong>de</strong></span> <span class='ocrx_word' id='word_1_135' title='bbox 821 1507 964 1541; x_wconf 89' lang='lat' dir='ltr'><strong>Anmers,</strong></span> <span class='ocrx_word' id='word_1_136' title='bbox 982 1507 1128 1546; x_wconf 88' lang='lat' dir='ltr'><strong>magister</strong></span> <span class='ocrx_word' id='word_1_137' title='bbox 1147 1506 1342 1536; x_wconf 88' lang='lat' dir='ltr'><strong>Hermannus</strong></span> 
     </span>
     <span class='ocr_line' id='line_1_24' title="bbox 441 1555 1341 1595; baseline -0.001 -10"><span class='ocrx_word' id='word_1_138' title='bbox 441 1556 624 1591; x_wconf 82' lang='lat' dir='ltr'><strong>Levenowe,</strong></span> <span class='ocrx_word' id='word_1_139' title='bbox 637 1557 688 1595; x_wconf 88' lang='lat' dir='ltr'><strong>qui</strong></span> <span class='ocrx_word' id='word_1_140' title='bbox 699 1557 793 1585; x_wconf 85' lang='lat' dir='ltr'><strong>eciam</strong></span> <span class='ocrx_word' id='word_1_141' title='bbox 806 1556 908 1585; x_wconf 89' lang='lat' dir='ltr'><strong>debita</strong></span> <span class='ocrx_word' id='word_1_142' title='bbox 918 1556 1055 1584; x_wconf 87' lang='lat' dir='ltr'><strong>nacionis</strong></span> <span class='ocrx_word' id='word_1_143' title='bbox 1066 1556 1239 1584; x_wconf 88' lang='lat' dir='ltr'><strong>examinare</strong></span> <span class='ocrx_word' id='word_1_144' title='bbox 1252 1555 1341 1584; x_wconf 89' lang='lat' dir='ltr'><strong>habe-</strong></span> 
     </span>
     <span class='ocr_line' id='line_1_25' title="bbox 440 1604 1341 1634; baseline -0.001 0"><span class='ocrx_word' id='word_1_145' title='bbox 440 1612 509 1634; x_wconf 87' lang='lat' dir='ltr'><strong>rent</strong></span> <span class='ocrx_word' id='word_1_146' title='bbox 532 1612 562 1634; x_wconf 91' lang='lat' dir='ltr'><strong>et</strong></span> <span class='ocrx_word' id='word_1_147' title='bbox 580 1606 617 1634; x_wconf 93' lang='lat' dir='ltr'><strong>de</strong></span> <span class='ocrx_word' id='word_1_148' title='bbox 639 1606 751 1634; x_wconf 90' lang='lat' dir='ltr'><strong>talibus</strong></span> <span class='ocrx_word' id='word_1_149' title='bbox 773 1605 966 1634; x_wconf 90' lang='lat' dir='ltr'><strong>debitoribus</strong></span> <span class='ocrx_word' id='word_1_150' title='bbox 986 1611 1018 1633; x_wconf 93' lang='lat' dir='ltr'><strong>ut</strong></span> <span class='ocrx_word' id='word_1_151' title='bbox 1039 1604 1196 1634; x_wconf 86' lang='lat' dir='ltr'><strong>solverent</strong></span> <span class='ocrx_word' id='word_1_152' title='bbox 1215 1605 1341 1633; x_wconf 91' lang='lat' dir='ltr'><strong>ordina-</strong></span> 
     </span>
     <span class='ocr_line' id='line_1_26' title="bbox 439 1653 1341 1693; baseline 0 -11"><span class='ocrx_word' id='word_1_153' title='bbox 439 1660 518 1689; x_wconf 85' lang='lat' dir='ltr'><strong>rent,</strong></span> <span class='ocrx_word' id='word_1_154' title='bbox 537 1655 613 1684; x_wconf 86' lang='lat' dir='ltr'><strong>visis</strong></span> <span class='ocrx_word' id='word_1_155' title='bbox 631 1655 729 1683; x_wconf 90' lang='lat' dir='ltr'><strong>literis</strong></span> <span class='ocrx_word' id='word_1_156' title='bbox 747 1660 776 1683; x_wconf 90' lang='lat' dir='ltr'><strong>et</strong></span> <span class='ocrx_word' id='word_1_157' title='bbox 791 1654 973 1693; x_wconf 87' lang='lat' dir='ltr'><strong>pignoribus</strong></span> <span class='ocrx_word' id='word_1_158' title='bbox 991 1654 1022 1682; x_wconf 91' lang='lat' dir='ltr'><strong>in</strong></span> <span class='ocrx_word' id='word_1_159' title='bbox 1039 1653 1131 1682; x_wconf 89' lang='lat' dir='ltr'><strong>archa</strong></span> <span class='ocrx_word' id='word_1_160' title='bbox 1146 1660 1175 1682; x_wconf 90' lang='lat' dir='ltr'><strong>et</strong></span> <span class='ocrx_word' id='word_1_161' title='bbox 1190 1653 1341 1683; x_wconf 88' lang='lat' dir='ltr'><strong>debitori-</strong></span> 
     </span>
     <span class='ocr_line' id='line_1_27' title="bbox 439 1703 674 1732; baseline 0.004 -1"><span class='ocrx_word' id='word_1_162' title='bbox 439 1703 496 1732; x_wconf 90' lang='lat' dir='ltr'><strong>bus</strong></span> <span class='ocrx_word' id='word_1_163' title='bbox 511 1704 674 1732; x_wconf 87' lang='lat' dir='ltr'><strong>universis.</strong></span> 
     </span>
    </p>

    <p class='ocr_par' dir='ltr' id='par_1_6' title="bbox 439 1751 1339 1889">
     <span class='ocr_line' id='line_1_28' title="bbox 481 1751 1339 1781; baseline 0 -1"><span class='ocrx_word' id='word_1_164' title='bbox 481 1752 554 1781; x_wconf 89' lang='lat' dir='ltr'><strong>Item</strong></span> <span class='ocrx_word' id='word_1_165' title='bbox 587 1752 749 1781; x_wconf 84' lang='lat' dir='ltr'><strong>dilationes</strong></span> <span class='ocrx_word' id='word_1_166' title='bbox 786 1753 907 1781; x_wconf 91' lang='lat' dir='ltr'><strong>fuerunt</strong></span> <span class='ocrx_word' id='word_1_167' title='bbox 944 1752 1012 1780; x_wconf 87' lang='lat' dir='ltr'><strong>date</strong></span> <span class='ocrx_word' id='word_1_168' title='bbox 1047 1751 1171 1780; x_wconf 86' lang='lat' dir='ltr'><strong>domino</strong></span> <span class='ocrx_word' id='word_1_169' title='bbox 1207 1751 1339 1781; x_wconf 84' lang='lat' dir='ltr'><strong>Johanni</strong></span> 
     </span>
     <span class='ocr_line' id='line_1_29' title="bbox 440 1801 1339 1840; baseline 0 -11"><span class='ocrx_word' id='word_1_170' title='bbox 440 1801 616 1840; x_wconf 89' lang='lat' dir='ltr'><strong>Sinneghen</strong></span> <span class='ocrx_word' id='word_1_171' title='bbox 633 1802 669 1830; x_wconf 91' lang='lat' dir='ltr'><strong>de</strong></span> <span class='ocrx_word' id='word_1_172' title='bbox 690 1801 793 1830; x_wconf 88' lang='lat' dir='ltr'><strong>bursis</strong></span> <span class='ocrx_word' id='word_1_173' title='bbox 810 1811 863 1830; x_wconf 91' lang='lat' dir='ltr'><strong>sue</strong></span> <span class='ocrx_word' id='word_1_174' title='bbox 881 1801 1008 1829; x_wconf 89' lang='lat' dir='ltr'><strong>licencie</strong></span> <span class='ocrx_word' id='word_1_175' title='bbox 1028 1801 1195 1829; x_wconf 88' lang='lat' dir='ltr'><strong>secundum</strong></span> <span class='ocrx_word' id='word_1_176' title='bbox 1213 1801 1339 1829; x_wconf 85' lang='lat' dir='ltr'><strong>formam</strong></span> 
     </span>
     <span class='ocr_line' id='line_1_30' title="bbox 439 1850 866 1889; baseline 0 -10"><span class='ocrx_word' id='word_1_177' title='bbox 439 1851 542 1879; x_wconf 89' lang='lat' dir='ltr'><strong>statuti</strong></span> <span class='ocrx_word' id='word_1_178' title='bbox 558 1851 697 1879; x_wconf 88' lang='lat' dir='ltr'><strong>nacionis</strong></span> <span class='ocrx_word' id='word_1_179' title='bbox 713 1850 866 1889; x_wconf 84' lang='lat' dir='ltr'><strong>superius.</strong></span> 
     </span>
    </p>

    <p class='ocr_par' dir='ltr' id='par_1_7' title="bbox 437 1898 1338 2026">
     <span class='ocr_line' id='line_1_31' title="bbox 479 1898 1338 1928; baseline -0.001 0"><span class='ocrx_word' id='word_1_180' title='bbox 479 1899 551 1928; x_wconf 87' lang='lat' dir='ltr'><strong>Item</strong></span> <span class='ocrx_word' id='word_1_181' title='bbox 568 1899 739 1928; x_wconf 85' lang='lat' dir='ltr'><strong>licentiatus</strong></span> <span class='ocrx_word' id='word_1_182' title='bbox 758 1899 812 1928; x_wconf 87' lang='lat' dir='ltr'><strong>suit</strong></span> <span class='ocrx_word' id='word_1_183' title='bbox 827 1899 968 1928; x_wconf 88' lang='lat' dir='ltr'><strong>dominus</strong></span> <span class='ocrx_word' id='word_1_184' title='bbox 984 1898 1140 1927; x_wconf 89' lang='lat' dir='ltr'><strong>Johannes</strong></span> <span class='ocrx_word' id='word_1_185' title='bbox 1158 1899 1196 1927; x_wconf 92' lang='lat' dir='ltr'><strong>de</strong></span> <span class='ocrx_word' id='word_1_186' title='bbox 1214 1898 1338 1928; x_wconf 77' lang='lat' dir='ltr'><strong>Her-lem</strong></span> 
     </span>
     <span class='ocr_line' id='line_1_32' title="bbox 437 1946 1337 1987; baseline 0.002 -11"><span class='ocrx_word' id='word_1_187' title='bbox 437 1949 493 1976; x_wconf 90' lang='lat' dir='ltr'><strong>sub</strong></span> <span class='ocrx_word' id='word_1_188' title='bbox 525 1948 672 1987; x_wconf 86' lang='lat' dir='ltr'><strong>magistro</strong></span> <span class='ocrx_word' id='word_1_189' title='bbox 696 1948 860 1977; x_wconf 87' lang='lat' dir='ltr'><strong>Francisco</strong></span> <span class='ocrx_word' id='word_1_190' title='bbox 886 1949 934 1986; x_wconf 86' lang='lat' dir='ltr'><strong>[de</strong></span> <span class='ocrx_word' id='word_1_191' title='bbox 963 1948 994 1976; x_wconf 88' lang='lat' dir='ltr'><strong>S.</strong></span> <span class='ocrx_word' id='word_1_192' title='bbox 1020 1946 1181 1985; x_wconf 90' lang='lat' dir='ltr'><strong>Michaele]</strong></span> <span class='ocrx_word' id='word_1_193' title='bbox 1195 1946 1219 1982; x_wconf 79' lang='lat'><strong>³,</strong></span> <span class='ocrx_word' id='word_1_194' title='bbox 1249 1946 1337 1987; x_wconf 81' lang='lat' dir='ltr'><strong>cujus</strong></span> 
     </span>
     <span class='ocr_line' id='line_1_33' title="bbox 438 1996 724 2026; baseline 0.003 -1"><span class='ocrx_word' id='word_1_195' title='bbox 438 1997 530 2025; x_wconf 89' lang='lat' dir='ltr'><strong>burse</strong></span> <span class='ocrx_word' id='word_1_196' title='bbox 548 1996 603 2026; x_wconf 92' lang='lat' dir='ltr'><strong>VII</strong></span> <span class='ocrx_word' id='word_1_197' title='bbox 622 1997 724 2026; x_wconf 89' lang='lat' dir='ltr'><strong>solidi.</strong></span> 
     </span>
    </p>

    <p class='ocr_par' dir='ltr' id='par_1_8' title="bbox 438 2045 1337 2134">
     <span class='ocr_line' id='line_1_34' title="bbox 477 2045 1337 2086; baseline 0.002 -12"><span class='ocrx_word' id='word_1_198' title='bbox 477 2046 551 2074; x_wconf 89' lang='lat' dir='ltr'><strong>Item</strong></span> <span class='ocrx_word' id='word_1_199' title='bbox 571 2045 741 2075; x_wconf 83' lang='lat' dir='ltr'><strong>licentiatus</strong></span> <span class='ocrx_word' id='word_1_200' title='bbox 760 2046 915 2075; x_wconf 84' lang='lat' dir='ltr'><strong>Johannes</strong></span> <span class='ocrx_word' id='word_1_201' title='bbox 936 2047 972 2075; x_wconf 90' lang='lat' dir='ltr'><strong>de</strong></span> <span class='ocrx_word' id='word_1_202' title='bbox 995 2046 1098 2075; x_wconf 87' lang='lat' dir='ltr'><strong>Buren</strong></span> <span class='ocrx_word' id='word_1_203' title='bbox 1117 2045 1174 2074; x_wconf 90' lang='lat' dir='ltr'><strong>sub</strong></span> <span class='ocrx_word' id='word_1_204' title='bbox 1190 2046 1337 2086; x_wconf 87' lang='lat' dir='ltr'><strong>magistro</strong></span> 
     </span>
     <span class='ocr_line' id='line_1_35' title="bbox 438 2094 1334 2134; baseline 0.003 -12"><span class='ocrx_word' id='word_1_205' title='bbox 438 2094 601 2123; x_wconf 86' lang='lat' dir='ltr'><strong>Francisco</strong></span> <span class='ocrx_word' id='word_1_206' title='bbox 617 2096 653 2124; x_wconf 90' lang='lat' dir='ltr'><strong>de</strong></span> <span class='ocrx_word' id='word_1_207' title='bbox 673 2095 784 2124; x_wconf 76' lang='lat' dir='ltr'><strong>Sancto</strong></span> <span class='ocrx_word' id='word_1_208' title='bbox 796 2095 955 2129; x_wconf 87' lang='lat' dir='ltr'><strong>Michaele‚</strong></span> <span class='ocrx_word' id='word_1_209' title='bbox 973 2094 1060 2134; x_wconf 88' lang='lat' dir='ltr'><strong>cujus</strong></span> <span class='ocrx_word' id='word_1_210' title='bbox 1078 2095 1171 2123; x_wconf 83' lang='lat' dir='ltr'><strong>hurse</strong></span> <span class='ocrx_word' id='word_1_211' title='bbox 1189 2094 1261 2124; x_wconf 87' lang='lat' dir='ltr'>VIII</span> <span class='ocrx_word' id='word_1_212' title='bbox 1277 2095 1334 2125; x_wconf 90' lang='lat' dir='ltr'><strong>sol.</strong></span> 
     </span>
    </p>

    <p class='ocr_par' dir='ltr' id='par_1_9' title="bbox 435 2143 1117 2232">
     <span class='ocr_line' id='line_1_36' title="bbox 476 2143 1117 2173; baseline 0.002 -2"><span class='ocrx_word' id='word_1_213' title='bbox 476 2143 549 2171; x_wconf 86' lang='lat' dir='ltr'><strong>Item</strong></span> <span class='ocrx_word' id='word_1_214' title='bbox 558 2143 729 2173; x_wconf 89' lang='lat' dir='ltr'><strong>licentiatus</strong></span> <span class='ocrx_word' id='word_1_215' title='bbox 741 2145 795 2173; x_wconf 91' lang='lat' dir='ltr'><strong>fuit</strong></span> <span class='ocrx_word' id='word_1_216' title='bbox 808 2145 949 2173; x_wconf 88' lang='lat' dir='ltr'><strong>dominus</strong></span> <span class='ocrx_word' id='word_1_217' title='bbox 960 2144 1117 2173; x_wconf 84' lang='lat' dir='ltr'><strong>Johannes</strong></span> 
     </span>
     <span class='ocr_line' id='line_1_37' title="bbox 435 2192 1116 2232; baseline 0.001 -12"><span class='ocrx_word' id='word_1_218' title='bbox 435 2192 612 2231; x_wconf 83' lang='lat' dir='ltr'><strong>Zinneghen</strong></span> <span class='ocrx_word' id='word_1_219' title='bbox 627 2193 683 2221; x_wconf 90' lang='lat' dir='ltr'><strong>sub</strong></span> <span class='ocrx_word' id='word_1_220' title='bbox 702 2193 849 2232; x_wconf 86' lang='lat' dir='ltr'><strong>magistro</strong></span> <span class='ocrx_word' id='word_1_221' title='bbox 866 2193 1004 2221; x_wconf 72' lang='lat' dir='ltr'><strong>Iohanne</strong></span> <span class='ocrx_word' id='word_1_222' title='bbox 1027 2193 1116 2228; x_wconf 88' lang='lat' dir='ltr'><strong>Beth,</strong></span> 
     </span>
    </p>
   </div>
   <div class='ocr_carea' id='block_1_3' title="bbox 435 2239 1334 2426">
    <p class='ocr_par' dir='ltr' id='par_1_10' title="bbox 435 2239 1334 2330">
     <span class='ocr_line' id='line_1_38' title="bbox 435 2239 1334 2279; baseline 0.002 -10"><span class='ocrx_word' id='word_1_223' title='bbox 435 2239 521 2279; x_wconf 85' lang='lat' dir='ltr'><strong>cujus</strong></span> <span class='ocrx_word' id='word_1_224' title='bbox 536 2242 628 2269; x_wconf 87' lang='lat' dir='ltr'><strong>burse</strong></span> <span class='ocrx_word' id='word_1_225' title='bbox 644 2241 699 2269; x_wconf 93' lang='lat' dir='ltr'><strong>VII</strong></span> <span class='ocrx_word' id='word_1_226' title='bbox 715 2242 817 2270; x_wconf 85' lang='lat' dir='ltr'><strong>solidi.</strong></span> <span class='ocrx_word' id='word_1_227' title='bbox 1159 2241 1334 2272; x_wconf 86' lang='lat' dir='ltr'><strong>Posuerunt</strong></span> 
     </span>
     <span class='ocr_line' id='line_1_39' title="bbox 476 2289 1319 2330; baseline 0.004 -13"><span class='ocrx_word' id='word_1_228' title='bbox 476 2289 548 2317; x_wconf 90' lang='lat' dir='ltr'><strong>Item</strong></span> <span class='ocrx_word' id='word_1_229' title='bbox 559 2289 730 2319; x_wconf 87' lang='lat' dir='ltr'><strong>licentiatus</strong></span> <span class='ocrx_word' id='word_1_230' title='bbox 742 2290 797 2319; x_wconf 87' lang='lat' dir='ltr'><strong>suit</strong></span> <span class='ocrx_word' id='word_1_231' title='bbox 807 2290 948 2319; x_wconf 91' lang='lat' dir='ltr'><strong>dominus</strong></span> <span class='ocrx_word' id='word_1_232' title='bbox 962 2290 1116 2319; x_wconf 82' lang='lat' dir='ltr'><strong>Johannes</strong></span> <span class='ocrx_word' id='word_1_233' title='bbox 1178 2291 1319 2330; x_wconf 87' lang='lat' dir='ltr'><strong>pignora.</strong></span> 
     </span>
    </p>

    <p class='ocr_par' dir='ltr' id='par_1_11' title="bbox 436 2338 1117 2377">
     <span class='ocr_line' id='line_1_40' title="bbox 436 2338 1117 2377; baseline 0.003 -11"><span class='ocrx_word' id='word_1_234' title='bbox 436 2338 573 2367; x_wconf 90' lang='lat' dir='ltr'><strong>Bestlant</strong></span> <span class='ocrx_word' id='word_1_235' title='bbox 586 2339 643 2367; x_wconf 92' lang='lat' dir='ltr'><strong>sub</strong></span> <span class='ocrx_word' id='word_1_236' title='bbox 663 2339 809 2377; x_wconf 90' lang='lat' dir='ltr'><strong>magistro</strong></span> <span class='ocrx_word' id='word_1_237' title='bbox 828 2338 1001 2368; x_wconf 86' lang='lat' dir='ltr'><strong>Gwillelmo</strong></span> <span class='ocrx_word' id='word_1_238' title='bbox 1022 2338 1117 2368; x_wconf 87' lang='lat' dir='ltr'><strong>Gwa-</strong></span> 
     </span>
    </p>

    <p class='ocr_par' dir='ltr' id='par_1_12' title="bbox 435 2386 981 2426">
     <span class='ocr_line' id='line_1_41' title="bbox 435 2386 981 2426; baseline 0.002 -12"><span class='ocrx_word' id='word_1_239' title='bbox 435 2386 585 2425; x_wconf 88' lang='lat' dir='ltr'><strong>denoghe,</strong></span> <span class='ocrx_word' id='word_1_240' title='bbox 605 2386 691 2426; x_wconf 89' lang='lat' dir='ltr'><strong>cujus</strong></span> <span class='ocrx_word' id='word_1_241' title='bbox 704 2388 797 2416; x_wconf 88' lang='lat' dir='ltr'><strong>bursa</strong></span> <span class='ocrx_word' id='word_1_242' title='bbox 817 2387 858 2415; x_wconf 94' lang='lat' dir='ltr'><strong>III</strong></span> <span class='ocrx_word' id='word_1_243' title='bbox 879 2387 981 2416; x_wconf 91' lang='lat' dir='ltr'><strong>solidi.</strong></span> 
     </span>
    </p>
   </div>
   <div class='ocr_carea' id='block_1_4' title="bbox 431 2435 1334 2770">
    <p class='ocr_par' dir='ltr' id='par_1_13' title="bbox 434 2435 1334 2621">
     <span class='ocr_line' id='line_1_42' title="bbox 474 2435 1332 2475; baseline 0.005 -11"><span class='ocrx_word' id='word_1_244' title='bbox 474 2435 587 2464; x_wconf 87' lang='lat' dir='ltr'><strong>Eadem</strong></span> <span class='ocrx_word' id='word_1_245' title='bbox 609 2436 658 2464; x_wconf 91' lang='lat' dir='ltr'><strong>die</strong></span> <span class='ocrx_word' id='word_1_246' title='bbox 684 2436 767 2465; x_wconf 92' lang='lat' dir='ltr'><strong>XXX</strong></span> <span class='ocrx_word' id='word_1_247' title='bbox 787 2435 906 2475; x_wconf 87' lang='lat' dir='ltr'><strong>Aprilis</strong></span> <span class='ocrx_word' id='word_1_248' title='bbox 933 2437 1088 2475; x_wconf 87' lang='lat' dir='ltr'><strong>deputatis</strong></span> <span class='ocrx_word' id='word_1_249' title='bbox 1115 2438 1191 2467; x_wconf 90' lang='lat' dir='ltr'><strong>visis</strong></span> <span class='ocrx_word' id='word_1_250' title='bbox 1218 2439 1332 2473; x_wconf 89' lang='lat' dir='ltr'><strong>literis,</strong></span> 
     </span>
     <span class='ocr_line' id='line_1_43' title="bbox 434 2485 1334 2524; baseline 0.007 -13"><span class='ocrx_word' id='word_1_251' title='bbox 434 2485 476 2512; x_wconf 79' lang='lat' dir='ltr'><strong>ad</strong></span> <span class='ocrx_word' id='word_1_252' title='bbox 497 2486 664 2523; x_wconf 78' lang='lat' dir='ltr'><strong>ymaginem</strong></span> <span class='ocrx_word' id='word_1_253' title='bbox 683 2486 780 2513; x_wconf 78' lang='lat' dir='ltr'><strong>sancti</strong></span> <span class='ocrx_word' id='word_1_254' title='bbox 799 2486 944 2514; x_wconf 78' lang='lat' dir='ltr'><strong>Johannis</strong></span> <span class='ocrx_word' id='word_1_255' title='bbox 959 2492 1143 2524; x_wconf 84' lang='lat' dir='ltr'><strong>potaverunt</strong></span> <span class='ocrx_word' id='word_1_256' title='bbox 1166 2494 1195 2516; x_wconf 86' lang='lat' dir='ltr'><strong>et</strong></span> <span class='ocrx_word' id='word_1_257' title='bbox 1211 2488 1230 2516; x_wconf 90' lang='lat'>8</span> <span class='ocrx_word' id='word_1_258' title='bbox 1247 2487 1334 2517; x_wconf 86' lang='lat' dir='ltr'><strong>albos</strong></span> 
     </span>
     <span class='ocr_line' id='line_1_44' title="bbox 434 2534 1334 2575; baseline 0.004 -14"><span class='ocrx_word' id='word_1_259' title='bbox 434 2540 701 2572; x_wconf 85' lang='lat' dir='ltr'><strong>consumpserunt,</strong></span> <span class='ocrx_word' id='word_1_260' title='bbox 718 2534 756 2562; x_wconf 90' lang='lat' dir='ltr'><strong>de</strong></span> <span class='ocrx_word' id='word_1_261' title='bbox 774 2534 886 2572; x_wconf 90' lang='lat' dir='ltr'><strong>quibus</strong></span> <span class='ocrx_word' id='word_1_262' title='bbox 902 2534 1048 2573; x_wconf 83' lang='lat' dir='ltr'><strong>magister</strong></span> <span class='ocrx_word' id='word_1_263' title='bbox 1067 2535 1242 2565; x_wconf 83' lang='lat' dir='ltr'><strong>Hartwicus</strong></span> <span class='ocrx_word' id='word_1_264' title='bbox 1259 2546 1334 2575; x_wconf 88' lang='lat' dir='ltr'><strong>pro-</strong></span> 
     </span>
     <span class='ocr_line' id='line_1_45' title="bbox 434 2582 1218 2621; baseline 0.005 -12"><span class='ocrx_word' id='word_1_265' title='bbox 434 2588 555 2610; x_wconf 83' lang='lat' dir='ltr'><strong>curator</strong></span> <span class='ocrx_word' id='word_1_266' title='bbox 573 2582 664 2611; x_wconf 89' lang='lat' dir='ltr'><strong>solvit</strong></span> <span class='ocrx_word' id='word_1_267' title='bbox 678 2582 707 2617; x_wconf 88' lang='lat'><strong>4,</strong></span> <span class='ocrx_word' id='word_1_268' title='bbox 725 2589 755 2611; x_wconf 90' lang='lat' dir='ltr'><strong>et</strong></span> <span class='ocrx_word' id='word_1_269' title='bbox 766 2583 908 2611; x_wconf 88' lang='lat' dir='ltr'><strong>dominus</strong></span> <span class='ocrx_word' id='word_1_270' title='bbox 925 2589 1067 2621; x_wconf 81' lang='lat' dir='ltr'><strong>receptor</strong></span> <span class='ocrx_word' id='word_1_271' title='bbox 1085 2585 1103 2612; x_wconf 90' lang='lat'>4</span> <span class='ocrx_word' id='word_1_272' title='bbox 1121 2585 1218 2613; x_wconf 90' lang='lat' dir='ltr'><strong>albos.</strong></span> 
     </span>
    </p>

    <p class='ocr_par' dir='ltr' id='par_1_14' title="bbox 431 2630 1334 2770">
     <span class='ocr_line' id='line_1_46' title="bbox 475 2630 1334 2673; baseline 0.006 -15"><span class='ocrx_word' id='word_1_273' title='bbox 475 2630 547 2658; x_wconf 90' lang='lat' dir='ltr'><strong>Item</strong></span> <span class='ocrx_word' id='word_1_274' title='bbox 574 2631 679 2659; x_wconf 83' lang='lat' dir='ltr'><strong>ultima</strong></span> <span class='ocrx_word' id='word_1_275' title='bbox 698 2632 746 2660; x_wconf 92' lang='lat' dir='ltr'><strong>die</strong></span> <span class='ocrx_word' id='word_1_276' title='bbox 774 2631 888 2660; x_wconf 87' lang='lat' dir='ltr'><strong>mensis</strong></span> <span class='ocrx_word' id='word_1_277' title='bbox 915 2631 1034 2670; x_wconf 83' lang='lat' dir='ltr'><strong>Aprilis</strong></span> <span class='ocrx_word' id='word_1_278' title='bbox 1058 2633 1134 2661; x_wconf 88' lang='lat' dir='ltr'><strong>sacta</strong></span> <span class='ocrx_word' id='word_1_279' title='bbox 1161 2643 1334 2673; x_wconf 84' lang='lat' dir='ltr'><strong>congrega-</strong></span> 
     </span>
     <span class='ocr_line' id='line_1_47' title="bbox 432 2679 1331 2719; baseline 0.007 -13"><span class='ocrx_word' id='word_1_280' title='bbox 432 2679 519 2707; x_wconf 89' lang='lat' dir='ltr'><strong>cione</strong></span> <span class='ocrx_word' id='word_1_281' title='bbox 535 2680 671 2708; x_wconf 86' lang='lat' dir='ltr'><strong>nacionis</strong></span> <span class='ocrx_word' id='word_1_282' title='bbox 686 2680 718 2708; x_wconf 90' lang='lat' dir='ltr'><strong>in</strong></span> <span class='ocrx_word' id='word_1_283' title='bbox 731 2680 871 2719; x_wconf 88' lang='lat' dir='ltr'><strong>vesperis</strong></span> <span class='ocrx_word' id='word_1_284' title='bbox 885 2681 965 2719; x_wconf 91' lang='lat' dir='ltr'><strong>apud</strong></span> <span class='ocrx_word' id='word_1_285' title='bbox 978 2680 1120 2710; x_wconf 84' lang='lat' dir='ltr'><strong>Sanctum</strong></span> <span class='ocrx_word' id='word_1_286' title='bbox 1135 2681 1331 2718; x_wconf 90' lang='lat' dir='ltr'><strong>Maturinum,</strong></span> 
     </span>
     <span class='ocr_line' id='line_1_48' title="bbox 431 2727 1332 2770; baseline 0.006 -15"><span class='ocrx_word' id='word_1_287' title='bbox 431 2727 629 2756; x_wconf 88' lang='lat' dir='ltr'><strong>deliberatum</strong></span> <span class='ocrx_word' id='word_1_288' title='bbox 662 2729 715 2757; x_wconf 79' lang='lat' dir='ltr'><strong>fuit</strong></span> <span class='ocrx_word' id='word_1_289' title='bbox 747 2730 829 2768; x_wconf 88' lang='lat' dir='ltr'><strong>quod</strong></span> <span class='ocrx_word' id='word_1_290' title='bbox 862 2729 892 2757; x_wconf 91' lang='lat' dir='ltr'><strong>in</strong></span> <span class='ocrx_word' id='word_1_291' title='bbox 927 2730 1055 2768; x_wconf 87' lang='lat' dir='ltr'><strong>quadam</strong></span> <span class='ocrx_word' id='word_1_292' title='bbox 1087 2731 1332 2770; x_wconf 87' lang='lat' dir='ltr'><strong>congregacione</strong></span> 
     </span>
    </p>
   </div>
   <div class='ocr_carea' id='block_1_5' title="bbox 480 2816 736 2881">
    <p class='ocr_par' dir='ltr' id='par_1_15' title="bbox 480 2816 736 2881">
     <span class='ocr_line' id='line_1_49' title="bbox 480 2816 736 2846; baseline 0.008 -10"><span class='ocrx_word' id='word_1_293' title='bbox 480 2832 485 2836; x_wconf 81' lang='grc'><em>.</em></span> <span class='ocrx_word' id='word_1_294' title='bbox 518 2816 545 2837; x_wconf 84' lang='lat' dir='ltr'><strong>In</strong></span> <span class='ocrx_word' id='word_1_295' title='bbox 559 2823 602 2838; x_wconf 77' lang='lat' dir='ltr'><strong>ms.</strong></span> <span class='ocrx_word' id='word_1_296' title='bbox 617 2816 736 2846; x_wconf 66' lang='lat' dir='ltr'><strong>spatium.</strong></span> 
     </span>
     <span class='ocr_line' id='line_1_50' title="bbox 518 2851 733 2881; baseline 0.009 -9"><span class='ocrx_word' id='word_1_297' title='bbox 518 2851 536 2872; x_wconf 88' lang='grc' dir='ltr'><strong>Ι.</strong></span> <span class='ocrx_word' id='word_1_298' title='bbox 550 2859 571 2872; x_wconf 82' lang='lat' dir='ltr'><strong>e.</strong></span> <span class='ocrx_word' id='word_1_299' title='bbox 585 2851 733 2881; x_wconf 76' lang='lat' dir='ltr'><strong>aquitturet,</strong></span> 
     </span>
    </p>
   </div>
   <div class='ocr_carea' id='block_1_6' title="bbox 516 2886 749 2952">
    <p class='ocr_par' dir='ltr' id='par_1_16' title="bbox 516 2886 749 2952">
     <span class='ocr_line' id='line_1_51' title="bbox 516 2886 749 2910; baseline 0.017 -4"><span class='ocrx_word' id='word_1_300' title='bbox 516 2887 574 2909; x_wconf 73' lang='lat' dir='ltr'><strong>Nat.</strong></span> <span class='ocrx_word' id='word_1_301' title='bbox 592 2886 749 2910; x_wconf 79' lang='lat' dir='ltr'><strong>Gallicanae.</strong></span> 
     </span>
     <span class='ocr_line' id='line_1_52' title="bbox 519 2921 683 2952; baseline 0.012 -10"><span class='ocrx_word' id='word_1_302' title='bbox 519 2922 565 2943; x_wconf 73' lang='lat' dir='ltr'><strong>Ms.</strong></span> <span class='ocrx_word' id='word_1_303' title='bbox 580 2921 640 2944; x_wconf 81' lang='lat' dir='ltr'><strong>add.</strong></span> <span class='ocrx_word' id='word_1_304' title='bbox 656 2922 683 2952; x_wconf 85' lang='lat' dir='ltr'><strong>ij.</strong></span> 
     </span>
    </p>
   </div>
   <div class='ocr_carea' id='block_1_7' title="bbox 461 2814 484 2942">
    <p class='ocr_par' dir='ltr' id='par_1_17' title="bbox 461 2814 484 2942">
     <span class='ocr_line' id='line_1_53' title="bbox 461 2814 484 2942; textangle 90"><span class='ocrx_word' id='word_1_305' title='bbox 461 2814 484 2942; x_wconf 42' lang='lat' dir='ltr'><strong>svs—</strong></span> 
     </span>
    </p>
   </div>
   <div class='ocr_carea' id='block_1_8' title="bbox 993 404 1826 432">
    <p class='ocr_par' dir='ltr' id='par_1_18' title="bbox 993 404 1826 432">
     <span class='ocr_line' id='line_1_54' title="bbox 993 404 1826 432; baseline -0.001 0"><span class='ocrx_word' id='word_1_306' title='bbox 993 406 1214 432; x_wconf 80' lang='lat' dir='ltr'><strong>AUCTARIUM</strong></span> <span class='ocrx_word' id='word_1_307' title='bbox 1235 404 1493 431; x_wconf 78' lang='lat' dir='ltr'>CHARTULARH</span> <span class='ocrx_word' id='word_1_308' title='bbox 1512 404 1686 431; x_wconf 86' lang='lat' dir='ltr'><strong>UNIVERS.</strong></span> <span class='ocrx_word' id='word_1_309' title='bbox 1708 404 1826 431; x_wconf 84' lang='lat' dir='ltr'><strong>PARIS.</strong></span> 
     </span>
    </p>
   </div>
   <div class='ocr_carea' id='block_1_9' title="bbox 1387 926 1419 951">
    <p class='ocr_par' dir='ltr' id='par_1_19' title="bbox 1387 926 1419 951">
     <span class='ocr_line' id='line_1_55' title="bbox 1387 926 1419 951; baseline 0 0"><span class='ocrx_word' id='word_1_310' title='bbox 1387 926 1419 951; x_wconf 91' lang='lat'><strong>10</strong></span> 
     </span>
    </p>
   </div>
   <div class='ocr_carea' id='block_1_10' title="bbox 1384 1170 1417 1196">
    <p class='ocr_par' dir='ltr' id='par_1_20' title="bbox 1384 1170 1417 1196">
     <span class='ocr_line' id='line_1_56' title="bbox 1384 1170 1417 1196; baseline 0.03 -1"><span class='ocrx_word' id='word_1_311' title='bbox 1384 1170 1417 1196; x_wconf 88' lang='lat'><strong>15</strong></span> 
     </span>
    </p>
   </div>
   <div class='ocr_carea' id='block_1_11' title="bbox 1380 1415 1414 1441">
    <p class='ocr_par' dir='ltr' id='par_1_21' title="bbox 1380 1415 1414 1441">
     <span class='ocr_line' id='line_1_57' title="bbox 1380 1415 1414 1441; baseline 0.029 -1"><span class='ocrx_word' id='word_1_312' title='bbox 1380 1415 1414 1441; x_wconf 84' lang='lat'><strong>20</strong></span> 
     </span>
    </p>
   </div>
   <div class='ocr_carea' id='block_1_12' title="bbox 1378 1659 1412 1685">
    <p class='ocr_par' dir='ltr' id='par_1_22' title="bbox 1378 1659 1412 1685">
     <span class='ocr_line' id='line_1_58' title="bbox 1378 1659 1412 1685; baseline 0.029 -1"><span class='ocrx_word' id='word_1_313' title='bbox 1378 1659 1412 1685; x_wconf 88' lang='lat'><strong>25</strong></span> 
     </span>
    </p>
   </div>
   <div class='ocr_carea' id='block_1_13' title="bbox 1376 1905 1410 1930">
    <p class='ocr_par' dir='ltr' id='par_1_23' title="bbox 1376 1905 1410 1930">
     <span class='ocr_line' id='line_1_59' title="bbox 1376 1905 1410 1930; baseline 0 0"><span class='ocrx_word' id='word_1_314' title='bbox 1376 1905 1410 1930; x_wconf 88' lang='grc'><strong>30</strong></span> 
     </span>
    </p>
   </div>
   <div class='ocr_carea' id='block_1_14' title="bbox 1375 2149 1408 2175">
    <p class='ocr_par' dir='ltr' id='par_1_24' title="bbox 1375 2149 1408 2175">
     <span class='ocr_line' id='line_1_60' title="bbox 1375 2149 1408 2175; baseline 0.03 -1"><span class='ocrx_word' id='word_1_315' title='bbox 1375 2149 1408 2175; x_wconf 87' lang='grc'><strong>35</strong></span> 
     </span>
    </p>
   </div>
   <div class='ocr_carea' id='block_1_15' title="bbox 1372 2393 1406 2419">
    <p class='ocr_par' dir='ltr' id='par_1_25' title="bbox 1372 2393 1406 2419">
     <span class='ocr_line' id='line_1_61' title="bbox 1372 2393 1406 2419; baseline 0.029 -1"><span class='ocrx_word' id='word_1_316' title='bbox 1372 2393 1406 2419; x_wconf 84' lang='grc'><strong>40</strong></span> 
     </span>
    </p>
   </div>
   <div class='ocr_carea' id='block_1_16' title="bbox 1371 2637 1404 2663">
    <p class='ocr_par' dir='ltr' id='par_1_26' title="bbox 1371 2637 1404 2663">
     <span class='ocr_line' id='line_1_62' title="bbox 1371 2637 1404 2663; baseline 0.03 -1"><span class='ocrx_word' id='word_1_317' title='bbox 1371 2637 1404 2663; x_wconf 83' lang='grc'><strong>45</strong></span> 
     </span>
    </p>
   </div>
   <div class='ocr_carea' id='block_1_17' title="bbox 1975 0 2143 20">
    <p class='ocr_par' dir='ltr' id='par_1_27' title="bbox 1975 0 2143 20">
     <span class='ocr_line' id='line_1_63' title="bbox 1975 0 2143 20; baseline 0.012 -2"><span class='ocrx_word' id='word_1_318' title='bbox 1975 0 2028 9; x_wconf 88' lang='lat' dir='ltr'><em>W</em></span> <span class='ocrx_word' id='word_1_319' title='bbox 2051 0 2143 20; x_wconf 39' lang='lat' dir='ltr'><strong>vav:</strong></span> 
     </span>
    </p>
   </div>
   <div class='ocr_carea' id='block_1_18' title="bbox 2144 0 2632 292">
    <p class='ocr_par' dir='ltr' id='par_1_28' title="bbox 2144 0 2632 292">
     <span class='ocr_line' id='line_1_64' title="bbox 2144 0 2632 292; baseline 0 3172"><span class='ocrx_word' id='word_1_320' title='bbox 2144 0 2632 292; x_wconf 95' lang='lat' dir='ltr'><strong> </strong></span> 
     </span>
    </p>
   </div>
   <div class='ocr_carea' id='block_1_19' title="bbox 2313 408 2367 435">
    <p class='ocr_par' dir='ltr' id='par_1_29' title="bbox 2313 408 2367 435">
     <span class='ocr_line' id='line_1_65' title="bbox 2313 408 2367 435; baseline 0.019 -1"><span class='ocrx_word' id='word_1_321' title='bbox 2313 408 2367 435; x_wconf 78' lang='lat'><strong>336</strong></span> 
     </span>
    </p>
   </div>
   <div class='ocr_carea' id='block_1_20' title="bbox 1444 478 2365 2421">
    <p class='ocr_par' dir='ltr' id='par_1_30' title="bbox 1457 478 2365 714">
     <span class='ocr_line' id='line_1_66' title="bbox 1460 478 2365 518; baseline 0.007 -12"><span class='ocrx_word' id='word_1_322' title='bbox 1460 478 1600 517; x_wconf 87' lang='lat' dir='ltr'><strong>proximo</strong></span> <span class='ocrx_word' id='word_1_323' title='bbox 1625 478 1724 507; x_wconf 87' lang='lat' dir='ltr'><strong>fienda</strong></span> <span class='ocrx_word' id='word_1_324' title='bbox 1749 489 1807 518; x_wconf 88' lang='lat' dir='ltr'><strong>per</strong></span> <span class='ocrx_word' id='word_1_325' title='bbox 1830 478 2035 518; x_wconf 91' lang='lat' dir='ltr'><strong>juramentum</strong></span> <span class='ocrx_word' id='word_1_326' title='bbox 2064 481 2232 511; x_wconf 82' lang='lat' dir='ltr'><strong>citarentur</strong></span> <span class='ocrx_word' id='word_1_327' title='bbox 2258 492 2365 512; x_wconf 87' lang='lat' dir='ltr'><strong>omnes</strong></span> 
     </span>
     <span class='ocr_line' id='line_1_67' title="bbox 1459 527 2364 569; baseline 0.007 -14"><span class='ocrx_word' id='word_1_328' title='bbox 1459 527 1599 567; x_wconf 83' lang='lat' dir='ltr'><strong>magistri</strong></span> <span class='ocrx_word' id='word_1_329' title='bbox 1621 527 1674 566; x_wconf 88' lang='lat' dir='ltr'><strong>qui</strong></span> <span class='ocrx_word' id='word_1_330' title='bbox 1695 537 1757 557; x_wconf 92' lang='lat' dir='ltr'><strong>non</strong></span> <span class='ocrx_word' id='word_1_331' title='bbox 1777 528 1936 558; x_wconf 88' lang='lat' dir='ltr'><strong>solverunt</strong></span> <span class='ocrx_word' id='word_1_332' title='bbox 1957 539 2044 558; x_wconf 88' lang='lat' dir='ltr'><strong>suum</strong></span> <span class='ocrx_word' id='word_1_333' title='bbox 2062 528 2231 569; x_wconf 87' lang='lat' dir='ltr'><strong>jocundum</strong></span> <span class='ocrx_word' id='word_1_334' title='bbox 2253 531 2364 561; x_wconf 88' lang='lat' dir='ltr'><strong>introi-</strong></span> 
     </span>
     <span class='ocr_line' id='line_1_68' title="bbox 1458 577 2362 620; baseline 0.007 -15"><span class='ocrx_word' id='word_1_335' title='bbox 1458 582 1521 605; x_wconf 90' lang='lat' dir='ltr'><strong>tum</strong></span> <span class='ocrx_word' id='word_1_336' title='bbox 1545 582 1576 605; x_wconf 91' lang='lat' dir='ltr'><strong>et</strong></span> <span class='ocrx_word' id='word_1_337' title='bbox 1598 577 1656 605; x_wconf 91' lang='lat' dir='ltr'><strong>sub</strong></span> <span class='ocrx_word' id='word_1_338' title='bbox 1680 586 1760 616; x_wconf 85' lang='lat' dir='ltr'><strong>pena</strong></span> <span class='ocrx_word' id='word_1_339' title='bbox 1779 577 1987 607; x_wconf 85' lang='lat' dir='ltr'><strong>resecacionis</strong></span> <span class='ocrx_word' id='word_1_340' title='bbox 2012 588 2030 607; x_wconf 83' lang='lat' dir='ltr'><strong>a</strong></span> <span class='ocrx_word' id='word_1_341' title='bbox 2051 584 2115 608; x_wconf 90' lang='lat' dir='ltr'><strong>tota</strong></span> <span class='ocrx_word' id='word_1_342' title='bbox 2136 580 2276 616; x_wconf 87' lang='lat' dir='ltr'><strong>nacione,</strong></span> <span class='ocrx_word' id='word_1_343' title='bbox 2302 591 2362 620; x_wconf 89' lang='lat' dir='ltr'><strong>que</strong></span> 
     </span>
     <span class='ocr_line' id='line_1_69' title="bbox 1458 625 2362 666; baseline 0.007 -12"><span class='ocrx_word' id='word_1_344' title='bbox 1458 631 1566 654; x_wconf 89' lang='lat' dir='ltr'><strong>contra</strong></span> <span class='ocrx_word' id='word_1_345' title='bbox 1579 625 1666 664; x_wconf 86' lang='lat' dir='ltr'><strong>ipsos</strong></span> <span class='ocrx_word' id='word_1_346' title='bbox 1680 626 1851 666; x_wconf 87' lang='lat' dir='ltr'><strong>procedere</strong></span> <span class='ocrx_word' id='word_1_347' title='bbox 1868 626 2053 663; x_wconf 87' lang='lat' dir='ltr'><strong>intenderet,</strong></span> <span class='ocrx_word' id='word_1_348' title='bbox 2071 628 2133 657; x_wconf 90' lang='lat' dir='ltr'><strong>nisi</strong></span> <span class='ocrx_word' id='word_1_349' title='bbox 2151 638 2184 658; x_wconf 92' lang='lat' dir='ltr'><strong>se</strong></span> <span class='ocrx_word' id='word_1_350' title='bbox 2199 629 2237 658; x_wconf 89' lang='lat' dir='ltr'><strong>de</strong></span> <span class='ocrx_word' id='word_1_351' title='bbox 2252 635 2362 660; x_wconf 87' lang='lat' dir='ltr'><strong>contu-</strong></span> 
     </span>
     <span class='ocr_line' id='line_1_70' title="bbox 1457 674 1788 714; baseline 0.009 -12"><span class='ocrx_word' id='word_1_352' title='bbox 1457 674 1554 703; x_wconf 88' lang='lat' dir='ltr'><strong>macia</strong></span> <span class='ocrx_word' id='word_1_353' title='bbox 1569 681 1788 714; x_wconf 81' lang='lat' dir='ltr'><strong>expurgarent.</strong></span> 
     </span>
    </p>

    <p class='ocr_par' dir='ltr' id='par_1_31' title="bbox 1455 722 2365 1098">
     <span class='ocr_line' id='line_1_71' title="bbox 1498 722 2365 767; baseline 0.006 -15"><span class='ocrx_word' id='word_1_354' title='bbox 1498 722 1612 752; x_wconf 89' lang='lat' dir='ltr'><strong>Eadem</strong></span> <span class='ocrx_word' id='word_1_355' title='bbox 1634 723 1710 753; x_wconf 91' lang='lat' dir='ltr'><strong>hora</strong></span> <span class='ocrx_word' id='word_1_356' title='bbox 1730 724 1855 754; x_wconf 82' lang='lat' dir='ltr'><strong>intravit</strong></span> <span class='ocrx_word' id='word_1_357' title='bbox 1876 725 1965 754; x_wconf 89' lang='lat' dir='ltr'><strong>nacio</strong></span> <span class='ocrx_word' id='word_1_358' title='bbox 1987 726 2143 755; x_wconf 89' lang='lat' dir='ltr'><strong>tabernam</strong></span> <span class='ocrx_word' id='word_1_359' title='bbox 2165 732 2195 756; x_wconf 90' lang='lat' dir='ltr'><strong>et</strong></span> <span class='ocrx_word' id='word_1_360' title='bbox 2218 727 2365 767; x_wconf 85' lang='lat' dir='ltr'><strong>expendit</strong></span> 
     </span>
     <span class='ocr_line' id='line_1_72' title="bbox 1456 771 2363 816; baseline 0.007 -16"><span class='ocrx_word' id='word_1_361' title='bbox 1456 771 1512 801; x_wconf 90' lang='lat' dir='ltr'><strong>XX</strong></span> <span class='ocrx_word' id='word_1_362' title='bbox 1529 772 1646 801; x_wconf 86' lang='lat' dir='ltr'><strong>solidos</strong></span> <span class='ocrx_word' id='word_1_363' title='bbox 1667 778 1696 802; x_wconf 89' lang='lat' dir='ltr'><strong>et</strong></span> <span class='ocrx_word' id='word_1_364' title='bbox 1710 772 1748 801; x_wconf 79' lang='lat'><strong>2⁴</strong></span> <span class='ocrx_word' id='word_1_365' title='bbox 1765 773 1853 803; x_wconf 87' lang='lat' dir='ltr'><strong>albos</strong></span> <span class='ocrx_word' id='word_1_366' title='bbox 1871 775 1900 802; x_wconf 89' lang='lat' dir='ltr'><strong>in</strong></span> <span class='ocrx_word' id='word_1_367' title='bbox 1915 777 2049 810; x_wconf 74' lang='lat' dir='ltr'><strong>castello,</strong></span> <span class='ocrx_word' id='word_1_368' title='bbox 2069 775 2106 804; x_wconf 93' lang='lat' dir='ltr'><strong>de</strong></span> <span class='ocrx_word' id='word_1_369' title='bbox 2133 775 2246 815; x_wconf 90' lang='lat' dir='ltr'><strong>quibus</strong></span> <span class='ocrx_word' id='word_1_370' title='bbox 2263 777 2363 816; x_wconf 86' lang='lat' dir='ltr'><strong>magi-</strong></span> 
     </span>
     <span class='ocr_line' id='line_1_73' title="bbox 1457 821 2363 865; baseline 0.007 -16"><span class='ocrx_word' id='word_1_371' title='bbox 1457 826 1521 850; x_wconf 87' lang='lat' dir='ltr'><strong>ster</strong></span> <span class='ocrx_word' id='word_1_372' title='bbox 1548 821 1735 851; x_wconf 89' lang='lat' dir='ltr'><strong>Wilhelmus</strong></span> <span class='ocrx_word' id='word_1_373' title='bbox 1758 822 1975 863; x_wconf 84' lang='lat' dir='ltr'><strong>Gwadenaghe</strong></span> <span class='ocrx_word' id='word_1_374' title='bbox 2003 824 2022 852; x_wconf 98' lang='lat'>4</span> <span class='ocrx_word' id='word_1_375' title='bbox 2049 823 2184 860; x_wconf 89' lang='lat' dir='ltr'><strong>solidos,</strong></span> <span class='ocrx_word' id='word_1_376' title='bbox 2215 825 2363 865; x_wconf 82' lang='lat' dir='ltr'><strong>magister</strong></span> 
     </span>
     <span class='ocr_line' id='line_1_74' title="bbox 1455 869 2363 912; baseline 0.007 -14"><span class='ocrx_word' id='word_1_377' title='bbox 1455 869 1612 899; x_wconf 90' lang='lat' dir='ltr'><strong>Johannes</strong></span> <span class='ocrx_word' id='word_1_378' title='bbox 1640 870 1744 900; x_wconf 90' lang='lat' dir='ltr'><strong>Vintlo</strong></span> <span class='ocrx_word' id='word_1_379' title='bbox 1770 871 1789 900; x_wconf 89' lang='lat'>4</span> <span class='ocrx_word' id='word_1_380' title='bbox 1815 871 1944 907; x_wconf 86' lang='lat' dir='ltr'><strong>solidos,</strong></span> <span class='ocrx_word' id='word_1_381' title='bbox 1970 872 2117 912; x_wconf 88' lang='lat' dir='ltr'><strong>magister</strong></span> <span class='ocrx_word' id='word_1_382' title='bbox 2139 873 2296 904; x_wconf 84' lang='lat' dir='ltr'><strong>Johannes</strong></span> <span class='ocrx_word' id='word_1_383' title='bbox 2324 875 2363 904; x_wconf 91' lang='lat' dir='ltr'><strong>de</strong></span> 
     </span>
     <span class='ocr_line' id='line_1_75' title="bbox 1457 918 2358 962; baseline 0.007 -15"><span class='ocrx_word' id='word_1_384' title='bbox 1457 918 1662 958; x_wconf 80' lang='lat' dir='ltr'><strong>Osnaburga⁵</strong></span> <span class='ocrx_word' id='word_1_385' title='bbox 1676 920 1695 948; x_wconf 94' lang='lat'>4</span> <span class='ocrx_word' id='word_1_386' title='bbox 1714 919 1844 956; x_wconf 88' lang='lat' dir='ltr'><strong>solidos,</strong></span> <span class='ocrx_word' id='word_1_387' title='bbox 1863 920 1936 960; x_wconf 87' lang='lat' dir='ltr'><strong>quia</strong></span> <span class='ocrx_word' id='word_1_388' title='bbox 1952 922 2087 951; x_wconf 91' lang='lat' dir='ltr'><strong>nondum</strong></span> <span class='ocrx_word' id='word_1_389' title='bbox 2111 922 2232 962; x_wconf 86' lang='lat' dir='ltr'><strong>integre</strong></span> <span class='ocrx_word' id='word_1_390' title='bbox 2254 923 2358 954; x_wconf 84' lang='lat' dir='ltr'><strong>solve-</strong></span> 
     </span>
     <span class='ocr_line' id='line_1_76' title="bbox 1455 968 2363 1004; baseline 0.007 -8"><span class='ocrx_word' id='word_1_391' title='bbox 1455 973 1528 997; x_wconf 87' lang='lat' dir='ltr'><strong>runt</strong></span> <span class='ocrx_word' id='word_1_392' title='bbox 1558 968 1710 1004; x_wconf 86' lang='lat' dir='ltr'><strong>francum,</strong></span> <span class='ocrx_word' id='word_1_393' title='bbox 1745 969 1801 998; x_wconf 89' lang='lat' dir='ltr'><strong>sed</strong></span> <span class='ocrx_word' id='word_1_394' title='bbox 1837 975 1953 999; x_wconf 89' lang='lat' dir='ltr'><strong>tantum</strong></span> <span class='ocrx_word' id='word_1_395' title='bbox 1979 970 2037 1000; x_wconf 86' lang='lat' dir='ltr'><strong>XII</strong></span> <span class='ocrx_word' id='word_1_396' title='bbox 2074 971 2192 1001; x_wconf 87' lang='lat' dir='ltr'><strong>solidos</strong></span> <span class='ocrx_word' id='word_1_397' title='bbox 2223 972 2255 1001; x_wconf 91' lang='lat' dir='ltr'><strong>in</strong></span> <span class='ocrx_word' id='word_1_398' title='bbox 2283 973 2363 1002; x_wconf 85' lang='lat' dir='ltr'><strong>festo</strong></span> 
     </span>
     <span class='ocr_line' id='line_1_77' title="bbox 1457 1016 2360 1061; baseline 0.007 -16"><span class='ocrx_word' id='word_1_399' title='bbox 1457 1016 1614 1052; x_wconf 88' lang='lat' dir='ltr'><strong>Etmundi,</strong></span> <span class='ocrx_word' id='word_1_400' title='bbox 1631 1023 1661 1046; x_wconf 92' lang='lat' dir='ltr'><strong>et</strong></span> <span class='ocrx_word' id='word_1_401' title='bbox 1674 1017 1832 1047; x_wconf 88' lang='lat' dir='ltr'><strong>residuum</strong></span> <span class='ocrx_word' id='word_1_402' title='bbox 1842 1017 1933 1058; x_wconf 86' lang='lat' dir='ltr'><strong>hujus</strong></span> <span class='ocrx_word' id='word_1_403' title='bbox 1948 1018 2041 1048; x_wconf 83' lang='lat' dir='ltr'><strong>solvit</strong></span> <span class='ocrx_word' id='word_1_404' title='bbox 2051 1020 2194 1050; x_wconf 89' lang='lat' dir='ltr'><strong>dominus</strong></span> <span class='ocrx_word' id='word_1_405' title='bbox 2206 1027 2360 1061; x_wconf 85' lang='lat' dir='ltr'><strong>receptor,</strong></span> 
     </span>
     <span class='ocr_line' id='line_1_78' title="bbox 1456 1065 2092 1098; baseline 0.006 -4"><span class='ocrx_word' id='word_1_406' title='bbox 1456 1065 1574 1095; x_wconf 87' lang='lat' dir='ltr'><strong>scilicet</strong></span> <span class='ocrx_word' id='word_1_407' title='bbox 1586 1072 1655 1095; x_wconf 93' lang='lat' dir='ltr'><strong>octo</strong></span> <span class='ocrx_word' id='word_1_408' title='bbox 1673 1066 1791 1096; x_wconf 88' lang='lat' dir='ltr'><strong>solidos</strong></span> <span class='ocrx_word' id='word_1_409' title='bbox 1809 1073 1839 1096; x_wconf 89' lang='lat' dir='ltr'><strong>et</strong></span> <span class='ocrx_word' id='word_1_410' title='bbox 1852 1074 1922 1097; x_wconf 90' lang='lat' dir='ltr'><strong>octo</strong></span> <span class='ocrx_word' id='word_1_411' title='bbox 1936 1068 2092 1098; x_wconf 88' lang='lat' dir='ltr'><strong>denarios.</strong></span> 
     </span>
    </p>

    <p class='ocr_par' dir='ltr' id='par_1_32' title="bbox 1454 1114 2359 1204">
     <span class='ocr_line' id='line_1_79' title="bbox 1496 1114 2359 1158; baseline 0.007 -15"><span class='ocrx_word' id='word_1_412' title='bbox 1496 1114 1571 1144; x_wconf 89' lang='lat' dir='ltr'><strong>Item</strong></span> <span class='ocrx_word' id='word_1_413' title='bbox 1608 1115 1724 1155; x_wconf 86' lang='lat' dir='ltr'><strong>incepit</strong></span> <span class='ocrx_word' id='word_1_414' title='bbox 1754 1116 1897 1146; x_wconf 91' lang='lat' dir='ltr'><strong>dominus</strong></span> <span class='ocrx_word' id='word_1_415' title='bbox 1936 1116 2092 1147; x_wconf 85' lang='lat' dir='ltr'><strong>Johannes</strong></span> <span class='ocrx_word' id='word_1_416' title='bbox 2128 1118 2265 1158; x_wconf 91' lang='lat' dir='ltr'><strong>Splinter</strong></span> <span class='ocrx_word' id='word_1_417' title='bbox 2300 1121 2359 1149; x_wconf 86' lang='lat' dir='ltr'><strong>sub</strong></span> 
     </span>
     <span class='ocr_line' id='line_1_80' title="bbox 1454 1163 2177 1204; baseline 0.006 -12"><span class='ocrx_word' id='word_1_418' title='bbox 1454 1163 1603 1203; x_wconf 89' lang='lat' dir='ltr'><strong>magistro</strong></span> <span class='ocrx_word' id='word_1_419' title='bbox 1617 1164 1773 1204; x_wconf 86' lang='lat' dir='ltr'><strong>Reynero,</strong></span> <span class='ocrx_word' id='word_1_420' title='bbox 1787 1165 1874 1204; x_wconf 88' lang='lat' dir='ltr'><strong>cujus</strong></span> <span class='ocrx_word' id='word_1_421' title='bbox 1890 1166 1984 1195; x_wconf 89' lang='lat' dir='ltr'><strong>hurse</strong></span> <span class='ocrx_word' id='word_1_422' title='bbox 1999 1166 2056 1195; x_wconf 92' lang='lat' dir='ltr'><strong>VII</strong></span> <span class='ocrx_word' id='word_1_423' title='bbox 2074 1167 2177 1196; x_wconf 89' lang='lat' dir='ltr'><strong>solidi.</strong></span> 
     </span>
    </p>

    <p class='ocr_par' dir='ltr' id='par_1_33' title="bbox 1454 1212 2356 1303">
     <span class='ocr_line' id='line_1_81' title="bbox 1495 1212 2356 1256; baseline 0.007 -15"><span class='ocrx_word' id='word_1_424' title='bbox 1495 1212 1569 1242; x_wconf 85' lang='lat' dir='ltr'><strong>Item</strong></span> <span class='ocrx_word' id='word_1_425' title='bbox 1589 1213 1704 1253; x_wconf 88' lang='lat' dir='ltr'><strong>incepit</strong></span> <span class='ocrx_word' id='word_1_426' title='bbox 1720 1214 1863 1244; x_wconf 86' lang='lat' dir='ltr'><strong>dominus</strong></span> <span class='ocrx_word' id='word_1_427' title='bbox 1881 1214 2037 1244; x_wconf 83' lang='lat' dir='ltr'><strong>Johannes</strong></span> <span class='ocrx_word' id='word_1_428' title='bbox 2056 1215 2159 1256; x_wconf 84' lang='lat' dir='ltr'><strong>Egidii</strong></span> <span class='ocrx_word' id='word_1_429' title='bbox 2177 1217 2215 1246; x_wconf 92' lang='lat' dir='ltr'><strong>de</strong></span> <span class='ocrx_word' id='word_1_430' title='bbox 2231 1217 2356 1247; x_wconf 88' lang='lat' dir='ltr'><strong>Herlem</strong></span> 
     </span>
     <span class='ocr_line' id='line_1_82' title="bbox 1454 1262 2278 1303; baseline 0.006 -13"><span class='ocrx_word' id='word_1_431' title='bbox 1454 1262 1511 1290; x_wconf 91' lang='lat' dir='ltr'><strong>sub</strong></span> <span class='ocrx_word' id='word_1_432' title='bbox 1526 1262 1675 1301; x_wconf 85' lang='lat' dir='ltr'><strong>magistro</strong></span> <span class='ocrx_word' id='word_1_433' title='bbox 1691 1262 1868 1302; x_wconf 78' lang='lat' dir='ltr'><strong>Reygnem,</strong></span> <span class='ocrx_word' id='word_1_434' title='bbox 1886 1262 1972 1303; x_wconf 87' lang='lat' dir='ltr'><strong>eujus</strong></span> <span class='ocrx_word' id='word_1_435' title='bbox 1988 1264 2082 1293; x_wconf 88' lang='lat' dir='ltr'><strong>burse</strong></span> <span class='ocrx_word' id='word_1_436' title='bbox 2099 1264 2156 1293; x_wconf 91' lang='lat' dir='ltr'><strong>VII</strong></span> <span class='ocrx_word' id='word_1_437' title='bbox 2175 1265 2278 1295; x_wconf 88' lang='lat' dir='ltr'><strong>solidi.</strong></span> 
     </span>
    </p>

    <p class='ocr_par' dir='ltr' id='par_1_34' title="bbox 1449 1309 2360 1694">
     <span class='ocr_line' id='line_1_83' title="bbox 1493 1309 2360 1353; baseline 0.007 -14"><span class='ocrx_word' id='word_1_438' title='bbox 1493 1309 1565 1350; x_wconf 80' lang='lat' dir='ltr'><strong>(Fol.</strong></span> <span class='ocrx_word' id='word_1_439' title='bbox 1590 1311 1641 1350; x_wconf 71' lang='lat'>7¹³)</span> <span class='ocrx_word' id='word_1_440' title='bbox 1658 1311 1733 1340; x_wconf 91' lang='lat' dir='ltr'><strong>Item</strong></span> <span class='ocrx_word' id='word_1_441' title='bbox 1751 1312 1799 1340; x_wconf 92' lang='lat' dir='ltr'><strong>die</strong></span> <span class='ocrx_word' id='word_1_442' title='bbox 1818 1311 1862 1340; x_wconf 92' lang='grc' dir='ltr'><strong>ΙΙΙ</strong></span> <span class='ocrx_word' id='word_1_443' title='bbox 1879 1312 1929 1341; x_wconf 93' lang='lat' dir='ltr'><strong>die</strong></span> <span class='ocrx_word' id='word_1_444' title='bbox 1946 1313 2061 1342; x_wconf 87' lang='lat' dir='ltr'><strong>mensis</strong></span> <span class='ocrx_word' id='word_1_445' title='bbox 2078 1313 2173 1353; x_wconf 86' lang='lat' dir='ltr'><strong>Magii</strong></span> <span class='ocrx_word' id='word_1_446' title='bbox 2194 1315 2271 1344; x_wconf 84' lang='lat' dir='ltr'><strong>sacta</strong></span> <span class='ocrx_word' id='word_1_447' title='bbox 2283 1325 2360 1344; x_wconf 85' lang='lat' dir='ltr'><strong>con-</strong></span> 
     </span>
     <span class='ocr_line' id='line_1_84' title="bbox 1451 1360 2355 1400; baseline 0.008 -13"><span class='ocrx_word' id='word_1_448' title='bbox 1451 1360 1638 1399; x_wconf 83' lang='lat' dir='ltr'><strong>gregacione</strong></span> <span class='ocrx_word' id='word_1_449' title='bbox 1648 1360 1786 1389; x_wconf 88' lang='lat' dir='ltr'><strong>nacionis</strong></span> <span class='ocrx_word' id='word_1_450' title='bbox 1797 1362 1879 1400; x_wconf 90' lang='lat' dir='ltr'><strong>apud</strong></span> <span class='ocrx_word' id='word_1_451' title='bbox 1890 1361 2034 1391; x_wconf 90' lang='lat' dir='ltr'><strong>Sanctum</strong></span> <span class='ocrx_word' id='word_1_452' title='bbox 2043 1362 2241 1400; x_wconf 85' lang='lat' dir='ltr'><strong>Maturinum,</strong></span> <span class='ocrx_word' id='word_1_453' title='bbox 2257 1364 2355 1394; x_wconf 85' lang='lat' dir='ltr'><strong>deela—</strong></span> 
     </span>
     <span class='ocr_line' id='line_1_85' title="bbox 1451 1409 2358 1454; baseline 0.007 -17"><span class='ocrx_word' id='word_1_454' title='bbox 1451 1415 1550 1438; x_wconf 85' lang='lat' dir='ltr'><strong>ratum</strong></span> <span class='ocrx_word' id='word_1_455' title='bbox 1571 1409 1627 1438; x_wconf 85' lang='lat' dir='ltr'><strong>fuit</strong></span> <span class='ocrx_word' id='word_1_456' title='bbox 1645 1415 1678 1438; x_wconf 92' lang='lat' dir='ltr'><strong>ut</strong></span> <span class='ocrx_word' id='word_1_457' title='bbox 1699 1409 1830 1449; x_wconf 86' lang='lat' dir='ltr'><strong>amplius</strong></span> <span class='ocrx_word' id='word_1_458' title='bbox 1853 1417 2028 1441; x_wconf 89' lang='lat' dir='ltr'><strong>servaretur</strong></span> <span class='ocrx_word' id='word_1_459' title='bbox 2052 1421 2111 1451; x_wconf 88' lang='lat' dir='ltr'><strong>pro</strong></span> <span class='ocrx_word' id='word_1_460' title='bbox 2135 1418 2248 1442; x_wconf 86' lang='lat' dir='ltr'><strong>statuto</strong></span> <span class='ocrx_word' id='word_1_461' title='bbox 2274 1414 2358 1454; x_wconf 86' lang='lat' dir='ltr'><strong>quod</strong></span> 
     </span>
     <span class='ocr_line' id='line_1_86' title="bbox 1451 1457 2356 1500; baseline 0.007 -14"><span class='ocrx_word' id='word_1_462' title='bbox 1451 1457 1553 1487; x_wconf 88' lang='lat' dir='ltr'><strong>nullus</strong></span> <span class='ocrx_word' id='word_1_463' title='bbox 1572 1458 1749 1487; x_wconf 88' lang='lat' dir='ltr'><strong>admittatur</strong></span> <span class='ocrx_word' id='word_1_464' title='bbox 1770 1459 1808 1487; x_wconf 90' lang='lat' dir='ltr'><strong>ad</strong></span> <span class='ocrx_word' id='word_1_465' title='bbox 1823 1457 1990 1498; x_wconf 88' lang='lat' dir='ltr'><strong>jurandum</strong></span> <span class='ocrx_word' id='word_1_466' title='bbox 2006 1467 2220 1500; x_wconf 85' lang='lat' dir='ltr'><strong>paupertatem</strong></span> <span class='ocrx_word' id='word_1_467' title='bbox 2240 1462 2302 1492; x_wconf 89' lang='lat' dir='ltr'><strong>nisi</strong></span> <span class='ocrx_word' id='word_1_468' title='bbox 2324 1463 2356 1492; x_wconf 88' lang='lat' dir='ltr'><strong>in</strong></span> 
     </span>
     <span class='ocr_line' id='line_1_87' title="bbox 1449 1506 2354 1551; baseline 0.007 -16"><span class='ocrx_word' id='word_1_469' title='bbox 1449 1506 1540 1546; x_wconf 85' lang='lat' dir='ltr'><strong>plena</strong></span> <span class='ocrx_word' id='word_1_470' title='bbox 1553 1508 1798 1547; x_wconf 86' lang='lat' dir='ltr'><strong>congregacione</strong></span> <span class='ocrx_word' id='word_1_471' title='bbox 1816 1508 1967 1544; x_wconf 85' lang='lat' dir='ltr'><strong>nacionis,</strong></span> <span class='ocrx_word' id='word_1_472' title='bbox 1985 1509 2062 1539; x_wconf 86' lang='lat' dir='ltr'><strong>facta</strong></span> <span class='ocrx_word' id='word_1_473' title='bbox 2076 1510 2171 1539; x_wconf 89' lang='lat' dir='ltr'><strong>eciam</strong></span> <span class='ocrx_word' id='word_1_474' title='bbox 2188 1511 2226 1540; x_wconf 88' lang='lat' dir='ltr'><strong>ad</strong></span> <span class='ocrx_word' id='word_1_475' title='bbox 2244 1511 2354 1551; x_wconf 85' lang='lat' dir='ltr'><strong>dispo-</strong></span> 
     </span>
     <span class='ocr_line' id='line_1_88' title="bbox 1449 1557 2357 1600; baseline 0.007 -16"><span class='ocrx_word' id='word_1_476' title='bbox 1449 1557 1583 1584; x_wconf 89' lang='lat' dir='ltr'><strong>nendum</strong></span> <span class='ocrx_word' id='word_1_477' title='bbox 1594 1557 1631 1585; x_wconf 92' lang='lat' dir='ltr'><strong>de</strong></span> <span class='ocrx_word' id='word_1_478' title='bbox 1648 1557 1778 1596; x_wconf 88' lang='lat' dir='ltr'><strong>pecunia</strong></span> <span class='ocrx_word' id='word_1_479' title='bbox 1793 1557 1931 1586; x_wconf 90' lang='lat' dir='ltr'><strong>nacionis</strong></span> <span class='ocrx_word' id='word_1_480' title='bbox 1949 1564 1979 1587; x_wconf 91' lang='lat' dir='ltr'><strong>et</strong></span> <span class='ocrx_word' id='word_1_481' title='bbox 1993 1558 2185 1589; x_wconf 89' lang='lat' dir='ltr'><strong>inhiberetur</strong></span> <span class='ocrx_word' id='word_1_482' title='bbox 2202 1561 2357 1600; x_wconf 85' lang='lat' dir='ltr'><strong>receptori</strong></span> 
     </span>
     <span class='ocr_line' id='line_1_89' title="bbox 1449 1604 2357 1645; baseline 0.007 -12"><span class='ocrx_word' id='word_1_483' title='bbox 1449 1615 1487 1634; x_wconf 93' lang='lat' dir='ltr'><strong>ne</strong></span> <span class='ocrx_word' id='word_1_484' title='bbox 1512 1604 1600 1640; x_wconf 89' lang='lat' dir='ltr'><strong>tales,</strong></span> <span class='ocrx_word' id='word_1_485' title='bbox 1620 1606 1690 1634; x_wconf 89' lang='lat' dir='ltr'><strong>dum</strong></span> <span class='ocrx_word' id='word_1_486' title='bbox 1708 1606 1747 1635; x_wconf 87' lang='lat' dir='ltr'><strong>ad</strong></span> <span class='ocrx_word' id='word_1_487' title='bbox 1764 1606 1866 1645; x_wconf 90' lang='lat' dir='ltr'><strong>ipsum</strong></span> <span class='ocrx_word' id='word_1_488' title='bbox 1885 1606 2023 1643; x_wconf 87' lang='lat' dir='ltr'><strong>veniunt,</strong></span> <span class='ocrx_word' id='word_1_489' title='bbox 2049 1607 2132 1637; x_wconf 83' lang='lat' dir='ltr'><strong>non⁶</strong></span> <span class='ocrx_word' id='word_1_490' title='bbox 2155 1609 2272 1645; x_wconf 88' lang='lat' dir='ltr'><strong>audiat,</strong></span> <span class='ocrx_word' id='word_1_491' title='bbox 2294 1610 2357 1640; x_wconf 87' lang='lat' dir='ltr'><strong>nisi</strong></span> 
     </span>
     <span class='ocr_line' id='line_1_90' title="bbox 1449 1653 1915 1694; baseline 0.004 -11"><span class='ocrx_word' id='word_1_492' title='bbox 1449 1654 1536 1693; x_wconf 90' lang='lat' dir='ltr'><strong>prius</strong></span> <span class='ocrx_word' id='word_1_493' title='bbox 1550 1654 1581 1683; x_wconf 90' lang='lat' dir='ltr'><strong>in</strong></span> <span class='ocrx_word' id='word_1_494' title='bbox 1594 1654 1722 1683; x_wconf 89' lang='lat' dir='ltr'><strong>nacione</strong></span> <span class='ocrx_word' id='word_1_495' title='bbox 1730 1653 1915 1694; x_wconf 89' lang='lat' dir='ltr'><strong>juraverint.</strong></span> 
     </span>
    </p>

    <p class='ocr_par' dir='ltr' id='par_1_35' title="bbox 1447 1703 2354 1842">
     <span class='ocr_line' id='line_1_91' title="bbox 1489 1703 2354 1745; baseline 0.008 -14"><span class='ocrx_word' id='word_1_496' title='bbox 1489 1703 1564 1732; x_wconf 89' lang='lat' dir='ltr'><strong>Item</strong></span> <span class='ocrx_word' id='word_1_497' title='bbox 1608 1703 1785 1733; x_wconf 87' lang='lat' dir='ltr'><strong>licenciatus</strong></span> <span class='ocrx_word' id='word_1_498' title='bbox 1821 1704 1877 1734; x_wconf 86' lang='lat' dir='ltr'><strong>suit</strong></span> <span class='ocrx_word' id='word_1_499' title='bbox 1917 1705 2060 1735; x_wconf 90' lang='lat' dir='ltr'><strong>dominus</strong></span> <span class='ocrx_word' id='word_1_500' title='bbox 2099 1706 2271 1745; x_wconf 88' lang='lat' dir='ltr'><strong>Tydericus</strong></span> <span class='ocrx_word' id='word_1_501' title='bbox 2315 1708 2354 1738; x_wconf 84' lang='lat' dir='ltr'><strong>de</strong></span> 
     </span>
     <span class='ocr_line' id='line_1_92' title="bbox 1447 1751 2354 1796; baseline 0.008 -16"><span class='ocrx_word' id='word_1_502' title='bbox 1447 1751 1614 1791; x_wconf 89' lang='lat' dir='ltr'><strong>Yselsteyn</strong></span> <span class='ocrx_word' id='word_1_503' title='bbox 1633 1753 1690 1782; x_wconf 89' lang='lat' dir='ltr'><strong>sub</strong></span> <span class='ocrx_word' id='word_1_504' title='bbox 1709 1753 1856 1792; x_wconf 85' lang='lat' dir='ltr'><strong>magistro</strong></span> <span class='ocrx_word' id='word_1_505' title='bbox 1875 1753 2016 1784; x_wconf 90' lang='lat' dir='ltr'><strong>Arnoldo</strong></span> <span class='ocrx_word' id='word_1_506' title='bbox 2036 1754 2131 1791; x_wconf 86' lang='lat' dir='ltr'><strong>Neve,</strong></span> <span class='ocrx_word' id='word_1_507' title='bbox 2154 1754 2242 1796; x_wconf 86' lang='lat' dir='ltr'><strong>cujus</strong></span> <span class='ocrx_word' id='word_1_508' title='bbox 2259 1757 2354 1787; x_wconf 84' lang='lat' dir='ltr'><strong>burse</strong></span> 
     </span>
     <span class='ocr_line' id='line_1_93' title="bbox 1447 1801 1935 1842; baseline 0.004 -12"><span class='ocrx_word' id='word_1_509' title='bbox 1447 1801 1487 1830; x_wconf 94' lang='lat' dir='ltr'><strong>VI</strong></span> <span class='ocrx_word' id='word_1_510' title='bbox 1504 1801 1606 1830; x_wconf 89' lang='lat' dir='ltr'><strong>solidi.</strong></span> <span class='ocrx_word' id='word_1_511' title='bbox 1625 1801 1665 1830; x_wconf 91' lang='lat' dir='ltr'><strong>Et</strong></span> <span class='ocrx_word' id='word_1_512' title='bbox 1676 1802 1781 1840; x_wconf 89' lang='lat' dir='ltr'><strong>posuit</strong></span> <span class='ocrx_word' id='word_1_513' title='bbox 1793 1802 1935 1842; x_wconf 86' lang='lat' dir='ltr'><strong>pignora.</strong></span> 
     </span>
    </p>

    <p class='ocr_par' dir='ltr' id='par_1_36' title="bbox 1448 1850 2352 1942">
     <span class='ocr_line' id='line_1_94' title="bbox 1489 1850 2352 1894; baseline 0.008 -16"><span class='ocrx_word' id='word_1_514' title='bbox 1489 1850 1562 1879; x_wconf 88' lang='lat' dir='ltr'><strong>Item</strong></span> <span class='ocrx_word' id='word_1_515' title='bbox 1580 1850 1759 1880; x_wconf 89' lang='lat' dir='ltr'><strong>licenciatus</strong></span> <span class='ocrx_word' id='word_1_516' title='bbox 1778 1851 1832 1880; x_wconf 84' lang='lat' dir='ltr'><strong>fuit</strong></span> <span class='ocrx_word' id='word_1_517' title='bbox 1849 1852 1991 1882; x_wconf 88' lang='lat' dir='ltr'><strong>dominus</strong></span> <span class='ocrx_word' id='word_1_518' title='bbox 2008 1852 2167 1883; x_wconf 84' lang='lat' dir='ltr'><strong>Arnoldus</strong></span> <span class='ocrx_word' id='word_1_519' title='bbox 2181 1854 2218 1883; x_wconf 91' lang='lat' dir='ltr'><strong>de</strong></span> <span class='ocrx_word' id='word_1_520' title='bbox 2235 1854 2352 1894; x_wconf 85' lang='lat' dir='ltr'><strong>Trycht</strong></span> 
     </span>
     <span class='ocr_line' id='line_1_95' title="bbox 1448 1899 2350 1942; baseline 0.006 -14"><span class='ocrx_word' id='word_1_521' title='bbox 1448 1900 1505 1929; x_wconf 91' lang='lat' dir='ltr'><strong>sub</strong></span> <span class='ocrx_word' id='word_1_522' title='bbox 1522 1899 1670 1939; x_wconf 83' lang='lat' dir='ltr'><strong>magistro</strong></span> <span class='ocrx_word' id='word_1_523' title='bbox 1689 1899 1828 1929; x_wconf 89' lang='lat' dir='ltr'><strong>Arnoldo</strong></span> <span class='ocrx_word' id='word_1_524' title='bbox 1849 1901 1943 1937; x_wconf 84' lang='lat' dir='ltr'><strong>Neve,</strong></span> <span class='ocrx_word' id='word_1_525' title='bbox 1965 1901 2052 1942; x_wconf 90' lang='lat' dir='ltr'><strong>cujus</strong></span> <span class='ocrx_word' id='word_1_526' title='bbox 2073 1903 2166 1933; x_wconf 77' lang='lat' dir='ltr'><strong>burse</strong></span> <span class='ocrx_word' id='word_1_527' title='bbox 2186 1903 2227 1932; x_wconf 92' lang='lat' dir='ltr'><strong>IX</strong></span> <span class='ocrx_word' id='word_1_528' title='bbox 2245 1904 2350 1933; x_wconf 87' lang='lat' dir='ltr'><strong>solidi.</strong></span> 
     </span>
    </p>

    <p class='ocr_par' dir='ltr' id='par_1_37' title="bbox 1446 1948 2354 2088">
     <span class='ocr_line' id='line_1_96' title="bbox 1488 1948 2354 1990; baseline 0.007 -13"><span class='ocrx_word' id='word_1_529' title='bbox 1488 1948 1562 1978; x_wconf 89' lang='lat' dir='ltr'><strong>Item</strong></span> <span class='ocrx_word' id='word_1_530' title='bbox 1577 1955 1721 1988; x_wconf 88' lang='lat' dir='ltr'><strong>receptor</strong></span> <span class='ocrx_word' id='word_1_531' title='bbox 1736 1948 1841 1979; x_wconf 89' lang='lat' dir='ltr'><strong>habuit</strong></span> <span class='ocrx_word' id='word_1_532' title='bbox 1855 1950 1931 1980; x_wconf 92' lang='lat' dir='ltr'><strong>duas</strong></span> <span class='ocrx_word' id='word_1_533' title='bbox 1946 1951 2042 1980; x_wconf 85' lang='lat' dir='ltr'><strong>libras</strong></span> <span class='ocrx_word' id='word_1_534' title='bbox 2058 1961 2115 1990; x_wconf 93' lang='lat' dir='ltr'><strong>pro</strong></span> <span class='ocrx_word' id='word_1_535' title='bbox 2131 1951 2229 1982; x_wconf 89' lang='lat' dir='ltr'><strong>officio</strong></span> <span class='ocrx_word' id='word_1_536' title='bbox 2243 1963 2299 1982; x_wconf 90' lang='lat' dir='ltr'><strong>suo</strong></span> <span class='ocrx_word' id='word_1_537' title='bbox 2314 1953 2354 1983; x_wconf 80' lang='lat' dir='ltr'><strong>de</strong></span> 
     </span>
     <span class='ocr_line' id='line_1_97' title="bbox 1447 1988 2352 2041; baseline 0.007 -15"><span class='ocrx_word' id='word_1_538' title='bbox 1447 2008 1526 2027; x_wconf 83' lang='lat' dir='ltr'><strong>anno</strong></span> <span class='ocrx_word' id='word_1_539' title='bbox 1543 1998 1666 2028; x_wconf 91' lang='lat' dir='ltr'><strong>Domini</strong></span> <span class='ocrx_word' id='word_1_540' title='bbox 1680 1988 1711 2029; x_wconf 63' lang='lat' dir='ltr'><strong>Iti</strong></span> <span class='ocrx_word' id='word_1_541' title='bbox 1725 1988 1805 2030; x_wconf 61' lang='lat' dir='ltr'><strong>CflC</strong></span> <span class='ocrx_word' id='word_1_542' title='bbox 1824 1999 1922 2029; x_wconf 92' lang='lat' dir='ltr'><strong>LXIX</strong></span> <span class='ocrx_word' id='word_1_543' title='bbox 1939 2006 2007 2029; x_wconf 86' lang='lat' dir='ltr'><strong>ante</strong></span> <span class='ocrx_word' id='word_1_544' title='bbox 2028 2000 2148 2040; x_wconf 89' lang='lat' dir='ltr'><strong>lapsum</strong></span> <span class='ocrx_word' id='word_1_545' title='bbox 2167 2001 2251 2038; x_wconf 83' lang='lat' dir='ltr'><strong>anni,</strong></span> <span class='ocrx_word' id='word_1_546' title='bbox 2274 2011 2352 2041; x_wconf 81' lang='lat' dir='ltr'><strong>quas</strong></span> 
     </span>
     <span class='ocr_line' id='line_1_98' title="bbox 1446 2046 2349 2088; baseline 0.004 -12"><span class='ocrx_word' id='word_1_547' title='bbox 1446 2047 1484 2075; x_wconf 85' lang='lat' dir='ltr'><strong>ad</strong></span> <span class='ocrx_word' id='word_1_548' title='bbox 1502 2046 1567 2086; x_wconf 86' lang='lat' dir='ltr'><strong>ejus</strong></span> <span class='ocrx_word' id='word_1_549' title='bbox 1579 2048 1833 2088; x_wconf 86' lang='lat' dir='ltr'><strong>supplicationem</strong></span> <span class='ocrx_word' id='word_1_550' title='bbox 1853 2049 1941 2078; x_wconf 87' lang='lat' dir='ltr'><strong>nacio</strong></span> <span class='ocrx_word' id='word_1_551' title='bbox 1953 2050 2079 2079; x_wconf 88' lang='lat' dir='ltr'><strong>dederat</strong></span> <span class='ocrx_word' id='word_1_552' title='bbox 2093 2055 2162 2079; x_wconf 89' lang='lat' dir='ltr'><strong>ante</strong></span> <span class='ocrx_word' id='word_1_553' title='bbox 2175 2050 2349 2080; x_wconf 91' lang='lat' dir='ltr'><strong>terminum.</strong></span> 
     </span>
    </p>

    <p class='ocr_par' dir='ltr' id='par_1_38' title="bbox 1444 2095 2350 2421">
     <span class='ocr_line' id='line_1_99' title="bbox 1486 2095 2350 2139; baseline 0.007 -15"><span class='ocrx_word' id='word_1_554' title='bbox 1486 2095 1560 2125; x_wconf 90' lang='lat' dir='ltr'><strong>Item</strong></span> <span class='ocrx_word' id='word_1_555' title='bbox 1574 2097 1651 2126; x_wconf 79' lang='lat' dir='ltr'><strong>facta</strong></span> <span class='ocrx_word' id='word_1_556' title='bbox 1666 2098 1911 2138; x_wconf 82' lang='lat' dir='ltr'><strong>congregacione</strong></span> <span class='ocrx_word' id='word_1_557' title='bbox 1929 2098 2068 2127; x_wconf 86' lang='lat' dir='ltr'><strong>nacionis</strong></span> <span class='ocrx_word' id='word_1_558' title='bbox 2082 2098 2254 2138; x_wconf 86' lang='lat' dir='ltr'><strong>Anglicane</strong></span> <span class='ocrx_word' id='word_1_559' title='bbox 2266 2100 2350 2139; x_wconf 84' lang='lat' dir='ltr'><strong>apud</strong></span> 
     </span>
     <span class='ocr_line' id='line_1_100' title="bbox 1447 2144 2348 2188; baseline 0.006 -15"><span class='ocrx_word' id='word_1_560' title='bbox 1447 2144 1590 2174; x_wconf 90' lang='lat' dir='ltr'><strong>Sanctum</strong></span> <span class='ocrx_word' id='word_1_561' title='bbox 1603 2145 1756 2176; x_wconf 89' lang='lat' dir='ltr'><strong>Julianum</strong></span> <span class='ocrx_word' id='word_1_562' title='bbox 1773 2157 1940 2187; x_wconf 89' lang='lat' dir='ltr'><strong>pauperem</strong></span> <span class='ocrx_word' id='word_1_563' title='bbox 1961 2148 1978 2176; x_wconf 91' lang='lat'><strong>5</strong></span> <span class='ocrx_word' id='word_1_564' title='bbox 1998 2147 2047 2176; x_wconf 87' lang='lat' dir='ltr'><strong>die</strong></span> <span class='ocrx_word' id='word_1_565' title='bbox 2065 2147 2181 2177; x_wconf 88' lang='lat' dir='ltr'><strong>mensis</strong></span> <span class='ocrx_word' id='word_1_566' title='bbox 2197 2147 2292 2188; x_wconf 86' lang='lat' dir='ltr'><strong>Magii</strong></span> <span class='ocrx_word' id='word_1_567' title='bbox 2308 2149 2348 2178; x_wconf 87' lang='lat' dir='ltr'><strong>ad</strong></span> 
     </span>
     <span class='ocr_line' id='line_1_101' title="bbox 1445 2194 2350 2236; baseline 0.004 -13"><span class='ocrx_word' id='word_1_568' title='bbox 1445 2194 1619 2233; x_wconf 89' lang='lat' dir='ltr'><strong>eligendum</strong></span> <span class='ocrx_word' id='word_1_569' title='bbox 1635 2202 1866 2234; x_wconf 84' lang='lat' dir='ltr'><strong>procuratorem</strong></span> <span class='ocrx_word' id='word_1_570' title='bbox 1889 2202 1919 2225; x_wconf 92' lang='lat' dir='ltr'><strong>et</strong></span> <span class='ocrx_word' id='word_1_571' title='bbox 1935 2197 1973 2225; x_wconf 89' lang='lat' dir='ltr'><strong>ad</strong></span> <span class='ocrx_word' id='word_1_572' title='bbox 1990 2198 2226 2236; x_wconf 88' lang='lat' dir='ltr'><strong>computandum</strong></span> <span class='ocrx_word' id='word_1_573' title='bbox 2241 2207 2296 2227; x_wconf 88' lang='lat' dir='ltr'><strong>seu</strong></span> <span class='ocrx_word' id='word_1_574' title='bbox 2311 2198 2350 2227; x_wconf 85' lang='lat' dir='ltr'><strong>ad</strong></span> 
     </span>
     <span class='ocr_line' id='line_1_102' title="bbox 1445 2245 2347 2286; baseline 0.004 -15"><span class='ocrx_word' id='word_1_575' title='bbox 1445 2250 1618 2283; x_wconf 90' lang='lat' dir='ltr'><strong>compotum</strong></span> <span class='ocrx_word' id='word_1_576' title='bbox 1637 2245 1821 2274; x_wconf 90' lang='lat' dir='ltr'><strong>audiendum</strong></span> <span class='ocrx_word' id='word_1_577' title='bbox 1838 2245 2022 2284; x_wconf 86' lang='lat' dir='ltr'><strong>receptoris,</strong></span> <span class='ocrx_word' id='word_1_578' title='bbox 2043 2245 2175 2285; x_wconf 83' lang='lat' dir='ltr'><strong>singulis</strong></span> <span class='ocrx_word' id='word_1_579' title='bbox 2190 2246 2347 2286; x_wconf 88' lang='lat' dir='ltr'><strong>perceptis</strong></span> 
     </span>
     <span class='ocr_line' id='line_1_103' title="bbox 1445 2293 2350 2333; baseline 0.004 -13"><span class='ocrx_word' id='word_1_580' title='bbox 1445 2298 1474 2320; x_wconf 83' lang='lat' dir='ltr'><strong>et</strong></span> <span class='ocrx_word' id='word_1_581' title='bbox 1491 2293 1641 2332; x_wconf 83' lang='lat' dir='ltr'><strong>expositis</strong></span> <span class='ocrx_word' id='word_1_582' title='bbox 1652 2293 1723 2322; x_wconf 86' lang='lat' dir='ltr'><strong>hinc</strong></span> <span class='ocrx_word' id='word_1_583' title='bbox 1740 2293 1811 2323; x_wconf 93' lang='lat' dir='ltr'><strong>inde</strong></span> <span class='ocrx_word' id='word_1_584' title='bbox 1824 2294 2008 2333; x_wconf 90' lang='lat' dir='ltr'><strong>computatis</strong></span> <span class='ocrx_word' id='word_1_585' title='bbox 2023 2301 2053 2323; x_wconf 93' lang='lat' dir='ltr'><strong>et</strong></span> <span class='ocrx_word' id='word_1_586' title='bbox 2065 2294 2221 2324; x_wconf 82' lang='lat' dir='ltr'><strong>defalcatis</strong></span> <span class='ocrx_word' id='word_1_587' title='bbox 2238 2295 2350 2325; x_wconf 86' lang='lat' dir='ltr'><strong>mansit</strong></span> 
     </span>
     <span class='ocr_line' id='line_1_104' title="bbox 1444 2341 2345 2382; baseline 0.004 -13"><span class='ocrx_word' id='word_1_588' title='bbox 1444 2341 1586 2370; x_wconf 90' lang='lat' dir='ltr'><strong>dominus</strong></span> <span class='ocrx_word' id='word_1_589' title='bbox 1615 2349 1758 2381; x_wconf 89' lang='lat' dir='ltr'><strong>receptor</strong></span> <span class='ocrx_word' id='word_1_590' title='bbox 1787 2343 1940 2382; x_wconf 89' lang='lat' dir='ltr'><strong>obligatus</strong></span> <span class='ocrx_word' id='word_1_591' title='bbox 1970 2343 2092 2372; x_wconf 91' lang='lat' dir='ltr'><strong>nacioni</strong></span> <span class='ocrx_word' id='word_1_592' title='bbox 2118 2343 2149 2372; x_wconf 89' lang='lat' dir='ltr'><strong>in</strong></span> <span class='ocrx_word' id='word_1_593' title='bbox 2177 2343 2218 2373; x_wconf 92' lang='lat' dir='ltr'><strong>IX</strong></span> <span class='ocrx_word' id='word_1_594' title='bbox 2244 2344 2345 2380; x_wconf 86' lang='lat' dir='ltr'><strong>libris,</strong></span> 
     </span>
     <span class='ocr_line' id='line_1_105' title="bbox 1444 2389 1869 2421; baseline 0.007 -3"><span class='ocrx_word' id='word_1_595' title='bbox 1444 2389 1472 2418; x_wconf 94' lang='grc' dir='ltr'><strong>ΙΙ</strong></span> <span class='ocrx_word' id='word_1_596' title='bbox 1489 2389 1597 2419; x_wconf 88' lang='lat' dir='ltr'><strong>solidis</strong></span> <span class='ocrx_word' id='word_1_597' title='bbox 1614 2397 1644 2420; x_wconf 91' lang='lat' dir='ltr'><strong>et</strong></span> <span class='ocrx_word' id='word_1_598' title='bbox 1659 2391 1703 2420; x_wconf 92' lang='lat'><strong>111</strong></span> <span class='ocrx_word' id='word_1_599' title='bbox 1722 2391 1869 2421; x_wconf 91' lang='lat' dir='ltr'><strong>denariis.</strong></span> 
     </span>
    </p>
   </div>
   <div class='ocr_carea' id='block_1_21' title="bbox 1850 2483 1947 2514">
    <p class='ocr_par' dir='ltr' id='par_1_39' title="bbox 1850 2483 1947 2514">
     <span class='ocr_line' id='line_1_106' title="bbox 1850 2483 1947 2514; baseline 0.021 -2"><span class='ocrx_word' id='word_1_600' title='bbox 1850 2483 1947 2514; x_wconf 81' lang='lat'>1369</span> 
     </span>
    </p>
   </div>
   <div class='ocr_carea' id='block_1_22' title="bbox 1443 2553 2348 2642">
    <p class='ocr_par' dir='ltr' id='par_1_40' title="bbox 1443 2553 2348 2642">
     <span class='ocr_line' id='line_1_107' title="bbox 1443 2553 2348 2594; baseline 0.002 -12"><span class='ocrx_word' id='word_1_601' title='bbox 1443 2553 1684 2583; x_wconf 85' lang='lat' dir='ltr'><strong>continuatio</strong></span> <span class='ocrx_word' id='word_1_602' title='bbox 1711 2554 1881 2594; x_wconf 85' lang='lat' dir='ltr'><strong>magistri</strong></span> <span class='ocrx_word' id='word_1_603' title='bbox 1915 2554 2096 2584; x_wconf 89' lang='lat' dir='ltr'><strong>Hartwici</strong></span> <span class='ocrx_word' id='word_1_604' title='bbox 2122 2555 2164 2584; x_wconf 91' lang='lat' dir='ltr'><strong>de</strong></span> <span class='ocrx_word' id='word_1_605' title='bbox 2188 2554 2348 2585; x_wconf 87' lang='lat' dir='ltr'><strong>Hammis</strong></span> 
     </span>
     <span class='ocr_line' id='line_1_108' title="bbox 1713 2603 2075 2642; baseline 0 -10"><span class='ocrx_word' id='word_1_606' title='bbox 1713 2603 1748 2632; x_wconf 91' lang='lat' dir='ltr'><strong>in</strong></span> <span class='ocrx_word' id='word_1_607' title='bbox 1779 2609 2075 2642; x_wconf 86' lang='lat' dir='ltr'><strong>procuratorem.</strong></span> 
     </span>
    </p>
   </div>
   <div class='ocr_carea' id='block_1_23' title="bbox 1442 2682 2346 2770">
    <p class='ocr_par' dir='ltr' id='par_1_41' title="bbox 1442 2682 2346 2770">
     <span class='ocr_line' id='line_1_109' title="bbox 1483 2682 2344 2724; baseline 0.003 -13"><span class='ocrx_word' id='word_1_608' title='bbox 1483 2682 1556 2712; x_wconf 90' lang='lat' dir='ltr'><strong>Item</strong></span> <span class='ocrx_word' id='word_1_609' title='bbox 1582 2683 1688 2722; x_wconf 87' lang='lat' dir='ltr'><strong>quinta</strong></span> <span class='ocrx_word' id='word_1_610' title='bbox 1712 2683 1761 2712; x_wconf 92' lang='lat' dir='ltr'><strong>die</strong></span> <span class='ocrx_word' id='word_1_611' title='bbox 1786 2684 1901 2713; x_wconf 87' lang='lat' dir='ltr'><strong>mensis</strong></span> <span class='ocrx_word' id='word_1_612' title='bbox 1930 2684 2025 2723; x_wconf 84' lang='lat' dir='ltr'><strong>Magii</strong></span> <span class='ocrx_word' id='word_1_613' title='bbox 2049 2694 2128 2713; x_wconf 88' lang='lat' dir='ltr'><strong>anno</strong></span> <span class='ocrx_word' id='word_1_614' title='bbox 2152 2694 2213 2724; x_wconf 89' lang='lat' dir='ltr'><strong>quo</strong></span> <span class='ocrx_word' id='word_1_615' title='bbox 2239 2695 2344 2724; x_wconf 87' lang='lat' dir='ltr'><strong>supra,</strong></span> 
     </span>
     <span class='ocr_line' id='line_1_110' title="bbox 1442 2731 2346 2770; baseline 0.003 -10"><span class='ocrx_word' id='word_1_616' title='bbox 1442 2732 1559 2761; x_wconf 90' lang='lat' dir='ltr'><strong>scilicet</strong></span> <span class='ocrx_word' id='word_1_617' title='bbox 1585 2731 1734 2762; x_wconf 80' lang='lat' dir='ltr'><strong>sabbato⁷</strong></span> <span class='ocrx_word' id='word_1_618' title='bbox 1763 2739 1832 2762; x_wconf 85' lang='lat' dir='ltr'><strong>ante</strong></span> <span class='ocrx_word' id='word_1_619' title='bbox 1855 2731 2078 2762; x_wconf 85' lang='lat' dir='ltr'><strong>Ascensionem</strong></span> <span class='ocrx_word' id='word_1_620' title='bbox 2109 2733 2245 2770; x_wconf 87' lang='lat' dir='ltr'><strong>Domini,</strong></span> <span class='ocrx_word' id='word_1_621' title='bbox 2269 2734 2346 2763; x_wconf 79' lang='lat' dir='ltr'><strong>sacta</strong></span> 
     </span>
    </p>
   </div>
   <div class='ocr_carea' id='block_1_24' title="bbox 1470 2819 1956 2914">
    <p class='ocr_par' dir='ltr' id='par_1_42' title="bbox 1470 2819 1956 2914">
     <span class='ocr_line' id='line_1_111' title="bbox 1470 2819 1956 2844; baseline 0.004 -2"><span class='ocrx_word' id='word_1_622' title='bbox 1470 2821 1492 2842; x_wconf 89' lang='lat'><strong>5.</strong></span> <span class='ocrx_word' id='word_1_623' title='bbox 1527 2821 1596 2842; x_wconf 74' lang='lat' dir='ltr'><strong>Inter</strong></span> <span class='ocrx_word' id='word_1_624' title='bbox 1608 2819 1691 2843; x_wconf 72' lang='lat' dir='ltr'><strong>lineas</strong></span> <span class='ocrx_word' id='word_1_625' title='bbox 1702 2819 1734 2844; x_wconf 90' lang='lat' dir='ltr'><strong>de</strong></span> <span class='ocrx_word' id='word_1_626' title='bbox 1744 2820 1956 2844; x_wconf 79' lang='lat' dir='ltr'><strong>Tekenenberch.</strong></span> 
     </span>
     <span class='ocr_line' id='line_1_112' title="bbox 1470 2855 1725 2878; baseline 0 0"><span class='ocrx_word' id='word_1_627' title='bbox 1470 2856 1493 2878; x_wconf 86' lang='grc'><strong>6.</strong></span> <span class='ocrx_word' id='word_1_628' title='bbox 1527 2856 1574 2878; x_wconf 73' lang='lat' dir='ltr'><strong>Ms.</strong></span> <span class='ocrx_word' id='word_1_629' title='bbox 1588 2855 1651 2878; x_wconf 79' lang='lat' dir='ltr'><strong>add.</strong></span> <span class='ocrx_word' id='word_1_630' title='bbox 1665 2863 1725 2878; x_wconf 88' lang='lat' dir='ltr'><strong>non.</strong></span> 
     </span>
     <span class='ocr_line' id='line_1_113' title="bbox 1470 2890 1629 2914; baseline -0.006 0"><span class='ocrx_word' id='word_1_631' title='bbox 1470 2891 1492 2914; x_wconf 86' lang='lat'><strong>7.</strong></span> <span class='ocrx_word' id='word_1_632' title='bbox 1527 2892 1541 2914; x_wconf 88' lang='grc'>5</span> <span class='ocrx_word' id='word_1_633' title='bbox 1556 2890 1629 2914; x_wconf 79' lang='lat' dir='ltr'><strong>Maii.</strong></span> 
     </span>
    </p>
   </div>
  </div>
 </body>
</html>
