2632 3464
1239 0 1256 2 t.
1267 0 1269 2 -
1286 0 1291 17 ζ
1305 0 1340 26 κγ’-,4-
1355 0 1370 18 ⁴³!
1379 2 1382 3 .
1390 0 1700 30 -ψίςῖζξιῖῐιμιῆιρῃῆῇἰζῃτ
1708 8 1714 12 e
1726 8 1727 12 ,
1742 22 1745 28 Α
1820 3 1830 11 .‹
1849 7 1868 25 Γ..
1883 15 1914 20 .,
1932 2 1934 6 >
1987 11 1995 22 Υ

1349 28 1353 35 ς
1510 30 1512 34 >
1585 39 1587 41 Ι
1602 25 1607 30 ’
1618 28 1643 43 ji,
1670 25 1686 40 ῥα
1708 36 1711 37 ⁷
1751 24 1778 38 .·;.=
1800 27 1810 34 »ὲ
1887 23 1937 43 “5-

1504 49 1514 57 ,
1602 51 1604 53 ,
1705 48 1709 52 .

422 451 472 477 755

422 527 474 557 ubi
499 527 640 556 Piccardi
665 526 778 556 habent
800 527 1036 566 proprietatem,
1066 537 1123 566 pro
1150 537 1207 556 usu
1233 536 1323 566 quem

424 576 537 606 habent
558 575 699 605 Piccardi
719 576 750 604 in
770 576 863 605 scolis
885 575 1082 605 Gallicorum.
1107 576 1152 604 2¹³⁶
1178 575 1323 605 articulus

420 632 486 655 erat
505 635 599 665 super
614 624 897 664 supplicacionibus
915 631 945 654 et
961 623 1093 663 injuriis.

461 675 561 714 Super
580 674 680 713 primo
709 674 824 713 placuit
849 674 969 703 nacioni
996 673 1047 702 illa
1072 673 1270 712 permutacio‚
1291 679 1325 702 ut

420 723 496 753 alias
515 723 769 758 deliberaverant,
788 729 817 752 et
833 729 964 762 protunc
983 722 1169 762 supplicavit
1189 722 1277 751 nacio
1293 722 1324 751 in

419 773 548 802 nacione
561 772 730 807 Piccardie‚
746 782 805 811 que
821 771 914 800 eciam
928 771 1034 800 habuit
1048 770 1324 810 congregacionem

421 828 553 862 protunc
578 831 672 860 super
693 822 797 850 eadem
822 820 962 855 materia,
983 826 1016 849 ut
1036 820 1129 849 vellet
1150 825 1324 859 permutare

423 871 584 900 nobiscum
603 880 690 899 usum
707 880 764 908 pro
777 880 834 899 usu
850 869 960 904 eciam,
978 869 1063 898 sicud
1083 874 1194 898 tactum
1210 874 1267 898 est.
1285 868 1326 898 Et

426 920 588 958 respondit
605 919 692 948 nacio
714 918 874 947 Piccardie
895 918 975 957 quod
994 918 1125 946 libenter
1143 917 1234 947 vellet
1255 927 1324 956 per-

422 975 538 998 mutare
551 968 711 997 nobiscum
724 977 827 996 amore
845 967 1020 1000 concordie,
1036 966 1093 995 hoc
1106 973 1206 995 tamen
1220 966 1324 995 addito

424 1018 507 1057 quod
529 1018 559 1046 in
583 1027 655 1046 casu
680 1026 740 1055 quo
760 1016 953 1055 contingeret
975 1014 1154 1044 nacionem⁴
1183 1015 1324 1044 edificare

423 1067 537 1096 ibidem
553 1076 647 1095 novas
665 1065 776 1100 scolas,
796 1066 878 1104 quod
895 1064 987 1094 vellet
1003 1065 1118 1104 gradus
1133 1074 1248 1103 ponere
1267 1074 1325 1103 per

970 450 1193 477 AUCTARIUM
1213 449 1470 476 CHARTULARII
1492 450 1663 477 UNIVERS.
1685 450 1801 477 PARIS.

1361 970 1395 995 10

421 1125 513 1145 unum
531 1116 640 1154 pedem
658 1114 728 1153 plus
744 1124 838 1153 supra
854 1120 966 1142 terram
984 1123 1080 1148 suam,
1098 1113 1216 1142 scilicet
1231 1122 1326 1152 supra
1365 1120 1368 1122 ·

420 1164 505 1193 illum
531 1163 692 1193 transitum
722 1173 811 1202 quem
844 1162 948 1191 habuit
976 1162 1063 1191 nacio
1094 1162 1208 1191 ibidem
1240 1162 1324 1191 clau-

422 1224 500 1248 sum,
523 1213 560 1241 ad
581 1213 671 1241 finem
697 1218 730 1241 ut
755 1211 899 1241 cathedra
922 1213 1061 1251 ipsorum
1087 1211 1118 1240 in
1143 1211 1236 1240 scolis
1259 1210 1324 1240 suis

420 1262 546 1291 haberet
577 1262 652 1291 satis
683 1262 720 1290 de
755 1260 878 1290 lumine.
910 1260 949 1289 Et
979 1260 1208 1300 regraciabatur
1236 1260 1324 1289 nacio

422 1311 511 1351 ipsis,
531 1317 560 1340 et
577 1310 655 1339 dixit
675 1316 858 1349 procurator
877 1310 959 1349 quod
976 1309 1107 1338 libenter
1126 1309 1177 1338 illa
1194 1309 1325 1338 referret

420 1360 450 1389 in
467 1360 606 1389 nacione.

459 1411 560 1449 Super
578 1410 608 1437 2⁰
626 1408 812 1448 supplicavit
827 1408 878 1436 ille
898 1407 1039 1436 dominus
1058 1408 1095 1437 de
1116 1407 1250 1442 Zwesia,
1270 1407 1323 1446 qui

419 1459 494 1488 alias
510 1458 695 1497 supplicavit
712 1464 744 1486 ut
764 1458 884 1492 domus,
900 1467 959 1496 que
977 1458 1133 1496 spectabat
1147 1457 1184 1485 ad
1200 1456 1323 1495 provin-

424 1509 499 1537 ciam
515 1507 635 1537 Zwesie
657 1507 714 1536 sita
734 1507 764 1535 in
784 1506 852 1536 vico
871 1505 1009 1535 Brunelli
1027 1507 1069 1534 ad
1084 1507 1252 1544 ymaginem
1269 1516 1324 1534 no-

419 1565 479 1585 stre
495 1558 631 1591 Domine,
649 1556 709 1585 sibi
731 1556 924 1590 redderetur,
941 1561 970 1584 et
994 1555 1120 1584 adduxit
1140 1554 1253 1583 1bidem
1270 1554 1323 1583 ali-

420 1616 498 1645 quos
521 1611 628 1640 testes,
647 1611 680 1634 ut
697 1604 771 1633 alias
790 1604 849 1633 sibi
866 1614 923 1643 per
937 1604 1096 1632 nacionem
1112 1610 1177 1632 erat
1191 1613 1323 1642 respon-

419 1665 485 1684 sum
508 1655 590 1694 quod
606 1655 728 1683 faceret.
749 1654 788 1682 Et
811 1660 942 1692 protunc
965 1653 1052 1681 nacio
1069 1663 1130 1681 non
1149 1652 1261 1682 auditis
1277 1658 1324 1681 te-

420 1706 519 1734 stibus
534 1703 654 1732 remisit
664 1713 731 1732 eum
746 1704 783 1731 ad
795 1702 1044 1736 Universitatem,
1054 1712 1121 1730 cum
1135 1702 1222 1730 nacio
1234 1701 1324 1730 habe-

422 1760 468 1782 ret
489 1754 611 1782 domum
634 1752 803 1791 predictam
823 1752 860 1780 ab
878 1750 1098 1785 Universitate,
1118 1757 1147 1780 et
1164 1751 1246 1790 quod
1264 1750 1324 1779 ibi-

423 1803 490 1831 dem
513 1803 638 1831 doceret
650 1800 702 1841 jus
715 1811 814 1835 suum,
827 1806 857 1829 et
870 1800 958 1829 nacio
974 1800 1105 1829 libenter
1120 1799 1179 1828 sibi
1195 1799 1324 1828 assiste-

420 1858 467 1880 ret
481 1857 538 1880 etc.

827 1902 923 1932 1398

418 1971 506 2001 Acta
551 1971 586 2000 in
629 1970 892 2010 procuratoria
932 1970 1104 2009 magistri
1143 1969 1322 1999 Johannis

556 2021 598 2049 de
634 2020 771 2055 Zande,
806 2019 898 2048 alias
928 2019 969 2047 de
1008 2019 1182 2058 Campen.

460 2097 534 2126 Item
552 2097 627 2125 facta
640 2096 886 2135 congregacione
904 2094 1042 2123 nacionis
1058 2093 1228 2133 Anglicane
1243 2104 1322 2124 anno

423 2146 545 2175 Domini
564 2144 918 2174 M⁰CCC⁰LXXXXV11⁰
933 2144 1099 2172 secundum
1116 2143 1218 2172 stilum
1232 2143 1323 2182 galli-

420 2205 540 2229 canum,
563 2194 644 2233 apud
670 2193 813 2222 Sanctum
838 2193 990 2221 Julianum
1016 2202 1194 2231 pauperem,
1219 2192 1323 2221 xl111=

423 2244 472 2273 die
502 2243 618 2272 mensis
644 2242 792 2276 Januarii,
824 2241 899 2270 hora
928 2241 1025 2280 prima
1049 2241 1161 2270 Nostre
1191 2241 1321 2270 Domine

423 2302 517 2332 super
530 2298 661 2331 quatuor
674 2290 822 2320 articulis.
835 2290 957 2319 Primus
973 2290 1010 2318 ad
1022 2289 1197 2329 eligendum
1209 2300 1321 2319 novum

424 2347 651 2380 procuratorem
667 2339 715 2368 vel
731 2340 767 2367 ad
781 2339 1018 2367 continuandum
1036 2338 1204 2377 antiquum.
1224 2339 1270 2366 2⁸·
1283 2339 1321 2367 ad

421 2390 605 2418 audiendum
619 2394 792 2427 compotum
808 2388 923 2416 domini
939 2387 1121 2426 receptoris,
1138 2388 1184 2416 3¹¹⁸
1196 2388 1234 2416 ad
1249 2388 1321 2416 dan-

423 2440 494 2467 dum
523 2437 681 2467 Piccardis
712 2447 896 2476 responsum
927 2446 1021 2475 super
1054 2437 1130 2465 sacto
1169 2436 1320 2465 scolarum

424 2495 534 2528 septem
558 2488 684 2521 arcium,
709 2486 791 2525 quod
815 2485 875 2524 ipsi
898 2485 1072 2524 petiverunt
1092 2495 1109 2514 a
1131 2485 1269 2520 nacione,
1289 2491 1322 2514 ut

425 2543 505 2575 patet
518 2536 591 2565 satis
608 2536 638 2564 in
652 2534 894 2574 congregacione
908 2544 964 2573 per
976 2540 1044 2563 ante
1060 2544 1154 2573 super
1166 2534 1223 2563 hoc
1239 2534 1321 2563 cele-

421 2586 518 2614 brata.
533 2585 578 2613 4¹¹⁸
594 2594 687 2623 super
705 2583 987 2623 supplicacionibus
1005 2589 1034 2612 et
1050 2582 1180 2622 injuriis.

461 2634 560 2672 Super
578 2643 706 2672 quorum
726 2633 826 2671 primo
844 2632 1036 2661 continuatus
1055 2632 1110 2660 fuit
1126 2631 1321 2661 concorditer

418 2683 448 2711 in
465 2689 693 2721 procuratorem
715 2682 828 2720 prefate
847 2681 984 2710 nacionis
1004 2681 1151 2720 magister
1164 2680 1319 2709 Johannes

420 2733 457 2760 de
476 2732 588 2766 Zande,
604 2731 655 2770 qui
677 2736 806 2769 protunc
830 2730 922 2759 solvit
939 2729 969 2758 in
987 2730 1114 2758 taberna
1128 2729 1167 2758 Vl
1189 2729 1318 2764 solidos,

419 2787 450 2808 et
463 2787 606 2819 receptor
623 2791 659 2808 ex
679 2786 765 2819 parte
785 2778 923 2808 nacionis
940 2778 967 2807 X
989 2778 1091 2813 albos,
1109 2788 1167 2817 que
1189 2777 1319 2817 pecunie

422 2835 550 2866 protunc
572 2834 658 2857 erant
679 2827 803 2856 realiter
828 2833 998 2867 perpotate.
1021 2826 1121 2865 Super
1150 2827 1180 2854 2⁰
1204 2826 1320 2865 placuit

421 2877 542 2905 nacioni
558 2877 680 2905 differre
694 2883 867 2915 compotum
882 2875 997 2904 domini
1010 2874 1192 2914 receptoris.

450 2978 473 3001 1.
505 2977 564 3001 Scil.
576 2978 693 3009 Angliae.

1362 1215 1395 1240 15

1361 1460 1394 1486 20

1361 1705 1394 1731 25

1360 1950 1393 1976 30

1359 2195 1392 2220 35

1358 2439 1392 2465 40

1357 2684 1390 2710 45

2285 454 2337 480 756

1473 526 1574 565 Super
1586 527 1617 556 3Ω
1630 536 1813 566 responsum
1829 533 1894 556 erat
1908 527 1951 556 ibi
1966 534 2037 557 tunc
2053 527 2212 558 Piccardis
2231 538 2287 568 per
2300 539 2336 559 os

1431 576 1654 615 procuratoris,
1674 576 1756 615 quod
1775 576 1863 605 nacio
1880 586 1943 605 non
1962 576 2054 606 vellet
2070 577 2115 606 eis
2131 577 2247 617 aliquid
2262 588 2337 618 pro-

1433 624 1553 654 mittere
1575 626 1612 654 de
1634 624 1687 654 illo
1710 626 1788 664 pede
1806 631 1899 660 terre,
1919 635 2009 664 quem
2029 626 2205 665 petiverunt
2223 627 2260 656 de
2283 626 2336 656 illo

1432 674 1563 703 transitu
1580 674 1697 709 medio,
1717 674 1789 713 quia
1809 675 1847 703 de
1870 674 1922 703 illo
1939 674 2070 704 transitu
2087 675 2175 704 nacio
2193 685 2254 704 non
2272 681 2338 705 erat

1433 723 1511 752 bene
1533 729 1630 758 certa;
1651 723 1706 752 sed
1729 729 1829 752 tamen
1849 723 2005 763 pretendit
2025 723 2139 753 babere
2156 723 2208 764 jus
2230 724 2262 753 in
2283 724 2336 754 illo

1434 771 1576 800 transitu.
1599 771 1639 801 Et
1663 772 1689 801 si
1709 778 1792 801 esset
1809 772 1974 802 certificata
1990 773 2028 801 de
2044 772 2118 808 hoc,
2135 779 2165 802 et
2182 773 2338 803 edificaret

1434 820 1547 849 ibidem
1571 830 1666 850 novas
1691 821 1803 856 scolas,
1827 827 1855 851 et
1881 821 1906 850 si
1934 822 2047 850 faceret
2069 821 2182 851 ibidem
2208 823 2334 861 gradus,

1435 870 1512 898 bene
1535 869 1628 899 vellet
1649 870 1694 899 eis
1718 870 1817 899 facere
1841 870 1975 910 graciam
1999 876 2030 899 et
2051 881 2114 900 non
2140 871 2267 900 multum
2291 871 2336 900 eis

1435 918 1656 947 contradicere.
1675 918 1736 948 Sed
1751 919 1847 948 nichil
1863 919 1960 949 voluit
1975 919 2019 948 eis
2037 919 2227 959 promittere.
2244 919 2284 949 Et
2297 921 2336 949 de

1433 967 1496 996 illis
1511 967 1538 996 X
1551 967 1672 1003 solidis,
1689 977 1768 1007 quos
1782 968 1958 1007 petiverunt
1972 969 2127 998 annuatim
2143 969 2174 997 in
2187 979 2259 998 casu
2274 979 2336 1008 quo

1434 1016 1521 1045 nacio
1549 1016 1593 1045 eis
1622 1026 1684 1045 non
1707 1018 1889 1046 concederet
1914 1017 1998 1046 illum
2028 1018 2148 1056 pedem,
2174 1017 2338 1057 respondit

1433 1065 1520 1094 nacio
1536 1066 1618 1104 quod
1633 1065 1728 1095 nichil
1745 1065 1842 1095 voluit
1856 1067 1940 1101 dare,
1957 1067 2040 1105 quod
2054 1066 2216 1096 videbatur
2231 1073 2336 1096 notum

1435 1115 1517 1153 quod
1533 1113 1644 1153 injuste
1662 1114 1732 1143 illos
1748 1114 1933 1154 petiverunt.

1476 1163 1576 1202 Super
1591 1164 1622 1191 4⁰
1639 1163 1826 1202 supplicavit
1839 1164 1986 1203 magister
2000 1163 2179 1203 Rutgherus
2196 1164 2234 1193 de
2252 1164 2336 1193 Swe-

1436 1212 1491 1247 sia,
1504 1213 1588 1251 quod
1601 1222 1669 1241 cum
1684 1212 1725 1241 ita
1737 1219 1820 1241 esset
1831 1213 1915 1251 quod
1928 1212 1995 1251 ipse
2008 1219 2073 1242 erat
2087 1219 2155 1242 actu
2167 1222 2292 1253 regens,
2307 1219 2338 1242 et

1433 1271 1496 1290 non
1511 1261 1628 1300 legerat
1643 1271 1698 1300 per
1713 1260 1858 1300 majorem
1872 1267 1990 1300 partem
2006 1261 2154 1291 ordinarii
2168 1262 2256 1291 sicud
2270 1261 2336 1301 qui-

1432 1309 1508 1339 libet
1530 1320 1644 1350 regens
1669 1311 1767 1339 facere
1788 1316 1920 1345 tenetur,
1942 1311 2025 1349 quod
2043 1310 2131 1340 nacio
2155 1310 2248 1341 vellet
2268 1320 2336 1340 eum

1432 1359 1550 1399 quitare
1569 1365 1598 1388 et
1613 1359 1772 1388 absolvere
1792 1359 1830 1388 de
1847 1359 2005 1388 solucione
2025 1359 2193 1394 scolarum,
2211 1359 2283 1399 quia
2299 1369 2336 1389 ex

1433 1415 1515 1438 certa
1541 1418 1632 1438 causa
1658 1409 1819 1447 oportebat
1843 1418 1909 1437 eum
1935 1408 2019 1437 exire
2044 1408 2157 1438 villam.
2189 1409 2220 1438 2⁰
2253 1409 2336 1448 quod

1432 1458 1521 1487 nacio
1539 1457 1631 1487 vellet
1647 1458 1838 1497 respondere
1859 1467 1917 1496 pro
1935 1457 2005 1497 ipso
2027 1457 2059 1486 in
2081 1467 2153 1487 casu
2175 1468 2236 1497 quo
2253 1457 2337 1487 indi—

1437 1513 1524 1547 geret
1538 1506 1649 1536 litteris
1665 1506 1804 1536 nacionis
1818 1507 1867 1536 vel
1884 1506 1952 1535 aliis
1970 1506 2134 1536 similibus.
2156 1506 2240 1544 Quas
2260 1517 2336 1546 sup-

1435 1555 1622 1596 plicaciones
1638 1555 1725 1584 nacio
1743 1555 1898 1584 concessit
1912 1555 1983 1584 sibi.

1475 1605 1549 1634 Item
1566 1605 1643 1634 facta
1657 1604 1903 1644 congregacione
1917 1604 2056 1633 nacionis
2070 1604 2241 1644 Anglicane
2256 1614 2336 1634 anno

1435 1654 1559 1684 Domini
1580 1664 1640 1692 quo
1656 1663 1764 1693 supra,
1781 1653 1881 1682 xxll-
1898 1653 1947 1682 die
1962 1652 2077 1682 mensis
2094 1653 2246 1688 Januarii,
2261 1653 2338 1683 hora

1434 1703 1533 1742 prima
1547 1703 1659 1732 Nostre
1678 1702 1809 1732 Domine
1821 1703 1902 1741 apud
1916 1702 2060 1731 Sanctum
2075 1702 2261 1732 Maturinum
2278 1702 2336 1731 im-

1434 1752 1563 1782 mediate
1578 1758 1650 1791 post
1665 1762 1836 1781 sermonem
1852 1752 1962 1781 factum
1978 1751 2009 1780 in
2024 1751 2074 1780 die
2089 1751 2170 1780 beati
2182 1751 2336 1780 Vincentii

1433 1811 1527 1841 super
1553 1802 1672 1830 duobus
1704 1800 1852 1830 articulis.
1884 1799 2008 1829 Primus
2037 1800 2184 1829 articulus
2207 1806 2273 1829 erat
2298 1800 2336 1829 ad

1434 1851 1618 1880 audiendum
1647 1850 1830 1879 relacionem
1859 1850 2072 1888 deputatorum
2101 1849 2266 1878 missorum
2298 1859 2336 1878 ex

1434 1906 1520 1939 parte
1531 1899 1669 1928 nacionis
1682 1899 1719 1927 ad
1730 1898 1909 1938 magistrum
1922 1897 2128 1927 Guilhelmum
2140 1896 2335 1937 Charceney²

1433 1958 1528 1988 super
1543 1949 1621 1977 sacto
1639 1946 1791 1976 scolarum
1809 1954 1918 1985 septem
1939 1948 2069 1982 arcium,
2089 1946 2158 1986 quia
2177 1947 2335 1985 predictus

1436 1997 1583 2037 magister
1601 1995 1792 2026 Guilhelmus
1810 1995 1915 2025 habuit
1933 1996 2084 2035 quendam
2101 1995 2263 2025 transitum
2278 2005 2336 2034 per

1434 2047 1535 2076 scolas
1551 2053 1662 2084 septem
1686 2046 1800 2073 arcium
1819 2051 1950 2084 protunc
1979 2045 2181 2080 obstructum,
2201 2050 2231 2073 et
2250 2043 2334 2074 scole

1432 2102 1519 2125 erant
1534 2095 1574 2124 ita
1591 2094 1733 2129 ruinose,
1751 2094 1834 2133 quod
1849 2094 2011 2133 oportebat
2025 2103 2076 2122 eas
2094 2093 2131 2122 de
2146 2103 2227 2122 novo
2242 2102 2333 2132 repa-

1432 2155 1516 2180 rare;
1534 2145 1588 2173 sed
1604 2143 1675 2183 quia
1687 2143 1845 2182 predictus
1859 2142 2006 2182 magister
2022 2141 2127 2171 habuit
2135 2141 2186 2181 jus
2202 2141 2233 2171 in
2249 2148 2334 2171 tran—

1432 2194 1504 2228 situ,
1522 2194 1590 2222 ideo
1607 2193 1695 2222 nacio
1718 2191 1816 2221 noluit
1837 2192 1978 2221 edificare
2001 2191 2068 2220 sine
2088 2200 2242 2220 consensu
2264 2200 2331 2220 suo.

1432 2243 1471 2272 Et
1493 2242 1670 2281 petiverunt
1688 2241 1820 2280 predicti
1840 2240 1988 2280 deputati,
2011 2239 2130 2269 scilicet
2151 2245 2334 2279 procurator

1432 2298 1462 2320 et
1475 2297 1627 2330 receptor,
1637 2290 1754 2319 scilicet
1763 2290 1910 2329 magister
1921 2289 2052 2328 Egidius
2064 2289 2191 2323 Jutfaes,
2201 2293 2230 2317 et
2239 2287 2334 2327 magi-

1431 2347 1496 2370 ster
1517 2340 1660 2369 Galterus
1677 2339 1844 2368 Forestarii
1865 2338 1976 2367 Scotus
1992 2337 2064 2376 (Fol.
2083 2339 2121 2367 35
2136 2337 2172 2376 ¹³),
2192 2346 2228 2366 ex
2245 2342 2333 2376 parte

1431 2389 1570 2418 nacionis
1589 2399 1606 2417 a
1624 2388 1764 2428 predicto
1784 2387 1934 2427 magistro
1952 2386 2125 2416 Guilhelmo
2143 2386 2226 2425 quod
2243 2385 2335 2415 vellet

1429 2439 1474 2467 eis
1491 2438 1645 2467 dimittere
1660 2436 1821 2466 transitum
1832 2436 1917 2465 illum
1932 2445 2035 2465 amore
2045 2434 2196 2469 nacionis,
2206 2439 2236 2463 et
2246 2433 2334 2463 nacio

1429 2487 1504 2516 alias
1528 2487 1640 2515 faceret
1654 2495 1711 2525 pro
1728 2485 1808 2525 ipso.
1828 2484 1868 2514 Et
1884 2483 2046 2523 respondit
2061 2482 2219 2522 predictus
2235 2482 2334 2522 magi-

1431 2542 1495 2565 ster
1521 2536 1603 2574 quod
1630 2534 1762 2563 libenter
1790 2533 1957 2562 dimitteret
1983 2531 2145 2561 transitum
2178 2531 2264 2560 illum
2293 2531 2332 2560 ob

1431 2594 1565 2613 amorem
1581 2583 1731 2618 nacionis,
1743 2582 1801 2611 hoc
1816 2582 1919 2611 addito
1935 2581 2018 2621 quod
2032 2581 2155 2620 quando
2168 2580 2256 2609 nacio
2269 2579 2332 2609 edi-

1428 2634 1537 2662 ficaret
1556 2633 1623 2661 illas
1644 2631 1760 2666 scolas,
1782 2631 1864 2670 quod
1884 2629 1976 2660 vellet
1995 2635 2109 2658 tantum
2132 2630 2229 2658 facere
2249 2628 2332 2668 quod

1428 2692 1491 2711 non
1508 2682 1634 2711 haberet
1648 2690 1751 2710 casum
1766 2689 1844 2719 aque
1857 2679 1888 2708 in
1900 2678 1960 2708 alio
1973 2678 2104 2708 transitu
2120 2688 2187 2713 sun,
2205 2677 2257 2707 ubi
2269 2677 2332 2717 jam

1429 2731 1530 2768 habet,
1547 2737 1576 2759 et
1590 2730 1686 2759 voluit
1699 2730 1780 2768 quod
1793 2728 1880 2757 nacio
1897 2728 2008 2756 faceret
2021 2727 2063 2756 ibi
2079 2736 2199 2756 murum
2214 2732 2330 2755 rectum

1427 2790 1525 2818 usque
1544 2780 1582 2808 ad
1605 2785 1727 2808 tectum.
1744 2779 1782 2806 Et
1802 2783 1874 2806 tunc
1892 2776 2067 2815 petiverunt
2081 2775 2214 2815 predicti
2231 2775 2331 2814 depu-

1428 2828 1496 2862 tati,
1513 2838 1581 2857 cum
1601 2828 1642 2856 ibi
1661 2827 1828 2866 perderent
1846 2835 1937 2854 unum
1954 2825 2061 2864 pedem
2078 2825 2110 2853 in
2125 2823 2283 2853 latitudine
2300 2823 2332 2852 in

1427 2877 1520 2905 scolis
1540 2876 1769 2915 superioribus,
1795 2875 1876 2913 quod
1896 2873 1988 2903 vellet
2008 2873 2129 2902 nacioni
2147 2873 2220 2903 dare
2239 2870 2332 2900 dimi-

1458 2975 1480 2997 2.
1514 2974 1594 3005 Infra,
1609 2981 1634 3004 p.
1649 2973 1703 3001 757,
1717 2974 1745 2996 35
1760 2979 1766 2996 :
1784 2972 1816 2995 de
1829 2971 1971 2995 Sal-sinete.
