2632 3464
278 437 335 464 893

278 513 504 544 ambaciatores
525 512 622 543 Rome
645 522 704 553 pro
727 512 841 542 unione
859 511 990 541 ecclesie
1012 510 1186 547 habenda',

283 573 341 602 pro
351 573 411 603 qua
426 569 558 602 protunc
568 568 633 592 tota
643 561 837 592 Universitas
853 561 1008 590 ferventer
1017 560 1185 596 laborabat,

283 611 359 652 quid
373 618 537 651 appareret
551 611 674 640 nacioni
686 611 718 640 in
732 610 786 640 illo
805 610 987 640 faciendum.
1007 610 1053 638 2¹¹·
1069 615 1136 638 erat
1149 610 1187 639 de

280 660 420 690 candelis
443 660 543 690 cereis
563 660 674 690 dandis
698 658 856 699 magistris
879 658 912 688 in
938 659 1016 688 festo
1037 658 1187 688 Purifica-

280 709 377 739 tionis
402 715 508 739 nostre
535 708 679 744 Domine,
699 709 783 748 quod
811 707 862 737 ille
889 717 978 737 ceree
994 707 1103 737 fierent
1130 717 1188 746 per

282 759 405 788 modum
422 767 586 798 parvarum
604 758 770 788 torcian-um
787 757 876 787 sicud
895 757 1007 786 dantur
1027 756 1186 796 magistris

279 808 321 837 de
338 807 467 837 nacione
481 807 634 837 Picardie.
649 807 696 836 3==
712 812 778 836 erat
792 815 887 845 super
902 805 1186 845 supplicacionibus

279 862 314 886 et
322 855 455 896 injuriis.

324 905 476 943 Quantum
493 905 532 934 ad
551 905 682 944 primum
695 903 810 944 placuit
824 903 946 933 nacioni
961 904 1044 943 quod
1060 904 1186 933 multum

283 955 439 984 ferventer
464 954 657 983 laboraretur
682 963 740 993 pro
767 953 882 983 unione
906 952 1036 982 ecclesie
1054 958 1085 982 et
1103 953 1187 992 quod

279 1003 503 1033 ambaciatores
526 1008 724 1042 reportarent
748 1002 851 1031 omnia
875 1008 941 1031 acta
962 1001 994 1031 in
1016 1001 1142 1041 scriptis
1157 1007 1188 1030 et

280 1061 445 1092 responsa.

323 1101 475 1139 Quantum
503 1101 542 1130 ad
567 1101 607 1130 2¹¹¹
629 1100 790 1130 articulum
821 1099 936 1139 placuit
962 1099 1084 1128 nacioni
1103 1099 1186 1138 quod

279 1159 371 1180 ceree
390 1150 500 1180 fierent
516 1150 607 1179 modo
626 1149 778 1189 predicto.
796 1148 950 1186 Quantum
965 1149 1003 1178 ad
1017 1149 1058 1178 3¹-
1071 1148 1187 1177 articu-

282 1199 356 1234 lum,
370 1198 557 1238 supplicavit
573 1198 721 1238 magister
731 1198 844 1227 Tomas
861 1198 898 1227 de
917 1197 1098 1232 Crachovia,
1116 1196 1185 1236 quia

279 1248 414 1278 debebat
430 1249 530 1278 facere
553 1248 663 1277 festum
681 1257 768 1276 suum
793 1246 825 1276 in
848 1246 1005 1287 theologia
1014 1245 1039 1282 ²,
1065 1252 1095 1275 et
1116 1246 1188 1285 quia

282 1307 411 1338 pauper,
435 1297 518 1337 quod
537 1295 626 1326 nacio
650 1295 830 1326 subveniret
853 1295 914 1325 sibi
936 1296 968 1324 in
993 1305 1111 1324 summa
1131 1295 1187 1324 XX

280 1347 468 1377 francorum.
487 1346 526 1375 Et
540 1345 612 1386 quia
628 1345 717 1374 nacio
736 1351 868 1384 protunc
883 1354 945 1374 non
961 1344 1066 1374 habuit
1079 1353 1188 1384 prom-

282 1402 352 1436 ptas
373 1395 521 1435 pecunias
536 1401 566 1424 et
581 1394 691 1425 videns
706 1394 920 1423 necessitatem
938 1393 1011 1423 dicti
1033 1393 1185 1433 magistri,

280 1444 431 1485 obligavit
450 1454 484 1474 se
499 1444 587 1473 nacio
604 1443 643 1473 ad
662 1442 843 1473 solvendum
861 1442 1018 1482 predictas
1039 1442 1187 1482 pecunias

280 1504 299 1523 a
314 1494 414 1524 medio
430 1492 672 1533 Quadragesime
687 1492 787 1522 future
802 1492 841 1521 ad
857 1501 980 1521 annum.

323 1542 415 1572 Facta
458 1541 704 1582 congregacione
745 1540 885 1570 nacionis
926 1539 1066 1570 Almanie
1114 1546 1188 1579 aput

282 1592 428 1622 Sanctum
447 1590 634 1620 Maturinum
655 1590 707 1619 24·
726 1590 775 1619 die
795 1589 910 1619 mensis
934 1588 1082 1624 Januarii,
1106 1599 1186 1618 anno

282 1640 408 1671 Domini
429 1646 463 1670 ut
487 1649 593 1679 supra,
621 1649 718 1679 super
736 1639 856 1668 duobus
886 1638 1034 1668 articulis.
1062 1638 1186 1668 Primus

281 1696 348 1720 erat
361 1690 399 1719 ad
409 1689 614 1718 ordinandum
629 1688 667 1717 de
680 1688 771 1717 domo
785 1689 936 1727 ymaginis
950 1694 1048 1716 nostre
1061 1688 1187 1716 Domine

281 1739 315 1768 in
327 1738 398 1768 vico
416 1737 566 1773 Brunelli,
581 1737 653 1778 quia
665 1747 730 1767 eam
749 1737 919 1776 resignavit
935 1736 1082 1776 magister
1095 1736 1187 1766 Jaco-

282 1789 341 1818 bus
366 1788 405 1817 de
431 1787 556 1816 Harlem
590 1793 621 1816 et
652 1785 839 1826 supplicavit
874 1795 931 1825 pro
963 1785 1186 1815 substitucione

281 1836 423 1877 magistri
450 1835 578 1866 Henrici
604 1835 642 1865 de
665 1835 828 1870 Dinteren,
853 1835 906 1874 qui
933 1835 1028 1864 eciam
1051 1844 1109 1873 pro
1134 1834 1186 1863 illo

282 1885 477 1925 supplicavit.
495 1886 542 1914 2¹·-
556 1884 703 1914 articulus
716 1890 782 1913 erat
793 1893 888 1923 super
903 1883 1186 1923 supplicacionibus

282 1941 313 1965 et
326 1933 458 1974 injuriis.
475 1933 628 1971 Quantum
647 1933 686 1962 ad
701 1933 832 1973 primum
852 1932 1013 1963 articulum
1026 1932 1186 1962 ordinatus

282 1990 313 2014 et
332 1983 516 2013 substitutus
539 1983 594 2012 suit
616 1982 764 2022 magister
787 1981 940 2011 Henricus
954 1981 1115 2016 Dinteren‚
1133 1981 1187 2021 qui

281 2032 437 2063 tenebitur
451 2037 628 2071 computare
643 2030 725 2060 omni
743 2040 824 2060 anno
841 2030 936 2060 semel
954 2030 986 2059 in
1000 2030 1140 2065 nacione,
1157 2036 1187 2059 et

280 2081 415 2111 ordinati
440 2081 563 2110 suerunt
583 2079 724 2120 magistri
746 2080 784 2109 ad
805 2079 989 2109 audiendum
1011 2085 1186 2118 compotum

282 2130 422 2171 magistri
440 2129 558 2164 Jacobi,
574 2135 604 2159 et
623 2129 746 2158 fuerunt
761 2127 894 2158 ordinati
910 2128 1056 2168 magister
1076 2128 1186 2158 Ricar-

282 2181 342 2209 dus
359 2185 490 2218 protunc
508 2184 652 2217 receptor
669 2177 819 2212 nacionis,
838 2177 986 2217 magister
999 2177 1185 2206 Wilhelmus

283 2228 360 2258 Bloc
380 2234 410 2257 et
431 2228 578 2268 magister
595 2226 752 2256 Johannes
777 2225 942 2265 Gaelcoep.
969 2226 1121 2263 Quantum
1148 2227 1185 2255 ad

280 2278 449 2308 secundum
465 2275 626 2306 articulum
641 2275 827 2315 supplicavit
842 2275 988 2315 magister
1002 2275 1135 2304 Jacobus
1148 2275 1185 2304 de

282 2326 419 2361 Harlem,
438 2325 510 2365 quia
531 2331 664 2365 protunc
685 2334 747 2354 non
772 2323 902 2357 habebat
927 2324 1086 2363 pecunias,
1102 2324 1185 2363 quod

280 2375 370 2406 nacio
384 2374 477 2405 vellet
491 2374 550 2404 sibi
566 2380 728 2413 expectare
741 2374 778 2402 ad
794 2379 914 2412 tempus
930 2379 960 2402 et
972 2373 1039 2412 ipse
1054 2372 1186 2402 libenter

281 2424 427 2454 solveret.
441 2422 537 2463 Cujus
551 2422 741 2462 supplicacio
755 2422 810 2451 fuit
823 2431 982 2457 concessa,
991 2427 1022 2451 et
1034 2421 1090 2451 suit
1104 2421 1185 2451 ordi-

278 2479 385 2503 natum
413 2473 497 2512 quod
530 2482 620 2502 unam
649 2471 773 2501 terciam
799 2470 930 2511 pecunie
953 2470 1087 2500 solveret
1116 2476 1187 2510 post

282 2522 415 2552 medium
436 2531 548 2551 annum
568 2526 598 2550 et
614 2520 702 2550 aliam
719 2519 844 2550 terciam
861 2525 934 2560 post
953 2519 1011 2549 tria
1031 2519 1186 2559 quarteria

280 2570 366 2606 anni,
379 2577 410 2600 et
422 2570 546 2600 terciam
566 2575 638 2609 post
652 2579 776 2604 annum,
795 2568 837 2598 ita
852 2569 934 2608 quod
956 2574 1019 2598 tota
1032 2568 1082 2598 illa
1095 2578 1185 2608 pecu-

282 2619 333 2650 nia
349 2625 434 2650 esset
447 2618 605 2659 persoluta
621 2624 693 2658 post
708 2628 831 2647 annum.

322 2668 495 2698 Notandum
523 2668 606 2708 quod
631 2667 683 2697 27·
708 2666 758 2696 die
787 2666 903 2696 mensis
930 2666 1079 2701 Januarii,
1106 2676 1186 2696 anno

314 2747 336 2772 t.
370 2748 406 2771 1>ae
415 2746 466 2771 ista
480 2746 607 2780 legatione
619 2754 693 2770 nomo
707 2745 836 2778 hueunque
851 2745 950 2769 loculus
962 2747 1007 2769 eae.
1021 2745 1145 2777 Septemb.
1157 2746 1187 2769 20

285 2782 440 2808 Univenicae
454 2782 538 2807 Pario.
551 2782 701 2806 mentionem
716 2781 782 2814 [acic
795 2780 927 2814 cujundam
942 2780 1079 2813 legationi}
1090 2780 1187 2812 prior-io

281 2818 329 2842 sub
339 2820 436 2842 rectore
448 2817 539 2842 Pontio
551 2817 687 2846 Simoneti.
698 2825 772 2849 quem
785 2819 871 2840 tamen
884 2816 1009 2841 ΒυιΑιυι
1021 2816 1058 2839 ad
1069 2824 1112 2841 an.
1126 2816 1187 2840 1404

281 2855 341 2878 Iun.
352 2854 382 2877 2³
392 2861 473 2885 unque
490 2852 577 2877 octob.
591 2853 621 2877 10
631 2852 718 2884 affert.
733 2853 844 2884 fortune
859 2855 886 2876 ιιι
901 2851 968 2875 aliae
978 2851 1084 2883 proprio
1095 2855 1185 2875 marce.

282 2890 372 2913 Nom
381 2887 488 2912 Pontius
495 2887 611 2912 Dat-emb.
621 2887 651 2912 1⁶
658 2887 695 2911 ad
703 2887 793 2911 Μαήὶἰ
804 2888 834 2911 21·
844 2889 926 2911 rector
931 2886 982 2918 suit
992 2889 1004 2910 Ρ
1017 2887 1089 2911 Certe
1096 2885 1186 2910 uallem

281 2926 351 2953 tunc,
367 2926 394 2947 ut
410 2931 443 2947 εω
455 2922 629 2955 superioribus
636 2925 720 2956 patet,
736 2922 817 2955 legati
830 2922 1006 2947 vni-›micatis
1019 2921 1055 2946 ad
1068 2923 1186 2946 Innocen-

280 2959 346 2984 tium
361 2958 522 2991 Vllprosecti
527 2961 599 2990 ιιιῡίς
605 2959 717 2991 samue
726 2957 776 2983 iola
787 2958 919 2982 occasione
931 2957 957 2982 ἰιι
970 2957 1043 2982 curia
1051 2957 1185 2989 defunctu·

787 436 902 462 LIBER
922 435 1234 462 PROCURATORUM
1253 435 1434 463 NATIONIS
1451 437 1696 463 ANGLICANAE

1241 711 1258 737 5

1223 957 1258 982 10

1224 1201 1258 1227 15

1224 1446 1258 1472 20

1223 1691 1257 1717 25

1223 1935 1257 1962 30

1222 2180 1256 2206 35

1222 2424 1256 2450 40

1222 2668 1256 2695 45

1533 0 1572 21 τ’·
1580 0 1602 14 ,r-
1622 0 1789 21 ‘aevffffiwqff
1795 0 2068 21 !3·*.«„vv¹,1v,e⁷·',·z'÷w.;*³-*{2·z
2074 0 2130 23 πίῃ·

2145 439 2196 466 894

1296 512 1420 542 Domini
1440 519 1474 542 ut
1490 523 1595 552 supra,
1621 513 1677 543 suit
1701 515 1905 554 congregacio
1927 514 2145 545 Universitatis
2166 516 2197 545 in

1295 560 1408 590 Sancto
1423 561 1589 596 Maturin0‚
1606 568 1636 591 et
1655 563 1748 592 traxit
1762 573 1795 591 se
1810 563 1898 592 nacio
1917 564 1955 592 ad
1971 571 2087 603 partem
2104 574 2198 604 super

1295 610 1526 649 supplicacione
1564 610 1720 650 cujusdam
1762 612 1919 647 bacularii,
1945 619 1975 641 et
2015 614 2199 652 supplicavit

1295 659 1437 688 dominus
1454 659 1640 698 Wynandus
1659 661 1697 689 de
1717 659 1916 690 Conssuencia
1932 671 1989 700 pro
2007 662 2094 691 litera
2109 663 2199 691 testi-

1295 707 1419 736 moniali
1442 707 1473 736 in
1485 708 1638 737 communi
1655 709 1751 738 forma
1773 710 1811 738 de
1828 710 1926 749 gradu
1947 710 2151 740 baculariatus
2167 711 2198 740 in

1294 756 1428 792 artibus;
1446 755 1533 795 cujus
1549 757 1739 796 supplicacio
1755 757 1811 787 suit
1829 759 1867 787 ab
1882 759 2025 788 omnibus
2038 769 2195 788 concessa.

1334 805 1409 834 Item
1430 805 1609 845 incepturus
1627 813 1674 836 est
1689 807 1831 836 dominus
1845 807 2020 837 Jeronimus
2036 809 2073 837 de
2086 808 2197 848 Praga,

1294 852 1382 893 cujus
1398 855 1493 884 bursa
1516 854 1622 890 nichil,
1646 856 1704 885 sub
1725 855 1874 896 magistro
1895 856 2039 886 Conrado
2062 857 2195 886 Lubeck.

1698 949 1795 978 1405

1326 1018 1397 1058 (1701.
1411 1019 1483 1060 79²²)
1514 1019 1603 1049 Acta
1634 1020 1670 1049 in
1701 1020 1963 1060 procuratoria
1991 1021 2162 1061 magistri

1502 1069 1682 1098 Johannis
1711 1070 1753 1099 de
1787 1069 1986 1099 Alcmaria.

1334 1148 1426 1178 Facta
1458 1150 1704 1190 congregacione
1733 1150 1871 1179 nacionis
1913 1150 2084 1190 Anglicane
2116 1151 2197 1190 apud

1296 1197 1440 1227 Sanctum
1459 1197 1645 1228 Maturinum
1665 1209 1745 1228 anno
1767 1199 1892 1228 Domini
1909 1198 1954 1228 Μ’)
1972 1198 2096 1229 CCCC0
2112 1199 2196 1235 llll⁰,

1295 1246 1346 1276 die
1369 1247 1418 1276 10²
1448 1247 1564 1276 mensis
1591 1247 1753 1277 Februarii
1777 1257 1872 1287 super
1898 1248 2019 1277 duobus
2047 1248 2196 1277 articulis.

1295 1295 1419 1325 Primus
1435 1302 1500 1325 erat
1514 1296 1551 1325 ad
1569 1295 1744 1336 eligendum
1763 1306 1875 1326 novum
1888 1303 2136 1336 procuratorem;
2154 1298 2200 1326 2¹¹·

1295 1351 1360 1374 erat
1375 1355 1470 1384 super
1491 1344 1774 1384 supplicacionibus
1797 1352 1827 1375 et
1846 1344 1979 1385 injuriis.
2004 1346 2111 1383 Quoad
2133 1346 2200 1385 pri-

1295 1403 1387 1429 mum,
1413 1394 1528 1423 electus
1550 1394 1607 1423 fuit
1630 1394 1778 1434 magister
1795 1393 1952 1424 lohannes
1971 1395 2009 1424 de
2033 1394 2196 1424 Alcmaria.

1296 1443 1403 1480 Quoad
1429 1443 1469 1471 2¹¹¹
1493 1443 1593 1482 primo
1617 1443 1802 1483 supplicavit
1827 1443 1971 1482 antiquus
2005 1450 2197 1482 procurator,

1294 1491 1439 1522 videlicet
1459 1491 1607 1532 magister
1625 1491 1806 1521 Gherardus
1823 1493 1861 1521 de
1876 1492 2035 1527 Meheren,
2053 1499 2086 1522 ut
2104 1492 2199 1522 habe-

1294 1547 1380 1571 retur
1396 1547 1515 1581 gratus,
1534 1547 1658 1570 avoatus
1674 1547 1705 1570 et
1725 1541 1989 1571 recommendatus
2008 1542 2038 1570 in
2053 1542 2130 1574 actis
2142 1552 2199 1581 per

1294 1590 1395 1630 ipsum
1410 1596 1548 1630 tempore
1564 1590 1797 1630 procuracionis
1813 1600 1878 1619 sue.
1896 1589 1992 1630 Cujus
2008 1590 2198 1630 supplicacio

1295 1639 1351 1669 fuit
1362 1638 1518 1679 [admissa.
1538 1639 1570 1667 2⁰
1593 1639 1778 1679 supplicavit
1802 1639 1997 1669 Hermannus
2019 1640 2081 1678 [de]
2103 1639 2199 1669 Goet-

1293 1688 1434 1728 tinghen,
1450 1687 1655 1718 bachellarius
1667 1688 1880 1718 Arss'ordensis
1891 1687 1914 1724 ³,
1931 1694 1961 1718 et
1977 1699 2125 1718 concessa
2145 1689 2199 1718 suit

1294 1736 1360 1777 ejus
1376 1737 1567 1776 supplicacio
1582 1737 1693 1766 solutis
1706 1737 1865 1767 solvendis
1881 1743 1911 1766 et
1920 1736 2031 1776 juratis
2043 1737 2196 1777 jurandis.

1335 1785 1427 1816 Facta
1459 1786 1705 1826 congregacione
1743 1786 1882 1815 nacionis
1917 1786 2086 1826 Anglicane
2117 1787 2197 1826 apud

1295 1835 1439 1865 Sanctum
1462 1834 1649 1864 Maturinum
1671 1845 1750 1864 anno
1771 1835 1894 1864 Domini
1914 1841 1946 1864 ut
1963 1845 2068 1874 supra,
2085 1836 2134 1864 17·
2148 1836 2197 1865 die

1294 1884 1410 1913 mensis
1424 1882 1584 1913 Februarii
1603 1894 1697 1923 super
1709 1883 1809 1913 tribus
1826 1884 1974 1913 articulis.
1995 1883 2117 1913 Primus
2133 1891 2198 1914 erat

1294 1934 1332 1963 ad
1362 1933 1566 1962 ordinandum
1597 1933 1635 1962 de
1664 1932 1899 1972 temptatoribus
1929 1932 2194 1963 bachellariorum.

1292 1983 1340 2011 2···
1360 1988 1425 2011 erat
1445 1982 1481 2011 ad
1508 1982 1755 2011 distribuendum
1780 1991 1902 2011 menses
1923 1981 2194 2012 licenciandorum.

1294 2032 1340 2061 3·-
1365 2037 1430 2060 erat
1447 2040 1541 2070 super
1567 2030 1851 2070 supplicacionibus
1878 2036 1909 2059 et
1936 2029 2067 2069 injuriis.
2097 2031 2197 2071 Super

1294 2080 1393 2119 primo
1408 2079 1524 2119 placuit
1542 2079 1664 2108 nacioni
1684 2079 1798 2118 eligere
1814 2085 2012 2119 temptatores
2029 2081 2196 2109 secundum

1294 2130 1415 2158 modum
1430 2134 1620 2163 consuetum,
1638 2134 1668 2157 et
1677 2127 1774 2167 eligit.
1793 2127 1894 2167 Super
1906 2128 1938 2156 2⁰
1950 2128 2064 2167 placuit
2077 2129 2195 2158 nacioni

1294 2178 1376 2217 quod
1419 2177 1565 2216 magister
1614 2177 1809 2206 Hei-mannus
1857 2177 2001 2212 Ommen,
2051 2178 2198 2217 magister

1294 2226 1498 2255 Goeszwinus
1525 2225 1563 2254 de
1598 2225 1743 2260 Aernem,
1778 2225 1925 2265 magister
1950 2225 2130 2255 Gherardus
2158 2227 2196 2255 de

1294 2274 1440 2304 Meheren
1471 2280 1501 2303 et
1527 2274 1673 2314 magister
1705 2274 1861 2303 Johannes
1890 2274 2018 2314 Spellini
2049 2274 2197 2305 haberent

1293 2333 1400 2353 omnes
1415 2333 1537 2352 menses
1550 2333 1608 2363 pro
1624 2323 1662 2351 24
1678 2323 1786 2352 solidis
1802 2322 1966 2362 parisiens.

1334 2372 1435 2411 Super
1453 2372 1485 2401 3⁰
1502 2372 1630 2402 articulo
1649 2372 1748 2411 primo
1768 2372 1950 2411 supplicavit
1966 2379 2149 2411 procurator
2163 2378 2196 2402 ut

1293 2421 1381 2451 nacio
1403 2427 1486 2450 esset
1508 2420 1643 2460 diligens
1664 2427 1694 2450 et
1712 2421 1854 2450 omnibus
1874 2421 1934 2455 via,
1958 2421 2059 2455 modo,
2078 2420 2148 2460 jure
2165 2427 2195 2451 et

1293 2470 1389 2499 forma
1419 2469 1622 2509 possibilibus
1650 2469 1783 2509 vigilans
1811 2469 1841 2498 in
1874 2470 1952 2498 facto
1983 2469 2106 2499 unionis
2138 2470 2194 2499 Dei

1293 2518 1434 2548 ecclesie.
1461 2518 1500 2548 Et
1529 2518 1713 2558 supplicavit
1734 2524 1916 2558 procurator
1939 2525 1971 2547 ut
1994 2518 2081 2547 nacio
2103 2518 2195 2549 vellet

1293 2567 1410 2602 videre,
1431 2567 1458 2597 si
1480 2573 1586 2596 essent
1607 2566 1701 2607 aliqui
1727 2567 1866 2607 magistri
1883 2566 1930 2596 vel
1947 2566 2121 2596 bachellarii
2142 2568 2195 2607 qui

1289 2615 1471 2655 juraverunt
1492 2622 1701 2655 paupertatem
1721 2622 1750 2645 et
1768 2615 1830 2655 jam
1853 2616 2043 2645 devenerunt
2060 2617 2097 2645 ad
2115 2616 2195 2645 divi-

1293 2664 1364 2700 tias,
1379 2665 1461 2704 quod
1486 2664 1698 2694 satisfacerent
1723 2664 1843 2694 nacioni
1867 2665 2033 2693 secundum
2058 2671 2194 2694 tenorem

1293 2747 1331 2769 ene
1344 2744 1474 2776 quoddam
1487 2744 1644 2777 cuppou'tum
1658 2747 1713 2768 nat.
1731 2744 1842 2776 Anglic„
1857 2743 2016 2768 Godacnlcua
2029 2743 2148 2777 (vtio-0).
2164 2745 2197 2768 dn

1293 2788 1344 2812 quo
1356 2780 1426 2811 a'nlm
1439 2780 1475 2804 ad
1487 2788 1529 2804 an.
1546 2781 1616 2807 tuoe,
1629 2780 1699 2804 Febr.
1714 2780 1751 2803 20.

1324 2816 1347 2839 2.
1381 2817 1400 2839 Ι.
1412 2823 1434 2839 e.
1449 2815 1558 2847 incipere
1570 2815 1666 2843 debuit.
1679 2823 1734 2838 cum
1744 2815 1801 2847 jam
1813 2823 1855 2838 aa.
1872 2815 1931 2838 ¹40³
1946 2814 1972 2838 in
1986 2814 2062 2839 theol.
2079 2814 2196 2839 licencia-

1293 2854 1334 2875 luo
1348 2853 1420 2875 met.

1323 2888 1346 2911 8.
1379 2887 1542 2911 llermnnnus
1556 2886 1713 2918 Krnczvogel
1727 2885 1758 2909 de
1773 2886 1930 2917 Gothingen,
1944 2886 1968 2910 i‘n
1982 2885 2092 2910 L‘nivere.
2110 2887 2196 2918 Brsor-

1292 2922 1367 2946 demi
1380 2929 1423 2946 an.
1443 2922 1503 2946 1³97
1519 2920 1673 2945 intitulatus.
1696 2921 1899 2950 wnunuon,
1916 2922 1995 2945 Acten
2009 2921 2057 2945 der
2077 2921 2196 2946 arrum·-

1293 2957 1462 2985 vnit-enimn,
1477 2957 1496 2986 1,
1509 2957 1548 2981 st.

2130 0 2316 27 *mem-,w
2329 0 2346 11 Γ
2403 0 2411 3 ’
2430 0 2439 7 “
