2632 3464
308 457 360 483 857

307 533 501 568 deliberavit,
515 533 599 573 quod
613 532 699 563 nullo
711 533 804 562 modo
820 531 944 562 volebat
958 531 1096 571 sigillare
1111 531 1216 560 literas

308 583 482 618 restitucio,
507 592 585 622 quas
608 581 874 622 congregaciones
899 580 1062 610 adiverunt
1081 580 1216 609 decanus

309 633 460 663 facultatis
482 633 676 662 decretorum
697 640 732 660 ac
754 630 849 660 eciam
872 635 1056 669 procurator
1076 628 1216 658 nacionis

309 679 532 712 Nomannie‘.
552 679 610 709 Fui
628 679 800 719 requisitus
819 679 857 708 ab
873 678 1028 717 aliquibus
1043 678 1129 707 adire
1148 687 1216 707 cum

306 730 460 771 predictis
474 730 591 759 decano
605 734 636 758 et
648 733 851 768 procuratore
867 726 1132 767 congregaciones
1147 726 1217 756 illas

306 780 347 809 ad
364 778 599 819 supplicandum
614 787 652 806 ex
665 782 753 816 parte
770 775 920 810 nacionis,
935 782 1086 815 quatenus
1100 782 1218 805 starent

309 828 341 858 in
354 828 430 858 alias
445 822 624 857 deliberatis
638 835 695 865 per
706 834 812 865 regem
823 830 853 854 et
865 823 1104 854 Universitatem
1116 824 1141 859 ²,
1160 834 1217 854 nec

276 887 278 889 ·
308 882 527 917 attemptarent
553 875 670 914 aliquid
703 875 735 904 in
766 873 955 914 oppositum.
989 874 1068 911 Quia
1100 873 1215 903 nescivi

309 925 516 956 intencionem
538 923 678 954 nacionis
700 933 795 963 super
816 923 876 952 ista
901 922 1040 958 materia,
1062 922 1118 952 feci
1141 933 1216 952 con-

310 975 528 1016 gregacionem
554 972 695 1003 nacionis
723 972 773 1002 die
804 978 971 1001 memorata
995 972 1033 1001 ad
1057 972 1215 1001 sciendum

311 1024 444 1065 qualiter
455 1023 545 1052 nscio
557 1021 652 1052 vellet
663 1031 711 1051 me
721 1022 836 1050 debere
847 1021 946 1050 facere
959 1020 991 1050 in
1003 1021 1131 1050 materia
1145 1021 1214 1056 ista,

309 1080 341 1104 et
363 1073 459 1103 eciam
473 1073 512 1102 ad
530 1071 699 1101 tollendum
714 1070 867 1100 infamiam
885 1076 1065 1099 antetactam
1087 1079 1217 1099 curren-

309 1129 369 1153 tem
379 1129 452 1152 tunc
465 1126 573 1151 contra
587 1120 735 1149 honorem
754 1119 904 1148 nacionis.
922 1119 1017 1149 Nacio
1034 1119 1218 1148 deliberavit

309 1181 406 1211 super
430 1170 490 1200 ista
514 1169 641 1198 materia
666 1169 750 1208 quod
778 1177 971 1207 nequaquam
999 1168 1143 1197 deberem
1169 1178 1216 1197 me

310 1221 409 1250 facere
425 1225 542 1259 partem
558 1228 615 1257 pro
628 1213 830 1247 restitucione
848 1217 985 1246 facienda
999 1216 1048 1246 vel
1061 1227 1117 1256 pro
1130 1217 1218 1246 labo-

309 1269 450 1300 rantibus
473 1277 532 1308 pro
554 1266 765 1299 restitucione,
793 1275 849 1295 nec
878 1265 972 1294 eciam
997 1266 1140 1295 deberem
1170 1276 1217 1295 me

310 1319 410 1348 facere
434 1322 554 1357 partem
575 1325 642 1345 cum
666 1314 880 1344 laborantibus
904 1315 942 1344 ad
966 1315 1154 1354 oppositum.
1179 1315 1219 1344 Et

308 1367 407 1397 voluit
423 1365 512 1395 nacio
529 1374 563 1395 se
576 1364 702 1404 pacifice
717 1373 827 1404 gerere
842 1363 874 1392 in
892 1363 951 1393 ista
965 1364 1102 1393 materia.
1119 1363 1156 1394 Et
1176 1364 1216 1393 sui

311 1415 482 1456 requisitus
499 1425 517 1443 a
533 1413 676 1454 pluribus
698 1413 730 1442 in
750 1413 892 1447 nacione,
910 1412 1055 1452 quatinus
1073 1423 1131 1453 ego
1155 1424 1217 1443 non

309 1465 426 1495 adirem
446 1463 579 1503 aliquem
597 1462 770 1502 principem
790 1471 857 1491 cum
873 1461 1016 1491 rectore³
1038 1463 1075 1491 ad
1096 1463 1218 1502 suppli-

309 1514 440 1544 candum
456 1512 487 1542 in
505 1511 646 1552 predicto
663 1511 806 1551 negocio,
819 1520 877 1540 nec
893 1520 994 1540 essem
1010 1511 1041 1540 in
1057 1511 1217 1550 particula·

309 1563 398 1593 ribus
418 1560 719 1602 congregationibus
737 1559 803 1589 sive
829 1559 1108 1590 convocacionibus
1131 1561 1216 1591 sactis

309 1621 368 1653 per
383 1617 548 1644 rectorem,
564 1610 645 1639 unde
659 1609 770 1649 quovis
788 1609 879 1638 modo
897 1608 973 1638 oriri
989 1616 1095 1648 posset
1112 1610 1217 1649 suspi-

309 1661 370 1696 cio,
397 1660 452 1690 sed
472 1658 561 1688 nacio
583 1658 662 1688 dixit
682 1667 716 1687 se
736 1657 815 1687 velle
832 1657 1016 1693 deliberare,
1038 1659 1160 1698 quando
1185 1659 1217 1688 in

309 1709 508 1751 generalibus
522 1706 824 1747 eongregacionibus
838 1713 890 1736 aut
904 1706 1055 1736 facultatis
1070 1714 1121 1737 aut
1139 1707 1217 1738 Uni-

308 1757 466 1789 versitatis
485 1757 612 1787 haberet
627 1755 731 1785 dicere
754 1755 957 1785 intencionem
985 1765 1082 1785 suam.
1107 1756 1140 1785 ln
1159 1756 1218 1787 ista

309 1806 559 1848 congregacione
580 1805 663 1835 clare
684 1804 794 1844 patuit,
819 1804 972 1834 neminem
997 1814 1067 1834 esse
1086 1815 1218 1846 corrup-

312 1863 389 1887 tum.

349 1905 396 1935 2-
410 1904 557 1934 articulus
567 1909 634 1933 erat
640 1913 736 1943 super
747 1902 1030 1942 supplicacionibus
1042 1909 1072 1932 et
1083 1902 1216 1943 injuriis.

312 1955 360 1985 De
375 1954 436 1984 isto
451 1953 557 1983 nichil.

350 2003 523 2034 Notandum
540 2002 623 2042 quod
638 2002 714 2031 sacta
733 2001 789 2030 suit
803 2001 1009 2041 congregacio
1027 2000 1218 2031 Universita-

311 2052 352 2083 tis
372 2051 541 2092 penultima
556 2051 606 2080 die
626 2050 699 2080 Maii
715 2051 796 2090 apud
817 2050 961 2080 Sanctum
979 2049 1165 2080 Maturinum
1179 2052 1217 2080 ad

311 2107 487 2141 requestam
502 2099 618 2130 domini
638 2099 738 2139 regis,
764 2099 816 2139 qui
841 2098 925 2128 misit
945 2099 1092 2138 quasdam
1114 2099 1218 2129 literas

311 2149 445 2180 facultati
473 2149 587 2179 arcium
621 2158 655 2179 ac
682 2148 778 2178 eciam
808 2147 1009 2178 Universitati
1021 2147 1045 2183 ⁴,
1073 2148 1218 2178 facientes

310 2198 503 2229 mencionem
531 2198 570 2227 de
604 2197 804 2227 restitucione
833 2196 1030 2231 obediencie,
1063 2197 1134 2236 quia
1164 2207 1218 2227 rex

310 2247 447 2278 restituit
473 2256 550 2282 eam,
579 2246 662 2286 quod
687 2246 782 2275 eciam
810 2245 1005 2275 Universitas
1030 2246 1216 2276 restitueret.

310 2296 407 2327 Nscio
435 2305 531 2335 super
553 2294 611 2324 hoc
636 2294 819 2324 deliberavit
849 2294 906 2329 sic,
934 2295 1014 2333 quod
1037 2297 1103 2334 ipsu
1122 2296 1219 2334 privi-

309 2347 423 2386 legiata
449 2346 559 2373 mansit
582 2345 722 2373 Parisiue
742 2344 780 2372 de
802 2345 909 2382 gracia
931 2344 1044 2372 domini
1061 2345 1141 2383 regis
1164 2345 1219 2373 sub

309 2394 483 2424 obediencia
503 2394 580 2428 alia,
598 2393 712 2422 scilicet
725 2393 839 2421 domini
853 2393 1016 2429 Bonifacii,
1035 2393 1064 2420 in
1080 2393 1219 2421 immuni-

310 2450 372 2473 tate
387 2453 456 2477 sua,
474 2442 516 2472 ita
534 2441 612 2471 dixit
627 2451 661 2471 se
680 2440 759 2470 velle
781 2446 862 2470 stare
880 2441 938 2470 sub
957 2441 1137 2470 obediencia
1152 2440 1218 2481 ejus

310 2491 391 2523 sicut
406 2497 476 2521 ante
499 2490 584 2520 stetit
603 2496 633 2519 et
652 2499 786 2530 semper.
809 2489 855 2519 De
872 2488 1100 2529 particulariter
1116 2490 1219 2529 respi-

308 2540 464 2570 cientibus
484 2539 573 2569 istam
588 2538 799 2568 obedienciam
815 2537 988 2573 Benedicti,
1005 2538 1093 2567 nacio
1108 2547 1141 2567 se
1156 2548 1217 2568 non

341 2652 370 2684 1.'
395 2658 489 2684 Gallici
497 2661 522 2683 et
534 2657 637 2683 Picardi
650 2666 700 2690 pro
712 2656 872 2682 restitutione
881 2659 963 2686 erant,
975 2656 1078 2689 Anglict
1092 2656 1219 2681 neutroli—

311 2696 389 2719 tuum
402 2694 619 2727 propugnabant,
640 2693 782 2718 Nox-manni
800 2692 959 2716 dimicabunt
975 2701 1024 2724 pro
1046 2692 1220 2717 subtractione

310 2730 372 2763 (νόά.
387 2730 484 2754 Cbron.
502 2729 538 2754 du
557 2729 603 2754 rel.
619 2729 652 2754 dc
665 2729 807 2760 st-Denyn.
825 2728 870 2757 ΙΙΙ,
888 2737 914 2760 p.
931 2730 970 2756 ⁹0.
983 2729 1032 2757 Ἃ),
1048 2731 1076 2753 ut
1086 2729 1173 2760 plane
1188 2737 1221 2753 ex

310 2765 436 2798 lacunato
446 2765 613 2790 decretorum.

343 2802 367 2825 2.
401 2802 421 2826 1.
434 2809 456 2824 e.
468 2808 517 2833 pro
527 2800 707 2826 subtractione
717 2807 760 2824 an.
775 2800 835 2824 1³⁹⁸
849 2798 974 2823 nobilita.

343 2838 366 2860 8.
400 2835 539 2868 Radulpbo
549 2836 581 2860 de
591 2836 679 2864 Porta,
693 2838 722 2860 ut
736 2836 862 2860 ΒυιΑιυι
875 2835 975 2859 acuerit.
985 2835 1043 2860 Fuit
1055 2835 1219 2864 Navarrieue,

311 2875 336 2898 et
345 2880 389 2896 aa.
401 2872 460 2896 1⁴¹1
474 2871 558 2896 uae-1.
571 2874 610 2896 ut
621 2871 647 2896 in
662 2871 739 2896 theol.

343 2909 367 2932 Is.
401 2907 468 2932 uait
482 2908 512 2931 2⁸
530 2915 576 2932 rese
595 2907 621 2931 in
637 2906 739 2939 palutio
756 2907 792 2931 ad
812 2908 837 2931 S.
855 2906 962 2931 Paulum
979 2906 1111 2930 concilium
1130 2906 1219 2930 tenuit.

313 2943 437 2975 Magistro
448 2941 555 2967 mccl-o
566 2942 695 2967 Becbmr
704 2945 830 2967 narrante
845 2941 938 2966 ibidem
949 2943 1000 2965 tren
1012 2941 1158 2965 cardinales
1167 2943 1221 2973 lue-

312 2980 381 3007 rane,
399 2977 475 3010 quasi
489 2979 520 3002 ⁸⁰
533 2978 647 3011 episcopi
660 2980 686 3002 et
705 2977 898 3010 archicpiscopi,
915 2979 939 3001 et
954 2977 1031 3009 quoti
1042 2977 1088 3001 1⁰0
1104 2977 1219 3004 abbates,

807 456 920 482 LIBER
946 454 1260 490 PROCURATORUM
1281 454 1461 481 NATloNIS
1483 455 1727 481 ANGLICANAE

1254 976 1288 1002 10

1255 1221 1288 1247 15

1255 1467 1288 1493 2⁰

1254 1713 1288 1739 25

1255 1959 1289 1984 30

1255 2202 1289 2229 35

1256 2447 1290 2473 40

2173 456 2227 483 858

1324 530 1502 565 intromisit,
1533 531 1604 570 quia
1628 541 1682 560 rex
1706 538 1736 560 et
1761 532 1919 571 regnicole
1945 533 2123 562 obediencie
2143 533 2227 563 illius

1325 579 1437 615 sciunt,
1460 580 1535 619 quid
1555 580 1667 609 habent
1683 590 1786 620 agere.

1500 686 1706 716 Licenciati
1739 687 1824 716 anni
1856 688 2053 717 antedicti.

1367 775 1518 806 Dominus
1532 776 1605 806 Otto
1620 777 1658 806 de
1671 776 1859 806 Montsordia
1876 778 1933 807 sub
1951 778 2098 817 magistro
2114 778 2229 808 Arnol-

1325 826 1365 854 do
1382 825 1494 860 Utwic‚
1511 824 1598 864 cujus
1611 826 1704 855 bursa
1717 825 1744 854 V
1759 825 1862 855 solidi.

1366 874 1517 904 Dominus
1533 873 1658 904 Ulricus
1676 874 1760 904 Stols
1769 874 1781 893 ⁵
1798 875 1856 904 sub
1867 876 1986 910 eodem,
1998 874 2085 915 cujus
2095 877 2189 906 bursa
2203 876 2230 906 V

1325 923 1428 953 solidi.

1368 973 1517 1003 Dominus
1531 972 1722 1012 Reginaldus
1737 973 1775 1002 de
1788 973 1959 1013 Argentina
1972 974 2030 1003 sub
2043 975 2161 1010 eodem,
2179 985 2228 1004 cu·

1324 1021 1376 1062 jus
1395 1023 1489 1052 bursa
1505 1022 1530 1050 V
1542 1022 1646 1051 solidi.

1366 1072 1518 1101 Dominus
1531 1071 1699 1100 Nicholaus
1714 1072 1752 1100 de
1767 1071 1886 1100 Arluno
1906 1072 1963 1101 sub
1982 1073 2130 1112 magistro
2143 1073 2229 1103 Con-

1325 1121 1400 1150 rado
1416 1121 1552 1155 Lubeck,
1568 1119 1655 1159 cujus
1670 1121 1764 1150 bursa
1780 1119 1839 1150 llll
1855 1120 1927 1150 albi.

1367 1170 1518 1199 Dominus
1539 1169 1696 1199 ‚lohannes
1716 1170 1754 1199 de
1771 1169 1885 1199 Arnem
1902 1171 1959 1199 sub
1979 1170 2128 1210 magistro
2147 1171 2229 1201 Gos-

1327 1219 1410 1248 wino
1422 1219 1514 1248 fratre
1529 1217 1606 1258 ejus,
1619 1217 1706 1257 cujus
1719 1219 1815 1247 bursa
1830 1218 1889 1248 1111
1903 1218 1976 1248 albi.

1367 1268 1518 1298 Dominus
1531 1267 1664 1297 Jacobus
1681 1267 1719 1296 de
1738 1267 1843 1296 Peblis
1855 1268 1913 1297 sub
1926 1269 2075 1308 magistro
2090 1269 2229 1298 Arnoldo

1326 1317 1465 1352 Wtwiic,
1477 1316 1564 1356 cujus
1582 1317 1675 1345 bursa
1693 1315 1749 1346 Vll
1766 1316 1868 1346 solidi.

1368 1366 1519 1396 Dominus
1546 1365 1702 1394 lohannes
1731 1365 1889 1395 Laveroch
1917 1366 1974 1395 sub
1999 1367 2118 1400 eodem,
2143 1366 2230 1406 cujus

1327 1416 1420 1445 bursa
1441 1415 1467 1443 V
1483 1414 1588 1444 solidi.

1368 1464 1518 1494 Dominus
1537 1463 1668 1494 Thomas
1685 1462 1945 1503 Adaugan,cujus
1963 1464 2056 1493 bursa
2070 1464 2108 1493 Vl
2124 1465 2227 1494 solidi.

1366 1512 1517 1542 Dominus
1540 1512 1694 1542 Henricus
1719 1511 1899 1542 Mordrecht
1919 1513 1976 1542 sub
2001 1513 2119 1548 eodem,
2143 1513 2229 1553 cujus

1325 1563 1419 1592 bursa
1434 1561 1460 1590 V
1475 1561 1578 1592 solidi.

1368 1610 1520 1640 Dominus
1542 1609 1687 1639 Nicolaus
1711 1608 1901 1648 Offenpurcb
1919 1610 1976 1639 sub
2000 1611 2118 1645 eodem.
2142 1610 2231 1651 cujus

1325 1660 1419 1689 bursa
1433 1659 1458 1688 V
1480 1659 1582 1689 solidi.

1367 1709 1518 1739 Dominus
1537 1707 1711 1747 Stephanus
1725 1707 1820 1747 Bigli‚
1837 1706 1924 1747 cujus
1944 1708 2038 1737 bursa
2050 1708 2105 1737 Vll
2125 1708 2227 1738 solidi.

1366 1757 1517 1787 Dominus
1533 1756 1716 1786 Guillelmus
1731 1755 1958 1796 Glendonwyn,
1970 1755 2057 1797 cujus
2072 1758 2164 1787 bursa
2173 1757 2229 1787 Vll

1326 1807 1429 1837 solidi.

1366 1856 1518 1886 Dominus
1539 1855 1695 1884 Jobannes
1716 1854 1838 1889 Dalket,
1857 1853 1944 1894 cujus
1965 1856 2059 1884 bursa
2075 1855 2102 1884 V
2123 1855 2226 1885 solidi.

1367 1905 1517 1934 Dominus
1528 1903 1711 1934 Guillelmus
1723 1903 1876 1938 Storman‚
1889 1902 1975 1943 cujus
1984 1905 2078 1933 bursa
2087 1904 2145 1934 llll
2155 1905 2226 1934 albi.

1366 1954 1517 1984 Dominus
1531 1953 1684 1982 Henricus
1700 1952 1814 1988 Bruch,
1830 1951 1916 1991 cujus
1933 1953 2026 1982 bursa
2043 1953 2069 1982 V
2083 1953 2187 1984 solidi.

1493 2059 1725 2099 Incipientes
1763 2058 1924 2099 ejusdem
1959 2060 2059 2090 anni.

1368 2148 1518 2178 Dominus
1533 2147 1606 2177 Otto
1623 2148 1661 2176 dc
1676 2147 1863 2178 Montsordia
1880 2150 1937 2178 sub
1953 2149 2101 2189 magistro
2114 2149 2228 2179 Arnol-

1326 2199 1377 2233 do,
1394 2196 1481 2237 cujus
1497 2197 1591 2226 bursa
1607 2203 1638 2226 ut
1653 2203 1721 2226 ante
1735 2197 1761 2226 V
1778 2197 1880 2226 solidi.

1367 2246 1517 2276 Dominus
1535 2245 1660 2276 Ulricus
1685 2245 1792 2275 Stols⁸
1814 2247 1870 2276 sub
1891 2248 2008 2282 eodem,
2027 2246 2114 2287 cujus
2135 2248 2229 2277 bursa

1326 2295 1351 2324 V
1368 2295 1471 2325 solidi.

1366 2344 1439 2383 (Vol.
1459 2343 1508 2383 69)
1529 2343 1679 2373 Dominus
1705 2343 1896 2383 Reginaldus
1918 2345 1955 2374 de
1978 2345 2147 2385 Argentina
2170 2346 2227 2375 sub

1327 2392 1446 2426 eodem.
1463 2391 1550 2431 cujus
1564 2393 1658 2422 bursa
1671 2391 1696 2420 V
1711 2392 1813 2421 solidi.

1368 2441 1519 2471 Dominus
1531 2440 1676 2470 Nicolaus
1687 2441 1724 2470 de
1738 2441 1867 2475 Arluno‚
1880 2441 1966 2481 cujus
1978 2442 2070 2471 bursa
2083 2442 2140 2471 llll
2153 2442 2224 2472 albi.

1369 2489 1519 2519 Dominus
1538 2489 1694 2519 Johannes
1717 2490 1754 2518 de
1769 2490 1882 2519 Arnem
1901 2491 1958 2520 sub
1978 2491 2124 2530 magistro
2144 2492 2227 2522 Gos-

1326 2538 1421 2574 wino,
1437 2537 1523 2578 cujus
1538 2539 1632 2568 bursa
1646 2538 1704 2568 llll
1722 2538 1806 2568 alibi.

1327 2666 1381 2682 cum
1391 2657 1578 2690 capitularibus
1585 2657 1714 2690 deputatis
1722 2658 1890 2690 capitulorum
1899 2661 1923 2683 et
1930 2658 2159 2684 amboni-toribus
2170 2660 2229 2686 Um·

1327 2693 1472 2717 versitatum
1487 2693 1611 2717 Francia«
1626 2693 1687 2725 (uid.
1702 2694 1905 2721 annncnn.
1919 2694 2047 2719 Deutnchs
2061 2694 2229 2728 Boiohatngu-

1327 2729 1415 2758 ahten,
1432 2729 1460 2758 V,
1474 2737 1500 2761 p.
1514 2730 1578 2761 ³⁹7).
1599 2731 1668 2753 runc
1684 2738 1729 2754 rea·
1743 2730 1935 2757 restitutionem.
1945 2729 2063 2761 pluribus
2076 2731 2229 2756 diues-uen-

1328 2764 1404 2792 tibus.
1414 2765 1537 2789 conclusit
1549 2764 1611 2796 (vid.
1624 2765 1719 2789 Chron.
1734 2765 1769 2789 du
1782 2765 1828 2789 rel.
1843 2765 1874 2790 de
1887 2765 2028 2797 St-Dcnys,
2040 2765 2057 2790 Ι.
2073 2767 2115 2799 ιη),
2129 2770 2154 2791 st
2163 2767 2230 2791 dua·

1328 2799 1441 2827 eluar-tas,
1458 2799 1524 2824 Maii
1534 2801 1564 2824 28
1579 2803 1603 2825 et
1621 2801 1660 2829 30,
1674 2801 1757 2825 emisit
1770 2800 2048 2831 (amrin-nummu.
2067 2803 2153 2835 Ampl.
2169 2804 2229 2827 coll.

1327 2836 1383 2863 vn,
1396 2843 1423 2868 p.
1436 2836 1496 2864 677:
1510 2836 1627 2861 ordonn.
1640 2836 1686 2860 des
1703 2844 1774 2867 roya,
1788 2836 1854 2865 vm.
1868 2837 1928 2865 59&
1946 2836 2080 2865 suumn.
2099 2838 2127 2866 V.
2141 2838 2189 2870 86).
2201 2840 2229 2862 ln

1327 2870 1420 2895 litteris
1433 2871 1498 2895 Maii
1509 2872 1539 2895 2⁸
1555 2880 1600 2896 rea:
1609 2872 1697 2896 scribit
1710 2871 1776 2895 inter
1789 2874 1885 2895 eutero:
1896 2872 2054 2897 celebrior-0-
2072 2873 2230 2899 moderatio-

1328 2914 1422 2938 reuque
1440 2907 1511 2931 viros
1526 2907 1710 2931 Universitatis
1729 2907 1809 2932 Paris.
1822 2907 1976 2931 consuluisae
1989 2908 2186 2939 tentantium,-
2203 2910 2230 2933 ιίι

1329 2941 1419 2966 litteris
1432 2941 1533 2966 Maii³0
1542 2942 1691 2974 nimpliciter
1703 2951 1710 2966 :
1726 2943 1757 2966 de
1770 2942 1880 2967 consilio
1891 2942 2033 2968 Universit.
2047 2943 2150 2969 Parin...

1358 2979 1382 3002 5.
1416 2977 1519 3001 Uli-icu-
1530 2978 1640 3002 Stoicae.
