2632 3464
431 418 481 442 615

472 494 544 522 Item
561 493 637 521 lacta
657 489 903 530 congregacione
922 487 1061 527 magistri
1080 487 1218 516 nacionis
1238 487 1335 515 intra-

428 548 537 571 verunt
556 542 709 570 tabernam
728 539 881 579 predictas
900 537 1044 576 pecunias
1063 542 1291 565 consumentes.

470 591 543 620 Item
561 591 635 619 sacta
651 587 896 628 congregacione
912 586 1049 615 nacionis
1068 585 1238 624 Anglicane
1252 585 1334 624 apud

430 641 573 669 Sanctum
586 638 771 668 Maturinum
782 637 849 665 xxa
863 636 912 664 die
929 635 1044 664 mensis
1057 633 1205 668 Januarii,
1216 633 1334 673 suppli—

428 690 508 718 cavit
530 689 677 727 magister
699 686 855 715 Arnoldus
876 686 913 714 de
929 684 1037 713 Xantis
1053 694 1110 722 pro
1125 684 1157 712 3⁰
1175 693 1280 712 mense
1296 683 1333 711 ad

430 739 570 767 Sanctam
593 737 790 769 Genovefam,
814 741 843 763 et
861 734 915 763 suit
936 733 995 762 sibi
1016 742 1175 767 concessa,
1195 738 1225 761 et
1243 731 1335 760 solvit

429 798 482 816 sex
501 787 617 816 solidos
636 787 693 814 sub
711 784 826 813 cautela
844 790 876 812 ut
892 792 995 821 supra.
1015 782 1053 810 Et
1069 783 1143 810 facta
1159 790 1333 820 congrega-

429 837 516 865 cione
539 835 678 875 magistri
697 834 809 862 ibidem
830 832 998 861 existentes
1020 831 1213 859 intraverunt
1229 830 1334 859 taber-

428 896 495 914 nam
510 885 595 924 IPSOS
613 888 827 912 consumentes
833 904 839 910 .

832 974 928 1003 1382

428 1050 518 1079 Acta
558 1054 642 1078 sunt
681 1048 744 1076 hec
788 1047 822 1074 in
860 1044 1122 1085 procuratoria
1161 1043 1331 1083 magistri

636 1097 738 1125 Petri
773 1096 814 1124 de
849 1093 1005 1124 Catwiic
1039 1103 1132 1122 anno

701 1145 848 1174 Domini
877 1143 1055 1172 LXXXII.

468 1228 557 1257 Anno
585 1226 708 1256 Domini
736 1235 796 1264 quo
821 1234 926 1264 supra,
957 1223 1072 1252 mensis
1096 1222 1255 1252 Februarii
1283 1223 1331 1252 die

427 1278 555 1311 decima,
580 1277 656 1305 facta
677 1274 922 1314 congregacione
943 1273 1081 1302 nacionis
1101 1273 1138 1301 ad
1157 1272 1332 1311 eligendum

427 1332 656 1366 procuratorem
683 1330 712 1353 et
736 1323 919 1352 audiendum
945 1329 1120 1361 computum
1143 1321 1330 1360 receptoris,

427 1374 611 1415 supplicavit
622 1384 678 1412 pro
691 1371 904 1412 procuratoria
919 1372 1030 1400 Petrus
1041 1372 1078 1399 de
1090 1371 1232 1405 Catwiic,
1246 1369 1332 1409 cujus

426 1424 616 1464 supplicaeio
643 1429 773 1461 protunc
799 1432 861 1450 non
888 1421 943 1450 fuit
965 1420 1089 1449 inducta
1110 1426 1237 1458 propter
1257 1429 1332 1448 con-

426 1473 641 1514 gregacionem
658 1471 819 1500 facultatis.
837 1471 938 1507 Quare
950 1469 1101 1498 celebrata
1120 1469 1175 1498 fuit
1187 1469 1246 1498 alia
1256 1479 1332 1498 con-

426 1522 572 1562 gregacio
591 1531 645 1560 per
658 1520 863 1560 juramentum
882 1520 962 1558 apud
982 1518 1126 1547 Sanctum
1145 1518 1332 1547 Maturinum

426 1574 464 1601 de
495 1581 639 1611 vespere,
669 1576 697 1599 et
729 1569 769 1598 ibi
802 1569 916 1598 electus
950 1568 1005 1597 fuit
1035 1568 1065 1596 in
1100 1574 1332 1606 procuratorem

427 1621 574 1660 magister
592 1620 703 1649 Petrus
720 1619 888 1657 predictus.

466 1670 539 1699 Item
566 1670 640 1697 facta
660 1668 905 1707 congregacione
927 1666 1077 1695 facultatis
1096 1666 1191 1694 XXVa
1211 1666 1260 1694 die
1279 1666 1332 1695 Fe-

426 1719 541 1748 bruarii
565 1725 593 1747 et
615 1718 709 1747 eciam
727 1716 865 1746 nacionis
885 1717 965 1755 apud
983 1716 1125 1744 Sanctum
1145 1715 1331 1744 Maturinum

425 1769 463 1797 ad
491 1767 743 1807 supplicandum,
775 1766 874 1805 primo
907 1765 1162 1804 supplicaverunt
1189 1764 1331 1793 dominus

427 1817 642 1846 Ghiselbertus
661 1817 698 1844 de
723 1816 852 1849 VVerne,
872 1815 1015 1843 dominus
1040 1814 1216 1852 Heynricus
1240 1813 1332 1842 Poel-

425 1877 505 1901 man,
525 1866 667 1895 dominus
683 1865 845 1903 Reyaerus
866 1865 903 1892 de
921 1863 1037 1897 Hoern,
1055 1863 1198 1891 dominus
1215 1862 1332 1891 Frede-

425 1915 509 1944 ricus
523 1916 560 1943 de
576 1914 706 1948 Almelo‚
718 1920 747 1942 et
762 1913 860 1942 adhuc
876 1913 998 1952 quidam
1013 1912 1075 1946 alii,
1087 1912 1231 1951 quatinus
1245 1912 1331 1940 nacio

425 1965 516 1994 vellet
536 1974 602 1993 cum
624 1964 702 2002 ipsis
725 1963 906 2001 dispensare
927 1962 964 1990 de
988 1961 1146 1990 solucione
1169 1962 1332 1990 bursarum

424 2024 482 2053 pro
498 2012 737 2042 determinancia
750 2013 779 2040 in
797 2017 940 2050 prompta
951 2011 1091 2050 pecunia,
1109 2017 1139 2039 et
1153 2016 1332 2049 exspectare

425 2072 522 2101 usque
539 2063 576 2091 ad
590 2069 653 2090 tres
669 2071 802 2095 menses,
817 2060 928 2099 positis
942 2066 1042 2089 tamen
1052 2060 1234 2098 pigneribus
1246 2060 1332 2088 suffi-

424 2111 593 2145 cientibus,
624 2110 703 2139 sicut
731 2110 826 2139 moris
853 2116 900 2138 est
929 2116 958 2138 et
988 2110 1025 2138 de
1050 2108 1273 2137 consuetudine
1300 2109 1331 2137 in

425 2161 564 2189 nacione.
581 2161 646 2197 Que
668 2160 790 2198 quidem
807 2158 997 2198 supplicacio
1012 2159 1049 2186 ab
1064 2158 1207 2186 omnibus
1225 2157 1331 2187 nacio-

424 2210 472 2238 nis
487 2209 644 2248 magistris
661 2208 863 2237 existentibus
880 2208 910 2236 in
927 2207 1067 2246 predicta
1084 2207 1330 2246 congregacione

425 2264 580 2298 gratanter
606 2258 660 2286 suit
682 2267 841 2291 concessa,
864 2267 924 2285 non
947 2256 1045 2285 solum
1067 2266 1123 2295 pro
1147 2255 1207 2284 illis
1228 2256 1280 2295 qui
1300 2257 1330 2285 in

424 2318 556 2346 persona
593 2307 720 2346 propria
756 2306 1017 2345 supplicaverunt,
1051 2306 1105 2334 sed
1142 2306 1237 2334 eciam
1273 2315 1330 2345 pro

425 2357 566 2385 omnibus
594 2355 784 2384 absentibus.
814 2355 852 2383 Et
875 2355 1061 2383 addiderunt
1084 2354 1224 2393 magistri
1248 2355 1331 2393 quod

425 2405 502 2444 ipsis
522 2404 812 2433 determinatorihus
835 2404 974 2432 nacionis
994 2410 1099 2432 nostre
1121 2410 1186 2432 erat
1204 2404 1329 2432 multum

425 2454 673 2493 compaciendum
700 2459 828 2492 propter
849 2453 1097 2491 impedimentum
1125 2453 1330 2492 temptaminis

426 2503 534 2531 Sancte
555 2503 721 2536 Genofeve,
738 2502 808 2540 quia
828 2502 857 2530 in
872 2501 927 2530 hoc
943 2501 1002 2540 ipsi
1018 2501 1118 2540 primo
1130 2508 1158 2530 et
1171 2501 1331 2540 principa-

425 2551 494 2580 liter
511 2558 597 2580 erant
609 2551 738 2590 gravati,
756 2557 813 2579 etc.

467 2658 537 2685 (rol.
576 2659 623 2694 34)

664 2656 963 2685 Determinantes
1003 2656 1086 2684 anni
1127 2655 1289 2694 ejusdem

551 2705 797 2744 octuagesimi
835 2705 983 2733 secundi
1022 2711 1055 2733 et
1093 2705 1205 2733 eciam

642 2753 804 2793 ejusdem
836 2754 1113 2792 procuratorie.

467 2843 569 2871 Primo
586 2843 798 2871 determinavit
815 2843 957 2871 dominus
976 2842 1163 2871 Godesridus
1179 2843 1279 2871 dictus
1292 2844 1330 2872 de

427 2891 515 2929 Poyl‚
544 2891 692 2920 oriundus
721 2895 757 2919 de
788 2892 903 2925 Zutart‚
936 2892 993 2919 sub
1018 2891 1166 2930 magistro
1190 2891 1329 2920 Johanne

428 2940 605 2975 Hoekelem,
626 2939 711 2979 cujus
726 2942 818 2968 bursa
833 2940 857 2968 V
874 2940 977 2968 solidi.
994 2940 1101 2969 Solvit.

968 411 1189 437 AUCTARIUM
1211 410 1469 436 CHARTULARII
1490 411 1663 438 UNIVERS.
1686 412 1802 439 PARIS.

1389 687 1404 713 5

1371 933 1404 958 10

1371 1178 1403 1204 15

1370 1424 1404 1450 20

1370 1670 1404 1695 25

1370 1917 1404 1942 30

1369 2162 1402 2188 35

1369 2409 1402 2434 40

1368 2652 1401 2678 45

1367 2897 1401 2922 50

2298 415 2351 441 616

1484 487 1559 517 Item
1588 489 1803 518 determinavit
1833 489 1977 518 dominus
2006 489 2163 519 Johannes
2191 490 2283 530 Meyn
2312 493 2350 521 de

1443 535 1659 566 Valkenburch
1677 539 1734 567 sub
1746 539 1865 573 eodem,
1880 537 1967 578 cujus
1983 539 2077 567 bursa
2090 538 2116 567 V
2129 539 2232 568 solidi.
2253 539 2351 570 Solvit

1443 587 1608 625 receptori.

1484 635 1558 664 Item
1574 636 1789 666 determinavit
1808 637 1951 665 dominus
1971 636 2128 666 Johannes
2144 636 2297 667 Guidonis
2312 638 2350 668 de

1443 683 1579 713 Moravia
1600 686 1657 714 sub
1678 685 1826 725 magistro
1847 685 1991 715 Conrado
2016 686 2054 715 de
2079 686 2240 726 Hagnoya,
2263 686 2350 727 cujus

1442 733 1536 762 bursa
1553 733 1614 762 1111
1631 734 1734 763 solidi.
1754 734 1854 764 Solvit
1866 735 2032 774 receptori.

1483 781 1557 811 Item
1575 783 1790 813 determinavit
1804 784 1947 813 dominus
1966 783 2129 813 Conradus
2145 784 2351 824 Moncingher

1442 831 1479 859 de
1496 831 1651 871 Friburgo
1665 833 1722 861 sub
1737 833 1886 871 magistro
1902 832 2041 862 Arnoldo
2055 834 2093 862 de
2108 833 2247 869 Xanctis,
2263 834 2350 873 cujus

1442 880 1537 909 bursa
1554 880 1609 909 VII
1624 881 1727 910 solidi.
1748 880 1848 911 Solvit
1860 882 2025 921 receptori.

1483 929 1557 958 Item
1574 930 1788 959 determinavit
1805 931 1947 960 dominus
1965 931 2128 960 Conradus
2151 931 2297 961 Swarber
2311 933 2349 961 de

1441 977 1614 1017 Argentina
1625 980 1682 1008 sub
1694 979 1842 1018 magistro
1851 980 1987 1019 Nycolao
1999 981 2037 1009 de
2046 981 2143 1016 Cuba,
2158 979 2245 1020 cujus
2257 981 2351 1010 burna

1442 1027 1498 1056 VII
1518 1028 1620 1056 solidi.
1642 1028 1751 1057 Solvit.

1483 1077 1555 1106 Item
1579 1077 1795 1106 determinavit
1813 1078 1956 1107 dominus
1983 1078 2159 1107 Alexander
2178 1080 2216 1108 de
2237 1079 2349 1109 Sancto

1441 1125 1511 1154 Vito
1527 1127 1584 1155 sub
1610 1126 1757 1166 magistro
1777 1126 1917 1156 Arnoldo
1932 1128 1970 1156 de
1987 1126 2126 1162 Xancfis,
2145 1127 2233 1168 cujus
2255 1129 2349 1157 bursa

1443 1175 1486 1204 111
1506 1174 1609 1204 solidi.
1629 1175 1738 1204 Solvit.

1483 1224 1557 1253 Item
1603 1225 1817 1254 determinavit
1861 1225 2004 1254 dominus
2047 1225 2204 1254 Johannes
2257 1225 2350 1255 Peter

1442 1274 1582 1312 Raytzon
1609 1275 1646 1302 de
1677 1274 1811 1303 Cochem
1843 1275 1900 1303 sub
1928 1274 2077 1314 magistro
2107 1274 2283 1303 Stennislao
2311 1275 2349 1304 de

1442 1323 1582 1357 Polonia,
1600 1322 1686 1362 cujus
1703 1324 1796 1352 bursa
1811 1323 1900 1352 XIIII
1915 1323 1987 1352 albi.
2008 1323 2115 1352 Solvit.

1483 1373 1556 1401 Item
1573 1372 1788 1401 determinavit
1802 1372 1945 1401 dominus
1958 1372 2145 1401 Wilhelmus
2161 1373 2198 1401 de
2212 1372 2295 1401 Veen
2311 1373 2349 1402 de

1441 1421 1636 1450 Monikedam
1659 1422 1715 1450 sub
1734 1421 1883 1460 magistro
1904 1421 2043 1451 Johanne
2062 1421 2240 1456 Hoekelem,
2262 1420 2349 1461 cujus

1441 1471 1536 1500 bursa
1549 1470 1589 1499 VI
1604 1470 1707 1499 solidi.
1727 1470 1826 1500 Solvit
1841 1470 2006 1510 receptori.

1482 1520 1558 1549 Item
1589 1519 1803 1549 determinavit
1826 1520 1969 1549 dominus
1992 1519 2169 1550 Tilmannus
2196 1519 2349 1548 Tilmanni

1442 1570 1479 1598 de
1494 1569 1635 1609 Elfingen
1648 1570 1705 1598 sub
1717 1569 1865 1608 magistro
1877 1568 2064 1604 Stennislao‚
2080 1567 2167 1608 cujus
2180 1570 2274 1598 bursa
2287 1569 2348 1598 1111

1442 1618 1545 1648 solidi.
1567 1618 1665 1647 Solvit
1686 1617 1852 1657 receptori.

1483 1668 1557 1696 Item
1567 1667 1781 1696 determinavit
1796 1666 1939 1696 dominus
1952 1666 2108 1696 Johannes
2123 1667 2297 1706 Inghemari
2310 1668 2348 1696 de

1443 1717 1562 1746 Swecia
1585 1717 1642 1746 sub
1665 1716 1813 1756 magistro
1841 1716 1998 1755 Heynrico
2022 1716 2125 1751 Wise‚
2147 1715 2232 1755 cujus
2254 1717 2349 1746 bursa

1442 1766 1548 1795 nichil.
1563 1765 1681 1794 Juravit
1697 1771 1842 1794 statutum
1859 1765 2085 1804 [paupertatis].

1484 1816 1557 1844 Item
1580 1814 1795 1844 determinavit
1814 1813 1957 1843 dominus
1977 1814 2172 1843 Hermannus
2194 1814 2348 1844 Steneken

1441 1866 1479 1894 de
1496 1865 1669 1903 Scutdorpe
1683 1865 1740 1892 sub
1754 1863 1901 1902 magistro
1917 1862 2056 1892 Johanne
2068 1863 2247 1898 Hoekelem,
2261 1861 2347 1903 cujus

1442 1915 1535 1943 bursa
1552 1913 1579 1942 11
1594 1913 1697 1942 solidi.
1715 1912 1826 1941 Posuit
1838 1912 1964 1951 pignus.

1483 1963 1557 1992 Item
1574 1961 1789 1991 determinavit
1808 1961 1950 1990 dominus
1971 1960 2157 1990 Ghisbertus
2177 1962 2214 1990 de
2229 1961 2347 1990 Werne

1442 2013 1499 2041 sub
1517 2011 1666 2051 magistro
1678 2010 1817 2039 Johanne
1834 2010 2013 2045 Hoekelem,
2031 2009 2117 2050 cujus
2135 2011 2229 2039 bursa
2243 2010 2270 2039 V
2287 2010 2348 2040 sol.

1442 2061 1551 2090 Posuit
1567 2060 1693 2099 pignus.

1482 2110 1555 2139 Item
1572 2109 1786 2138 determinavit
1802 2108 1944 2137 dominus
1954 2107 2087 2137 Jacobus
2096 2107 2295 2148 Apothecarij
2309 2109 2348 2137 de

1441 2159 1530 2188 Ulma
1552 2159 1609 2187 sub
1632 2158 1781 2197 magistro
1806 2157 1951 2187 Conrado
1971 2157 2008 2186 de
2031 2157 2242 2196 Haghenowe,
2259 2155 2347 2197 cujus

1440 2209 1534 2236 bursa
1548 2207 1607 2236 IIII
1622 2206 1724 2235 solidi.
1743 2206 1853 2235 Solvit.

1482 2257 1555 2286 Item
1580 2255 1795 2285 determinavit
1812 2255 1955 2284 dominus
1978 2255 2157 2284 Bernardus
2177 2255 2215 2283 de
2237 2255 2347 2294 Bynga

1441 2307 1497 2335 sub
1511 2305 1659 2344 magistro
1678 2304 1814 2343 Nycolao
1835 2305 1872 2332 de
1890 2304 1986 2336 Cuba,
2003 2301 2090 2342 cujus
2103 2304 2196 2332 bursa
2213 2303 2270 2332 VII
2286 2303 2343 2333 sol.

1440 2361 1470 2384 et
1486 2354 1558 2383 VIII
1574 2353 1702 2382 denarii.
1722 2353 1830 2382 Solvit.

1482 2404 1555 2432 Item
1579 2401 1794 2431 determinavit
1815 2401 1959 2431 dominus
1974 2401 2119 2430 Rfikerus
2137 2401 2345 2442 Wyntzheym

1440 2453 1477 2481 de
1506 2452 1667 2480 Herberen
1698 2452 1755 2480 sub
1782 2451 1929 2490 magistro
1953 2451 2098 2480 Conrado
2128 2451 2165 2479 de
2196 2451 2343 2490 Hagnou‚

1441 2500 1527 2540 cujus
1543 2502 1637 2530 bursa
1651 2500 1693 2528 III
1712 2510 1737 2528 s.
1751 2499 1861 2528 Posuit
1877 2499 2002 2538 pignus.

1482 2550 1556 2578 Item
1575 2549 1790 2578 determinavit
1809 2548 1952 2577 dominus
1969 2548 2103 2576 Jacobus
2118 2547 2251 2577 VVatson
2269 2547 2346 2577 Sco-

1440 2605 1502 2628 tum
1522 2598 1583 2637 (sic)
1601 2599 1658 2626 sub
1678 2598 1826 2636 magistro
1843 2597 2012 2626 Wilhelmo
2030 2597 2125 2632 Narn,
2145 2596 2231 2636 cujus
2253 2598 2346 2626 bursa

1440 2647 1495 2676 VII
1513 2647 1616 2676 solidi.
1634 2646 1742 2675 Posuit
1757 2646 1882 2685 pignus.

1482 2697 1555 2725 Item
1596 2695 1810 2724 determinavit
1853 2693 2034 2723 domicellus
2078 2694 2270 2724 Schofl'ridus
2307 2696 2345 2724 de

1440 2745 1645 2784 Lynynghen‚
1662 2744 1742 2773 filius
1762 2743 1883 2773 comitis
1902 2744 1939 2772 de
1958 2743 2151 2782 Lynynghen
2170 2745 2227 2773 sub
2247 2743 2347 2783 magi-

1440 2801 1504 2823 stro
1536 2795 1672 2822 Jordano
1704 2794 1741 2821 de
1777 2792 1890 2827 Clivis,
1924 2791 2010 2832 cujus
2040 2793 2134 2821 bursa
2167 2792 2224 2821 VII
2253 2792 2345 2822 solidi

1439 2850 1469 2872 et
1487 2843 1558 2871 VIII
1575 2842 1704 2871 denarii.
1723 2841 1832 2870 Solvit.

1480 2891 1555 2920 Item
1567 2890 1781 2920 determinavit
1791 2890 1971 2919 domicellus
1986 2890 2172 2919 Godesridus
2181 2891 2218 2919 de
2228 2890 2343 2924 Harne.

1440 2940 1618 2979 prepositus
1632 2939 1802 2978 Kerpensis
1818 2939 1942 2977 [Colon.
1960 2938 2054 2977 dioc.]
2070 2945 2100 2968 et
2109 2939 2255 2978 provisor
2269 2949 2347 2979 pro-
