2632 3464
433 389 486 415 235

435 474 538 494 earum
557 463 690 503 singulis
709 473 746 492 ex
765 473 846 492 nunc
861 468 955 503 prout
971 473 1009 492 ex
1025 468 1098 492 tunc
1116 462 1222 492 eedem
1241 462 1343 492 natio-

434 524 490 543 nes
514 513 650 543 totaliter
674 519 704 542 et
729 522 879 551 expresse
909 511 1147 547 renunciarunt‚
1174 518 1204 541 et
1234 521 1286 541 eas
1314 517 1344 540 et

434 573 537 592 earum
564 561 733 602 quamlibet
756 561 875 591 irritam
899 567 930 591 et
950 571 1069 590 cassam
1091 560 1198 590 haberi
1218 560 1343 600 penitus

433 612 609 642 voluerunt.
629 611 730 641 Salvis
749 611 780 640 in
803 611 946 640 omnibus
968 610 1221 639 distinctionibus
1239 609 1344 638 hacte-

434 672 493 691 nus
521 661 635 690 habitis
666 666 696 689 et
719 660 893 690 observatis
919 660 1001 688 inter
1021 659 1120 688 dictas
1143 658 1284 687 nationes
1311 658 1343 687 in

433 710 574 750 partibus
591 709 760 739 Gallicanis
776 719 830 739 seu
846 708 1025 738 Romanciis
1042 708 1124 737 ultra
1141 707 1271 743 Mosam,
1286 717 1343 736 nec

433 770 496 789 non
518 759 550 788 in
576 759 717 798 partibus
741 758 886 787 Zelandie
909 764 940 787 et
959 756 1204 791 circumvicinis,
1229 756 1343 795 quibus

432 819 490 848 per
515 809 656 848 predicta
688 808 768 837 dicte
806 807 947 836 nationes
984 805 1102 835 nullum
1137 804 1343 845 prejudicium

432 858 597 888 voluerunt
622 857 777 897 generari,
803 866 860 885 nec
883 856 969 895 ipsas
991 855 1022 884 in
1044 854 1148 894 aliquo
1173 854 1342 889 immutari,

433 907 476 936 ita
505 913 624 942 tamen,
653 907 737 945 quod
762 905 902 945 magistri
933 904 1081 934 hactenus
1111 903 1285 943 magistrati
1311 903 1344 932 in

433 956 525 986 dictis
540 956 718 985 nationibus
735 954 990 994 qualitercunque
1013 959 1155 982 maneant
1180 952 1248 982 sine
1270 962 1344 991 pre-

427 1004 547 1045 judicio
573 1005 605 1034 in
628 1004 822 1039 nationibus,
849 1003 881 1032 in
908 1003 1021 1042 quibus
1049 1008 1121 1032 sunt
1148 1002 1341 1041 magistrati3

433 1054 635 1094 magistrandi
670 1063 745 1083 vero
780 1053 957 1082 transibunt
991 1053 1030 1081 ad
1068 1051 1224 1080 nationem
1256 1050 1345 1090 juxta

433 1103 663 1133 distinctionem
678 1102 901 1142 supradictam.

473 1151 579 1189 Quos⁴
607 1152 730 1181 modum
754 1157 784 1180 et
811 1151 938 1180 formam
960 1150 1105 1184 limitum,
1128 1149 1342 1185 terminorum,

431 1202 536 1231 finium
564 1211 599 1230 ac
626 1200 860 1230 distinctionum
887 1199 1083 1239 supradictos
1110 1199 1179 1238 ipse
1203 1198 1343 1227 nationes

432 1251 549 1290 prefate
566 1250 691 1290 plenius
716 1250 832 1279 avizate
855 1255 886 1278 et
903 1249 1072 1278 deliberate
1092 1247 1295 1277 laudaverunt
1315 1253 1345 1276 et

431 1300 694 1339 approbaverunt,
718 1305 749 1328 et
766 1304 918 1338 perpetuo
941 1304 1027 1327 ratos
1051 1303 1082 1327 et
1101 1297 1208 1326 firmos
1229 1296 1344 1326 habere

430 1349 596 1378 voluerunt
608 1355 638 1378 et
649 1354 755 1378 tenere
768 1347 990 1388 promiserunt.
1008 1346 1213 1376 Presentibus
1229 1347 1267 1375 ad
1284 1346 1343 1375 hoc

430 1397 662 1427 venerabilibus
680 1403 710 1426 et
726 1397 871 1426 discretis
890 1396 968 1426 viris
986 1395 1121 1425 dominis
1139 1401 1169 1424 et
1184 1395 1342 1434 magistris

433 1445 631 1487 Ingeranno²
666 1447 704 1475 de
737 1445 898 1485 Freneyo,
934 1445 1114 1475 Christiano
1153 1445 1191 1474 de
1228 1444 1343 1474 Sancto

430 1496 607 1526 Audemaro
638 1495 670 1524 in
702 1495 876 1534 theologia;
910 1494 1046 1523 Henrico
1077 1495 1115 1523 de
1149 1493 1341 1533 Ruppaleto‚

432 1545 587 1575 Herberto
612 1546 649 1574 de
670 1543 842 1574 Sarcellis³
863 1543 895 1573 in
915 1543 1068 1579 decretis;
1092 1543 1233 1572 Johanne
1260 1543 1343 1572 dicto

431 1594 598 1629 Mercurel,
614 1593 763 1623 Gervasio
780 1592 950 1623 Christiani
969 1593 1001 1621 in
1014 1592 1186 1628 medicina;
1203 1591 1342 1621 Johanne

432 1643 582 1678 Buridan,
601 1642 739 1682 Nycolao
754 1643 792 1672 de
811 1642 991 1677 Suessione,
1011 1642 1150 1671 Roherto
1165 1640 1340 1676 Godefridi,

430 1692 560 1722 Alberto
575 1693 612 1721 de
631 1692 766 1721 Saxonia
785 1691 816 1720 in
836 1691 966 1726 artibus,
990 1697 1020 1720 et
1036 1691 1178 1730 pluribus
1195 1690 1265 1719 aliis
1282 1690 1341 1719 fide

431 1742 535 1781 dignis
559 1741 691 1771 testibus
713 1742 753 1770 ad
780 1740 935 1780 premissa
962 1740 1079 1769 vocatis
1109 1739 1287 1779 specialiter
1312 1746 1343 1769 et

430 1791 561 1831 rogatis.
591 1790 682 1820 Anno
716 1790 842 1819 Domini
875 1790 921 1818 Μ0
954 1788 1047 1819 CCC⁰
1082 1789 1341 1829 quinquagesimo

981 386 1205 412 AUCTARIUM
1226 385 1484 412 CHARTULARII
1504 386 1678 413 UNIVERS.
1700 387 1818 414 PARIS.

1381 910 1415 936 10

1382 1156 1415 1182 15

1381 1401 1414 1427 20

1379 1648 1413 1674 25

431 1847 550 1876 octavo,
565 1841 615 1869 die
628 1839 810 1869 duodecima
827 1839 945 1868 mensis
962 1838 1047 1874 Julii,
1061 1838 1230 1867 indictione
1246 1839 1341 1867 unde·
1393 1856 1395 1859 -

431 1890 519 1925 eima,
546 1889 742 1929 pontificatus
767 1888 954 1918 sanctissimi
979 1888 1011 1917 in
1034 1887 1160 1917 Christo
1182 1888 1281 1927 patris
1306 1897 1340 1917 ac

431 1939 547 1968 domini
567 1939 667 1968 nostri
689 1938 806 1968 domini
831 1937 1003 1967 Innocentii
1021 1937 1126 1967 divina
1144 1936 1342 1977 providentia

430 1999 510 2028 pape
528 1988 608 2017 sexti
622 1998 703 2017 anno
719 1993 818 2017 sexto.

472 2087 546 2127 (F'ol.
583 2086 632 2126 39)
664 2086 739 2116 Item
768 2085 818 2115 die
850 2084 1025 2125 sequenti⁴‚
1059 2086 1228 2114 secundum
1259 2086 1343 2125 quod

431 2137 606 2167 ordinatum
620 2136 686 2171 fuit,
706 2135 847 2175 magistri
862 2135 1013 2164 dictarum
1031 2134 1211 2164 nationum⁵
1228 2145 1343 2174 peccu-

431 2187 512 2215 niam
534 2185 707 2225 depositam
725 2190 755 2213 et
772 2189 966 2223 sequestram
984 2183 1147 2213 occasione
1166 2183 1246 2212 dicte
1267 2194 1343 2213 con-

431 2235 584 2265 troversie
617 2239 878 2272 consumpserunt
902 2233 934 2262 in
955 2233 1084 2262 taberna
1106 2233 1149 2261 ad
1168 2234 1340 2272 grangiam.

431 2285 483 2314 ubi
510 2289 691 2322 consumpte
720 2283 842 2312 suerunt
868 2283 905 2311 18
929 2282 1020 2317 libre,
1048 2287 1135 2311 scuto
1159 2281 1280 2311 valente
1304 2283 1343 2311 30

432 2334 562 2368 solidos,
588 2333 626 2362 de
647 2332 760 2371 quibus
778 2331 866 2361 nacio
887 2331 1090 2360 Bicardorum
1110 2330 1203 2360 solvit
1220 2331 1238 2360 2
1256 2337 1343 2361 scuta

432 2393 500 2412 cum
525 2381 665 2417 dimidio,
689 2387 719 2410 et
742 2380 826 2410 natio
858 2387 967 2410 nostra
991 2380 1082 2409 etiam
1103 2385 1237 2416 tantum3
1261 2380 1343 2409 resi-

432 2433 524 2461 duum
548 2431 604 2460 suit
630 2430 759 2470 pecunia
783 2435 992 2469 sequestrata,
1020 2429 1167 2458 videlicet
1192 2430 1210 2457 2
1232 2429 1342 2458 ssoreni

432 2491 511 2521 quos
534 2480 642 2510 habuit
660 2480 810 2519 magister
823 2478 981 2508 Johannes
1005 2479 1043 2507 de
1059 2478 1170 2508 Calore
1188 2478 1226 2507 de
1243 2478 1343 2517 magi-

462 2601 484 2624 1.
518 2599 618 2623 Abhinc
647 2599 718 2632 apud
747 2598 880 2623 Bumuum
908 2597 1045 2621 diversitas
1074 2597 1170 2627 existit,
1199 2596 1343 2629 ibidemque

428 2644 528 2668 poenae
556 2635 582 2659 in
608 2637 808 2668 transgressores
836 2633 930 2658 statuti
952 2633 1105 2665 afferuntur.
1138 2633 1192 2657 Vid.
1222 2633 1342 2657 Chai-tul.

432 2672 564 2700 Univers.‚
576 2671 622 2699 111,
638 2675 666 2694 n⁰
678 2671 748 2694 1240.

461 2708 484 2731 2.
518 2708 566 2731 Ma.
585 2706 809 2738 Hengdenrenno;
827 2705 954 2729 BmAssus
971 2704 1153 2736 Hengerenno.
1171 2705 1267 2727 Nomen
1284 2711 1343 2726 cor-

431 2747 526 2767 rectum
554 2751 567 2766 e
589 2742 707 2766 Clam-tul.
737 2741 860 2766 Univers.
889 2741 984 2770 Paris„
1016 2740 1049 2769 11,
1078 2743 1103 2764 et
1129 2748 1143 2763 e
1163 2741 1224 2772 Reg.
1253 2739 1342 2771 Suppl.

433 2778 530 2802 Urbani
543 2779 570 2807 V,
581 2786 624 2801 an.
640 2778 663 2806 1,
675 2786 703 2809 p.
719 2778 741 2806 1,
754 2777 800 2808 sol,
816 2778 854 2800 78.

462 2815 485 2839 3.
519 2815 567 2838 Μ’.
590 2814 722 2842 een-elli„
747 2813 874 2837 Bummus
896 2811 1031 2836 Correllis.
1052 2813 1148 2836 Nomen
1173 2813 1312 2834 correctum
1329 2819 1342 2834 e

430 2852 492 2882 Reg.
506 2850 593 2882 Suppl.
606 2848 704 2874 Urbani
720 2850 745 2877 V,
757 2857 800 2873 an.
815 2849 873 2881 1,p.
889 2849 900 2872 1
923 2848 972 2881 sol.
986 2849 1024 2877 76,
1038 2850 1116 2872 etan.
1131 2848 1191 2879 3,p.
1206 2847 1230 2876 2,
1240 2845 1286 2878 sol.
1301 2847 1340 2870 58.

461 2887 484 2910 4.
519 2886 549 2909 13
561 2885 632 2909 Julii.

462 2923 485 2945 5.
518 2921 662 2953 Anglicane
672 2924 698 2944 et
708 2920 837 2944 Picardie.

1378 1894 1412 1920 30

1379 2140 1413 2166 35

1380 2386 1414 2412 40

2309 390 2362 417 236

1453 468 1518 492 stro
1546 462 1707 492 Willelmo
1732 462 1851 499 Buser;
1884 463 1957 493 item
1987 465 2006 493 2
2038 470 2136 500 scuta,
2166 475 2226 504 que
2253 465 2362 496 habuit

1450 517 1595 551 receptor
1607 518 1714 541 noster
1731 513 1768 541 de
1781 513 1907 548 eodem;
1925 512 1997 542 item
2014 514 2029 542 1
2046 519 2130 543 muto
2147 524 2239 554 quem
2253 514 2361 545 habuit

1451 560 1601 600 magister
1624 559 1772 590 Albertus
1800 562 1838 591 de
1866 561 2000 591 Saxonia
2027 563 2065 591 de
2091 562 2241 601 [Johanne
2263 564 2358 603 dicto]

1451 608 1534 638 Mast
1542 621 1551 646 ;
1568 609 1649 639 idem
1661 611 1675 639 1
1694 616 1778 639 muto
1789 620 1880 650 quem
1895 617 2118 641 concesserunt
2128 611 2254 641 Bicardi
2268 612 2359 642 etiam

1452 658 1490 687 de
1507 658 1658 696 [Johanne
1673 658 1767 698 dicto]
1787 659 1879 689 Mast.

1492 707 1568 737 Item
1597 708 1647 737 16⁸
1674 708 1725 737 die
1750 708 1824 738 Julii
1844 709 1921 738 facta
1947 709 2197 749 congregacione
2221 710 2361 749 generali

1452 757 1534 796 apud
1549 756 1694 787 Sanctum
1712 757 1926 787 Bernhardum
1941 764 2118 797 presentate
2135 759 2258 789 fuerunt
2271 759 2361 789 litere

1451 805 1622 844 apostolice
1639 807 1754 836 rectori
1772 813 1802 836 et
1820 806 2024 837 Universitati
2045 807 2178 844 directe,
2199 808 2231 838 in
2246 807 2360 848 quibus

1453 868 1532 898 papa
1550 860 1681 899 rogabat
1700 866 1732 889 et
1751 860 1970 890 exhortabatur
1988 860 2228 891 Universitatem
2239 860 2263 897 ⁶,
2282 871 2361 901 qua-

1451 908 1536 937 tinus
1550 908 1714 938 assisteret
1729 909 1839 949 legatis
1857 909 1936 939 datis
1954 910 1992 939 ab
2008 920 2044 939 eo
2059 911 2097 939 ad
2112 911 2305 940 tractandum
2321 911 2360 940 de

1452 966 1528 996 pace
1541 956 1623 986 inter
1636 957 1753 987 Ducem
1764 958 1952 988 Normannie
1965 965 1995 988 et
2006 959 2110 988 villam
2126 959 2358 999 parysiensem,

1453 1011 1483 1035 et
1504 1006 1560 1035 fuit
1582 1016 1642 1045 pax
1666 1006 1745 1036 sacta
1764 1007 1965 1037 decimanona
1989 1008 2039 1037 die
2061 1008 2178 1038 mensis
2203 1008 2360 1048 predicti⁷

1451 1065 1510 1095 per
1530 1055 1670 1095 reginam
1687 1055 1870 1092 Johannam,
1885 1066 1992 1096 regem
2012 1056 2172 1087 Navarre⁸
2193 1064 2224 1087 et
2240 1058 2360 1097 legatos

1452 1104 1654 1144 apostolicos,
1690 1104 1835 1134 videlicet
1869 1105 2138 1145 archiepiscopum
2174 1106 2360 1147 Lugdunen-

1453 1163 1518 1182 sem
1528 1152 1551 1188 9,
1570 1154 1751 1193 episcopum
1771 1153 2026 1193 Parysiensem⁴⁰
2044 1161 2074 1184 et
2094 1155 2231 1195 priorem
2255 1155 2360 1185 Sancti

1452 1202 1579 1231 Martini
1591 1201 1615 1220 ⁴⁴
1634 1202 1796 1242 Parysius.

1493 1299 1566 1340 (Ποῖ.
1581 1302 1619 1330 39
1633 1300 1658 1340 ¹²)
1673 1300 1764 1330 Anno
1775 1300 1900 1330 Domini
1913 1301 2001 1336 1358,
2016 1301 2068 1330 23²
2077 1301 2127 1330 die
2139 1301 2236 1337 Jullii,
2247 1302 2360 1332 substi-

1451 1355 1536 1379 tutus
1557 1349 1614 1379 fuit
1632 1349 1781 1389 magister
1801 1349 1952 1389 Artolpus
1974 1349 2176 1380 Lauterwech
2197 1351 2229 1380 in
2243 1361 2360 1391 procu-

1451 1405 1586 1428 ratorem
1609 1398 1750 1428 nacionis
1773 1398 1956 1438 Anglicane,
1977 1398 2009 1428 in
2032 1397 2119 1439 cujus
2139 1399 2360 1430 substitutione
2391 1437 2394 1441 Δ
2419 1429 2423 1432 ,

1452 1449 1530 1478 sacta
1545 1454 1617 1478 sunt
1633 1448 1690 1477 hec
1707 1458 1767 1487 que
1781 1454 1938 1477 secuntur.

1491 1497 1598 1527 Primo
1626 1497 1815 1537 computavit
1838 1497 1986 1537 magister
2010 1497 2194 1536 Reyboldus
2220 1498 2258 1527 de
2286 1497 2357 1534 hoc,

1452 1547 1535 1586 quod
1557 1552 1771 1576 consumserat
1787 1556 1855 1575 cum
1875 1545 2024 1585 equitavit
2040 1547 2080 1575 ad
2091 1547 2220 1583 Ducem,
2243 1553 2274 1576 et
2290 1553 2356 1578 erat

1451 1605 1569 1625 summa
1592 1601 1762 1624 sumtorum
1791 1595 1880 1624 fortis
1906 1594 1939 1624 in
1967 1595 2020 1624 illa
2042 1595 2103 1631 via,
2132 1596 2175 1624 3⁸⁸
2203 1602 2357 1632 mutones,

1452 1645 1490 1674 18
1503 1644 1608 1680 solidi,
1625 1650 1712 1674 scuto
1727 1643 1848 1674 valente
1863 1644 1914 1679 24,
1936 1644 1973 1673 de
1992 1644 2105 1684 quibus
2124 1645 2212 1674 nacio
2227 1646 2361 1675 debebat

1450 1695 1579 1723 reabere
1593 1704 1611 1723 a
1624 1699 1746 1723 rectore
1762 1695 1798 1723 15
1814 1693 1945 1729 solidos,
1965 1699 2053 1723 scuto
2067 1693 2188 1723 valente
2205 1700 2239 1723 ut
2256 1694 2355 1733 prius.

1491 1742 1566 1772 Item
1586 1742 1752 1782 suplicavit
1770 1742 1909 1782 prefatus
1931 1742 2080 1782 magister
2099 1743 2281 1782 Reyboldus
2298 1753 2356 1783 pro

1451 1801 1484 1822 se
1497 1797 1527 1821 et
1542 1791 1691 1832 magistro
1708 1791 1836 1821 Nicolao
1851 1786 1976 1821 Trfitler
1992 1792 2030 1820 de
2045 1791 2174 1831 Rudlig‚
2193 1798 2228 1821 ut
2245 1791 2271 1822 si
2288 1802 2359 1822 con-

1449 1841 1563 1881 tigeret
1578 1841 1646 1870 fieri
1664 1840 1810 1876 rotulum,
1830 1847 1860 1871 et
1876 1841 1954 1870 alios
1972 1841 2116 1870 absentes
2131 1841 2206 1880 poni
2223 1841 2255 1870 in
2270 1847 2358 1871 rotu-

1449 1890 1523 1926 lum,
1549 1896 1583 1920 ut
1606 1896 1636 1919 et
1655 1890 1718 1929 ipsi
1740 1889 1850 1919 solutis
1873 1889 2032 1919 solvendis
2052 1896 2254 1929 ponerentur,
2275 1891 2359 1930 quod

1450 1949 1495 1969 eis
1514 1946 1579 1968 erat
1593 1949 1787 1969 concessum.

1478 1988 1566 2028 'Item
1599 1989 1631 2018 in
1664 1988 1714 2017 die
1747 1986 1973 2017 Bartolomei⁴²
2010 1988 2087 2016 facta
2110 1988 2358 2028 congregacione

1449 2037 1590 2067 nacionis
1610 2036 1783 2077 Anglicane
1805 2037 1844 2066 ad
1862 2036 2056 2076 Cordigeros
2074 2037 2112 2065 ad
2131 2036 2357 2076 suplicandum,

1451 2086 1683 2126 suplicaverunt
1711 2085 1859 2126 magister
1890 2085 2087 2115 Giselbertus
2118 2085 2357 2122 Lichtenberch‚

1450 2136 1594 2165 dominus
1616 2135 1715 2165 Adam
1737 2136 1775 2164 de
1795 2135 1925 2165 Catwiic
1946 2141 1976 2164 et
1997 2134 2140 2164 dominus
2158 2134 2303 2170 Matthias,
2325 2141 2359 2164 ut

1450 2185 1539 2214 nacio
1558 2185 1646 2214 daret
1665 2185 1711 2214 eis
1730 2184 1910 2214 ulteriorem
1931 2184 2023 2219 diem,
2044 2183 2190 2213 videlicet
2203 2193 2302 2223 usque
2320 2185 2358 2214 ad

1452 2234 1562 2264 festum
1582 2234 1680 2263 sancti
1704 2233 1839 2263 Dionisii
1860 2233 1898 2262 de
1923 2233 2077 2262 solutione
2098 2233 2241 2272 pecunie,
2268 2242 2359 2273 quam

1451 2289 1631 2313 tenerentur
1648 2282 1783 2318 nacioni,
1800 2283 1884 2322 quod
1902 2282 1948 2311 eis
1967 2287 2032 2311 erat
2048 2291 2241 2312 concessum.

1482 2596 1506 2619 6.
1538 2594 1655 2627 Epistola
1675 2593 1818 2618 Innocentii
1848 2594 1881 2617 V!
1896 2594 1935 2617 est
1963 2591 2028 2616 anni
2051 2592 2122 2622 1358,
2147 2592 2177 2615 18
2195 2590 2275 2615 Iunii.
2302 2590 2358 2616 Vid.

1451 2631 1570 2656 Chartul.
1580 2630 1703 2655 Univers.
1714 2630 1808 2658 Pax-is..
1821 2629 1866 2658 111,
1880 2633 1909 2652 ιι·
1923 2629 1991 2652 1239.

1482 2668 1506 2691 7.
1539 2667 1591 2690 Hoc
1608 2665 1761 2696 confirmant
1774 2665 1823 2689 Les
1836 2664 1951 2696 grandes
1970 2663 2128 2695 chroniques
2144 2662 2177 2687 de
2194 2662 2302 2692 France,
2317 2661 2358 2687 ed.

1402 2681 1404 2683 Ι
1450 2702 1478 2727 P.
1492 2701 1576 2730 Paris,
1592 2702 1634 2730 VI,
1649 2701 1695 2725 126
1706 2708 1746 2733 sq.

1481 2739 1504 2762 8.
1538 2737 1672 2762 Can-olum.

1480 2775 1503 2797 9.
1540 2772 1732 2805 Raymundum.

1481 2809 1521 2833 10.
1553 2808 1710 2833 Johannem.

1481 2845 1519 2868 11.
1554 2844 1702 2868 Johannem
1713 2843 1745 2867 de
1760 2842 1834 2867 Pinu.

1481 2881 1520 2904 12.
1554 2880 1585 2904 24
1596 2879 1712 2913 Augutti.
