2632 3464
292 453 345 480 533

291 528 511 559 Universitatis
526 528 710 568 propositis,
727 535 760 558 ut
782 528 877 557 moris
899 533 958 562 est,
979 525 1151 566 comparuit
1168 526 1199 555 in

291 577 420 607 nacione
452 577 609 606 Johannes
639 578 678 606 de
706 576 852 606 Treveris
880 575 1020 605 hedenus
1046 575 1198 611 nacionis,

291 625 470 665 supplicans
493 636 530 655 ex
558 631 644 665 parte
663 625 803 666 magistri
831 624 981 654 Johannis
1005 625 1044 654 de
1066 623 1198 664 Inghen,

291 680 364 705 tunc
383 675 456 704 alibi
478 674 615 715 legitime
638 674 791 714 impediti,
812 680 846 703 ut
862 674 995 708 dicebat.
1014 683 1082 703 cum
1097 673 1199 702 dictus

291 723 439 763 magister
455 730 539 754 esset
558 724 657 753 iturus
674 724 712 752 ad
730 729 836 763 partes
855 732 927 752 snas
947 728 978 752 et
999 728 1083 752 esset
1102 722 1200 751 inten-

290 772 390 802 cionis
419 773 569 802 redeundi
593 772 808 812 quantocicius
831 778 951 812 posset,
969 772 1114 811 quatinus
1132 771 1200 810 pla-

291 827 374 851 ceret
396 821 530 856 nacioni,
553 821 637 861 quod
662 821 689 850 si
715 821 747 850 in
766 820 913 850 absencia
934 821 981 850 sui
1005 821 1201 860 contingeret

290 870 425 900 rotulum
453 870 531 900 mitti
559 871 597 900 ad
621 880 744 910 papam,
775 870 858 909 quod
886 870 953 909 ipse
977 876 1144 909 poneretur
1169 870 1199 898 in

291 918 392 948 rotulo
407 925 551 958 tanquam
571 919 696 948 absens.
719 917 816 957 Cujus
834 918 1025 958 supplicacio
1051 927 1201 948 concessa

291 967 358 1003 suit,
373 974 405 997 ut
420 968 489 998 aliis
504 973 686 997 consuetum
696 974 744 997 est
759 969 942 1002 concedere,
960 960 1018 997 etei

330 1016 404 1056 (Ful.
423 1019 461 1047 10
474 1016 498 1056 ¹²)
515 1015 591 1046 Item
606 1026 687 1046 anno
709 1016 833 1046 Domini
850 1026 911 1056 quo
927 1026 1032 1056 supra,
1050 1015 1136 1046 vul·
1150 1016 1199 1046 die

289 1064 410 1100 Marcii,
427 1066 505 1095 sacta
519 1065 766 1105 congregacione
782 1065 922 1095 nacionis
936 1065 1108 1105 Anglicane
1124 1065 1199 1094 hora

289 1114 458 1153 primarum
475 1114 568 1144 Beate
585 1114 683 1144 Marie
698 1114 831 1154 virginis
844 1115 926 1154 apud
942 1114 1087 1144 Sanctum
1102 1114 1199 1144 Julia-

289 1172 361 1192 num
377 1172 544 1202 pauperem
563 1163 602 1192 ad
621 1162 826 1192 ordinandum
849 1163 886 1192 de
909 1163 1040 1203 pecunia
1059 1163 1198 1193 nacionis

289 1217 319 1240 et
338 1212 375 1241 ad
403 1211 652 1252 supplicandum,
672 1218 702 1241 et
727 1218 859 1252 protunc
888 1212 1141 1252 supplicaverunt
1167 1212 1198 1241 in

288 1270 417 1290 numero
431 1262 459 1290 X
475 1260 524 1290 vel
539 1260 593 1294 XI.
613 1271 670 1300 pro
685 1260 839 1290 dilacione
854 1262 1017 1290 bursarum
1031 1270 1086 1290 sue
1098 1261 1198 1290 deter-

288 1308 450 1343 minancie,
467 1314 498 1338 et
511 1310 594 1350 quod
607 1316 760 1349 ponerent
769 1310 910 1350 pignora.
926 1310 1064 1347 Quorum
1081 1309 1198 1349 suppli-

288 1357 372 1387 cacio
388 1357 443 1387 suit
457 1367 607 1387 concessa
622 1368 690 1387 cum
704 1358 762 1387 ista
778 1358 1009 1388 modificacione
1024 1368 1084 1398 que
1095 1358 1198 1398 sequi—

287 1412 348 1440 tur,
376 1406 495 1436 scilicet
515 1407 599 1446 quod
620 1407 722 1446 primo
733 1406 876 1446 jurarent
895 1408 978 1447 quod
995 1407 1084 1436 istam
1103 1417 1198 1446 pecu-

287 1454 368 1484 niam
379 1465 437 1494 pro
450 1465 530 1485 nunc
541 1466 603 1485 non
611 1462 741 1496 possent
749 1456 869 1485 nacioni
883 1466 938 1495 per
950 1465 984 1485 se
992 1456 1040 1485 vel
1052 1466 1108 1495 per
1119 1455 1196 1486 alios

287 1503 424 1539 solvere;
440 1505 577 1534 secundo
588 1505 671 1544 quod
687 1514 782 1544 super
794 1505 851 1534 ista
867 1505 999 1544 pignora
1015 1515 1075 1544 que
1084 1505 1198 1535 vellent

288 1553 409 1582 nacioni
427 1552 577 1593 obligare,
597 1563 659 1583 non
674 1559 804 1593 possent
816 1554 889 1583 alibi
909 1560 1021 1583 tantam
1037 1555 1196 1593 pecuniam

287 1608 441 1638 mutuare;
466 1601 564 1631 tercio
586 1603 669 1642 quod
698 1602 725 1632 si
749 1602 865 1632 vellent
891 1603 950 1632 ista
969 1604 1030 1632 duo
1058 1603 1197 1643 predicta

282 1649 400 1691 jurare,
418 1657 570 1690 ponerent
594 1652 675 1690 apud
698 1658 890 1691 receptorem
913 1652 1046 1692 pignora
1063 1652 1196 1692 duplicis

286 1699 414 1735 valoris,
442 1709 502 1739 que
527 1700 661 1740 pignora
687 1701 747 1730 nisi
774 1700 1001 1730 redimerentur
1027 1701 1106 1730 infra
1132 1707 1196 1731 tres

286 1757 410 1778 menses
427 1750 652 1788 computandos
669 1759 686 1779 a
703 1756 841 1789 tempore
859 1749 1075 1789 obligacionis‚
1095 1751 1132 1779 ab
1150 1751 1196 1780 eis

286 1806 350 1826 non
366 1803 496 1837 possent
511 1798 627 1837 repeti,
643 1799 698 1828 sed
714 1798 889 1828 omnimoda
903 1799 1074 1838 disposicio
1090 1809 1195 1828 eorum

286 1851 424 1876 maneret
450 1846 482 1876 in
505 1846 662 1877 voluntate
686 1847 837 1882 meionis,
860 1847 928 1876 sine
952 1848 1195 1878 contradictione

286 1893 508 1934 cujuscunque.
538 1895 659 1924 Deinde
681 1896 935 1935 supplicaverunt
958 1897 1019 1926 duo
1044 1903 1195 1935 quatenus

286 1943 374 1972 nacio
381 1943 426 1972 eis
434 1944 546 1973 faceret
556 1944 690 1984 graciam
704 1945 742 1974 de
756 1945 861 1974 bursis
873 1955 927 1974 sue
936 1945 1193 1981 determinancie;

286 2002 416 2031 quorum
432 1992 623 2032 supplicacio
645 1993 700 2023 suit
721 2003 870 2023 concessa
892 2004 976 2023 more
992 1994 1096 2029 solito.
1123 1995 1196 2034 quia

286 2050 439 2080 pauperes
457 2047 487 2071 et
501 2039 684 2081 juraverunt
703 2041 817 2072 ibidem
840 2049 986 2073 statutum
1005 2044 1195 2082 paupertatis

285 2089 316 2118 in
334 2089 426 2130 plena
443 2090 582 2120 nacione.
603 2090 722 2120 Deinde
744 2091 931 2131 supplicavit
951 2092 1094 2122 dominus
1110 2092 1196 2122 Con-

285 2139 396 2168 rardus
422 2139 460 2168 de
479 2138 579 2169 Hallis
599 2140 743 2179 quatinus
767 2140 827 2170 sibi
848 2141 936 2170 nacio
959 2141 1047 2171 daret
1065 2141 1196 2171 dilacio-

285 2197 353 2216 nem
370 2188 532 2218 bursarum
548 2188 788 2219 determinaneie
806 2199 860 2219 sue
874 2195 904 2219 et
917 2191 999 2229 quod
1021 2190 1108 2220 nacio
1127 2201 1194 2220 eum

284 2235 418 2276 quitaret
438 2237 476 2266 de
502 2237 663 2276 posicione
688 2238 865 2278 pignorum,
891 2239 964 2278 quia
985 2245 1111 2278 paratus
1131 2246 1196 2269 erat

282 2283 387 2326 jurare
409 2286 492 2325 quod
515 2295 572 2315 nee
593 2296 649 2325 per
670 2296 703 2316 se
723 2297 779 2317 nec
798 2297 854 2327 per
871 2287 986 2317 amicos
1010 2295 1118 2328 posset
1131 2287 1194 2328 jam

283 2333 382 2364 dictas
411 2335 522 2364 bursas
555 2335 692 2370 solvere,
726 2346 781 2365 nec
816 2335 943 2366 haberet
972 2337 1106 2377 pignora
1134 2347 1194 2377 que

283 2389 392 2423 posset
401 2383 552 2424 obligare.
567 2383 664 2423 Cujus
680 2384 872 2424 supplicacio
884 2385 939 2414 suit
951 2395 1110 2420 concessa,
1125 2396 1193 2415 cum

284 2432 492 2461 moderamine
511 2438 611 2462 tamen
629 2433 681 2462 tali
702 2434 785 2473 quod
812 2433 944 2473 prestito
961 2432 1132 2473 juramento
1155 2436 1194 2464 de

282 2481 445 2520 predictis,
466 2487 499 2511 ut
518 2481 640 2517 obtulit,
663 2482 816 2522 obligaret
838 2492 871 2512 se
891 2482 923 2511 in
949 2482 1037 2512 litera
1055 2483 1193 2513 officialis

284 2529 341 2559 sub
366 2539 447 2569 pena
473 2530 804 2561 excommunicacionis
830 2531 889 2560 late
913 2532 1081 2567 sentencie,
1110 2533 1194 2572 quod

283 2577 363 2607 infra
385 2578 457 2608 hinc
479 2585 509 2608 et
536 2580 644 2609 festum
670 2580 814 2610 Omnium
839 2580 1020 2610 Sanctorum
1042 2581 1193 2611 inclusive

283 2626 382 2657 solvat
394 2627 516 2657 nacioni
534 2637 593 2668 pro
608 2638 663 2658 sua
675 2628 927 2659 determinancia‚
943 2628 977 2658 Si
989 2635 1088 2659 tamen
1106 2630 1192 2669 prius

283 2681 401 2714 posset,
425 2675 511 2715 prius
536 2676 682 2706 solveret.
710 2677 840 2707 Nomina
862 2677 991 2707 istorum
1011 2678 1192 2718 supplican-

284 2722 365 2753 cium
377 2724 557 2755 scribuntur
571 2725 622 2754 hic
637 2725 778 2755 inferius.

453 2799 757 2830 Determinantes
786 2800 894 2841 hujus
922 2802 1022 2831 anni.

323 2869 428 2899 Primo
452 2870 668 2901 determinavit
687 2871 831 2902 dominus
845 2872 1003 2903 lohannes
1028 2872 1191 2904 Menteller

314 2971 336 2995 1.
369 2972 418 2995 Seu
432 2970 583 3004 Tunulngh.

791 452 904 478 LIBER
932 450 1245 478 PROCURATORUM
1270 450 1449 476 NATIONIS
1470 450 1715 476 ANGLICANAE

1238 971 1271 996 10

1237 1215 1269 1241 15

1235 1460 1269 1487 20

1234 1705 1268 1731 25

1232 1951 1267 1978 30

1232 2196 1266 2222 35

1232 2441 1265 2467 40

1230 2686 1263 2712 45

2162 451 2213 477 534

1308 527 1346 555 de
1362 526 1484 555 Swevia
1498 527 1555 555 sub
1574 527 1722 566 magistro
1738 526 1876 555 Johanne
1890 527 1927 555 de
1943 527 2115 566 Maguncia,
2129 526 2215 565 cujus

1308 575 1401 604 bursa
1415 575 1475 604 IIII
1495 575 1599 604 solidi.
1621 575 1719 604 Solvit
1735 576 1900 614 receptori.

1349 624 1424 654 Item
1442 624 1657 654 determinavit
1671 624 1814 653 dominus
1833 623 1973 663 Mychael
1987 625 2025 653 de
2042 624 2143 653 Pratis
2158 626 2216 653 sub

1308 673 1458 712 magistro
1484 673 1631 712 Philippo
1660 672 1774 713 Pingh‚
1799 672 1887 713 cujus
1912 673 2007 702 bursa
2036 673 2079 702 III
2112 674 2214 703 solidi.

1309 721 1410 751 Solvit
1426 722 1592 761 receptori.

1349 771 1423 800 Item
1446 771 1663 800 determinavit
1682 770 1825 800 dominus
1851 770 2046 799 Hermannus
2073 772 2110 800 de
2139 771 2216 800 Sco-

1308 820 1448 849 nenbeke
1465 821 1523 850 sub
1545 819 1693 859 magistro
1710 818 1856 858 Philippo
1878 819 1992 858 Pingh,
2015 818 2101 859 cujus
2124 820 2217 849 bursa

1308 868 1335 897 V
1350 869 1454 898 solidi.
1474 868 1574 898 Solvit
1588 868 1755 907 receptori.

1350 917 1423 947 Item
1439 917 1656 947 determinavit
1676 917 1819 946 dominus
1843 916 2002 946 Johannes
2021 917 2162 946 Nicholai
2180 919 2218 947 de

1309 966 1417 996 Gouda
1439 967 1496 996 sub
1518 966 1667 1006 magistro
1693 966 1832 995 Johanne
1862 966 1900 994 de
1929 965 2109 1002 Hoekelem,
2130 966 2217 1006 cujus

1308 1016 1402 1045 bursa
1414 1015 1441 1044 V
1459 1015 1562 1045 solidi.
1585 1015 1683 1044 Solvit
1698 1015 1864 1054 receptori.

1350 1065 1423 1094 Item
1446 1064 1660 1094 determinavit
1681 1064 1824 1094 dominus
1840 1064 2014 1093 Wernerus
2037 1065 2074 1093 de
2096 1063 2217 1094 Swevia

1308 1114 1365 1142 sub
1381 1113 1529 1153 magistro
1544 1113 1683 1143 Johanne
1699 1114 1737 1142 de
1751 1113 1926 1153 Maguncia,
1944 1112 2031 1152 cujus
2046 1113 2140 1142 bursa
2157 1113 2215 1142 IIII

1307 1162 1399 1191 solidi
1417 1169 1446 1191 et
1462 1162 1522 1191 IIII
1533 1162 1663 1192 denarii.
1680 1161 1780 1191 Solvit
1797 1162 1951 1202 receptori
1966 1161 2080 1191 XXVII
2098 1161 2216 1191 solidos

1307 1217 1337 1240 et
1350 1211 1423 1240 VIII
1439 1211 1584 1240 denarios
1600 1217 1630 1240 et
1645 1211 1749 1250 posuit
1763 1211 1878 1250 pignus
1896 1221 1954 1250 pro
1969 1210 2106 1240 residuo.

1348 1259 1422 1289 Item
1448 1259 1664 1289 determinavit
1690 1260 1835 1289 dominus
1858 1259 2004 1289 Nicolaus
2029 1261 2067 1289 de
2096 1259 2218 1299 Ktmgi-

1307 1315 1396 1348 steyn
1410 1310 1468 1338 sub
1486 1309 1635 1349 magistro
1649 1308 1796 1348 Philippo
1811 1308 1924 1348 Pingh,
1942 1307 2029 1348 cujus
2046 1309 2140 1338 bursa
2157 1308 2216 1338 IIII

1307 1357 1399 1387 solidi
1414 1364 1444 1387 et
1461 1357 1502 1387 III
1517 1358 1647 1387 denarii.
1669 1357 1768 1387 Solvit
1781 1358 1946 1397 receptori.

1347 1407 1421 1436 Item
1444 1407 1660 1436 determinavit
1676 1407 1820 1436 dominus
1839 1407 2023 1436 Laurentius
2039 1408 2076 1436 de
2093 1406 2216 1436 Alcma-

1306 1455 1352 1485 ria
1366 1457 1424 1484 sub
1438 1456 1587 1495 magistro
1604 1455 1743 1485 Johanne
1761 1456 1799 1484 de
1816 1455 1990 1495 Maguncia,
2014 1454 2100 1494 cujus
2123 1456 2217 1485 bursa

1305 1504 1332 1533 V
1349 1505 1452 1534 solidi.
1471 1505 1570 1534 Solvit
1585 1505 1752 1544 receptori.

1347 1554 1421 1583 Item
1432 1554 1647 1584 determinavit
1657 1553 1800 1583 dominus
1814 1553 1960 1583 Nicolaus
1976 1554 2014 1582 de
2030 1553 2142 1583 Prusia
2157 1554 2215 1583 sub

1305 1603 1454 1642 magistro
1481 1602 1621 1632 Johanne
1648 1602 1786 1637 Luberti‚
1807 1601 1893 1642 cujus
1920 1603 2014 1632 bursa
2042 1602 2085 1631 III
2108 1603 2212 1638 solidi,

1306 1651 1366 1681 1111
1383 1652 1512 1680 denarii.
1531 1651 1631 1681 Solvit
1645 1652 1810 1691 receptori.

1347 1700 1421 1730 Item
1437 1701 1653 1730 determinavit
1667 1701 1811 1730 dominus
1825 1700 1898 1730 Otto
1919 1701 1956 1729 de
1972 1699 2137 1740 Tuningh⁴
2157 1702 2214 1730 sub

1305 1748 1453 1789 magistro
1470 1749 1610 1778 Johanne
1629 1750 1667 1778 de
1686 1749 1860 1789 Maguncia,
1880 1748 1968 1788 cujus
1984 1750 2077 1778 bursa
2093 1749 2133 1778 Vl
2153 1750 2210 1779 sol.

1304 1796 1343 1826 Vl
1360 1797 1489 1827 denarii.
1508 1797 1607 1827 Solvit
1620 1798 1787 1837 receptori.

1346 1846 1419 1875 item
1431 1847 1645 1876 determinavit
1654 1847 1798 1876 dominus
1808 1846 2017 1876 Hartmannus
2026 1847 2063 1875 de
2079 1847 2211 1887 Magun-

1304 1895 1351 1924 cia
1364 1896 1421 1925 sub
1440 1896 1589 1935 magistro
1603 1895 1744 1925 Johanne
1764 1897 1801 1925 de
1821 1895 1997 1935 Maguncia,
2015 1894 2102 1935 eujus
2118 1897 2213 1925 bursa

1303 1943 1344 1974 VI
1361 1944 1465 1979 solidi,
1482 1944 1522 1973 vl
1541 1945 1671 1974 denarii.
1691 1944 1791 1974 Solvit
1806 1944 1971 1984 receptori.

1345 1993 1419 2022 Item
1435 1994 1650 2023 determinavit
1669 1993 1813 2022 dominus
1832 1994 2027 2023 Hermannus
2045 1994 2082 2022 de
2102 1994 2213 2023 Hassia

1304 2042 1362 2071 sub
1377 2042 1526 2082 magistro
1541 2042 1680 2071 Johanne
1699 2043 1735 2071 de
1751 2042 1926 2082 Magumia,
1942 2041 2028 2082 cujus
2044 2043 2136 2071 bursa
2153 2042 2211 2071 IlII

1304 2090 1408 2126 solidi,
1429 2090 1488 2120 IIII
1503 2091 1633 2120 denarii.
1650 2091 1759 2120 Posuit
1778 2091 1902 2131 pignus.

1346 2139 1419 2169 Item
1442 2139 1657 2169 determinavit
1678 2140 1822 2169 dominus
1848 2140 2000 2169 Martinus
2028 2140 2211 2169 Theoderici

1303 2189 1342 2218 de
1362 2189 1436 2218 Dels
1450 2189 1507 2218 sub
1530 2189 1679 2229 magistro
1701 2189 1841 2218 Johanne
1866 2190 1904 2218 de
1925 2189 2105 2224 Hoekelem‚
2125 2189 2211 2229 cujus

1303 2239 1398 2268 bursa
1412 2237 1438 2267 V
1453 2238 1557 2273 solidi,
1577 2238 1634 2267 IIII
1654 2238 1783 2268 denarii.
1805 2238 1904 2268 Solvit
1922 2238 2087 2278 receptori.

1344 2287 1418 2317 Item
1443 2287 1659 2316 determinavit
1683 2287 1826 2317 dominus
1850 2287 1940 2327 Hugo
1964 2287 2146 2317 Theoderici
2173 2289 2210 2316 de

1304 2336 1377 2366 Dels
1403 2337 1460 2366 sub
1492 2337 1640 2376 magistro
1663 2336 1802 2366 Johanne
1834 2337 1871 2365 de
1909 2337 2086 2371 Hoekelem,
2124 2336 2210 2375 cujus

1302 2386 1396 2415 bursa
1411 2385 1437 2414 V
1455 2385 1559 2421 solidi.
1579 2385 1637 2415 1111
1651 2386 1781 2415 denarii.
1798 2385 1897 2415 Solvit
1910 2386 2074 2425 receptori.

1344 2434 1417 2464 Item
1447 2435 1663 2464 determinavit
1684 2434 1827 2464 dominus
1854 2435 1964 2474 Voppo
1995 2435 2032 2463 de
2059 2434 2131 2463 Dels
2151 2435 2209 2462 sub

1302 2483 1450 2523 magistro
1467 2483 1606 2513 ,iohanne
1623 2485 1662 2513 de
1678 2484 1858 2518 Hoekelem,
1878 2482 1964 2521 cujus
1983 2484 2076 2512 bursa
2096 2482 2120 2511 V
2136 2483 2207 2517 sol..

1303 2531 1362 2562 1111
1376 2533 1507 2562 denarii.
1526 2533 1627 2562 Solvit
1641 2533 1806 2572 receptori.

1343 2581 1416 2611 Item
1428 2581 1643 2611 determinavit
1658 2582 1803 2611 dominus
1818 2581 1974 2610 johannes
1990 2581 2027 2609 de
2042 2580 2208 2620 Yselsteyn

1302 2629 1359 2659 sub
1383 2629 1530 2670 Philippo
1558 2630 1673 2670 Pingh;
1698 2629 1784 2670 cujus
1809 2631 1902 2659 bursa
1928 2629 1953 2658 V
1977 2629 2079 2658 solidi.
2109 2629 2209 2659 Solvit

1301 2678 1467 2719 receptori.

1342 2727 1416 2757 Item
1437 2728 1651 2758 determinavit
1668 2729 1812 2757 dominus
1832 2727 2042 2756 Theodericus
2065 2727 2102 2756 de
2126 2726 2208 2756 Dor-

1300 2776 1394 2805 draco
1418 2777 1475 2806 sub
1501 2777 1650 2817 magistro
1675 2777 1815 2806 Johanne
1845 2777 1883 2805 de
1911 2775 2090 2810 Hoekelem,
2121 2775 2207 2815 cujus

1301 2825 1395 2854 bursa
1413 2824 1554 2860 Vsolidi,
1574 2825 1631 2855 IIII
1647 2825 1777 2854 denarii.
1795 2824 1894 2854 Solvit
1911 2824 2075 2863 receptori.

1343 2874 1415 2903 Item
1443 2874 1657 2904 determinavit
1685 2874 1827 2903 dominus
1852 2873 2015 2903 conradus
2042 2873 2080 2902 de
2108 2873 2206 2903 Hallis
