<?xml version="1.0" encoding="UTF-8"?>
<!DOCTYPE html PUBLIC "-//W3C//DTD XHTML 1.0 Transitional//EN"
    "http://www.w3.org/TR/xhtml1/DTD/xhtml1-transitional.dtd">
<html xmlns="http://www.w3.org/1999/xhtml" xml:lang="en" lang="en">
 <head>
  <title>
</title>
<meta http-equiv="Content-Type" content="text/html;charset=utf-8" />
  <meta name='ocr-system' content='tesseract 3.04.00' />
  <meta name='ocr-capabilities' content='ocr_page ocr_carea ocr_par ocr_line ocrx_word'/>
</head>
<body>
  <div class='ocr_page' id='page_1' title='image "auctariumchartul01univuoft_0312.png"; bbox 0 0 2632 3464; ppageno 0'>
   <div class='ocr_carea' id='block_1_1' title="bbox 447 447 2367 480">
    <p class='ocr_par' dir='ltr' id='par_1_1' title="bbox 447 447 2367 480">
     <span class='ocr_line' id='line_1_1' title="bbox 447 447 2367 480; baseline -0.003 0"><span class='ocrx_word' id='word_1_1' title='bbox 447 455 498 480; x_wconf 75' lang='lat'>447</span> <span class='ocrx_word' id='word_1_2' title='bbox 988 449 1209 476; x_wconf 86' lang='lat' dir='ltr'><strong>AUCTARIUM</strong></span> <span class='ocrx_word' id='word_1_3' title='bbox 1235 447 1494 475; x_wconf 74' lang='lat' dir='ltr'>CHARTULARII</span> <span class='ocrx_word' id='word_1_4' title='bbox 1513 448 1686 475; x_wconf 86' lang='lat' dir='ltr'>UNIVERS.</span> <span class='ocrx_word' id='word_1_5' title='bbox 1709 447 1827 475; x_wconf 78' lang='lat' dir='ltr'>PARIS&#39;.</span> <span class='ocrx_word' id='word_1_6' title='bbox 2315 448 2367 475; x_wconf 85' lang='lat'>448</span> 
     </span>
    </p>
   </div>
   <div class='ocr_carea' id='block_1_2' title="bbox 444 525 1352 1011">
    <p class='ocr_par' dir='ltr' id='par_1_2' title="bbox 444 525 1352 1011">
     <span class='ocr_line' id='line_1_2' title="bbox 446 525 1351 569; baseline -0.009 -8"><span class='ocrx_word' id='word_1_7' title='bbox 446 539 506 561; x_wconf 89' lang='lat' dir='ltr'>tate</span> <span class='ocrx_word' id='word_1_8' title='bbox 522 531 581 560; x_wconf 86' lang='lat' dir='ltr'>sibi</span> <span class='ocrx_word' id='word_1_9' title='bbox 600 531 776 560; x_wconf 80' lang='lat' dir='ltr'>imminente</span> <span class='ocrx_word' id='word_1_10' title='bbox 792 536 822 559; x_wconf 85' lang='lat' dir='ltr'>et</span> <span class='ocrx_word' id='word_1_11' title='bbox 838 535 978 569; x_wconf 83' lang='lat' dir='ltr'>cogente,</span> <span class='ocrx_word' id='word_1_12' title='bbox 996 528 1079 567; x_wconf 91' lang='lat' dir='ltr'>quod</span> <span class='ocrx_word' id='word_1_13' title='bbox 1097 526 1235 565; x_wconf 90' lang='lat' dir='ltr'>oportuit</span> <span class='ocrx_word' id='word_1_14' title='bbox 1250 525 1351 565; x_wconf 88' lang='lat' dir='ltr'>ipsum</span> 
     </span>
     <span class='ocr_line' id='line_1_3' title="bbox 446 574 1351 616; baseline -0.009 -6"><span class='ocrx_word' id='word_1_15' title='bbox 446 580 623 610; x_wconf 87' lang='lat' dir='ltr'>necessario</span> <span class='ocrx_word' id='word_1_16' title='bbox 660 580 705 608; x_wconf 92' lang='lat' dir='ltr'>ire</span> <span class='ocrx_word' id='word_1_17' title='bbox 746 579 929 608; x_wconf 86' lang='lat' dir='ltr'>Avinionem</span> <span class='ocrx_word' id='word_1_18' title='bbox 962 583 1091 616; x_wconf 88' lang='lat' dir='ltr'>propter</span> <span class='ocrx_word' id='word_1_19' title='bbox 1125 574 1252 614; x_wconf 89' lang='lat' dir='ltr'>placita,</span> <span class='ocrx_word' id='word_1_20' title='bbox 1292 584 1351 613; x_wconf 90' lang='lat' dir='ltr'>que</span> 
     </span>
     <span class='ocr_line' id='line_1_4' title="bbox 446 624 1352 668; baseline -0.009 -9"><span class='ocrx_word' id='word_1_21' title='bbox 446 630 561 664; x_wconf 90' lang='lat' dir='ltr'>habuit,</span> <span class='ocrx_word' id='word_1_22' title='bbox 575 629 718 668; x_wconf 84' lang='lat' dir='ltr'>quatinus</span> <span class='ocrx_word' id='word_1_23' title='bbox 731 628 819 657; x_wconf 89' lang='lat' dir='ltr'>nacio</span> <span class='ocrx_word' id='word_1_24' title='bbox 837 627 929 657; x_wconf 84' lang='lat' dir='ltr'>vellet</span> <span class='ocrx_word' id='word_1_25' title='bbox 944 635 1047 655; x_wconf 89' lang='lat' dir='ltr'>secum</span> <span class='ocrx_word' id='word_1_26' title='bbox 1061 624 1243 663; x_wconf 89' lang='lat' dir='ltr'>dispensare</span> <span class='ocrx_word' id='word_1_27' title='bbox 1257 632 1352 662; x_wconf 87' lang='lat' dir='ltr'>super</span> 
     </span>
     <span class='ocr_line' id='line_1_5' title="bbox 445 671 1351 718; baseline -0.01 -10"><span class='ocrx_word' id='word_1_28' title='bbox 445 678 711 718; x_wconf 88' lang='lat' dir='ltr'>disputacionibus</span> <span class='ocrx_word' id='word_1_29' title='bbox 727 676 927 706; x_wconf 84' lang='lat' dir='ltr'>ulterioribus</span> <span class='ocrx_word' id='word_1_30' title='bbox 944 684 1042 713; x_wconf 88' lang='lat' dir='ltr'>usque</span> <span class='ocrx_word' id='word_1_31' title='bbox 1056 674 1093 702; x_wconf 82' lang='lat' dir='ltr'>ad</span> <span class='ocrx_word' id='word_1_32' title='bbox 1109 674 1219 702; x_wconf 89' lang='lat' dir='ltr'>festum</span> <span class='ocrx_word' id='word_1_33' title='bbox 1232 671 1351 700; x_wconf 89' lang='lat' dir='ltr'>Palma-</span> 
     </span>
     <span class='ocr_line' id='line_1_6' title="bbox 444 720 1352 764; baseline -0.01 -7"><span class='ocrx_word' id='word_1_34' title='bbox 444 738 512 757; x_wconf 88' lang='lat' dir='ltr'>rum</span> <span class='ocrx_word' id='word_1_35' title='bbox 533 727 692 761; x_wconf 79' lang='lat' dir='ltr'>faciendis,</span> <span class='ocrx_word' id='word_1_36' title='bbox 714 736 780 755; x_wconf 89' lang='lat' dir='ltr'>cum</span> <span class='ocrx_word' id='word_1_37' title='bbox 799 735 860 754; x_wconf 94' lang='lat' dir='ltr'>non</span> <span class='ocrx_word' id='word_1_38' title='bbox 884 730 992 764; x_wconf 90' lang='lat' dir='ltr'>posset</span> <span class='ocrx_word' id='word_1_39' title='bbox 1010 723 1124 752; x_wconf 85' lang='lat' dir='ltr'>habere</span> <span class='ocrx_word' id='word_1_40' title='bbox 1144 720 1352 751; x_wconf 86' lang='lat' dir='ltr'>subdetermi-</span> 
     </span>
     <span class='ocr_line' id='line_1_7' title="bbox 444 769 1349 813; baseline -0.009 -7"><span class='ocrx_word' id='word_1_41' title='bbox 444 783 593 810; x_wconf 86' lang='lat' dir='ltr'>natorem‚</span> <span class='ocrx_word' id='word_1_42' title='bbox 611 775 711 804; x_wconf 89' lang='lat' dir='ltr'>causis</span> <span class='ocrx_word' id='word_1_43' title='bbox 735 775 836 813; x_wconf 89' lang='lat' dir='ltr'>ipsum</span> <span class='ocrx_word' id='word_1_44' title='bbox 852 774 997 802; x_wconf 83' lang='lat' dir='ltr'><strong>recedere</strong></span> <span class='ocrx_word' id='word_1_45' title='bbox 1014 771 1197 811; x_wconf 87' lang='lat' dir='ltr'>cogentibus</span> <span class='ocrx_word' id='word_1_46' title='bbox 1213 769 1349 799; x_wconf 85' lang='lat' dir='ltr'>attentis.</span> 
     </span>
     <span class='ocr_line' id='line_1_8' title="bbox 446 820 1351 864; baseline -0.009 -9"><span class='ocrx_word' id='word_1_47' title='bbox 446 826 486 855; x_wconf 87' lang='lat' dir='ltr'>Et</span> <span class='ocrx_word' id='word_1_48' title='bbox 507 825 697 864; x_wconf 86' lang='lat' dir='ltr'>dispensavit</span> <span class='ocrx_word' id='word_1_49' title='bbox 717 834 818 852; x_wconf 90' lang='lat' dir='ltr'>secum</span> <span class='ocrx_word' id='word_1_50' title='bbox 841 823 929 851; x_wconf 87' lang='lat' dir='ltr'>nacio</span> <span class='ocrx_word' id='word_1_51' title='bbox 954 831 991 850; x_wconf 86' lang='lat' dir='ltr'>ex</span> <span class='ocrx_word' id='word_1_52' title='bbox 1011 820 1191 850; x_wconf 87' lang='lat' dir='ltr'>auctoritate</span> <span class='ocrx_word' id='word_1_53' title='bbox 1216 825 1245 848; x_wconf 90' lang='lat' dir='ltr'>et</span> <span class='ocrx_word' id='word_1_54' title='bbox 1261 825 1351 857; x_wconf 85' lang='lat' dir='ltr'>pote-</span> 
     </span>
     <span class='ocr_line' id='line_1_9' title="bbox 447 870 1350 911; baseline -0.009 -7"><span class='ocrx_word' id='word_1_55' title='bbox 447 881 523 904; x_wconf 84' lang='lat' dir='ltr'>state</span> <span class='ocrx_word' id='word_1_56' title='bbox 538 884 593 903; x_wconf 88' lang='lat' dir='ltr'>sua</span> <span class='ocrx_word' id='word_1_57' title='bbox 610 873 692 903; x_wconf 90' lang='lat' dir='ltr'>omni</span> <span class='ocrx_word' id='word_1_58' title='bbox 714 873 816 907; x_wconf 86' lang='lat' dir='ltr'>modo,</span> <span class='ocrx_word' id='word_1_59' title='bbox 836 881 897 911; x_wconf 93' lang='lat' dir='ltr'>quo</span> <span class='ocrx_word' id='word_1_60' title='bbox 916 870 1017 910; x_wconf 90' lang='lat' dir='ltr'>potuit</span> <span class='ocrx_word' id='word_1_61' title='bbox 1039 876 1069 898; x_wconf 91' lang='lat' dir='ltr'>et</span> <span class='ocrx_word' id='word_1_62' title='bbox 1084 870 1115 898; x_wconf 94' lang='lat' dir='ltr'>in</span> <span class='ocrx_word' id='word_1_63' title='bbox 1133 878 1194 908; x_wconf 90' lang='lat' dir='ltr'>quo</span> <span class='ocrx_word' id='word_1_64' title='bbox 1212 873 1350 907; x_wconf 88' lang='lat' dir='ltr'>potestas</span> 
     </span>
     <span class='ocr_line' id='line_1_10' title="bbox 446 916 1352 961; baseline -0.008 -9"><span class='ocrx_word' id='word_1_65' title='bbox 446 924 506 953; x_wconf 87' lang='lat' dir='ltr'>sibi</span> <span class='ocrx_word' id='word_1_66' title='bbox 531 933 625 961; x_wconf 84' lang='lat' dir='ltr'>super</span> <span class='ocrx_word' id='word_1_67' title='bbox 644 922 702 951; x_wconf 88' lang='lat' dir='ltr'>hoc</span> <span class='ocrx_word' id='word_1_68' title='bbox 720 920 922 960; x_wconf 91' lang='lat' dir='ltr'>dispensandi</span> <span class='ocrx_word' id='word_1_69' title='bbox 945 919 1110 948; x_wconf 89' lang='lat' dir='ltr'>commissa</span> <span class='ocrx_word' id='word_1_70' title='bbox 1136 917 1237 947; x_wconf 87' lang='lat' dir='ltr'>fuerit.</span> <span class='ocrx_word' id='word_1_71' title='bbox 1266 916 1352 945; x_wconf 87' lang='lat' dir='ltr'>Dixit</span> 
     </span>
     <span class='ocr_line' id='line_1_11' title="bbox 445 965 1351 1011; baseline -0.008 -10"><span class='ocrx_word' id='word_1_72' title='bbox 445 979 556 1007; x_wconf 87' lang='lat' dir='ltr'>tamen,</span> <span class='ocrx_word' id='word_1_73' title='bbox 569 972 669 1011; x_wconf 89' lang='lat' dir='ltr'>ipsum</span> <span class='ocrx_word' id='word_1_74' title='bbox 681 981 772 1000; x_wconf 89' lang='lat' dir='ltr'>unum</span> <span class='ocrx_word' id='word_1_75' title='bbox 784 970 852 999; x_wconf 91' lang='lat' dir='ltr'>loco</span> <span class='ocrx_word' id='word_1_76' title='bbox 869 969 916 998; x_wconf 92' lang='lat' dir='ltr'>sui</span> <span class='ocrx_word' id='word_1_77' title='bbox 929 968 1182 1008; x_wconf 85' lang='lat' dir='ltr'>positurum,pro</span> <span class='ocrx_word' id='word_1_78' title='bbox 1199 976 1235 995; x_wconf 94' lang='lat' dir='ltr'>eo</span> <span class='ocrx_word' id='word_1_79' title='bbox 1246 965 1351 1004; x_wconf 88' lang='lat' dir='ltr'>dispu-</span> 
     </span>
    </p>
   </div>
   <div class='ocr_carea' id='block_1_3' title="bbox 444 1018 1351 1108">
    <p class='ocr_par' dir='ltr' id='par_1_3' title="bbox 444 1018 1351 1108">
     <span class='ocr_line' id='line_1_12' title="bbox 444 1018 1062 1059; baseline -0.01 -8"><span class='ocrx_word' id='word_1_80' title='bbox 444 1028 576 1051; x_wconf 89' lang='lat' dir='ltr'>taturum</span> <span class='ocrx_word' id='word_1_81' title='bbox 588 1021 733 1059; x_wconf 88' lang='lat' dir='ltr'>vicesque</span> <span class='ocrx_word' id='word_1_82' title='bbox 750 1029 821 1048; x_wconf 92' lang='lat' dir='ltr'>suas</span> <span class='ocrx_word' id='word_1_83' title='bbox 837 1018 1062 1058; x_wconf 89' lang='lat' dir='ltr'>suppleturum.</span> 
     </span>
     <span class='ocr_line' id='line_1_13' title="bbox 486 1063 1351 1108; baseline -0.008 -9"><span class='ocrx_word' id='word_1_84' title='bbox 486 1071 559 1099; x_wconf 88' lang='lat' dir='ltr'>Item</span> <span class='ocrx_word' id='word_1_85' title='bbox 580 1070 656 1098; x_wconf 86' lang='lat' dir='ltr'>facta</span> <span class='ocrx_word' id='word_1_86' title='bbox 682 1068 926 1108; x_wconf 84' lang='lat' dir='ltr'>congregacione</span> <span class='ocrx_word' id='word_1_87' title='bbox 948 1067 1030 1106; x_wconf 89' lang='lat' dir='ltr'>apud</span> <span class='ocrx_word' id='word_1_88' title='bbox 1051 1066 1195 1095; x_wconf 90' lang='lat' dir='ltr'>Sanctum</span> <span class='ocrx_word' id='word_1_89' title='bbox 1220 1063 1351 1093; x_wconf 85' lang='lat' dir='ltr'>Maturi-</span> 
     </span>
    </p>
   </div>
   <div class='ocr_carea' id='block_1_4' title="bbox 443 1116 1351 1295">
    <p class='ocr_par' dir='ltr' id='par_1_4' title="bbox 443 1116 1351 1295">
     <span class='ocr_line' id='line_1_14' title="bbox 444 1116 1350 1153; baseline -0.008 -5"><span class='ocrx_word' id='word_1_90' title='bbox 444 1129 515 1148; x_wconf 86' lang='lat' dir='ltr'>num</span> <span class='ocrx_word' id='word_1_91' title='bbox 531 1119 570 1147; x_wconf 79' lang='lat' dir='ltr'>Xa</span> <span class='ocrx_word' id='word_1_92' title='bbox 587 1119 636 1147; x_wconf 89' lang='lat' dir='ltr'>die</span> <span class='ocrx_word' id='word_1_93' title='bbox 656 1117 764 1146; x_wconf 88' lang='lat' dir='ltr'>Marcii</span> <span class='ocrx_word' id='word_1_94' title='bbox 784 1117 822 1145; x_wconf 88' lang='lat' dir='ltr'>ad</span> <span class='ocrx_word' id='word_1_95' title='bbox 842 1116 1027 1145; x_wconf 89' lang='lat' dir='ltr'>audiendum</span> <span class='ocrx_word' id='word_1_96' title='bbox 1049 1120 1224 1153; x_wconf 89' lang='lat' dir='ltr'>computum</span> <span class='ocrx_word' id='word_1_97' title='bbox 1244 1122 1350 1151; x_wconf 88' lang='lat' dir='ltr'>recep-</span> 
     </span>
     <span class='ocr_line' id='line_1_15' title="bbox 444 1161 1351 1205; baseline -0.009 -8"><span class='ocrx_word' id='word_1_98' title='bbox 444 1169 520 1197; x_wconf 91' lang='lat' dir='ltr'>toris</span> <span class='ocrx_word' id='word_1_99' title='bbox 549 1174 579 1196; x_wconf 90' lang='lat' dir='ltr'>et</span> <span class='ocrx_word' id='word_1_100' title='bbox 613 1168 651 1195; x_wconf 90' lang='lat' dir='ltr'>ad</span> <span class='ocrx_word' id='word_1_101' title='bbox 675 1167 850 1205; x_wconf 84' lang='lat' dir='ltr'>eligendum</span> <span class='ocrx_word' id='word_1_102' title='bbox 885 1171 1134 1204; x_wconf 87' lang='lat' dir='ltr'>procuratorem,</span> <span class='ocrx_word' id='word_1_103' title='bbox 1162 1161 1351 1201; x_wconf 85' lang='lat' dir='ltr'>computavit</span> 
     </span>
     <span class='ocr_line' id='line_1_16' title="bbox 443 1210 1347 1256; baseline -0.008 -10"><span class='ocrx_word' id='word_1_104' title='bbox 443 1223 595 1256; x_wconf 89' lang='lat' dir='ltr'>receptor,</span> <span class='ocrx_word' id='word_1_105' title='bbox 614 1223 643 1245; x_wconf 89' lang='lat' dir='ltr'>et</span> <span class='ocrx_word' id='word_1_106' title='bbox 664 1215 776 1244; x_wconf 90' lang='lat' dir='ltr'>mansit</span> <span class='ocrx_word' id='word_1_107' title='bbox 791 1215 878 1244; x_wconf 88' lang='lat' dir='ltr'>nacio</span> <span class='ocrx_word' id='word_1_108' title='bbox 902 1214 962 1243; x_wconf 83' lang='lat' dir='ltr'>sibi</span> <span class='ocrx_word' id='word_1_109' title='bbox 979 1213 1115 1253; x_wconf 88' lang='lat' dir='ltr'>obligata</span> <span class='ocrx_word' id='word_1_110' title='bbox 1130 1212 1162 1241; x_wconf 91' lang='lat' dir='ltr'>in</span> <span class='ocrx_word' id='word_1_111' title='bbox 1183 1211 1227 1241; x_wconf 87' lang='grc' dir='ltr'>ΙΙΙ</span> <span class='ocrx_word' id='word_1_112' title='bbox 1246 1210 1347 1245; x_wconf 88' lang='lat' dir='ltr'>libris,</span> 
     </span>
     <span class='ocr_line' id='line_1_17' title="bbox 443 1264 851 1295; baseline -0.007 0"><span class='ocrx_word' id='word_1_113' title='bbox 443 1266 498 1295; x_wconf 91' lang='lat' dir='ltr'>VII</span> <span class='ocrx_word' id='word_1_114' title='bbox 514 1266 622 1295; x_wconf 90' lang='lat' dir='ltr'>solidis</span> <span class='ocrx_word' id='word_1_115' title='bbox 640 1271 670 1294; x_wconf 86' lang='lat' dir='ltr'>et</span> <span class='ocrx_word' id='word_1_116' title='bbox 684 1267 698 1294; x_wconf 86' lang='lat'><strong>1</strong></span> <span class='ocrx_word' id='word_1_117' title='bbox 713 1264 851 1293; x_wconf 86' lang='lat' dir='ltr'>denario.</span> 
     </span>
    </p>
   </div>
   <div class='ocr_carea' id='block_1_5' title="bbox 847 1357 945 1385">
    <p class='ocr_par' dir='ltr' id='par_1_5' title="bbox 847 1357 945 1385">
     <span class='ocr_line' id='line_1_18' title="bbox 847 1357 945 1385; baseline -0.01 0"><span class='ocrx_word' id='word_1_118' title='bbox 847 1357 945 1385; x_wconf 78' lang='lat'>1374</span> 
     </span>
    </p>
   </div>
   <div class='ocr_carea' id='block_1_6' title="bbox 536 1427 1252 1518">
    <p class='ocr_par' dir='ltr' id='par_1_6' title="bbox 536 1427 1252 1518">
     <span class='ocr_line' id='line_1_19' title="bbox 536 1427 1252 1460; baseline -0.004 -1"><span class='ocrx_word' id='word_1_119' title='bbox 536 1429 785 1460; x_wconf 89' lang='lat' dir='ltr'>Continuacio</span> <span class='ocrx_word' id='word_1_120' title='bbox 822 1427 1004 1458; x_wconf 87' lang='lat' dir='ltr'>Johannis</span> <span class='ocrx_word' id='word_1_121' title='bbox 1037 1428 1186 1457; x_wconf 88' lang='lat' dir='ltr'>Stralen</span> <span class='ocrx_word' id='word_1_122' title='bbox 1216 1428 1252 1457; x_wconf 91' lang='lat' dir='ltr'>in</span> 
     </span>
     <span class='ocr_line' id='line_1_20' title="bbox 741 1484 1044 1518; baseline -0.007 -11"><span class='ocrx_word' id='word_1_123' title='bbox 741 1484 1044 1518; x_wconf 86' lang='lat' dir='ltr'>procuratorem.</span> 
     </span>
    </p>
   </div>
   <div class='ocr_carea' id='block_1_7' title="bbox 437 1557 1349 2919">
    <p class='ocr_par' dir='ltr' id='par_1_7' title="bbox 441 1557 1349 1980">
     <span class='ocr_line' id='line_1_21' title="bbox 482 1557 1349 1598; baseline -0.001 -10"><span class='ocrx_word' id='word_1_124' title='bbox 482 1559 572 1588; x_wconf 94' lang='lat' dir='ltr'>Anno</span> <span class='ocrx_word' id='word_1_125' title='bbox 586 1569 646 1598; x_wconf 92' lang='lat' dir='ltr'>quo</span> <span class='ocrx_word' id='word_1_126' title='bbox 656 1569 760 1597; x_wconf 86' lang='lat' dir='ltr'>supra,</span> <span class='ocrx_word' id='word_1_127' title='bbox 770 1559 847 1587; x_wconf 86' lang='lat' dir='ltr'>facta</span> <span class='ocrx_word' id='word_1_128' title='bbox 863 1557 1109 1596; x_wconf 83' lang='lat' dir='ltr'>congregacione</span> <span class='ocrx_word' id='word_1_129' title='bbox 1120 1557 1258 1586; x_wconf 85' lang='lat' dir='ltr'>nacionis</span> <span class='ocrx_word' id='word_1_130' title='bbox 1268 1559 1349 1596; x_wconf 89' lang='lat' dir='ltr'>apud</span> 
     </span>
     <span class='ocr_line' id='line_1_22' title="bbox 443 1606 1348 1645; baseline -0.002 -8"><span class='ocrx_word' id='word_1_131' title='bbox 443 1608 586 1637; x_wconf 87' lang='lat' dir='ltr'>Sanctum</span> <span class='ocrx_word' id='word_1_132' title='bbox 610 1608 795 1636; x_wconf 88' lang='lat' dir='ltr'>Maturinum</span> <span class='ocrx_word' id='word_1_133' title='bbox 817 1607 857 1635; x_wconf 72' lang='lat' dir='ltr'>Xa</span> <span class='ocrx_word' id='word_1_134' title='bbox 874 1607 923 1635; x_wconf 88' lang='lat' dir='ltr'>die</span> <span class='ocrx_word' id='word_1_135' title='bbox 945 1606 1054 1635; x_wconf 82' lang='lat' dir='ltr'>Marcii</span> <span class='ocrx_word' id='word_1_136' title='bbox 1079 1606 1155 1635; x_wconf 80' lang='lat' dir='ltr'>hora</span> <span class='ocrx_word' id='word_1_137' title='bbox 1180 1606 1348 1645; x_wconf 90' lang='lat' dir='ltr'>primarum</span> 
     </span>
     <span class='ocr_line' id='line_1_23' title="bbox 441 1655 1348 1695; baseline -0.002 -9"><span class='ocrx_word' id='word_1_138' title='bbox 441 1658 479 1686; x_wconf 95' lang='lat' dir='ltr'>ad</span> <span class='ocrx_word' id='word_1_139' title='bbox 492 1657 676 1686; x_wconf 89' lang='lat' dir='ltr'>audiendum</span> <span class='ocrx_word' id='word_1_140' title='bbox 692 1663 867 1695; x_wconf 89' lang='lat' dir='ltr'>computum</span> <span class='ocrx_word' id='word_1_141' title='bbox 883 1655 1055 1694; x_wconf 88' lang='lat' dir='ltr'>receptoris</span> <span class='ocrx_word' id='word_1_142' title='bbox 1071 1661 1100 1684; x_wconf 90' lang='lat' dir='ltr'>et</span> <span class='ocrx_word' id='word_1_143' title='bbox 1118 1656 1156 1684; x_wconf 83' lang='lat' dir='ltr'>ad</span> <span class='ocrx_word' id='word_1_144' title='bbox 1172 1655 1348 1695; x_wconf 88' lang='lat' dir='ltr'>eligendum</span> 
     </span>
     <span class='ocr_line' id='line_1_24' title="bbox 441 1704 1346 1745; baseline 0 -11"><span class='ocrx_word' id='word_1_145' title='bbox 441 1712 683 1745; x_wconf 86' lang='lat' dir='ltr'>procuratorem,</span> <span class='ocrx_word' id='word_1_146' title='bbox 698 1705 885 1744; x_wconf 88' lang='lat' dir='ltr'>computavit</span> <span class='ocrx_word' id='word_1_147' title='bbox 897 1710 1028 1743; x_wconf 86' lang='lat' dir='ltr'>protunc</span> <span class='ocrx_word' id='word_1_148' title='bbox 1037 1704 1179 1733; x_wconf 87' lang='lat' dir='ltr'>dominus</span> <span class='ocrx_word' id='word_1_149' title='bbox 1191 1711 1346 1743; x_wconf 89' lang='lat' dir='ltr'>receptor,</span> 
     </span>
     <span class='ocr_line' id='line_1_25' title="bbox 442 1753 1349 1793; baseline -0.001 -9"><span class='ocrx_word' id='word_1_150' title='bbox 442 1755 490 1784; x_wconf 90' lang='lat' dir='ltr'>cui</span> <span class='ocrx_word' id='word_1_151' title='bbox 519 1755 660 1784; x_wconf 91' lang='lat' dir='ltr'>omnibus</span> <span class='ocrx_word' id='word_1_152' title='bbox 694 1754 846 1793; x_wconf 88' lang='lat' dir='ltr'>expositis</span> <span class='ocrx_word' id='word_1_153' title='bbox 875 1760 905 1782; x_wconf 92' lang='lat' dir='ltr'>et</span> <span class='ocrx_word' id='word_1_154' title='bbox 937 1753 1074 1793; x_wconf 89' lang='lat' dir='ltr'>receptis</span> <span class='ocrx_word' id='word_1_155' title='bbox 1101 1754 1286 1792; x_wconf 87' lang='lat' dir='ltr'>computatis</span> <span class='ocrx_word' id='word_1_156' title='bbox 1319 1760 1349 1783; x_wconf 89' lang='lat' dir='ltr'>et</span> 
     </span>
     <span class='ocr_line' id='line_1_26' title="bbox 441 1801 1347 1841; baseline -0.002 -8"><span class='ocrx_word' id='word_1_157' title='bbox 441 1804 598 1833; x_wconf 86' lang='lat' dir='ltr'>defalcatis</span> <span class='ocrx_word' id='word_1_158' title='bbox 630 1803 741 1832; x_wconf 90' lang='lat' dir='ltr'>mansit</span> <span class='ocrx_word' id='word_1_159' title='bbox 763 1803 850 1832; x_wconf 91' lang='lat' dir='ltr'>nacio</span> <span class='ocrx_word' id='word_1_160' title='bbox 879 1803 1014 1841; x_wconf 85' lang='lat' dir='ltr'>obligata</span> <span class='ocrx_word' id='word_1_161' title='bbox 1038 1803 1069 1831; x_wconf 93' lang='lat' dir='ltr'>in</span> <span class='ocrx_word' id='word_1_162' title='bbox 1092 1801 1136 1831; x_wconf 93' lang='lat' dir='ltr'>III</span> <span class='ocrx_word' id='word_1_163' title='bbox 1161 1802 1261 1837; x_wconf 87' lang='lat' dir='ltr'>libris,</span> <span class='ocrx_word' id='word_1_164' title='bbox 1289 1802 1347 1832; x_wconf 89' lang='lat' dir='ltr'>Vll</span> 
     </span>
     <span class='ocr_line' id='line_1_27' title="bbox 442 1851 1348 1891; baseline -0.002 -9"><span class='ocrx_word' id='word_1_165' title='bbox 442 1853 551 1882; x_wconf 88' lang='lat' dir='ltr'>solidis</span> <span class='ocrx_word' id='word_1_166' title='bbox 567 1859 596 1881; x_wconf 88' lang='lat' dir='ltr'>et</span> <span class='ocrx_word' id='word_1_167' title='bbox 610 1854 625 1881; x_wconf 93' lang='lat'><strong>1</strong></span> <span class='ocrx_word' id='word_1_168' title='bbox 644 1852 783 1887; x_wconf 90' lang='lat' dir='ltr'>denario,</span> <span class='ocrx_word' id='word_1_169' title='bbox 805 1852 921 1891; x_wconf 81' lang='lat' dir='ltr'>fuitque</span> <span class='ocrx_word' id='word_1_170' title='bbox 936 1857 1066 1890; x_wconf 88' lang='lat' dir='ltr'>protunc</span> <span class='ocrx_word' id='word_1_171' title='bbox 1084 1851 1240 1880; x_wconf 85' lang='lat' dir='ltr'>Johannes</span> <span class='ocrx_word' id='word_1_172' title='bbox 1260 1851 1348 1880; x_wconf 91' lang='lat' dir='ltr'>Stra-</span> 
     </span>
     <span class='ocr_line' id='line_1_28' title="bbox 441 1900 1347 1940; baseline 0 -10"><span class='ocrx_word' id='word_1_173' title='bbox 441 1902 491 1931; x_wconf 92' lang='lat' dir='ltr'>len</span> <span class='ocrx_word' id='word_1_174' title='bbox 515 1902 709 1931; x_wconf 83' lang='lat' dir='ltr'>continuatus</span> <span class='ocrx_word' id='word_1_175' title='bbox 729 1901 760 1930; x_wconf 93' lang='lat' dir='ltr'>in</span> <span class='ocrx_word' id='word_1_176' title='bbox 781 1907 1024 1940; x_wconf 89' lang='lat' dir='ltr'>procuratorem,</span> <span class='ocrx_word' id='word_1_177' title='bbox 1048 1900 1132 1929; x_wconf 91' lang='lat' dir='ltr'>nullo</span> <span class='ocrx_word' id='word_1_178' title='bbox 1152 1900 1211 1929; x_wconf 91' lang='lat' dir='ltr'>alio</span> <span class='ocrx_word' id='word_1_179' title='bbox 1224 1901 1347 1939; x_wconf 89' lang='lat' dir='ltr'>penitus</span> 
     </span>
     <span class='ocr_line' id='line_1_29' title="bbox 441 1951 635 1980; baseline -0.005 0"><span class='ocrx_word' id='word_1_180' title='bbox 441 1951 635 1980; x_wconf 83' lang='lat' dir='ltr'>reclamante.</span> 
     </span>
    </p>

    <p class='ocr_par' dir='ltr' id='par_1_8' title="bbox 439 1998 1347 2622">
     <span class='ocr_line' id='line_1_30' title="bbox 482 1998 1347 2038; baseline -0.001 -9"><span class='ocrx_word' id='word_1_181' title='bbox 482 2000 557 2029; x_wconf 88' lang='lat' dir='ltr'>Item</span> <span class='ocrx_word' id='word_1_182' title='bbox 570 2001 647 2028; x_wconf 86' lang='lat' dir='ltr'>facta</span> <span class='ocrx_word' id='word_1_183' title='bbox 661 1999 906 2038; x_wconf 86' lang='lat' dir='ltr'>congregacione</span> <span class='ocrx_word' id='word_1_184' title='bbox 926 1998 1065 2027; x_wconf 86' lang='lat' dir='ltr'>nacionis</span> <span class='ocrx_word' id='word_1_185' title='bbox 1078 1998 1182 2027; x_wconf 71' lang='lat' dir='ltr'>XIIIIa</span> <span class='ocrx_word' id='word_1_186' title='bbox 1197 1999 1246 2027; x_wconf 92' lang='lat' dir='ltr'>die</span> <span class='ocrx_word' id='word_1_187' title='bbox 1262 1998 1347 2028; x_wconf 89' lang='lat' dir='ltr'>Mar-</span> 
     </span>
     <span class='ocr_line' id='line_1_31' title="bbox 442 2047 1347 2088; baseline -0.002 -10"><span class='ocrx_word' id='word_1_188' title='bbox 442 2049 492 2084; x_wconf 90' lang='lat' dir='ltr'>cii,</span> <span class='ocrx_word' id='word_1_189' title='bbox 511 2059 569 2088; x_wconf 90' lang='lat' dir='ltr'>que</span> <span class='ocrx_word' id='word_1_190' title='bbox 588 2049 644 2078; x_wconf 86' lang='lat' dir='ltr'>fuit</span> <span class='ocrx_word' id='word_1_191' title='bbox 658 2048 732 2077; x_wconf 87' lang='lat' dir='ltr'>feria</span> <span class='ocrx_word' id='word_1_192' title='bbox 747 2048 778 2076; x_wconf 69' lang='lat'>3³</span> <span class='ocrx_word' id='word_1_193' title='bbox 800 2054 871 2087; x_wconf 89' lang='lat' dir='ltr'>post</span> <span class='ocrx_word' id='word_1_194' title='bbox 887 2051 1006 2082; x_wconf 70' lang='lat' dir='ltr'>Letum,</span> <span class='ocrx_word' id='word_1_195' title='bbox 1027 2047 1102 2076; x_wconf 86' lang='lat' dir='ltr'>hora</span> <span class='ocrx_word' id='word_1_196' title='bbox 1123 2047 1290 2086; x_wconf 89' lang='lat' dir='ltr'>primarum</span> <span class='ocrx_word' id='word_1_197' title='bbox 1309 2049 1347 2077; x_wconf 85' lang='lat' dir='ltr'>ad</span> 
     </span>
     <span class='ocr_line' id='line_1_32' title="bbox 441 2096 1344 2137; baseline -0.001 -11"><span class='ocrx_word' id='word_1_198' title='bbox 441 2098 687 2137; x_wconf 87' lang='lat' dir='ltr'>supplicandum,</span> <span class='ocrx_word' id='word_1_199' title='bbox 715 2097 968 2136; x_wconf 88' lang='lat' dir='ltr'>supplicaverunt</span> <span class='ocrx_word' id='word_1_200' title='bbox 998 2096 1154 2125; x_wconf 87' lang='lat' dir='ltr'>Johannes</span> <span class='ocrx_word' id='word_1_201' title='bbox 1185 2096 1344 2132; x_wconf 91' lang='lat' dir='ltr'>Lubberti‚</span> 
     </span>
     <span class='ocr_line' id='line_1_33' title="bbox 442 2145 1344 2181; baseline -0.001 -6"><span class='ocrx_word' id='word_1_202' title='bbox 442 2147 600 2176; x_wconf 90' lang='lat' dir='ltr'>Gilbertus</span> <span class='ocrx_word' id='word_1_203' title='bbox 643 2146 769 2181; x_wconf 90' lang='lat' dir='ltr'>Scotus‚</span> <span class='ocrx_word' id='word_1_204' title='bbox 817 2145 1003 2175; x_wconf 90' lang='lat' dir='ltr'>Wilhelmus</span> <span class='ocrx_word' id='word_1_205' title='bbox 1052 2145 1171 2174; x_wconf 91' lang='lat' dir='ltr'>Fenton</span> <span class='ocrx_word' id='word_1_206' title='bbox 1217 2145 1344 2181; x_wconf 90' lang='lat' dir='ltr'>Scotus‚</span> 
     </span>
     <span class='ocr_line' id='line_1_34' title="bbox 440 2194 1345 2234; baseline -0.001 -9"><span class='ocrx_word' id='word_1_207' title='bbox 440 2196 595 2225; x_wconf 88' lang='lat' dir='ltr'>Johannes</span> <span class='ocrx_word' id='word_1_208' title='bbox 620 2195 704 2234; x_wconf 86' lang='lat' dir='ltr'>Gray</span> <span class='ocrx_word' id='word_1_209' title='bbox 726 2201 755 2224; x_wconf 90' lang='lat' dir='ltr'>et</span> <span class='ocrx_word' id='word_1_210' title='bbox 782 2195 897 2234; x_wconf 87' lang='lat' dir='ltr'>Symon</span> <span class='ocrx_word' id='word_1_211' title='bbox 924 2194 1056 2233; x_wconf 89' lang='lat' dir='ltr'>Creych‚</span> <span class='ocrx_word' id='word_1_212' title='bbox 1085 2194 1180 2229; x_wconf 89' lang='lat' dir='ltr'>Scoti‚</span> <span class='ocrx_word' id='word_1_213' title='bbox 1201 2195 1345 2234; x_wconf 88' lang='lat' dir='ltr'>quatinus</span> 
     </span>
     <span class='ocr_line' id='line_1_35' title="bbox 439 2243 1345 2284; baseline -0.002 -10"><span class='ocrx_word' id='word_1_214' title='bbox 439 2245 527 2274; x_wconf 90' lang='lat' dir='ltr'>nacio</span> <span class='ocrx_word' id='word_1_215' title='bbox 538 2245 734 2284; x_wconf 88' lang='lat' dir='ltr'>dispensaret</span> <span class='ocrx_word' id='word_1_216' title='bbox 749 2254 816 2272; x_wconf 90' lang='lat' dir='ltr'>cum</span> <span class='ocrx_word' id='word_1_217' title='bbox 830 2244 875 2272; x_wconf 90' lang='lat' dir='ltr'>eis</span> <span class='ocrx_word' id='word_1_218' title='bbox 889 2250 980 2282; x_wconf 88' lang='lat' dir='ltr'>atque</span> <span class='ocrx_word' id='word_1_219' title='bbox 993 2243 1039 2272; x_wconf 90' lang='lat' dir='ltr'>eis</span> <span class='ocrx_word' id='word_1_220' title='bbox 1053 2244 1247 2275; x_wconf 82' lang='lat' dir='ltr'>concederet,</span> <span class='ocrx_word' id='word_1_221' title='bbox 1261 2245 1345 2282; x_wconf 90' lang='lat' dir='ltr'>quod</span> 
     </span>
     <span class='ocr_line' id='line_1_36' title="bbox 439 2292 1344 2333; baseline -0.002 -10"><span class='ocrx_word' id='word_1_222' title='bbox 439 2300 569 2333; x_wconf 87' lang='lat' dir='ltr'>possent</span> <span class='ocrx_word' id='word_1_223' title='bbox 604 2293 884 2327; x_wconf 88' lang='lat' dir='ltr'>subdeterminare,</span> <span class='ocrx_word' id='word_1_224' title='bbox 917 2303 982 2321; x_wconf 88' lang='lat' dir='ltr'>cum</span> <span class='ocrx_word' id='word_1_225' title='bbox 1018 2292 1105 2331; x_wconf 87' lang='lat' dir='ltr'>prius</span> <span class='ocrx_word' id='word_1_226' title='bbox 1139 2302 1195 2331; x_wconf 90' lang='lat' dir='ltr'>per</span> <span class='ocrx_word' id='word_1_227' title='bbox 1228 2299 1344 2331; x_wconf 90' lang='lat' dir='ltr'>partem</span> 
     </span>
     <span class='ocr_line' id='line_1_37' title="bbox 440 2341 1342 2382; baseline 0 -11"><span class='ocrx_word' id='word_1_228' title='bbox 440 2342 682 2382; x_wconf 89' lang='lat' dir='ltr'>Quadragesime</span> <span class='ocrx_word' id='word_1_229' title='bbox 719 2343 935 2381; x_wconf 90' lang='lat' dir='ltr'>precedentem</span> <span class='ocrx_word' id='word_1_230' title='bbox 969 2351 1031 2370; x_wconf 91' lang='lat' dir='ltr'>non</span> <span class='ocrx_word' id='word_1_231' title='bbox 1060 2341 1342 2376; x_wconf 81' lang='lat' dir='ltr'>determinaverint,</span> 
     </span>
     <span class='ocr_line' id='line_1_38' title="bbox 439 2391 1346 2429; baseline 0 -9"><span class='ocrx_word' id='word_1_232' title='bbox 439 2391 549 2421; x_wconf 77' lang='lat' dir='ltr'>solutis</span> <span class='ocrx_word' id='word_1_233' title='bbox 579 2391 749 2426; x_wconf 90' lang='lat' dir='ltr'>solvendis,</span> <span class='ocrx_word' id='word_1_234' title='bbox 779 2401 841 2419; x_wconf 93' lang='lat' dir='ltr'>non</span> <span class='ocrx_word' id='word_1_235' title='bbox 870 2391 1011 2419; x_wconf 91' lang='lat' dir='ltr'>obstante</span> <span class='ocrx_word' id='word_1_236' title='bbox 1036 2391 1119 2429; x_wconf 91' lang='lat' dir='ltr'>quod</span> <span class='ocrx_word' id='word_1_237' title='bbox 1144 2400 1205 2419; x_wconf 91' lang='lat' dir='ltr'>non</span> <span class='ocrx_word' id='word_1_238' title='bbox 1240 2397 1346 2420; x_wconf 86' lang='lat' dir='ltr'>essent</span> 
     </span>
     <span class='ocr_line' id='line_1_39' title="bbox 440 2438 1344 2480; baseline -0.001 -11"><span class='ocrx_word' id='word_1_239' title='bbox 440 2450 604 2480; x_wconf 83' lang='lat' dir='ltr'>pauperes,</span> <span class='ocrx_word' id='word_1_240' title='bbox 625 2446 676 2469; x_wconf 91' lang='lat' dir='ltr'>aut</span> <span class='ocrx_word' id='word_1_241' title='bbox 696 2440 836 2479; x_wconf 87' lang='lat' dir='ltr'>previum</span> <span class='ocrx_word' id='word_1_242' title='bbox 850 2438 1056 2478; x_wconf 79' lang='lat' dir='ltr'>juramentum</span> <span class='ocrx_word' id='word_1_243' title='bbox 1080 2439 1344 2468; x_wconf 85' lang='lat' dir='ltr'>subdeterminan-</span> 
     </span>
     <span class='ocr_line' id='line_1_40' title="bbox 439 2488 1343 2528; baseline 0 -10"><span class='ocrx_word' id='word_1_244' title='bbox 439 2490 519 2518; x_wconf 91' lang='lat' dir='ltr'>cium</span> <span class='ocrx_word' id='word_1_245' title='bbox 545 2488 650 2528; x_wconf 85' lang='lat' dir='ltr'>jurare</span> <span class='ocrx_word' id='word_1_246' title='bbox 682 2489 832 2518; x_wconf 87' lang='lat' dir='ltr'>nolentes.</span> <span class='ocrx_word' id='word_1_247' title='bbox 871 2488 910 2517; x_wconf 89' lang='lat' dir='ltr'>Et</span> <span class='ocrx_word' id='word_1_248' title='bbox 941 2489 1063 2517; x_wconf 84' lang='lat' dir='ltr'>suerunt</span> <span class='ocrx_word' id='word_1_249' title='bbox 1096 2488 1343 2527; x_wconf 87' lang='lat' dir='ltr'>supplicaciones</span> 
     </span>
     <span class='ocr_line' id='line_1_41' title="bbox 439 2537 1344 2577; baseline 0 -10"><span class='ocrx_word' id='word_1_250' title='bbox 439 2538 573 2567; x_wconf 89' lang='lat' dir='ltr'>omnium</span> <span class='ocrx_word' id='word_1_251' title='bbox 598 2543 729 2577; x_wconf 90' lang='lat' dir='ltr'>protunc</span> <span class='ocrx_word' id='word_1_252' title='bbox 749 2537 992 2576; x_wconf 83' lang='lat' dir='ltr'>supplicancium</span> <span class='ocrx_word' id='word_1_253' title='bbox 1014 2547 1071 2577; x_wconf 86' lang='lat' dir='ltr'>per</span> <span class='ocrx_word' id='word_1_254' title='bbox 1088 2538 1247 2567; x_wconf 90' lang='lat' dir='ltr'>nacionem</span> <span class='ocrx_word' id='word_1_255' title='bbox 1268 2548 1344 2567; x_wconf 90' lang='lat' dir='ltr'>con-</span> 
     </span>
     <span class='ocr_line' id='line_1_42' title="bbox 440 2586 855 2622; baseline -0.005 -6"><span class='ocrx_word' id='word_1_256' title='bbox 440 2597 538 2622; x_wconf 87' lang='lat' dir='ltr'>cesse,</span> <span class='ocrx_word' id='word_1_257' title='bbox 558 2586 668 2616; x_wconf 83' lang='lat' dir='ltr'>solutis</span> <span class='ocrx_word' id='word_1_258' title='bbox 685 2586 855 2616; x_wconf 88' lang='lat' dir='ltr'>solvendis.</span> 
     </span>
    </p>

    <p class='ocr_par' dir='ltr' id='par_1_9' title="bbox 438 2635 1343 2811">
     <span class='ocr_line' id='line_1_43' title="bbox 480 2635 1342 2675; baseline 0 -10"><span class='ocrx_word' id='word_1_259' title='bbox 480 2636 732 2675; x_wconf 89' lang='lat' dir='ltr'>Supplicavitque</span> <span class='ocrx_word' id='word_1_260' title='bbox 751 2635 782 2664; x_wconf 93' lang='lat' dir='ltr'>in</span> <span class='ocrx_word' id='word_1_261' title='bbox 802 2636 906 2664; x_wconf 88' lang='lat' dir='ltr'>eadem</span> <span class='ocrx_word' id='word_1_262' title='bbox 924 2635 1171 2675; x_wconf 88' lang='lat' dir='ltr'>congregacione</span> <span class='ocrx_word' id='word_1_263' title='bbox 1185 2635 1342 2665; x_wconf 85' lang='lat' dir='ltr'>Johannes</span> 
     </span>
     <span class='ocr_line' id='line_1_44' title="bbox 439 2684 1341 2723; baseline 0.001 -10"><span class='ocrx_word' id='word_1_264' title='bbox 439 2684 586 2714; x_wconf 87' lang='lat' dir='ltr'>Lubberti</span> <span class='ocrx_word' id='word_1_265' title='bbox 604 2695 661 2723; x_wconf 86' lang='lat' dir='ltr'>pro</span> <span class='ocrx_word' id='word_1_266' title='bbox 679 2684 829 2713; x_wconf 88' lang='lat' dir='ltr'>dilacione</span> <span class='ocrx_word' id='word_1_267' title='bbox 851 2685 1013 2713; x_wconf 89' lang='lat' dir='ltr'>bursarum</span> <span class='ocrx_word' id='word_1_268' title='bbox 1032 2694 1085 2713; x_wconf 91' lang='lat' dir='ltr'>sue</span> <span class='ocrx_word' id='word_1_269' title='bbox 1103 2684 1341 2714; x_wconf 89' lang='lat' dir='ltr'>determinancie</span> 
     </span>
     <span class='ocr_line' id='line_1_45' title="bbox 438 2733 1343 2772; baseline 0.001 -11"><span class='ocrx_word' id='word_1_270' title='bbox 438 2734 475 2761; x_wconf 90' lang='lat' dir='ltr'>ad</span> <span class='ocrx_word' id='word_1_271' title='bbox 490 2733 507 2761; x_wconf 89' lang='lat'><strong>3</strong></span> <span class='ocrx_word' id='word_1_272' title='bbox 523 2743 655 2768; x_wconf 88' lang='lat' dir='ltr'>menses,</span> <span class='ocrx_word' id='word_1_273' title='bbox 674 2733 859 2772; x_wconf 88' lang='lat' dir='ltr'>pignoribus</span> <span class='ocrx_word' id='word_1_274' title='bbox 872 2733 982 2772; x_wconf 88' lang='lat' dir='ltr'>positis</span> <span class='ocrx_word' id='word_1_275' title='bbox 994 2733 1214 2762; x_wconf 86' lang='lat' dir='ltr'>sufficientibus</span> <span class='ocrx_word' id='word_1_276' title='bbox 1224 2756 1231 2768; x_wconf 92' lang='lat'>‚</span> <span class='ocrx_word' id='word_1_277' title='bbox 1245 2739 1274 2762; x_wconf 93' lang='lat' dir='ltr'>et</span> <span class='ocrx_word' id='word_1_278' title='bbox 1287 2734 1343 2763; x_wconf 85' lang='lat' dir='ltr'>fuit</span> 
     </span>
     <span class='ocr_line' id='line_1_46' title="bbox 438 2782 670 2811; baseline 0 -1"><span class='ocrx_word' id='word_1_279' title='bbox 438 2782 497 2810; x_wconf 91' lang='lat' dir='ltr'>sibi</span> <span class='ocrx_word' id='word_1_280' title='bbox 513 2792 670 2811; x_wconf 89' lang='lat' dir='ltr'>concessa.</span> 
     </span>
    </p>

    <p class='ocr_par' dir='ltr' id='par_1_10' title="bbox 437 2830 1341 2919">
     <span class='ocr_line' id='line_1_47' title="bbox 477 2830 1341 2871; baseline 0.001 -12"><span class='ocrx_word' id='word_1_281' title='bbox 477 2830 551 2859; x_wconf 86' lang='lat' dir='ltr'>Item</span> <span class='ocrx_word' id='word_1_282' title='bbox 564 2831 595 2859; x_wconf 91' lang='lat' dir='ltr'>in</span> <span class='ocrx_word' id='word_1_283' title='bbox 609 2831 713 2859; x_wconf 88' lang='lat' dir='ltr'>eadem</span> <span class='ocrx_word' id='word_1_284' title='bbox 727 2831 972 2871; x_wconf 83' lang='lat' dir='ltr'>congregacione</span> <span class='ocrx_word' id='word_1_285' title='bbox 991 2830 1178 2870; x_wconf 90' lang='lat' dir='ltr'>supplicavit</span> <span class='ocrx_word' id='word_1_286' title='bbox 1193 2831 1341 2870; x_wconf 87' lang='lat' dir='ltr'>magister</span> 
     </span>
     <span class='ocr_line' id='line_1_48' title="bbox 437 2878 1340 2919; baseline 0.001 -12"><span class='ocrx_word' id='word_1_287' title='bbox 437 2878 615 2908; x_wconf 88' lang='lat' dir='ltr'>Gherardus</span> <span class='ocrx_word' id='word_1_288' title='bbox 640 2879 759 2918; x_wconf 87' lang='lat' dir='ltr'>Kemyn</span> <span class='ocrx_word' id='word_1_289' title='bbox 785 2890 842 2919; x_wconf 89' lang='lat' dir='ltr'>per</span> <span class='ocrx_word' id='word_1_290' title='bbox 870 2881 1033 2918; x_wconf 89' lang='lat' dir='ltr'>deputatos</span> <span class='ocrx_word' id='word_1_291' title='bbox 1058 2879 1176 2908; x_wconf 87' lang='lat' dir='ltr'>literam</span> <span class='ocrx_word' id='word_1_292' title='bbox 1198 2879 1340 2909; x_wconf 90' lang='lat' dir='ltr'>testimo-</span> 
     </span>
    </p>
   </div>
   <div class='ocr_carea' id='block_1_8' title="bbox 467 2979 1138 3012">
    <p class='ocr_par' dir='ltr' id='par_1_11' title="bbox 467 2979 1138 3012">
     <span class='ocr_line' id='line_1_49' title="bbox 467 2979 1138 3012; baseline 0.001 -10"><span class='ocrx_word' id='word_1_293' title='bbox 467 2979 490 3002; x_wconf 93' lang='lat'>1.</span> <span class='ocrx_word' id='word_1_294' title='bbox 523 2981 542 3002; x_wconf 90' lang='lat'>1.</span> <span class='ocrx_word' id='word_1_295' title='bbox 557 2988 578 3003; x_wconf 84' lang='lat' dir='ltr'>e.</span> <span class='ocrx_word' id='word_1_296' title='bbox 592 2980 728 3011; x_wconf 82' lang='lat' dir='ltr'>Hugonem</span> <span class='ocrx_word' id='word_1_297' title='bbox 738 2980 856 3009; x_wconf 75' lang='lat' dir='ltr'>Aubriot,</span> <span class='ocrx_word' id='word_1_298' title='bbox 866 2980 1043 3012; x_wconf 66' lang='lat' dir='ltr'>praepo-situm</span> <span class='ocrx_word' id='word_1_299' title='bbox 1055 2980 1138 3004; x_wconf 76' lang='lat' dir='ltr'>Paris.</span> 
     </span>
    </p>
   </div>
   <div class='ocr_carea' id='block_1_9' title="bbox 1389 968 1422 993">
    <p class='ocr_par' dir='ltr' id='par_1_12' title="bbox 1389 968 1422 993">
     <span class='ocr_line' id='line_1_50' title="bbox 1389 968 1422 993; baseline 0 0"><span class='ocrx_word' id='word_1_300' title='bbox 1389 968 1422 993; x_wconf 93' lang='lat'>10</span> 
     </span>
    </p>
   </div>
   <div class='ocr_carea' id='block_1_10' title="bbox 1387 1214 1421 1240">
    <p class='ocr_par' dir='ltr' id='par_1_13' title="bbox 1387 1214 1421 1240">
     <span class='ocr_line' id='line_1_51' title="bbox 1387 1214 1421 1240; baseline 0.029 -1"><span class='ocrx_word' id='word_1_301' title='bbox 1387 1214 1421 1240; x_wconf 86' lang='lat'>15</span> 
     </span>
    </p>
   </div>
   <div class='ocr_carea' id='block_1_11' title="bbox 1386 1460 1420 1486">
    <p class='ocr_par' dir='ltr' id='par_1_14' title="bbox 1386 1460 1420 1486">
     <span class='ocr_line' id='line_1_52' title="bbox 1386 1460 1420 1486; baseline 0.029 -1"><span class='ocrx_word' id='word_1_302' title='bbox 1386 1460 1420 1486; x_wconf 89' lang='lat'>20</span> 
     </span>
    </p>
   </div>
   <div class='ocr_carea' id='block_1_12' title="bbox 1385 1705 1419 1732">
    <p class='ocr_par' dir='ltr' id='par_1_15' title="bbox 1385 1705 1419 1732">
     <span class='ocr_line' id='line_1_53' title="bbox 1385 1705 1419 1732; baseline 0.029 -1"><span class='ocrx_word' id='word_1_303' title='bbox 1385 1705 1419 1732; x_wconf 89' lang='lat'>25</span> 
     </span>
    </p>
   </div>
   <div class='ocr_carea' id='block_1_13' title="bbox 1384 1951 1418 1978">
    <p class='ocr_par' dir='ltr' id='par_1_16' title="bbox 1384 1951 1418 1978">
     <span class='ocr_line' id='line_1_54' title="bbox 1384 1951 1418 1978; baseline 0.029 -1"><span class='ocrx_word' id='word_1_304' title='bbox 1384 1951 1418 1978; x_wconf 91' lang='grc'>30</span> 
     </span>
    </p>
   </div>
   <div class='ocr_carea' id='block_1_14' title="bbox 1383 2197 1416 2223">
    <p class='ocr_par' dir='ltr' id='par_1_17' title="bbox 1383 2197 1416 2223">
     <span class='ocr_line' id='line_1_55' title="bbox 1383 2197 1416 2223; baseline 0 0"><span class='ocrx_word' id='word_1_305' title='bbox 1383 2197 1416 2223; x_wconf 91' lang='grc'>35</span> 
     </span>
    </p>
   </div>
   <div class='ocr_carea' id='block_1_15' title="bbox 1379 2691 1413 2717">
    <p class='ocr_par' dir='ltr' id='par_1_18' title="bbox 1379 2691 1413 2717">
     <span class='ocr_line' id='line_1_56' title="bbox 1379 2691 1413 2717; baseline 0.029 -1"><span class='ocrx_word' id='word_1_306' title='bbox 1379 2691 1413 2717; x_wconf 82' lang='grc'>45</span> 
     </span>
    </p>
   </div>
   <div class='ocr_carea' id='block_1_16' title="bbox 1449 525 2367 2917">
    <p class='ocr_par' dir='ltr' id='par_1_19' title="bbox 1459 525 2367 712">
     <span class='ocr_line' id='line_1_57' title="bbox 1460 525 2367 556; baseline 0.003 -3"><span class='ocrx_word' id='word_1_307' title='bbox 1460 525 1571 554; x_wconf 87' lang='lat' dir='ltr'>nialem</span> <span class='ocrx_word' id='word_1_308' title='bbox 1593 525 1652 554; x_wconf 87' lang='lat' dir='ltr'>sibi</span> <span class='ocrx_word' id='word_1_309' title='bbox 1666 525 1741 555; x_wconf 88' lang='lat' dir='ltr'>alias</span> <span class='ocrx_word' id='word_1_310' title='bbox 1755 535 1772 554; x_wconf 89' lang='lat' dir='ltr'>a</span> <span class='ocrx_word' id='word_1_311' title='bbox 1786 525 1916 555; x_wconf 89' lang='lat' dir='ltr'>nacione</span> <span class='ocrx_word' id='word_1_312' title='bbox 1930 535 2109 555; x_wconf 88' lang='lat' dir='ltr'>concessam</span> <span class='ocrx_word' id='word_1_313' title='bbox 2126 526 2321 556; x_wconf 86' lang='lat' dir='ltr'>confecturos</span> <span class='ocrx_word' id='word_1_314' title='bbox 2337 533 2367 556; x_wconf 88' lang='lat' dir='ltr'>et</span> 
     </span>
     <span class='ocr_line' id='line_1_58' title="bbox 1460 574 2366 616; baseline 0.002 -13"><span class='ocrx_word' id='word_1_315' title='bbox 1460 574 1492 603; x_wconf 91' lang='lat' dir='ltr'>in</span> <span class='ocrx_word' id='word_1_316' title='bbox 1512 574 1608 603; x_wconf 86' lang='lat' dir='ltr'>forma</span> <span class='ocrx_word' id='word_1_317' title='bbox 1628 574 1748 603; x_wconf 91' lang='lat' dir='ltr'>decenti</span> <span class='ocrx_word' id='word_1_318' title='bbox 1766 575 1940 614; x_wconf 85' lang='lat' dir='ltr'>posituros;</span> <span class='ocrx_word' id='word_1_319' title='bbox 1965 581 1996 604; x_wconf 89' lang='lat' dir='ltr'>et</span> <span class='ocrx_word' id='word_1_320' title='bbox 2016 581 2104 604; x_wconf 87' lang='lat' dir='ltr'>erant</span> <span class='ocrx_word' id='word_1_321' title='bbox 2117 574 2177 604; x_wconf 91' lang='lat' dir='ltr'>sibi</span> <span class='ocrx_word' id='word_1_322' title='bbox 2191 576 2252 605; x_wconf 85' lang='lat' dir='ltr'>dati</span> <span class='ocrx_word' id='word_1_323' title='bbox 2267 576 2366 616; x_wconf 89' lang='lat' dir='ltr'>depu-</span> 
     </span>
     <span class='ocr_line' id='line_1_59' title="bbox 1459 623 2366 664; baseline 0.002 -12"><span class='ocrx_word' id='word_1_324' title='bbox 1459 623 1514 652; x_wconf 83' lang='lat' dir='ltr'>tati</span> <span class='ocrx_word' id='word_1_325' title='bbox 1537 633 1598 652; x_wconf 92' lang='lat' dir='ltr'>una</span> <span class='ocrx_word' id='word_1_326' title='bbox 1628 633 1696 653; x_wconf 87' lang='lat' dir='ltr'>cum</span> <span class='ocrx_word' id='word_1_327' title='bbox 1726 629 1929 663; x_wconf 85' lang='lat' dir='ltr'>procuratore</span> <span class='ocrx_word' id='word_1_328' title='bbox 1960 624 2108 664; x_wconf 86' lang='lat' dir='ltr'>magister</span> <span class='ocrx_word' id='word_1_329' title='bbox 2138 623 2299 654; x_wconf 74' lang='lat' dir='ltr'>Mei-cilius</span> <span class='ocrx_word' id='word_1_330' title='bbox 2328 625 2366 654; x_wconf 86' lang='lat' dir='ltr'>de</span> 
     </span>
     <span class='ocr_line' id='line_1_60' title="bbox 1461 672 2134 712; baseline 0.001 -11"><span class='ocrx_word' id='word_1_331' title='bbox 1461 672 1579 712; x_wconf 85' lang='lat' dir='ltr'>Inghen</span> <span class='ocrx_word' id='word_1_332' title='bbox 1596 679 1626 702; x_wconf 88' lang='lat' dir='ltr'>et</span> <span class='ocrx_word' id='word_1_333' title='bbox 1640 673 1788 712; x_wconf 86' lang='lat' dir='ltr'>magister</span> <span class='ocrx_word' id='word_1_334' title='bbox 1802 673 1818 702; x_wconf 88' lang='lat' dir='ltr'>J</span> <span class='ocrx_word' id='word_1_335' title='bbox 1822 674 1958 702; x_wconf 88' lang='lat' dir='ltr'>ordanus</span> <span class='ocrx_word' id='word_1_336' title='bbox 1971 673 2009 702; x_wconf 87' lang='lat' dir='ltr'>de</span> <span class='ocrx_word' id='word_1_337' title='bbox 2026 672 2134 703; x_wconf 88' lang='lat' dir='ltr'>Clivis.</span> 
     </span>
    </p>

    <p class='ocr_par' dir='ltr' id='par_1_20' title="bbox 1457 721 2367 1447">
     <span class='ocr_line' id='line_1_61' title="bbox 1501 721 2365 762; baseline 0.002 -12"><span class='ocrx_word' id='word_1_338' title='bbox 1501 721 1576 751; x_wconf 88' lang='lat' dir='ltr'>Item</span> <span class='ocrx_word' id='word_1_339' title='bbox 1609 722 1641 751; x_wconf 91' lang='lat' dir='ltr'>in</span> <span class='ocrx_word' id='word_1_340' title='bbox 1673 723 1778 751; x_wconf 86' lang='lat' dir='ltr'>eadem</span> <span class='ocrx_word' id='word_1_341' title='bbox 1805 722 2052 762; x_wconf 83' lang='lat' dir='ltr'>congregacione</span> <span class='ocrx_word' id='word_1_342' title='bbox 2074 722 2131 751; x_wconf 80' lang='lat' dir='ltr'>fuit</span> <span class='ocrx_word' id='word_1_343' title='bbox 2159 722 2365 762; x_wconf 87' lang='lat' dir='ltr'>propositum,</span> 
     </span>
     <span class='ocr_line' id='line_1_62' title="bbox 1459 771 2365 812; baseline 0.003 -13"><span class='ocrx_word' id='word_1_344' title='bbox 1459 777 1692 809; x_wconf 86' lang='lat' dir='ltr'>procuratorem</span> <span class='ocrx_word' id='word_1_345' title='bbox 1715 781 1769 800; x_wconf 90' lang='lat' dir='ltr'>seu</span> <span class='ocrx_word' id='word_1_346' title='bbox 1796 771 1992 802; x_wconf 84' lang='lat' dir='ltr'>collectorem</span> <span class='ocrx_word' id='word_1_347' title='bbox 2015 771 2195 800; x_wconf 87' lang='lat' dir='ltr'>monasterii</span> <span class='ocrx_word' id='word_1_348' title='bbox 2223 771 2295 811; x_wconf 72' lang='lat' dir='ltr'>(Fol.</span> <span class='ocrx_word' id='word_1_349' title='bbox 2317 772 2365 812; x_wconf 85' lang='lat'>40)</span> 
     </span>
     <span class='ocr_line' id='line_1_63' title="bbox 1461 819 2366 861; baseline 0.002 -13"><span class='ocrx_word' id='word_1_350' title='bbox 1461 819 1572 849; x_wconf 90' lang='lat' dir='ltr'>Sancte</span> <span class='ocrx_word' id='word_1_351' title='bbox 1589 819 1744 849; x_wconf 90' lang='lat' dir='ltr'>Genovefe</span> <span class='ocrx_word' id='word_1_352' title='bbox 1757 820 1836 849; x_wconf 90' lang='lat' dir='ltr'>velle</span> <span class='ocrx_word' id='word_1_353' title='bbox 1852 820 1946 849; x_wconf 88' lang='lat' dir='ltr'>citare</span> <span class='ocrx_word' id='word_1_354' title='bbox 1964 826 2198 860; x_wconf 86' lang='lat' dir='ltr'>procuratorem</span> <span class='ocrx_word' id='word_1_355' title='bbox 2213 827 2244 850; x_wconf 88' lang='lat' dir='ltr'>et</span> <span class='ocrx_word' id='word_1_356' title='bbox 2259 830 2366 861; x_wconf 88' lang='lat' dir='ltr'>recep-</span> 
     </span>
     <span class='ocr_line' id='line_1_64' title="bbox 1458 869 2366 909; baseline 0.002 -12"><span class='ocrx_word' id='word_1_357' title='bbox 1458 874 1557 897; x_wconf 89' lang='lat' dir='ltr'>torem</span> <span class='ocrx_word' id='word_1_358' title='bbox 1576 869 1716 898; x_wconf 87' lang='lat' dir='ltr'>nacionis</span> <span class='ocrx_word' id='word_1_359' title='bbox 1733 875 1839 898; x_wconf 88' lang='lat' dir='ltr'>nostre</span> <span class='ocrx_word' id='word_1_360' title='bbox 1852 879 1911 909; x_wconf 89' lang='lat' dir='ltr'>pro</span> <span class='ocrx_word' id='word_1_361' title='bbox 1929 869 2121 898; x_wconf 89' lang='lat' dir='ltr'>mortizando</span> <span class='ocrx_word' id='word_1_362' title='bbox 2137 879 2191 899; x_wconf 89' lang='lat' dir='ltr'>seu</span> <span class='ocrx_word' id='word_1_363' title='bbox 2203 871 2366 900; x_wconf 90' lang='lat' dir='ltr'>vendendo</span> 
     </span>
     <span class='ocr_line' id='line_1_65' title="bbox 1460 917 2366 957; baseline 0.002 -11"><span class='ocrx_word' id='word_1_364' title='bbox 1460 917 1560 947; x_wconf 89' lang='lat' dir='ltr'>scolas</span> <span class='ocrx_word' id='word_1_365' title='bbox 1583 927 1709 957; x_wconf 83' lang='lat' dir='ltr'>magnas</span> <span class='ocrx_word' id='word_1_366' title='bbox 1725 924 1755 947; x_wconf 91' lang='lat' dir='ltr'>et</span> <span class='ocrx_word' id='word_1_367' title='bbox 1775 927 1872 947; x_wconf 88' lang='lat' dir='ltr'>novas</span> <span class='ocrx_word' id='word_1_368' title='bbox 1897 917 2118 948; x_wconf 88' lang='lat' dir='ltr'>Almannorum</span> <span class='ocrx_word' id='word_1_369' title='bbox 2148 918 2179 947; x_wconf 91' lang='lat' dir='ltr'>in</span> <span class='ocrx_word' id='word_1_370' title='bbox 2197 928 2276 948; x_wconf 90' lang='lat' dir='ltr'>cono</span> <span class='ocrx_word' id='word_1_371' title='bbox 2305 919 2366 949; x_wconf 85' lang='lat' dir='ltr'>vici</span> 
     </span>
     <span class='ocr_line' id='line_1_66' title="bbox 1461 966 2365 1007; baseline 0.002 -12"><span class='ocrx_word' id='word_1_372' title='bbox 1461 966 1624 996; x_wconf 88' lang='lat' dir='ltr'>Straminis</span> <span class='ocrx_word' id='word_1_373' title='bbox 1645 977 1756 996; x_wconf 88' lang='lat' dir='ltr'>versus</span> <span class='ocrx_word' id='word_1_374' title='bbox 1775 966 1922 996; x_wconf 87' lang='lat' dir='ltr'>Secanam</span> <span class='ocrx_word' id='word_1_375' title='bbox 1946 967 2033 1002; x_wconf 89' lang='lat' dir='ltr'>sitas,</span> <span class='ocrx_word' id='word_1_376' title='bbox 2057 967 2129 1007; x_wconf 91' lang='lat' dir='ltr'>quia</span> <span class='ocrx_word' id='word_1_377' title='bbox 2150 967 2266 997; x_wconf 91' lang='lat' dir='ltr'>domini</span> <span class='ocrx_word' id='word_1_378' title='bbox 2291 968 2365 997; x_wconf 91' lang='lat' dir='ltr'>dicti</span> 
     </span>
     <span class='ocr_line' id='line_1_67' title="bbox 1459 1015 2366 1055; baseline 0.003 -11"><span class='ocrx_word' id='word_1_379' title='bbox 1459 1016 1638 1045; x_wconf 91' lang='lat' dir='ltr'>monasterii</span> <span class='ocrx_word' id='word_1_380' title='bbox 1648 1015 1772 1044; x_wconf 88' lang='lat' dir='ltr'>racione</span> <span class='ocrx_word' id='word_1_381' title='bbox 1782 1015 1875 1055; x_wconf 89' lang='lat' dir='ltr'>juris,</span> <span class='ocrx_word' id='word_1_382' title='bbox 1888 1017 1971 1055; x_wconf 93' lang='lat' dir='ltr'>quod</span> <span class='ocrx_word' id='word_1_383' title='bbox 1985 1016 2139 1046; x_wconf 85' lang='lat' dir='ltr'>habebant</span> <span class='ocrx_word' id='word_1_384' title='bbox 2152 1016 2184 1045; x_wconf 91' lang='lat' dir='ltr'>in</span> <span class='ocrx_word' id='word_1_385' title='bbox 2199 1017 2294 1047; x_wconf 87' lang='lat' dir='ltr'>fundo</span> <span class='ocrx_word' id='word_1_386' title='bbox 2311 1027 2366 1047; x_wconf 85' lang='lat' dir='ltr'>seu</span> 
     </span>
     <span class='ocr_line' id='line_1_68' title="bbox 1459 1065 2364 1100; baseline 0.003 -7"><span class='ocrx_word' id='word_1_387' title='bbox 1459 1075 1529 1093; x_wconf 87' lang='lat' dir='ltr'>area</span> <span class='ocrx_word' id='word_1_388' title='bbox 1547 1065 1696 1094; x_wconf 86' lang='lat' dir='ltr'>dictarum</span> <span class='ocrx_word' id='word_1_389' title='bbox 1715 1065 1878 1100; x_wconf 89' lang='lat' dir='ltr'>scolarum,</span> <span class='ocrx_word' id='word_1_390' title='bbox 1897 1065 2057 1094; x_wconf 87' lang='lat' dir='ltr'>nacionem</span> <span class='ocrx_word' id='word_1_391' title='bbox 2071 1071 2208 1095; x_wconf 86' lang='lat' dir='ltr'>nostram</span> <span class='ocrx_word' id='word_1_392' title='bbox 2223 1067 2261 1095; x_wconf 92' lang='lat' dir='ltr'>ad</span> <span class='ocrx_word' id='word_1_393' title='bbox 2271 1076 2364 1096; x_wconf 89' lang='lat' dir='ltr'>unum</span> 
     </span>
     <span class='ocr_line' id='line_1_69' title="bbox 1458 1114 2367 1154; baseline 0.003 -12"><span class='ocrx_word' id='word_1_394' title='bbox 1458 1114 1682 1152; x_wconf 90' lang='lat' dir='ltr'>premissorum</span> <span class='ocrx_word' id='word_1_395' title='bbox 1706 1114 1877 1143; x_wconf 85' lang='lat' dir='ltr'>faciendum</span> <span class='ocrx_word' id='word_1_396' title='bbox 1906 1114 2091 1154; x_wconf 85' lang='lat' dir='ltr'>compellere</span> <span class='ocrx_word' id='word_1_397' title='bbox 2113 1115 2299 1144; x_wconf 87' lang='lat' dir='ltr'>nitebantur.</span> <span class='ocrx_word' id='word_1_398' title='bbox 2326 1116 2367 1145; x_wconf 80' lang='lat' dir='ltr'>Et</span> 
     </span>
     <span class='ocr_line' id='line_1_70' title="bbox 1459 1162 2366 1203; baseline 0.003 -12"><span class='ocrx_word' id='word_1_399' title='bbox 1459 1162 1680 1192; x_wconf 88' lang='lat' dir='ltr'>consuluerunt</span> <span class='ocrx_word' id='word_1_400' title='bbox 1699 1169 1829 1202; x_wconf 88' lang='lat' dir='ltr'>protunc</span> <span class='ocrx_word' id='word_1_401' title='bbox 1849 1163 2002 1202; x_wconf 87' lang='lat' dir='ltr'>magistri,</span> <span class='ocrx_word' id='word_1_402' title='bbox 2017 1164 2100 1202; x_wconf 89' lang='lat' dir='ltr'>quod</span> <span class='ocrx_word' id='word_1_403' title='bbox 2121 1164 2268 1203; x_wconf 90' lang='lat' dir='ltr'>magister</span> <span class='ocrx_word' id='word_1_404' title='bbox 2285 1164 2366 1194; x_wconf 87' lang='lat' dir='ltr'>Mer—</span> 
     </span>
     <span class='ocr_line' id='line_1_71' title="bbox 1458 1212 2365 1254; baseline 0.003 -14"><span class='ocrx_word' id='word_1_405' title='bbox 1458 1212 1548 1241; x_wconf 90' lang='lat' dir='ltr'>cilius</span> <span class='ocrx_word' id='word_1_406' title='bbox 1577 1212 1615 1241; x_wconf 90' lang='lat' dir='ltr'>de</span> <span class='ocrx_word' id='word_1_407' title='bbox 1651 1212 1771 1251; x_wconf 86' lang='lat' dir='ltr'>Inghen</span> <span class='ocrx_word' id='word_1_408' title='bbox 1801 1212 1901 1241; x_wconf 88' lang='lat' dir='ltr'>adiret</span> <span class='ocrx_word' id='word_1_409' title='bbox 1927 1222 2021 1241; x_wconf 88' lang='lat' dir='ltr'>unum</span> <span class='ocrx_word' id='word_1_410' title='bbox 2055 1213 2245 1248; x_wconf 82' lang='lat' dir='ltr'>advocatum,</span> <span class='ocrx_word' id='word_1_411' title='bbox 2277 1212 2365 1254; x_wconf 84' lang='lat' dir='ltr'>cujus</span> 
     </span>
     <span class='ocr_line' id='line_1_72' title="bbox 1457 1260 2365 1300; baseline 0.002 -10"><span class='ocrx_word' id='word_1_412' title='bbox 1457 1260 1585 1290; x_wconf 87' lang='lat' dir='ltr'>haberet</span> <span class='ocrx_word' id='word_1_413' title='bbox 1619 1261 1774 1296; x_wconf 83' lang='lat' dir='ltr'>noticiam,</span> <span class='ocrx_word' id='word_1_414' title='bbox 1807 1271 1941 1300; x_wconf 88' lang='lat' dir='ltr'>querens</span> <span class='ocrx_word' id='word_1_415' title='bbox 1975 1261 2013 1290; x_wconf 91' lang='lat' dir='ltr'>ab</span> <span class='ocrx_word' id='word_1_416' title='bbox 2046 1271 2082 1290; x_wconf 88' lang='lat' dir='ltr'>eo</span> <span class='ocrx_word' id='word_1_417' title='bbox 2108 1267 2232 1296; x_wconf 86' lang='lat' dir='ltr'>attente,</span> <span class='ocrx_word' id='word_1_418' title='bbox 2262 1268 2365 1292; x_wconf 87' lang='lat' dir='ltr'>utrum</span> 
     </span>
     <span class='ocr_line' id='line_1_73' title="bbox 1457 1309 2365 1349; baseline 0.002 -11"><span class='ocrx_word' id='word_1_419' title='bbox 1457 1310 1581 1339; x_wconf 87' lang='lat' dir='ltr'>racione</span> <span class='ocrx_word' id='word_1_420' title='bbox 1601 1309 1674 1339; x_wconf 87' lang='lat' dir='ltr'>dicti</span> <span class='ocrx_word' id='word_1_421' title='bbox 1695 1309 1776 1349; x_wconf 90' lang='lat' dir='ltr'>juris</span> <span class='ocrx_word' id='word_1_422' title='bbox 1798 1309 1830 1338; x_wconf 89' lang='lat' dir='ltr'>in</span> <span class='ocrx_word' id='word_1_423' title='bbox 1849 1309 1901 1339; x_wconf 87' lang='lat' dir='ltr'>tali</span> <span class='ocrx_word' id='word_1_424' title='bbox 1926 1319 1999 1339; x_wconf 87' lang='lat' dir='ltr'>casu</span> <span class='ocrx_word' id='word_1_425' title='bbox 2022 1309 2182 1339; x_wconf 90' lang='lat' dir='ltr'>nacionem</span> <span class='ocrx_word' id='word_1_426' title='bbox 2207 1311 2245 1339; x_wconf 88' lang='lat' dir='ltr'>ad</span> <span class='ocrx_word' id='word_1_427' title='bbox 2271 1321 2365 1341; x_wconf 89' lang='lat' dir='ltr'>unum</span> 
     </span>
     <span class='ocr_line' id='line_1_74' title="bbox 1457 1358 2364 1400; baseline 0.003 -13"><span class='ocrx_word' id='word_1_428' title='bbox 1457 1358 1580 1388; x_wconf 88' lang='lat' dir='ltr'>illorum</span> <span class='ocrx_word' id='word_1_429' title='bbox 1598 1359 1770 1388; x_wconf 88' lang='lat' dir='ltr'>faciendum</span> <span class='ocrx_word' id='word_1_430' title='bbox 1789 1359 1974 1398; x_wconf 89' lang='lat' dir='ltr'>compellere</span> <span class='ocrx_word' id='word_1_431' title='bbox 1996 1365 2137 1398; x_wconf 89' lang='lat' dir='ltr'>possent,</span> <span class='ocrx_word' id='word_1_432' title='bbox 2159 1365 2189 1388; x_wconf 88' lang='lat' dir='ltr'>et</span> <span class='ocrx_word' id='word_1_433' title='bbox 2203 1360 2288 1399; x_wconf 89' lang='lat' dir='ltr'>quod</span> <span class='ocrx_word' id='word_1_434' title='bbox 2305 1370 2364 1400; x_wconf 90' lang='lat' dir='ltr'>po-</span> 
     </span>
     <span class='ocr_line' id='line_1_75' title="bbox 1458 1407 1982 1447; baseline -0.002 -10"><span class='ocrx_word' id='word_1_435' title='bbox 1458 1414 1523 1437; x_wconf 87' lang='lat' dir='ltr'>stea</span> <span class='ocrx_word' id='word_1_436' title='bbox 1537 1408 1696 1437; x_wconf 86' lang='lat' dir='ltr'>videretur</span> <span class='ocrx_word' id='word_1_437' title='bbox 1710 1407 1784 1447; x_wconf 90' lang='lat' dir='ltr'>quid</span> <span class='ocrx_word' id='word_1_438' title='bbox 1800 1408 1982 1437; x_wconf 87' lang='lat' dir='ltr'>faciendum.</span> 
     </span>
    </p>

    <p class='ocr_par' dir='ltr' id='par_1_21' title="bbox 1454 1457 2364 2086">
     <span class='ocr_line' id='line_1_76' title="bbox 1499 1457 2363 1497; baseline 0.002 -12"><span class='ocrx_word' id='word_1_439' title='bbox 1499 1457 1574 1486; x_wconf 91' lang='lat' dir='ltr'>Item</span> <span class='ocrx_word' id='word_1_440' title='bbox 1601 1457 1633 1485; x_wconf 93' lang='lat' dir='ltr'>in</span> <span class='ocrx_word' id='word_1_441' title='bbox 1665 1457 1771 1486; x_wconf 88' lang='lat' dir='ltr'>eadem</span> <span class='ocrx_word' id='word_1_442' title='bbox 1805 1457 2052 1496; x_wconf 88' lang='lat' dir='ltr'>congregacione</span> <span class='ocrx_word' id='word_1_443' title='bbox 2087 1457 2143 1486; x_wconf 81' lang='lat' dir='ltr'>fuit</span> <span class='ocrx_word' id='word_1_444' title='bbox 2167 1458 2363 1497; x_wconf 82' lang='lat' dir='ltr'>propositum</span> 
     </span>
     <span class='ocr_line' id='line_1_77' title="bbox 1457 1505 2364 1546; baseline 0.001 -11"><span class='ocrx_word' id='word_1_445' title='bbox 1457 1507 1541 1545; x_wconf 88' lang='lat' dir='ltr'>quod</span> <span class='ocrx_word' id='word_1_446' title='bbox 1559 1506 1642 1535; x_wconf 88' lang='lat' dir='ltr'>scole</span> <span class='ocrx_word' id='word_1_447' title='bbox 1660 1516 1770 1546; x_wconf 87' lang='lat' dir='ltr'>magne</span> <span class='ocrx_word' id='word_1_448' title='bbox 1786 1506 2008 1535; x_wconf 88' lang='lat' dir='ltr'>Piccardorum</span> <span class='ocrx_word' id='word_1_449' title='bbox 2024 1505 2118 1535; x_wconf 89' lang='lat' dir='ltr'>scolis</span> <span class='ocrx_word' id='word_1_450' title='bbox 2131 1507 2221 1536; x_wconf 87' lang='lat' dir='ltr'>novis</span> <span class='ocrx_word' id='word_1_451' title='bbox 2235 1506 2364 1536; x_wconf 86' lang='lat' dir='ltr'>Alman-</span> 
     </span>
     <span class='ocr_line' id='line_1_78' title="bbox 1456 1555 2362 1595; baseline 0.001 -11"><span class='ocrx_word' id='word_1_452' title='bbox 1456 1565 1566 1584; x_wconf 91' lang='lat' dir='ltr'>norum</span> <span class='ocrx_word' id='word_1_453' title='bbox 1582 1555 1728 1595; x_wconf 90' lang='lat' dir='ltr'>contigue</span> <span class='ocrx_word' id='word_1_454' title='bbox 1744 1555 1935 1584; x_wconf 86' lang='lat' dir='ltr'>minarentur</span> <span class='ocrx_word' id='word_1_455' title='bbox 1946 1555 2078 1590; x_wconf 87' lang='lat' dir='ltr'>ruinam,</span> <span class='ocrx_word' id='word_1_456' title='bbox 2097 1556 2179 1584; x_wconf 90' lang='lat' dir='ltr'>unde</span> <span class='ocrx_word' id='word_1_457' title='bbox 2197 1556 2362 1595; x_wconf 84' lang='lat' dir='ltr'>dampnum</span> 
     </span>
     <span class='ocr_line' id='line_1_79' title="bbox 1456 1603 2362 1644; baseline 0.001 -11"><span class='ocrx_word' id='word_1_458' title='bbox 1456 1614 1611 1644; x_wconf 86' lang='lat' dir='ltr'>magnum,</span> <span class='ocrx_word' id='word_1_459' title='bbox 1634 1604 1660 1633; x_wconf 92' lang='lat' dir='ltr'>si</span> <span class='ocrx_word' id='word_1_460' title='bbox 1679 1605 1823 1633; x_wconf 86' lang='lat' dir='ltr'>caderent</span> <span class='ocrx_word' id='word_1_461' title='bbox 1843 1614 1938 1643; x_wconf 91' lang='lat' dir='ltr'>super</span> <span class='ocrx_word' id='word_1_462' title='bbox 1958 1603 2059 1633; x_wconf 90' lang='lat' dir='ltr'>scolas</span> <span class='ocrx_word' id='word_1_463' title='bbox 2078 1610 2217 1639; x_wconf 88' lang='lat' dir='ltr'>nostras,</span> <span class='ocrx_word' id='word_1_464' title='bbox 2239 1605 2362 1634; x_wconf 87' lang='lat' dir='ltr'>nacioni</span> 
     </span>
     <span class='ocr_line' id='line_1_80' title="bbox 1456 1653 2363 1692; baseline 0.001 -10"><span class='ocrx_word' id='word_1_465' title='bbox 1456 1659 1563 1682; x_wconf 90' lang='lat' dir='ltr'>nostre</span> <span class='ocrx_word' id='word_1_466' title='bbox 1577 1653 1743 1692; x_wconf 89' lang='lat' dir='ltr'>provenire</span> <span class='ocrx_word' id='word_1_467' title='bbox 1761 1659 1880 1692; x_wconf 88' lang='lat' dir='ltr'>posset.</span> <span class='ocrx_word' id='word_1_468' title='bbox 1899 1653 2001 1690; x_wconf 85' lang='lat' dir='ltr'>Quare</span> <span class='ocrx_word' id='word_1_469' title='bbox 2019 1653 2077 1682; x_wconf 86' lang='lat' dir='ltr'>hoc</span> <span class='ocrx_word' id='word_1_470' title='bbox 2092 1653 2260 1692; x_wconf 85' lang='lat' dir='ltr'>expediens</span> <span class='ocrx_word' id='word_1_471' title='bbox 2278 1660 2363 1683; x_wconf 86' lang='lat' dir='ltr'>esset</span> 
     </span>
     <span class='ocr_line' id='line_1_81' title="bbox 1456 1701 2358 1742; baseline 0.001 -11"><span class='ocrx_word' id='word_1_472' title='bbox 1456 1703 1631 1742; x_wconf 88' lang='lat' dir='ltr'>prevenire.</span> <span class='ocrx_word' id='word_1_473' title='bbox 1663 1702 1703 1731; x_wconf 92' lang='lat' dir='ltr'>Et</span> <span class='ocrx_word' id='word_1_474' title='bbox 1730 1711 1825 1741; x_wconf 89' lang='lat' dir='ltr'>super</span> <span class='ocrx_word' id='word_1_475' title='bbox 1858 1702 1916 1731; x_wconf 92' lang='lat' dir='ltr'>hoc</span> <span class='ocrx_word' id='word_1_476' title='bbox 1937 1702 1994 1731; x_wconf 83' lang='lat' dir='ltr'>suit</span> <span class='ocrx_word' id='word_1_477' title='bbox 2027 1701 2245 1738; x_wconf 87' lang='lat' dir='ltr'>deliberatum,</span> <span class='ocrx_word' id='word_1_478' title='bbox 2275 1703 2358 1742; x_wconf 86' lang='lat' dir='ltr'>quod</span> 
     </span>
     <span class='ocr_line' id='line_1_82' title="bbox 1456 1751 2362 1791; baseline 0.001 -11"><span class='ocrx_word' id='word_1_479' title='bbox 1456 1752 1488 1780; x_wconf 92' lang='lat' dir='ltr'>in</span> <span class='ocrx_word' id='word_1_480' title='bbox 1509 1751 1609 1791; x_wconf 90' lang='lat' dir='ltr'>prima</span> <span class='ocrx_word' id='word_1_481' title='bbox 1639 1751 1885 1791; x_wconf 88' lang='lat' dir='ltr'>congregacione</span> <span class='ocrx_word' id='word_1_482' title='bbox 1909 1751 2049 1780; x_wconf 87' lang='lat' dir='ltr'>nacionis</span> <span class='ocrx_word' id='word_1_483' title='bbox 2078 1751 2237 1780; x_wconf 87' lang='lat' dir='ltr'>Piccardie</span> <span class='ocrx_word' id='word_1_484' title='bbox 2251 1761 2362 1791; x_wconf 86' lang='lat' dir='ltr'>procu-</span> 
     </span>
     <span class='ocr_line' id='line_1_83' title="bbox 1456 1799 2360 1840; baseline 0.001 -11"><span class='ocrx_word' id='word_1_485' title='bbox 1456 1807 1540 1829; x_wconf 89' lang='lat' dir='ltr'>rator</span> <span class='ocrx_word' id='word_1_486' title='bbox 1565 1800 1705 1829; x_wconf 89' lang='lat' dir='ltr'>nacionis</span> <span class='ocrx_word' id='word_1_487' title='bbox 1731 1799 1844 1840; x_wconf 85' lang='lat' dir='ltr'>Anglie</span> <span class='ocrx_word' id='word_1_488' title='bbox 1873 1800 1974 1829; x_wconf 87' lang='lat' dir='ltr'>adiret</span> <span class='ocrx_word' id='word_1_489' title='bbox 1997 1800 2157 1829; x_wconf 90' lang='lat' dir='ltr'>nacionem</span> <span class='ocrx_word' id='word_1_490' title='bbox 2183 1800 2360 1836; x_wconf 66' lang='lat' dir='ltr'>Piuuardie,</span> 
     </span>
     <span class='ocr_line' id='line_1_84' title="bbox 1456 1849 2362 1889; baseline 0 -11"><span class='ocrx_word' id='word_1_491' title='bbox 1456 1850 1562 1879; x_wconf 90' lang='lat' dir='ltr'>dicens</span> <span class='ocrx_word' id='word_1_492' title='bbox 1589 1849 1746 1889; x_wconf 88' lang='lat' dir='ltr'>magistris</span> <span class='ocrx_word' id='word_1_493' title='bbox 1773 1849 1918 1889; x_wconf 91' lang='lat' dir='ltr'>quatinus</span> <span class='ocrx_word' id='word_1_494' title='bbox 1939 1849 2112 1889; x_wconf 87' lang='lat' dir='ltr'>periculum</span> <span class='ocrx_word' id='word_1_495' title='bbox 2141 1855 2171 1878; x_wconf 91' lang='lat' dir='ltr'>et</span> <span class='ocrx_word' id='word_1_496' title='bbox 2196 1850 2362 1889; x_wconf 89' lang='lat' dir='ltr'>dampnum</span> 
     </span>
     <span class='ocr_line' id='line_1_85' title="bbox 1456 1898 2359 1938; baseline 0.001 -10"><span class='ocrx_word' id='word_1_497' title='bbox 1456 1905 1595 1928; x_wconf 89' lang='lat' dir='ltr'>nostrum</span> <span class='ocrx_word' id='word_1_498' title='bbox 1624 1899 1656 1927; x_wconf 94' lang='lat' dir='ltr'>in</span> <span class='ocrx_word' id='word_1_499' title='bbox 1693 1899 1763 1928; x_wconf 91' lang='lat' dir='ltr'>istis</span> <span class='ocrx_word' id='word_1_500' title='bbox 1792 1904 2008 1938; x_wconf 76' lang='lat' dir='ltr'>precaverent3</span> <span class='ocrx_word' id='word_1_501' title='bbox 2041 1898 2116 1927; x_wconf 88' lang='lat' dir='ltr'>alias</span> <span class='ocrx_word' id='word_1_502' title='bbox 2146 1899 2359 1938; x_wconf 77' lang='lat' dir='ltr'>prepositum⁴</span> 
     </span>
     <span class='ocr_line' id='line_1_86' title="bbox 1455 1946 2363 1988; baseline 0 -11"><span class='ocrx_word' id='word_1_503' title='bbox 1455 1948 1615 1988; x_wconf 85' lang='lat' dir='ltr'>implorari</span> <span class='ocrx_word' id='word_1_504' title='bbox 1637 1954 1796 1987; x_wconf 89' lang='lat' dir='ltr'>oporteret</span> <span class='ocrx_word' id='word_1_505' title='bbox 1818 1957 1913 1987; x_wconf 87' lang='lat' dir='ltr'>super</span> <span class='ocrx_word' id='word_1_506' title='bbox 1927 1947 2076 1976; x_wconf 90' lang='lat' dir='ltr'>mittendo</span> <span class='ocrx_word' id='word_1_507' title='bbox 2086 1946 2219 1987; x_wconf 82' lang='lat' dir='ltr'>juratos,</span> <span class='ocrx_word' id='word_1_508' title='bbox 2236 1948 2363 1988; x_wconf 85' lang='lat' dir='ltr'>predic-</span> 
     </span>
     <span class='ocr_line' id='line_1_87' title="bbox 1455 1996 2362 2032; baseline 0.001 -6"><span class='ocrx_word' id='word_1_509' title='bbox 1455 1998 1501 2026; x_wconf 84' lang='lat' dir='ltr'>tas</span> <span class='ocrx_word' id='word_1_510' title='bbox 1521 1997 1622 2026; x_wconf 89' lang='lat' dir='ltr'>scolas</span> <span class='ocrx_word' id='word_1_511' title='bbox 1636 1997 1827 2032; x_wconf 83' lang='lat' dir='ltr'>visitaturos,</span> <span class='ocrx_word' id='word_1_512' title='bbox 1854 2003 1884 2025; x_wconf 90' lang='lat' dir='ltr'>et</span> <span class='ocrx_word' id='word_1_513' title='bbox 1901 1996 1927 2025; x_wconf 89' lang='lat' dir='ltr'>si</span> <span class='ocrx_word' id='word_1_514' title='bbox 1944 1996 2063 2025; x_wconf 90' lang='lat' dir='ltr'>nollent</span> <span class='ocrx_word' id='word_1_515' title='bbox 2083 1997 2220 2026; x_wconf 88' lang='lat' dir='ltr'>remedio</span> <span class='ocrx_word' id='word_1_516' title='bbox 2238 2003 2362 2027; x_wconf 84' lang='lat' dir='ltr'>narrato</span> 
     </span>
     <span class='ocr_line' id='line_1_88' title="bbox 1454 2045 1973 2086; baseline -0.002 -11"><span class='ocrx_word' id='word_1_517' title='bbox 1454 2046 1610 2086; x_wconf 89' lang='lat' dir='ltr'>compelli,</span> <span class='ocrx_word' id='word_1_518' title='bbox 1625 2056 1682 2074; x_wconf 90' lang='lat' dir='ltr'>nos</span> <span class='ocrx_word' id='word_1_519' title='bbox 1699 2045 1786 2084; x_wconf 89' lang='lat' dir='ltr'>ipsos</span> <span class='ocrx_word' id='word_1_520' title='bbox 1804 2051 1973 2084; x_wconf 86' lang='lat' dir='ltr'>oporteret.</span> 
     </span>
    </p>

    <p class='ocr_par' dir='ltr' id='par_1_22' title="bbox 1450 2094 2362 2720">
     <span class='ocr_line' id='line_1_89' title="bbox 1496 2094 2360 2134; baseline 0 -10"><span class='ocrx_word' id='word_1_521' title='bbox 1496 2095 1570 2124; x_wconf 90' lang='lat' dir='ltr'>Item</span> <span class='ocrx_word' id='word_1_522' title='bbox 1603 2095 1635 2123; x_wconf 93' lang='lat' dir='ltr'>in</span> <span class='ocrx_word' id='word_1_523' title='bbox 1664 2095 1803 2134; x_wconf 89' lang='lat' dir='ltr'>predicta</span> <span class='ocrx_word' id='word_1_524' title='bbox 1831 2094 2078 2134; x_wconf 86' lang='lat' dir='ltr'>congregacione</span> <span class='ocrx_word' id='word_1_525' title='bbox 2107 2094 2149 2123; x_wconf 86' lang='lat' dir='ltr'>sui</span> <span class='ocrx_word' id='word_1_526' title='bbox 2179 2095 2360 2134; x_wconf 82' lang='lat' dir='ltr'>requisitus,</span> 
     </span>
     <span class='ocr_line' id='line_1_90' title="bbox 1455 2143 2361 2183; baseline 0 -9"><span class='ocrx_word' id='word_1_527' title='bbox 1455 2155 1522 2174; x_wconf 91' lang='lat' dir='ltr'>cum</span> <span class='ocrx_word' id='word_1_528' title='bbox 1538 2154 1638 2173; x_wconf 89' lang='lat' dir='ltr'>essem</span> <span class='ocrx_word' id='word_1_529' title='bbox 1656 2144 1687 2172; x_wconf 89' lang='lat' dir='ltr'>in</span> <span class='ocrx_word' id='word_1_530' title='bbox 1711 2143 1866 2183; x_wconf 89' lang='lat' dir='ltr'>principio</span> <span class='ocrx_word' id='word_1_531' title='bbox 1886 2144 2100 2183; x_wconf 86' lang='lat' dir='ltr'>procuratorie</span> <span class='ocrx_word' id='word_1_532' title='bbox 2117 2153 2194 2179; x_wconf 89' lang='lat' dir='ltr'>mee,</span> <span class='ocrx_word' id='word_1_533' title='bbox 2217 2144 2361 2183; x_wconf 87' lang='lat' dir='ltr'>quatinus</span> 
     </span>
     <span class='ocr_line' id='line_1_91' title="bbox 1454 2191 2362 2232; baseline 0 -10"><span class='ocrx_word' id='word_1_534' title='bbox 1454 2194 1584 2222; x_wconf 88' lang='lat' dir='ltr'>facerem</span> <span class='ocrx_word' id='word_1_535' title='bbox 1603 2194 1670 2222; x_wconf 82' lang='lat' dir='ltr'>fieri</span> <span class='ocrx_word' id='word_1_536' title='bbox 1699 2191 1830 2232; x_wconf 76' lang='lat' dir='ltr'>quater²</span> <span class='ocrx_word' id='word_1_537' title='bbox 1861 2192 2138 2232; x_wconf 88' lang='lat' dir='ltr'>congregacionem</span> <span class='ocrx_word' id='word_1_538' title='bbox 2161 2193 2299 2222; x_wconf 86' lang='lat' dir='ltr'>nacionis</span> <span class='ocrx_word' id='word_1_539' title='bbox 2323 2193 2362 2222; x_wconf 87' lang='lat' dir='ltr'>ad</span> 
     </span>
     <span class='ocr_line' id='line_1_92' title="bbox 1454 2241 2361 2282; baseline -0.001 -10"><span class='ocrx_word' id='word_1_540' title='bbox 1454 2243 1659 2277; x_wconf 83' lang='lat' dir='ltr'>statuendum,</span> <span class='ocrx_word' id='word_1_541' title='bbox 1683 2243 1766 2282; x_wconf 91' lang='lat' dir='ltr'>quod</span> <span class='ocrx_word' id='word_1_542' title='bbox 1783 2241 1913 2280; x_wconf 87' lang='lat' dir='ltr'>amplius</span> <span class='ocrx_word' id='word_1_543' title='bbox 1931 2241 2099 2270; x_wconf 86' lang='lat' dir='ltr'>infuturum</span> <span class='ocrx_word' id='word_1_544' title='bbox 2119 2241 2222 2270; x_wconf 90' lang='lat' dir='ltr'>nullus</span> <span class='ocrx_word' id='word_1_545' title='bbox 2243 2251 2361 2281; x_wconf 88' lang='lat' dir='ltr'>pauper</span> 
     </span>
     <span class='ocr_line' id='line_1_93' title="bbox 1453 2289 2360 2331; baseline 0 -11"><span class='ocrx_word' id='word_1_546' title='bbox 1453 2298 1597 2321; x_wconf 88' lang='lat' dir='ltr'>statutum</span> <span class='ocrx_word' id='word_1_547' title='bbox 1615 2291 1804 2331; x_wconf 86' lang='lat' dir='ltr'>paupertatis</span> <span class='ocrx_word' id='word_1_548' title='bbox 1814 2289 1919 2330; x_wconf 84' lang='lat' dir='ltr'>jurare</span> <span class='ocrx_word' id='word_1_549' title='bbox 1934 2290 2042 2320; x_wconf 89' lang='lat' dir='ltr'>volens</span> <span class='ocrx_word' id='word_1_550' title='bbox 2060 2290 2287 2326; x_wconf 90' lang='lat' dir='ltr'>determinaret,</span> <span class='ocrx_word' id='word_1_551' title='bbox 2305 2291 2360 2320; x_wconf 88' lang='lat' dir='ltr'>sed</span> 
     </span>
     <span class='ocr_line' id='line_1_94' title="bbox 1453 2339 2361 2378; baseline -0.002 -9"><span class='ocrx_word' id='word_1_552' title='bbox 1453 2341 1732 2370; x_wconf 86' lang='lat' dir='ltr'>subdeterminaret</span> <span class='ocrx_word' id='word_1_553' title='bbox 1756 2340 1788 2368; x_wconf 92' lang='lat' dir='ltr'>in</span> <span class='ocrx_word' id='word_1_554' title='bbox 1815 2340 1915 2368; x_wconf 90' lang='lat' dir='ltr'>medio</span> <span class='ocrx_word' id='word_1_555' title='bbox 1943 2339 2195 2378; x_wconf 85' lang='lat' dir='ltr'>Quadragesime‚</span> <span class='ocrx_word' id='word_1_556' title='bbox 2225 2345 2255 2368; x_wconf 88' lang='lat' dir='ltr'>et</span> <span class='ocrx_word' id='word_1_557' title='bbox 2276 2340 2361 2378; x_wconf 91' lang='lat' dir='ltr'>quod</span> 
     </span>
     <span class='ocr_line' id='line_1_95' title="bbox 1452 2388 2361 2426; baseline -0.001 -8"><span class='ocrx_word' id='word_1_558' title='bbox 1452 2389 1556 2419; x_wconf 89' lang='lat' dir='ltr'>nullus</span> <span class='ocrx_word' id='word_1_559' title='bbox 1578 2390 1664 2419; x_wconf 87' lang='lat' dir='ltr'>dives</span> <span class='ocrx_word' id='word_1_560' title='bbox 1687 2390 1797 2418; x_wconf 86' lang='lat' dir='ltr'>bursas</span> <span class='ocrx_word' id='word_1_561' title='bbox 1815 2398 1886 2418; x_wconf 90' lang='lat' dir='ltr'>suas</span> <span class='ocrx_word' id='word_1_562' title='bbox 1906 2388 2063 2417; x_wconf 88' lang='lat' dir='ltr'>soluturus</span> <span class='ocrx_word' id='word_1_563' title='bbox 2087 2388 2218 2426; x_wconf 86' lang='lat' dir='ltr'>amplius</span> <span class='ocrx_word' id='word_1_564' title='bbox 2245 2389 2361 2417; x_wconf 89' lang='lat' dir='ltr'>subde-</span> 
     </span>
     <span class='ocr_line' id='line_1_96' title="bbox 1452 2436 2359 2472; baseline -0.002 -5"><span class='ocrx_word' id='word_1_565' title='bbox 1452 2439 1630 2468; x_wconf 87' lang='lat' dir='ltr'>terminaret</span> <span class='ocrx_word' id='word_1_566' title='bbox 1651 2448 1708 2467; x_wconf 89' lang='lat' dir='ltr'>nec</span> <span class='ocrx_word' id='word_1_567' title='bbox 1731 2438 1769 2467; x_wconf 88' lang='lat' dir='ltr'>ad</span> <span class='ocrx_word' id='word_1_568' title='bbox 1791 2437 2114 2467; x_wconf 87' lang='lat' dir='ltr'>subdeterminandum</span> <span class='ocrx_word' id='word_1_569' title='bbox 2136 2436 2359 2472; x_wconf 83' lang='lat' dir='ltr'>admitteretur,</span> 
     </span>
     <span class='ocr_line' id='line_1_97' title="bbox 1452 2485 2360 2527; baseline -0.002 -11"><span class='ocrx_word' id='word_1_570' title='bbox 1452 2493 1615 2527; x_wconf 88' lang='lat' dir='ltr'>postquam</span> <span class='ocrx_word' id='word_1_571' title='bbox 1626 2487 1705 2516; x_wconf 88' lang='lat' dir='ltr'>infra</span> <span class='ocrx_word' id='word_1_572' title='bbox 1720 2487 1801 2516; x_wconf 90' lang='lat' dir='ltr'>diem</span> <span class='ocrx_word' id='word_1_573' title='bbox 1816 2485 1960 2515; x_wconf 87' lang='lat' dir='ltr'>mercurii</span> <span class='ocrx_word' id='word_1_574' title='bbox 1978 2491 2050 2524; x_wconf 89' lang='lat' dir='ltr'>post</span> <span class='ocrx_word' id='word_1_575' title='bbox 2063 2486 2240 2514; x_wconf 86' lang='lat' dir='ltr'>brandones</span> <span class='ocrx_word' id='word_1_576' title='bbox 2259 2486 2360 2515; x_wconf 84' lang='lat' dir='ltr'>deter—</span> 
     </span>
     <span class='ocr_line' id='line_1_98' title="bbox 1452 2534 2359 2575; baseline -0.001 -10"><span class='ocrx_word' id='word_1_577' title='bbox 1452 2536 1567 2565; x_wconf 90' lang='lat' dir='ltr'>minare</span> <span class='ocrx_word' id='word_1_578' title='bbox 1589 2546 1651 2565; x_wconf 92' lang='lat' dir='ltr'>non</span> <span class='ocrx_word' id='word_1_579' title='bbox 1673 2535 1834 2575; x_wconf 87' lang='lat' dir='ltr'>inceperit,</span> <span class='ocrx_word' id='word_1_580' title='bbox 1856 2534 1938 2564; x_wconf 91' lang='lat' dir='ltr'>omni</span> <span class='ocrx_word' id='word_1_581' title='bbox 1960 2534 2098 2563; x_wconf 84' lang='lat' dir='ltr'>nacionis</span> <span class='ocrx_word' id='word_1_582' title='bbox 2123 2534 2359 2573; x_wconf 88' lang='lat' dir='ltr'>dispensacione</span> 
     </span>
     <span class='ocr_line' id='line_1_99' title="bbox 1452 2583 2360 2624; baseline -0.003 -10"><span class='ocrx_word' id='word_1_583' title='bbox 1452 2595 1546 2624; x_wconf 88' lang='lat' dir='ltr'>super</span> <span class='ocrx_word' id='word_1_584' title='bbox 1566 2585 1623 2613; x_wconf 91' lang='lat' dir='ltr'>hoc</span> <span class='ocrx_word' id='word_1_585' title='bbox 1644 2584 1769 2624; x_wconf 86' lang='lat' dir='ltr'>penitus</span> <span class='ocrx_word' id='word_1_586' title='bbox 1787 2583 1960 2618; x_wconf 89' lang='lat' dir='ltr'>interdicta,</span> <span class='ocrx_word' id='word_1_587' title='bbox 1983 2583 2060 2612; x_wconf 86' lang='lat' dir='ltr'>visis</span> <span class='ocrx_word' id='word_1_588' title='bbox 2079 2583 2232 2622; x_wconf 85' lang='lat' dir='ltr'>dampnis,</span> <span class='ocrx_word' id='word_1_589' title='bbox 2256 2584 2360 2612; x_wconf 87' lang='lat' dir='ltr'>defec-</span> 
     </span>
     <span class='ocr_line' id='line_1_100' title="bbox 1450 2631 2359 2663; baseline 0 -1"><span class='ocrx_word' id='word_1_590' title='bbox 1450 2634 1532 2663; x_wconf 89' lang='lat' dir='ltr'>tibus</span> <span class='ocrx_word' id='word_1_591' title='bbox 1560 2639 1590 2662; x_wconf 91' lang='lat' dir='ltr'>et</span> <span class='ocrx_word' id='word_1_592' title='bbox 1615 2632 1904 2662; x_wconf 80' lang='lat' dir='ltr'>defraudacionibus</span> <span class='ocrx_word' id='word_1_593' title='bbox 1921 2631 2043 2660; x_wconf 81' lang='lat' dir='ltr'>na&#39;cioni</span> <span class='ocrx_word' id='word_1_594' title='bbox 2063 2641 2100 2660; x_wconf 87' lang='lat' dir='ltr'>ex</span> <span class='ocrx_word' id='word_1_595' title='bbox 2123 2631 2181 2660; x_wconf 91' lang='lat' dir='ltr'>hoc</span> <span class='ocrx_word' id='word_1_596' title='bbox 2199 2632 2359 2662; x_wconf 84' lang='lat' dir='ltr'>imminere</span> 
     </span>
     <span class='ocr_line' id='line_1_101' title="bbox 1451 2681 1900 2720; baseline -0.004 -8"><span class='ocrx_word' id='word_1_597' title='bbox 1451 2692 1505 2712; x_wconf 87' lang='lat' dir='ltr'>seu</span> <span class='ocrx_word' id='word_1_598' title='bbox 1518 2683 1695 2711; x_wconf 85' lang='lat' dir='ltr'>incumbere</span> <span class='ocrx_word' id='word_1_599' title='bbox 1711 2681 1900 2720; x_wconf 86' lang='lat' dir='ltr'>potentibus.</span> 
     </span>
    </p>

    <p class='ocr_par' dir='ltr' id='par_1_23' title="bbox 1449 2729 2358 2917">
     <span class='ocr_line' id='line_1_102' title="bbox 1491 2729 2358 2769; baseline -0.001 -9"><span class='ocrx_word' id='word_1_600' title='bbox 1491 2732 1565 2760; x_wconf 93' lang='lat' dir='ltr'>Item</span> <span class='ocrx_word' id='word_1_601' title='bbox 1585 2731 1616 2759; x_wconf 92' lang='lat' dir='ltr'>in</span> <span class='ocrx_word' id='word_1_602' title='bbox 1636 2731 1741 2760; x_wconf 88' lang='lat' dir='ltr'>eadem</span> <span class='ocrx_word' id='word_1_603' title='bbox 1764 2730 1858 2759; x_wconf 87' lang='lat' dir='ltr'>eciam</span> <span class='ocrx_word' id='word_1_604' title='bbox 1879 2729 1921 2758; x_wconf 86' lang='lat' dir='ltr'>fui</span> <span class='ocrx_word' id='word_1_605' title='bbox 1942 2729 2123 2768; x_wconf 89' lang='lat' dir='ltr'>requisitus,</span> <span class='ocrx_word' id='word_1_606' title='bbox 2144 2730 2227 2768; x_wconf 88' lang='lat' dir='ltr'>quod</span> <span class='ocrx_word' id='word_1_607' title='bbox 2245 2739 2358 2769; x_wconf 83' lang='lat' dir='ltr'>prose-</span> 
     </span>
     <span class='ocr_line' id='line_1_103' title="bbox 1450 2778 2356 2819; baseline -0.002 -10"><span class='ocrx_word' id='word_1_608' title='bbox 1450 2790 1563 2819; x_wconf 86' lang='lat' dir='ltr'>querer</span> <span class='ocrx_word' id='word_1_609' title='bbox 1583 2785 1743 2814; x_wconf 90' lang='lat' dir='ltr'>statutum,</span> <span class='ocrx_word' id='word_1_610' title='bbox 1770 2779 1808 2807; x_wconf 89' lang='lat' dir='ltr'>ad</span> <span class='ocrx_word' id='word_1_611' title='bbox 1826 2778 2018 2808; x_wconf 82' lang='lat' dir='ltr'>statuendum</span> <span class='ocrx_word' id='word_1_612' title='bbox 2049 2778 2124 2807; x_wconf 87' lang='lat' dir='ltr'>alias</span> <span class='ocrx_word' id='word_1_613' title='bbox 2150 2778 2356 2818; x_wconf 86' lang='lat' dir='ltr'>propositum,</span> 
     </span>
     <span class='ocr_line' id='line_1_104' title="bbox 1449 2826 2356 2867; baseline 0 -10"><span class='ocrx_word' id='word_1_614' title='bbox 1449 2829 1548 2858; x_wconf 86' lang='lat' dir='ltr'>adhuc</span> <span class='ocrx_word' id='word_1_615' title='bbox 1571 2829 1706 2857; x_wconf 90' lang='lat' dir='ltr'>nondum</span> <span class='ocrx_word' id='word_1_616' title='bbox 1731 2828 1898 2867; x_wconf 88' lang='lat' dir='ltr'>perfectum</span> <span class='ocrx_word' id='word_1_617' title='bbox 1923 2837 1977 2856; x_wconf 89' lang='lat' dir='ltr'>seu</span> <span class='ocrx_word' id='word_1_618' title='bbox 2004 2826 2204 2863; x_wconf 81' lang='lat' dir='ltr'>elaboratum,</span> <span class='ocrx_word' id='word_1_619' title='bbox 2227 2828 2264 2856; x_wconf 91' lang='lat' dir='ltr'>de</span> <span class='ocrx_word' id='word_1_620' title='bbox 2286 2827 2356 2862; x_wconf 89' lang='lat' dir='ltr'>hoc,</span> 
     </span>
     <span class='ocr_line' id='line_1_105' title="bbox 1449 2875 2356 2917; baseline -0.001 -11"><span class='ocrx_word' id='word_1_621' title='bbox 1449 2879 1532 2917; x_wconf 85' lang='lat' dir='ltr'>quod</span> <span class='ocrx_word' id='word_1_622' title='bbox 1563 2877 1666 2906; x_wconf 91' lang='lat' dir='ltr'>nullus</span> <span class='ocrx_word' id='word_1_623' title='bbox 1701 2877 1738 2905; x_wconf 90' lang='lat' dir='ltr'>ab</span> <span class='ocrx_word' id='word_1_624' title='bbox 1774 2875 1909 2905; x_wconf 89' lang='lat' dir='ltr'>unanimi</span> <span class='ocrx_word' id='word_1_625' title='bbox 1947 2885 2101 2905; x_wconf 90' lang='lat' dir='ltr'>consensu</span> <span class='ocrx_word' id='word_1_626' title='bbox 2139 2876 2356 2915; x_wconf 86' lang='lat' dir='ltr'>magistrorum</span> 
     </span>
    </p>
   </div>
   <div class='ocr_carea' id='block_1_17' title="bbox 1478 2978 1781 3010">
    <p class='ocr_par' dir='ltr' id='par_1_24' title="bbox 1478 2978 1781 3010">
     <span class='ocr_line' id='line_1_106' title="bbox 1478 2978 1781 3010; baseline -0.003 -8"><span class='ocrx_word' id='word_1_627' title='bbox 1478 2979 1501 3002; x_wconf 84' lang='lat'>2.</span> <span class='ocrx_word' id='word_1_628' title='bbox 1535 2980 1583 3002; x_wconf 73' lang='lat' dir='ltr'>Me.</span> <span class='ocrx_word' id='word_1_629' title='bbox 1599 2978 1669 3002; x_wconf 79' lang='lat' dir='ltr'>clare</span> <span class='ocrx_word' id='word_1_630' title='bbox 1680 2981 1781 3010; x_wconf 81' lang='lat' dir='ltr'>quater.</span> 
     </span>
    </p>
   </div>
   <div class='ocr_carea' id='block_1_18' title="bbox 2052 0 2632 311">
    <p class='ocr_par' dir='ltr' id='par_1_25' title="bbox 2052 0 2632 311">
     <span class='ocr_line' id='line_1_107' title="bbox 2052 0 2632 311; baseline 0 3153"><span class='ocrx_word' id='word_1_631' title='bbox 2052 0 2632 311; x_wconf 95' lang='lat' dir='ltr'> </span> 
     </span>
    </p>
   </div>
   <div class='ocr_carea' id='block_1_19' title="bbox 2623 602 2632 938">
    <p class='ocr_par' dir='ltr' id='par_1_26' title="bbox 2623 602 2632 938">
     <span class='ocr_line' id='line_1_108' title="bbox 2623 602 2632 938; textangle 90"><span class='ocrx_word' id='word_1_632' title='bbox 2624 766 2632 938; x_wconf 26' lang='lat' dir='ltr'>...fla-emanso.</span> <span class='ocrx_word' id='word_1_633' title='bbox 2626 676 2632 733; x_wconf 52' lang='lat' dir='ltr'>.„.-.v..</span> <span class='ocrx_word' id='word_1_634' title='bbox 2628 633 2632 656; x_wconf 78' lang='lat'>...</span> <span class='ocrx_word' id='word_1_635' title='bbox 2623 602 2632 616; x_wconf 37' lang='grc' dir='ltr'><em>ψ</em></span> 
     </span>
    </p>
   </div>
  </div>
 </body>
</html>
