2632 3464
388 436 437 461 847

386 513 469 541 tinus
487 510 576 540 nacio
594 510 696 549 possit
711 509 869 539 invadiare
884 508 1017 548 virgam,
1033 507 1159 537 calicem
1178 513 1208 536 et
1223 506 1294 535 mis-

387 561 450 591 sale
476 570 533 600 pro
557 559 782 599 complemento
805 557 959 587 scolarum
979 565 1091 596 septem
1115 557 1243 591 arcium,
1268 555 1296 585 si

387 610 557 640 necessitas
580 609 746 643 immineat,
770 613 800 637 et
817 608 854 636 de
877 606 935 636 hoc
959 606 1053 646 peciit
1069 605 1159 635 nacio
1181 605 1295 634 instru-

385 665 520 688 mentum
547 668 563 687 a
589 657 738 696 magistro
762 656 902 685 Johanne
930 654 1100 684 Francisci.
1130 653 1170 683 Et
1198 652 1297 683 voluit

387 709 475 737 nacio
491 708 574 747 quod
589 707 769 735 Bomondus
784 706 817 734 in
838 705 898 734 isto
914 703 1115 738 consentiret,
1133 709 1295 741 antequam

388 757 578 796 sigillaretur
594 755 692 784 litera.
711 754 802 791 Quod
822 759 852 782 et
871 753 981 782 sactum
1004 758 1061 781 est.
1083 751 1236 788 Quantum
1259 750 1297 778 ad

387 808 428 835 3¹¹²
445 805 568 835 habitus
585 805 640 833 fuit
657 809 842 843 procurator
858 808 964 841 gratus
983 807 1014 830 et
1029 800 1296 829 recommendatus

388 855 420 884 in
435 854 510 883 actis
527 863 582 892 per
598 863 666 882 eum
683 859 821 890 tempore
835 849 1071 890 procuracionis
1086 847 1295 887 precedentis.

429 904 546 933 indicta
575 901 822 941 congregacione
857 899 996 928 nacionis
1032 898 1114 937 apud
1151 896 1297 926 Sanctum

388 953 577 982 Maturinum
601 961 693 985 anno,
714 959 831 983 mense,
854 948 966 987 quibus
991 957 1097 986 supra,
1122 945 1223 975 XXII⁰
1247 945 1297 974 die

389 1002 537 1041 ejusdem,
561 1007 634 1040 post
654 999 817 1038 prandium
834 997 910 1026 hora
929 998 961 1025 3²
979 997 1017 1025 ad
1033 994 1297 1035 supplicacionem

389 1053 519 1081 duorum
530 1048 786 1082 bachalariorum,
799 1053 829 1075 et
841 1051 993 1075 venerunt
1008 1045 1046 1074 ad
1060 1044 1220 1073 nacionem
1236 1043 1297 1072 duo

389 1099 555 1130 bachalarii
571 1097 793 1137 supplicantes,
813 1106 851 1124 ex
870 1105 932 1134 quo
951 1104 1013 1123 non
1032 1098 1160 1132 possent
1181 1102 1297 1131 ponere

389 1151 501 1179 bursas
526 1153 656 1187 propter
679 1151 903 1185 paupertatem,
926 1143 1071 1182 quatinus
1090 1141 1179 1170 nacio
1205 1140 1299 1170 vellet

390 1209 443 1228 eos
461 1197 621 1226 admittere
636 1196 674 1224 ad
685 1194 850 1234 jurandum
868 1192 1061 1232 paupertatis
1077 1196 1222 1220 statutum
1238 1196 1297 1219 tam

390 1258 446 1287 pro
462 1246 602 1279 licencia,
617 1254 706 1285 quam
726 1253 784 1282 pro
800 1242 992 1281 incepcione.
1009 1241 1048 1270 Et
1068 1246 1155 1269 erant
1175 1239 1219 1268 illi
1237 1240 1298 1268 duo

390 1296 532 1325 dominus
551 1294 685 1323 Thomas
709 1294 747 1321 de
767 1291 907 1331 Ungaria
928 1297 958 1319 et
982 1290 1125 1319 dominus
1148 1288 1240 1328 Hugo
1260 1289 1298 1317 de

390 1346 527 1375 Arbona.
557 1342 750 1382 Supplicavit
774 1341 903 1380 insuper
925 1339 1068 1368 dominus
1098 1338 1232 1367 Thomas
1261 1338 1298 1366 de

390 1394 529 1434 Ungaria
550 1393 634 1432 quod
656 1402 693 1421 ex
715 1401 776 1430 quo
800 1396 939 1429 tempore
960 1387 1160 1417 admissionis
1183 1396 1238 1416 sue
1261 1386 1299 1414 ad

389 1442 627 1473 bachalariatum
647 1440 898 1480 quantificaverat
917 1438 1041 1467 bursam
1069 1446 1154 1465 suam
1173 1446 1210 1465 ex
1229 1435 1300 1464 sim-

390 1493 527 1532 plicitate
540 1492 578 1520 ad
591 1490 661 1520 XVl
680 1489 836 1523 denarios,
851 1487 996 1526 quatinus
1007 1485 1096 1515 nacio
1112 1485 1222 1514 intuitu
1238 1484 1300 1524 pie-

391 1543 461 1571 tatis
473 1541 566 1571 vellet
581 1550 648 1569 eum
668 1538 829 1568 admittere
849 1537 887 1566 ad
900 1536 1066 1576 jurandum
1086 1544 1145 1574 pro
1160 1533 1300 1563 bachala-

391 1591 470 1620 riatu
497 1595 642 1619 statutum
673 1586 875 1627 paupertatis.
905 1586 1043 1623 Quorum
1076 1582 1301 1623 supplicacioni

392 1640 498 1670 annuit
510 1639 599 1668 nacio
615 1643 744 1678 propter
760 1637 870 1665 Deum.

799 1726 896 1756 1402

514 1803 586 1843 (Ποῖ,
611 1801 683 1841 65¹2)
714 1798 962 1830 Continuacio
992 1795 1172 1836 ejusdem.

433 1884 551 1913 Indicta
588 1880 834 1921 congregacione
868 1878 1007 1907 nacionis
1039 1877 1121 1916 apud
1157 1876 1302 1905 Sanctum

392 1933 579 1963 Maturinum
607 1941 687 1960 anno
714 1939 775 1969 quo
800 1938 910 1967 supra,
932 1928 963 1955 2²
986 1926 1069 1956 Junii
1095 1926 1169 1955 hora
1195 1931 1302 1955 octava

393 1993 488 2022 super
516 1982 637 2010 duobus
665 1978 814 2008 articulis.
838 1977 962 2006 Primus
982 1976 1038 2005 fuit
1063 1976 1101 2004 ad
1125 1975 1301 2014 eligendum

393 2042 505 2061 novum
523 2035 772 2070 procuratorem;
790 2028 835 2055 2ιιίς
857 2035 951 2065 super
969 2023 1254 2064 supplicacionibus
1273 2029 1303 2052 et

393 2080 525 2120 injuriis.
554 2079 592 2108 Et
617 2076 803 2117 supplicavit
826 2081 1008 2114 procurator
1031 2074 1203 2113 precedens
1226 2082 1303 2111 qua-

393 2131 476 2160 tinus
492 2129 523 2158 in
538 2128 614 2157 actis
634 2137 691 2166 per
709 2136 777 2154 eum
797 2131 936 2163 tempore
955 2121 1189 2162 procuracionis
1207 2121 1303 2150 habe-

394 2187 479 2209 retur
503 2185 610 2218 gratus
633 2183 663 2206 et
691 2174 969 2205 recommendatus.
997 2172 1150 2208 Quantum
1174 2171 1212 2199 ad
1236 2170 1303 2209 pri-

394 2239 474 2258 mum
493 2227 688 2257 continuatus
709 2224 764 2254 fuit
781 2228 964 2263 procurator
982 2221 1167 2260 precedens,
1186 2219 1304 2248 scilicet

393 2278 550 2307 Johannes
570 2277 608 2304 de
623 2274 811 2312 Galencoep.
830 2272 983 2309 Quantum
999 2271 1036 2299 ad
1054 2270 1094 2298 2ιιι
1113 2268 1303 2308 supplicacio

395 2327 532 2366 ejusdem
545 2334 694 2354 concessa
712 2329 770 2351 est.

435 2376 552 2405 Indicta
586 2371 831 2412 congregacione
864 2368 1002 2398 nacionis
1041 2368 1123 2407 apud
1159 2366 1303 2395 Sanctum

394 2424 581 2454 Maturinum
610 2432 690 2451 anno
720 2430 780 2460 quo
810 2429 915 2458 supra,
939 2423 1048 2456 quarta
1076 2416 1191 2445 mensis
1218 2415 1302 2450 Julii,

395 2475 471 2503 hora
485 2483 565 2502 nona
580 2481 674 2511 super
690 2470 811 2499 duobus
827 2467 977 2497 articulis.
993 2465 1118 2495 Primus
1136 2465 1173 2493 ad
1189 2464 1304 2503 eligen-

395 2524 466 2552 dum
484 2531 595 2551 novum
614 2519 807 2553 servitorem,
828 2517 947 2546 scilicet
964 2514 1176 2544 subbedellum
1198 2513 1305 2542 nacio-

395 2573 455 2607 nis,
480 2582 517 2600 ex
541 2580 601 2609 quo
620 2567 814 2598 Guilhelmus
834 2567 872 2594 de
894 2565 1000 2594 Roede
1024 2562 1224 2592 subbedellus
1246 2571 1304 2590 no-

397 2628 471 2655 ster,
490 2619 576 2659 cujus
593 2618 692 2647 anima
709 2615 885 2655 requiescat
902 2614 933 2643 in
948 2623 1035 2653 pace,
1053 2613 1241 2641 decesserat.
1259 2611 1305 2638 2¹¹⁸

397 2669 542 2698 articulus
570 2668 626 2696 fuit
660 2675 754 2705 super
786 2662 1070 2703 supplicacionibus
1104 2666 1134 2689 et
1169 2658 1302 2698 injuriis.

397 2719 548 2755 Quantum
576 2717 614 2745 ad
642 2715 775 2754 primum
804 2713 920 2742 electus
946 2711 1002 2740 fuit
1029 2710 1060 2738 in
1092 2707 1304 2738 subbedellum

397 2767 535 2795 nacionis
551 2775 609 2805 per
630 2762 775 2803 majorem
798 2768 917 2801 partem
940 2759 1090 2793 nacionis,
1111 2764 1141 2786 et
1158 2767 1214 2796 per
1229 2766 1305 2786 con-

398 2825 531 2854 sequens
547 2824 604 2853 per
622 2813 792 2847 nacionem,
810 2810 941 2840 Mathias
962 2809 999 2837 de
1014 2806 1242 2837 Monickedam.
1259 2805 1305 2834 De

398 2866 429 2893 2⁰
444 2864 549 2892 nichil.

430 2970 453 2993 1.
487 2968 619 2993 ,Iohannes
629 2968 660 2991 de
673 2967 792 2991 Dulmen.

922 431 1146 458 AUCTARIUM
1173 430 1434 457 CHARTULARII
1457 431 1631 458 UNIVERS.
1657 430 1776 457 PARIS.

1335 949 1368 975 10

1336 1195 1369 1221 15

1338 1441 1371 1467 20

1340 1688 1373 1714 25

1339 1934 1374 1960 30

1341 2181 1374 2207 35

1342 2421 1376 2447 40

1343 2666 1376 2692 45

2261 430 2313 458 848

1444 506 1561 536 Indicta
1574 507 1822 547 congregacione
1836 506 1976 536 nacionis
1989 507 2071 546 apud
2086 506 2230 536 Sanctum
2248 508 2315 536 Ma-

1403 556 1538 585 turinum
1553 566 1645 592 anno,
1660 566 1777 591 mense,
1794 556 1907 595 quibus
1923 565 2030 595 supra,
2044 562 2151 586 octava
2163 555 2314 596 ejusdem,

1405 604 1481 634 hora
1504 611 1611 635 octava
1634 615 1729 645 super
1748 606 1869 634 duobus
1887 604 2038 635 articulis.
2059 605 2183 634 Primus
2208 605 2315 634 habuit

1405 655 1465 683 duo
1494 660 1617 693 puncta.
1642 654 1780 684 Primum
1803 660 1950 693 punctum
1978 654 2034 683 fuit
2061 655 2100 683 ad
2128 654 2312 694 capiendum

1406 703 1582 732 caucionem
1597 703 1798 743 burgensium
1815 713 1873 742 pro
1888 703 2089 739 subbedello3
2111 703 2152 732 2¹¹¹
2169 709 2315 742 punctum

1406 751 1463 781 fuit
1484 753 1523 781 ad
1544 752 1730 782 audiendum
1752 758 1928 791 computum
1947 752 2131 791 recepturis.
2159 752 2313 789 Quantum

1406 801 1444 830 ad
1463 801 1596 840 primum
1613 807 1761 841 punctum
1783 811 1820 831 ex
1842 801 2070 831 deliberacione
2096 801 2235 830 nacionis
2259 801 2315 831 ivit

1405 856 1589 889 procurator
1596 860 1664 879 cum
1677 850 1833 890 aliquibus
1843 850 2014 890 magistris,
2032 850 2151 880 scilicet
2165 850 2315 890 magistro

1405 898 1544 928 Johanne
1569 899 1734 934 Boutburt,
1757 899 1907 939 magistro
1924 899 2042 928 Jacobo
2069 900 2107 928 de
2125 899 2269 928 Haerlem
2287 905 2317 928 et

1405 948 1548 988 pluribus
1574 948 1655 983 aliis,
1682 954 1712 978 et
1736 954 1886 988 ceperunt
1912 948 2089 978 caucionem
2114 948 2316 988 burgensium

1406 1007 1463 1036 pro
1482 997 1556 1026 ΧΧ*ἰ
1575 997 1701 1026 francis.
1717 997 1757 1026 Et
1781 1003 1828 1026 est
1844 996 2010 1037 fidejussor
2029 997 2141 1027 Petrus
2159 997 2197 1026 de
2213 997 2315 1026 Haer-

1406 1046 1465 1075 lem
1478 1046 1646 1085 burgensis
1659 1045 1830 1075 Parisiens.
1844 1056 1901 1085 pro
1914 1046 2054 1085 predicta
2065 1056 2193 1076 summa.
2211 1046 2318 1083 Quan-

1406 1101 1469 1124 tum
1483 1095 1521 1124 ad
1535 1095 1576 1123 2¹¹¹
1590 1101 1737 1134 punctum
1753 1095 1875 1124 auditus
1891 1101 1938 1124 est
1950 1101 2112 1135 computus
2125 1095 2314 1135 receptoris;

1407 1145 1463 1173 sed
1480 1144 1576 1173 nichil
1595 1143 1772 1173 conclusive
1794 1144 1904 1173 sactum
1929 1150 1977 1173 est
1999 1145 2037 1173 de
2062 1154 2110 1180 eo,
2133 1144 2206 1184 quia
2232 1143 2316 1174 scole

1407 1199 1513 1222 nostre
1525 1201 1637 1232 septem
1653 1194 1768 1222 arcium
1782 1193 1919 1222 nondum
1937 1193 2059 1223 suerunt
2074 1193 2237 1233 complete,
2255 1203 2314 1232 pro

1407 1242 1520 1281 quibus
1549 1242 1712 1281 oportebat
1740 1251 1895 1281 exponere
1925 1242 2036 1271 multas
2066 1242 2224 1282 pecunias.
2256 1241 2318 1271 Sed

1407 1291 1464 1320 suit
1483 1297 1644 1330 computus
1668 1290 1735 1330 ejus
1760 1296 1928 1320 summatus
1953 1297 2099 1330 quantum
2121 1291 2159 1319 ad
2180 1297 2316 1330 recepta.

1409 1340 1562 1376 Quantum
1580 1341 1617 1368 ad
1636 1340 1675 1369 2¹³²
1694 1339 1857 1369 articulum
1879 1340 2066 1379 supplicavit
2085 1340 2233 1379 magister
2255 1339 2319 1369 Lu-

1408 1389 1510 1418 dolsus
1528 1389 1566 1418 de
1582 1389 1667 1418 Lude
1688 1399 1747 1428 pro
1765 1387 1856 1418 litera
1874 1389 2171 1418 recommendatoria
2191 1389 2230 1418 ad
2249 1389 2319 1428 epi-

1409 1448 1537 1478 scopum
1551 1438 1754 1467 Lubicensem
1762 1437 1770 1456 ⁴
1778 1461 1785 1473 ,
1797 1436 1885 1478 cujus
1898 1437 2089 1478 supplicacio
2100 1447 2249 1467 concessa
2259 1443 2317 1472 est,

1409 1494 1440 1516 et
1454 1493 1594 1516 correcta
1613 1493 1660 1516 est
1675 1487 1774 1516 litera.

1450 1536 1635 1571 Notandum,
1653 1536 1799 1565 Mathiam
1820 1536 2034 1565 subbedellum
2053 1542 2194 1565 nostrum
2214 1537 2320 1576 prefa-

1410 1592 1473 1615 tum
1489 1586 1520 1614 in
1534 1595 1593 1614 una
1606 1585 1853 1625 congregacione
1869 1585 2008 1614 nacionis
2022 1595 2116 1624 super
2130 1584 2188 1614 hoc
2201 1584 2318 1624 specia-

1410 1635 1481 1664 liter
1502 1640 1669 1664 convocata
1686 1633 1833 1674 petivisse
1856 1634 2015 1663 licenciam
2037 1634 2131 1664 eundi
2150 1635 2188 1663 ad
2210 1639 2317 1674 partes

1411 1694 1483 1713 suas
1505 1694 1597 1713 causa
1621 1683 1808 1722 disponendi
1828 1683 1866 1712 de
1887 1683 2029 1723 negociis
2054 1683 2131 1718 suis,
2155 1689 2186 1712 et
2210 1683 2321 1723 petivit

1411 1733 1593 1763 dilacionem
1607 1742 1752 1762 recessus
1768 1732 1816 1761 sui
1828 1742 1927 1772 usque
1941 1733 1980 1761 ad
1995 1733 2105 1762 festum
2117 1732 2263 1762 Dionisii.
2281 1732 2320 1762 Et
2333 1742 2336 1745 ⁴

1412 1783 1467 1812 suit
1485 1792 1633 1812 concessa
1651 1781 1842 1821 supplicacio
1859 1780 1936 1820 ejus.

1451 1832 1625 1862 Notandum
1649 1831 1788 1870 insuper,
1813 1830 1914 1860 scolas
1945 1838 2056 1870 septem
2088 1832 2214 1866 arcium,
2242 1841 2319 1870 quas

1411 1882 1525 1911 dudum
1543 1881 1631 1910 nacio
1653 1887 1791 1919 tempore
1806 1880 1980 1919 receptorie
1995 1880 2136 1920 magistri
2156 1879 2261 1919 Egidii
2281 1880 2320 1909 de

1410 1931 1526 1960 Jutfaes
1553 1930 1743 1965 fundaverat,
1769 1935 1798 1958 et
1818 1939 1877 1969 que
1901 1935 1973 1968 post
1990 1939 2046 1968 per
2067 1929 2161 1968 longa
2181 1935 2321 1968 tempora

1411 1979 1538 2010 ruinose
1554 1985 1584 2008 et
1605 1978 1790 2018 incomplete
1805 1978 2005 2018 perstiterant
2021 1984 2150 2017 propter
2169 1978 2319 2007 defectum

1410 2029 1556 2069 pecunie,
1584 2036 1714 2067 tempor-e
1731 2028 1960 2066 procuracionis
1974 2028 2111 2066 predicte
2130 2033 2160 2056 et
2177 2033 2320 2066 recepto-

1410 2078 1457 2107 rie
1471 2077 1613 2117 magistri
1625 2077 1757 2106 Arnoldi
1769 2076 1898 2106 Wtwiic
1909 2077 2004 2114 fuisse
2013 2077 2177 2115 perfectas,
2190 2085 2319 2115 quarum

1412 2127 1668 2166 complementum
1700 2126 1732 2154 in
1765 2135 1909 2165 magnum
1941 2125 2094 2154 redundat
2127 2125 2319 2154 commodum

1412 2176 1563 2205 nacionis.
1579 2175 1648 2205 Non
1665 2181 1712 2204 est
1724 2181 1823 2204 autem
1839 2174 1938 2204 visum
1954 2174 2054 2203 simile
2067 2183 2147 2213 opus
2162 2184 2180 2203 a
2191 2173 2320 2203 nacione

1413 2225 1597 2264 completum
1608 2223 1632 2253 ².

1818 2315 1915 2345 1402

1544 2382 1614 2421 (F'ol.
1647 2380 1693 2420 66)
1727 2379 1974 2409 Continuacio
2005 2377 2187 2418 ejusdem.

1454 2461 1572 2490 Indicta
1595 2460 1841 2500 congregacione
1867 2459 2007 2488 nacionis
2033 2468 2114 2488 anno
2138 2468 2199 2497 quo
2226 2468 2320 2497 supra

1413 2511 1494 2550 apud
1511 2510 1654 2539 Sanctum
1671 2509 1869 2544 Maturinum,
1883 2507 2005 2537 XXVIta
2019 2507 2069 2536 die
2086 2507 2231 2547 Augusti,
2244 2507 2320 2536 hora

1413 2566 1518 2589 octava
1534 2569 1629 2598 super
1647 2559 1768 2588 duobus
1786 2557 1934 2587 articulis.
1951 2556 2074 2586 Primus
2089 2557 2127 2585 ad
2143 2556 2319 2595 eligendum

1413 2618 1525 2638 novum
1538 2613 1781 2647 procuratorem.
1799 2606 1839 2635 Et
1851 2605 2045 2635 continuatus
2056 2604 2112 2634 suit
2124 2604 2322 2634 concorditer

1414 2657 1561 2697 magister
1577 2656 1733 2686 Johannes
1751 2656 1788 2684 de
1811 2654 1988 2693 Galencoop
2007 2659 2191 2693 procurator
2211 2663 2320 2693 prece-

1414 2707 1502 2735 dens.
1520 2706 1680 2734 Secundus
1694 2704 1841 2734 articulus
1857 2703 1912 2733 fuit
1926 2712 2022 2742 super
2036 2702 2320 2742 supplicacionibus

1415 2762 1444 2784 et
1461 2754 1594 2794 injuriis,
1612 2755 1649 2783 de
1665 2763 1726 2793 quo
1743 2752 1849 2782 nichil.

1454 2803 1627 2832 Notandum
1641 2803 1724 2841 quod
1733 2802 1764 2830 in
1778 2801 1906 2840 quadam
1921 2799 2168 2840 congregacione
2180 2799 2320 2829 nacionis

1414 2852 1492 2881 lecta
1516 2851 1572 2880 fuit
1593 2852 1722 2890 quedam
1747 2850 1846 2885 litera,
1866 2849 1897 2878 in
1924 2859 1984 2889 qua
2005 2849 2093 2878 nacio
2115 2848 2264 2888 obligavit
2286 2858 2320 2878 se

1447 2959 1470 2982 2.
1505 2957 1624 2989 Sequitur
1634 2965 1685 2980 una
1698 2956 1766 2980 linea
1779 2955 1921 2988 scripturae
1931 2955 2034 2979 omnino
2041 2964 2124 2979 erasa.

2152 0 2254 19 32¹³(va
2260 0 2264 5 ³
2271 0 2285 10 s
2292 0 2454 24 “W''WWT
2495 0 2505 8 ¹
2511 0 2517 11 ι
