2632 3464
1486 0 1488 3 '
1505 2 1540 17 ·
1547 0 1891 29 Ὗῗ“”1ἑῗζῖῗ,δῆἷ’ἪΆἮΤΤΥῩὛῩῩἾᾞΨ
1896 0 1927 22 W:
1933 0 2002 29 JV«,
2016 15 2019 18 .
2035 13 2037 20 ¹

417 419 471 445 623
961 413 1184 439 AUCTARIUM
1209 412 1468 439 CHARTULARII
1489 413 1662 439 UNIVERS.
1684 413 1792 440 PARIS
2289 416 2343 442 644

416 496 536 525 sitatern
564 495 601 523 de
621 492 820 532 repat-acione
841 490 1016 520 necessaria
1035 490 1135 529 ipsius
1154 489 1324 529 indigentis

414 544 620 583 disponenda.

457 593 558 632 Super
582 592 693 631 quibus
718 590 867 630 predictis
888 588 1082 618 declarandis
1105 587 1193 616 nacio
1218 594 1325 617 nostra

417 643 530 671 ibidem
557 647 745 680 congregata
769 638 952 668 deliberavit
977 637 1022 666 sic
1047 647 1103 676 pro
1131 637 1233 676 primo
1257 647 1324 666 cum

415 691 558 720 omuibus
583 690 710 719 annexis
730 689 806 718 visis
827 687 913 726 sequi
940 697 976 723 ex
999 687 1117 718 eodem,
1143 686 1226 724 quod
1248 696 1324 714 con-

415 751 526 769 sensus
549 739 614 779 ejus
635 738 797 768 uniformis
819 747 879 765 non
900 736 1076 764 haberetur.
1102 734 1164 763 Pro
1187 735 1324 764 secundo

410 789 595 818 deliberavit
610 788 697 816 nacio
714 793 820 815 nostra
836 785 977 824 predicta
993 784 1075 823 quod
1093 790 1197 813 contra
1218 784 1324 824 Hugo-

414 849 482 868 nem
498 837 650 867 Aubrioth
666 837 833 865 secundum
849 835 970 864 modum
988 833 1143 862 formalem
1154 839 1324 872 pretactum

413 888 650 928 procederetur,
672 895 730 925 pro
751 895 812 923 quo
831 884 920 912 citato
940 889 968 912 et
988 882 1124 922 legitime
1146 882 1324 911 rehabendo

414 937 597 969 mitteretur,
611 935 680 964 etin
697 934 898 973 parliamento
911 932 1010 960 medio
1025 938 1164 970 tempore
1178 931 1324 970 pendenti

415 984 609 1014 Universitas
630 983 791 1022 negocium
811 986 1065 1020 prosequeretur.
1086 979 1148 1008 Pro
1173 980 1269 1008 tercio
1292 979 1324 1008 in

413 1035 517 1062 eadem
536 1033 663 1061 nacione
679 1031 907 1060 deliberabatur
924 1028 1166 1068 appellacionem
1184 1028 1320 1057 Univer-

414 1083 524 1116 sitatis,
547 1091 642 1120 super
659 1080 787 1109 decimis
812 1080 930 1113 factam,
955 1088 1024 1107 esse
1047 1078 1078 1106 in
1098 1077 1322 1117 prosecucione

410 1131 664 1164 continuandam,
692 1129 885 1158 excusatoria
916 1127 1056 1167 episcopi
1085 1127 1192 1156 cedula
1221 1127 1323 1156 audita

413 1191 474 1209 non
490 1180 635 1209 obstanti.
654 1179 715 1208 Pro
733 1184 841 1217 quarto
856 1184 885 1206 et
900 1177 981 1205 finali
997 1177 1126 1205 articulo
1140 1175 1323 1205 deliberavit

410 1231 574 1268 deputatos
595 1229 748 1257 discretos
771 1226 992 1256 Universitatis
1015 1236 1082 1254 cum
1105 1231 1226 1254 rectore
1253 1235 1322 1254 esse

412 1279 549 1307 adituros
570 1277 733 1316 collegium
754 1276 944 1316 predictum,
966 1275 1159 1314 inquerendo
1181 1274 1225 1303 sic
1245 1275 1320 1303 sub-

410 1328 523 1357 cidium
535 1333 732 1366 oportunum,
746 1331 775 1354 et
788 1324 875 1365 juxta
891 1334 1021 1364 quorum
1035 1323 1165 1353 rectoris
1179 1329 1208 1352 et
1221 1324 1317 1363 depu-

413 1383 542 1406 tatorum
559 1375 769 1404 discreciones
781 1374 983 1403 attendendas
995 1373 1067 1402 dicti
1079 1372 1203 1412 collegii
1217 1373 1320 1401 defec-

411 1433 460 1455 tus
479 1431 707 1464 repararentur.

451 1475 541 1504 Anno
554 1474 676 1503 Domini
689 1473 879 1512 supradicto,
894 1478 985 1511 atque
998 1471 1047 1500 die
1059 1470 1141 1511 jovis
1154 1470 1162 1488 ⁴
1179 1470 1321 1510 proximo

412 1523 613 1562 subsequenti
626 1523 735 1551 festum
750 1521 923 1561 Epiphanie
941 1520 1077 1555 Domini,
1096 1521 1173 1549 facta
1188 1530 1321 1559 congre-

412 1574 540 1613 gacione
571 1572 721 1600 facultatis
748 1571 863 1600 arcium
886 1571 967 1609 apud
998 1569 1142 1598 Sanctum
1167 1569 1320 1598 Julianum

412 1623 487 1651 hora
506 1622 673 1660 primarum
691 1620 803 1649 Nostre
819 1620 960 1653 Domine,
979 1618 1121 1647 dominus
1139 1624 1242 1646 rector
1256 1624 1320 1647 tres

411 1671 560 1700 articulos
576 1670 688 1698 ibidem
701 1670 905 1708 proponebat.
921 1668 983 1696 Pro
999 1668 1099 1707 primo
1113 1667 1200 1695 nacio
1214 1673 1321 1695 nostra

411 1725 599 1759 congregata
639 1719 752 1747 ibidem
793 1717 985 1752 deliberavit,
1033 1723 1207 1756 computum
1250 1726 1320 1745 esse

410 1769 594 1798 audiendum
618 1768 735 1807 antiqui
757 1767 981 1807 procuratoris,
1004 1767 1041 1795 de
1067 1776 1128 1804 quo
1150 1765 1271 1794 reddito
1291 1771 1320 1794 et

411 1819 514 1847 audito
528 1818 615 1847 nacio
632 1818 768 1846 existens
787 1822 960 1845 contentata
978 1815 1050 1844 dicti
1069 1814 1202 1853 computi
1218 1814 1319 1843 reddi-

409 1874 506 1896 torem
522 1867 628 1896 habuit
643 1866 932 1895 recommendatum.
951 1865 1013 1894 Pro
1032 1865 1064 1893 2⁰
1077 1863 1205 1892 articulo
1224 1863 1319 1902 signi-

410 1917 511 1945 ficanti
535 1916 686 1955 quandam
706 1915 837 1954 pecunie
860 1924 1007 1942 summam
1036 1923 1105 1942 esse
1130 1913 1167 1941 de
1190 1913 1319 1941 nacione

407 1966 545 2004 qualibet
579 1965 823 1993 distribuendam
854 1963 985 1992 bedellis
1024 1962 1139 1991 curiam
1170 1961 1316 1996 adituris,

409 2021 504 2043 mater
536 2021 642 2043 nostra
669 2013 857 2043 venerabilis
889 2012 976 2041 nacio
1004 2011 1143 2051 predicta
1176 2011 1318 2039 senciens

409 2064 543 2102 seipsam
562 2063 703 2102 pecuniis
722 2072 791 2091 esse
811 2061 1021 2101 improvisam,
1047 2059 1231 2088 deliberavit
1252 2059 1318 2088 dis-

407 2113 575 2141 cenciendo
606 2112 636 2140 in
666 2112 718 2140 tali
740 2110 963 2139 distribucione
991 2109 1141 2148 predictis
1168 2109 1316 2137 facienda.

410 2161 510 2200 Super
535 2163 566 2190 3⁰
595 2167 739 2189 contento
770 2159 1030 2199 supplicacionem
1059 2157 1224 2187 scolarium
1251 2163 1318 2186 stu-

407 2210 549 2238 deucium
579 2210 633 2248 [in]
665 2209 780 2238 arcium
809 2208 947 2237 facultate
975 2207 1173 2247 querencium
1204 2206 1317 2234 habere

408 2259 565 2287 licenciam
595 2258 819 2287 determinandi
848 2258 877 2286 in
908 2258 1013 2286 eadem
1040 2256 1198 2290 facultate,
1229 2255 1317 2284 nacio

407 2308 607 2337 deliberando
632 2308 840 2346 respondebat
868 2306 1078 2346 predictorum
1108 2304 1317 2344 supplicacio-

408 2368 476 2386 nem
491 2368 560 2386 esse
576 2357 803 2385 admittendam.

448 2407 521 2435 Item
535 2406 606 2434 ΧΙΙ0
622 2406 671 2434 die
690 2405 805 2434 mensis
823 2404 959 2433 Januarii
977 2404 1052 2432 sacta
1070 2402 1316 2442 congregacione

406 2455 543 2495 generali
568 2454 786 2483 Universitatis
806 2454 886 2492 apud
909 2453 1053 2482 Sanctum
1078 2452 1264 2481 Maturinum
1286 2451 1316 2479 in

408 2505 515 2543 primis
528 2504 640 2532 Nostre
656 2503 786 2532 Domine
801 2512 856 2541 per
867 2501 1072 2541 juramentum
1089 2511 1183 2540 super
1196 2501 1316 2529 duobus

408 2552 610 2591 expediendis
622 2552 759 2580 articulis
775 2551 888 2579 ibidem
903 2550 1074 2589 propositis
1086 2560 1141 2588 per
1152 2555 1314 2582 rectorem,

409 2612 464 2640 pro
485 2602 584 2640 primo
607 2601 778 2640 significavi
799 2601 960 2639 deputatos
981 2599 1157 2638 solempnes
1178 2598 1316 2626 ordinari

409 2651 529 2679 nomine
546 2650 651 2678 matris
667 2655 772 2678 nostre
785 2648 1005 2677 Universitatis
1019 2654 1048 2676 et
1059 2647 1218 2676 ordinatos
1231 2647 1316 2675 adire

408 2699 599 2738 presenciam
613 2698 728 2727 domini
744 2698 828 2737 regis
844 2708 900 2736 pro
917 2697 1018 2726 causis
1034 2695 1241 2735 infrascriptis
1257 2695 1316 2724 sibi

408 2748 580 2776 monendis.
601 2748 798 2777 Concludens
812 2752 908 2775 mater
920 2752 1026 2774 nostra
1041 2745 1129 2774 nacio
1145 2743 1317 2783 Anglicana

408 2796 589 2825 deliberavit
605 2797 685 2835 quod
699 2795 835 2835 deputati
848 2795 1000 2824 notabiles
1013 2794 1184 2833 predictum
1201 2792 1314 2832 princi-

440 2881 462 2903 1.
497 2882 509 2902 8
528 2879 656 2903 lanuarit.

438 2921 460 2941 2.
495 2921 587 2941 Esstat
606 2919 637 2941 (Ie
658 2919 704 2941 Ιιοο
719 2918 881 2951 privilegium
905 2918 1000 2949 regium
1018 2925 1060 2940 an.
1080 2917 1154 2944 1383.
1173 2915 1254 2948 April.
1276 2916 1313 2939 18.

413 2954 606 2982 1'id.Churtul.,
621 2955 665 2980 Ill.
679 2955 787 2977 n01'179.

1364 935 1396 961 10

1361 1180 1394 1206 15

1359 1425 1393 1451 20

1358 1671 1391 1696 25

1357 1917 1391 1942 30

1355 2162 1389 2187 35

1355 2407 1388 2432 40

1355 2651 1388 2676 ¹15

1434 500 1504 529 pem
1525 490 1667 520 adiuntes
1687 491 1837 520 deberent
1854 490 1976 520 nomine
1999 490 2219 521 Universitatis
2241 493 2342 532 ipsum

1434 539 1670 579 solempnizare‚
1689 540 1829 579 vigorem
1847 538 1913 579 ejus
1931 541 2192 576 recommendare,
2207 547 2298 581 atque
2311 541 2343 571 in

1433 586 1552 615 actibus
1578 586 1713 616 strenuis
1739 586 1799 615 sibi
1822 586 1944 616 noviter
1960 587 2171 617 accidentibus
2192 588 2342 618 fortunam

1433 645 1519 664 suam
1532 645 1672 675 magnam
1692 635 1863 674 predicare.
1880 636 1942 665 Pro
1960 634 2047 675 cujus
2065 636 2187 666 articuli
2204 637 2342 667 membro

1434 683 1533 723 primo
1550 684 1604 713 fuit
1617 684 1712 713 eciam
1728 684 1928 714 deliberatum
1942 685 2026 724 quod
2039 685 2122 714 dicto
2137 686 2261 715 domino
2275 687 2342 726 regi

1434 741 1491 772 per
1511 733 1674 772 deputatos
1702 734 1828 763 eosdem
1852 733 2009 763 humiliter
2033 734 2262 774 supplicaretur
2285 745 2343 775 pro

1433 782 1674 812 conservacione
1690 782 1805 812 salubri
1822 783 1960 812 facienda
1977 793 2032 812 sue
2046 783 2107 812 filie
2123 783 2342 814 Universitatis

1434 831 1622 860 Parisiensis
1653 832 1691 860 ab
1727 832 1890 867 violencia,
1921 832 2101 861 turbacione
2135 839 2165 862 et
2202 833 2343 863 molestia

1434 880 1568 909 omnium
1589 890 1716 910 suorum
1733 881 1888 910 hominum
1905 891 2060 910 armorum
2081 891 2184 911 secum
2202 881 2342 912 Parisius

1433 935 1703 969 congregatorum,
1721 930 1834 969 quibus
1848 936 1877 959 et
1894 930 2033 970 ipsorum
2047 930 2179 970 singulis
2195 930 2342 961 inhibicio

1433 979 1626 1007 conferretur
1647 978 1834 1018 displicendi
1855 979 1965 1018 quovis
1995 980 2086 1009 modo
2112 979 2250 1018 predicte
2275 978 2342 1020 ejus

1432 1027 1493 1056 filie
1519 1027 1736 1062 Universitati‚
1766 1028 1927 1067 supposita
1955 1027 2020 1067 ejus
2045 1028 2237 1064 offendendi,
2261 1029 2342 1059 bona

1433 1076 1572 1116 ipsorum
1585 1077 1744 1106 auferendi
1755 1087 1809 1106 seu
1827 1077 1936 1107 domos
1950 1087 2056 1107 eorum
2073 1077 2227 1107 violenter
2239 1078 2341 1118 ingre—

1432 1125 1536 1154 diendi
1548 1124 1572 1154 ².
1591 1126 1653 1155 Pro
1669 1126 1805 1155 membro
1825 1127 1961 1155 secundo
1977 1126 2050 1156 dicti
2066 1127 2203 1166 deputati
2216 1126 2342 1156 domino

1432 1175 1498 1214 regi
1514 1174 1729 1214 supplicarunt
1742 1181 1775 1204 ut
1792 1175 1988 1214 privilegium
2001 1185 2089 1205 suum
2104 1175 2208 1215 regale
2222 1175 2341 1215 abipso

1432 1224 1585 1264 signatum
1607 1234 1789 1253 concessum
1811 1230 1841 1253 et
1860 1223 1935 1253 alias
1954 1230 2129 1254 contentum
2150 1234 2244 1264 super
2258 1223 2341 1254 taliis

1432 1273 1678 1312 quibuscumque
1695 1279 1724 1302 et
1736 1273 1864 1302 decimis
1877 1273 2074 1303 removendis
2088 1284 2104 1302 a
2120 1284 2176 1303 sua
2189 1273 2251 1302 filia
2265 1273 2340 1303 Uni-

1430 1322 1576 1351 versitate
1597 1322 1736 1361 predicta
1746 1321 1770 1357 ³,
1789 1323 1846 1351 sub
1868 1322 2027 1352 evidencia
2043 1321 2158 1363 majore
2176 1321 2266 1362 hujus
2286 1332 2340 1352 sue

1431 1371 1535 1410 gracie
1551 1371 1695 1410 specialis
1711 1381 1916 1410 preconcesse
1934 1372 2091 1411 predictus
2105 1382 2159 1401 rex
2173 1371 2340 1402 literatorie

1430 1421 1626 1449 confirmaret
1636 1419 1647 1438 ⁴
1661 1433 1668 1456 ;
1694 1431 1782 1450 suum
1797 1421 1981 1450 conductum
1997 1431 2139 1450 securum
2155 1431 2222 1450 cum
2236 1420 2340 1450 diver-

1431 1470 1475 1499 sis
1490 1470 1589 1499 literis
1605 1470 1911 1499 recommendatoriis
1927 1470 2051 1499 domino
2070 1480 2149 1510 pape
2166 1469 2340 1509 dirigendis

1430 1519 1553 1548 nomine
1565 1518 1785 1548 Universitatis
1796 1517 1936 1558 ejusdem
1949 1529 2004 1548 sue
2018 1519 2080 1548 filie
2091 1518 2212 1548 nunciis
2224 1518 2339 1548 curiam

1431 1568 1462 1596 in
1480 1568 1567 1597 brevi
1581 1567 1754 1597 visitaturis
1769 1569 1939 1597 concedere
1951 1568 2143 1608 dignaretur,
2158 1574 2248 1607 atque
2264 1577 2340 1597 ocu-

1429 1617 1491 1646 lum
1511 1617 1635 1656 pietatis
1655 1616 1795 1656 largiflue
1816 1618 1994 1646 ostenderet
2019 1616 2228 1646 communitati
2250 1616 2340 1646 Pari-

1430 1666 1537 1695 siensi.
1554 1666 1620 1703 Que
1638 1672 1737 1695 autem
1754 1666 1945 1705 supplicacio
1961 1666 2021 1695 sibi
2042 1672 2143 1695 tamen
2160 1666 2218 1694 suh
2235 1665 2340 1695 colore

1428 1715 1585 1755 placencie
1604 1726 1641 1744 ex
1657 1721 1742 1754 parte
1762 1715 1834 1744 ville
1852 1721 2089 1754 proponeretur.

1470 1764 1532 1793 Pro
1563 1765 1594 1793 2⁰
1623 1764 1751 1808 articulo
1783 1764 1947 1804 principali
1981 1764 2052 1793 inde
2079 1764 2146 1793 viso
2179 1763 2338 1792 conteneri

1430 1813 1679 1853 supplicaciones
1695 1813 1819 1842 minime
1835 1813 2047 1843 audiebantur.

1842 1905 1938 1935 1383

1429 1978 1500 2018 (Pol.
1531 1980 1568 2008 40
1583 1978 1607 2017 ¹³)
1632 1980 1671 2007 In
1697 1978 1958 2017 procuratoria
1983 1977 2155 2017 magistri
2183 1976 2335 2007 Hem-ici

1508 2028 1681 2057 Poelman
1713 2027 1754 2056 de
1785 2026 1961 2061 Arnhem,
1993 2025 2250 2066 Trajectensis

1788 2075 1974 2115 dyocesis.

1466 2157 1557 2187 Anno
1583 2156 1708 2186 Domini
1731 2155 1894 2185 millesimo
1918 2155 2134 2185 trecentesimo
2155 2153 2334 2189 LXXXIIP,

1428 2207 1504 2236 facta
1517 2206 1764 2245 congregacione
1779 2205 1918 2234 nacionis
1932 2204 2102 2244 Anglicane
2113 2213 2170 2243 per
2178 2202 2338 2243 juramen-

1427 2263 1488 2285 tum
1512 2256 1542 2284 in
1567 2255 1678 2284 Sancto
1704 2254 1859 2283 Maturino
1880 2253 1967 2283 Xlll²
1989 2253 2038 2282 die
2063 2253 2179 2282 mensis
2199 2251 2336 2281 Januarii

1427 2312 1498 2345 post
1524 2314 1699 2334 sermonem
1723 2304 1761 2332 ad
1787 2303 1962 2342 eligendum
1988 2308 2221 2341 procuratorem
2246 2307 2276 2330 et
2299 2302 2336 2329 ad

1426 2354 1610 2383 audiendum
1630 2359 1805 2392 computum
1828 2351 2016 2391 receptoris‚
2041 2350 2154 2379 dilatus
2175 2349 2230 2378 fuit
2251 2359 2336 2378 com-

1425 2409 1518 2442 putus
1530 2402 1713 2442 receptoris,
1727 2408 1756 2430 et
1772 2401 1887 2430 electus
1903 2406 1967 2429 erat
1982 2398 2178 2428 concorditer
2188 2398 2336 2438 magister

1427 2452 1581 2481 Henricus
1604 2451 1751 2480 Poelman
1771 2450 1802 2478 in
1821 2455 2063 2489 procuratorem,
2089 2448 2210 2476 duobus
2235 2453 2335 2476 tamen

1426 2500 1584 2541 magistris
1607 2500 1659 2529 alii
1681 2509 1787 2528 vocem
1808 2509 1892 2527 suam
1915 2497 2070 2526 dantibus.
2092 2497 2126 2525 In
2150 2494 2237 2535 cujus
2259 2505 2336 2535 pro-

1427 2550 1580 2579 curatoria
1593 2556 1659 2578 acta
1675 2554 1746 2577 sunt
1761 2558 1820 2587 que
1836 2552 2017 2586 sequuntur.

1468 2599 1574 2628 Primo
1595 2598 1687 2627 solvit
1701 2597 1802 2626 dictus
1819 2595 1965 2635 magister
1981 2594 2135 2624 Henricus
2151 2599 2335 2632 procurator

1426 2649 1504 2677 duos
1523 2649 1656 2681 francos,
1670 2656 1762 2675 unum
1773 2655 1831 2685 pro
1843 2645 1943 2684 prima
1957 2643 2181 2683 procuratoria,
2199 2649 2228 2671 et
2243 2642 2334 2671 alium

1426 2697 1518 2726 solvit
1539 2696 1610 2735 quia
1632 2700 1837 2735 percepturus
1853 2699 1917 2722 erat
1933 2692 2136 2721 emolumenta
2151 2702 2168 2720 a
2187 2691 2335 2720 determi-

1426 2746 1569 2775 nantibus
1603 2743 1693 2783 hujus
1725 2743 1807 2772 anni:
1842 2742 1882 2771 Et
1909 2741 1981 2770 licet
2013 2741 2094 2770 dicta
2121 2739 2335 2780 procuratoria

1425 2805 1486 2823 non
1513 2795 1639 2823 duraret
1669 2792 1730 2821 nisi
1756 2801 1813 2831 per
1839 2800 1987 2826 mensem,
2013 2796 2114 2819 tamen
2138 2788 2336 2818 concorditer

1454 2880 1478 2901 3.
1517 2878 1570 2901 Via.
1583 2885 1660 2908 supra
1674 2876 1710 2899 ad
1723 2884 1766 2899 an.
1779 2876 1848 2902 1382,
1863 2874 1951 2898 Octob.
1965 2875 1989 2898 4.

1455 2915 1478 2937 4.
1511 2911 1771 2944 Ezslalpriuilegium
1787 2919 1828 2934 an.
1842 2911 1911 2938 1384,
1925 2909 2056 2938 elmi-tul„
2068 2909 2114 2938 111,
2128 2913 2156 2932 n·
2170 2908 2242 2932 1483.

2620 633 2632 805 “astum-...huz
2629 600 2632 618 ..
2629 561 2632 577 μ
2630 486 2632 489 ,
2627 460 2629 464 -

2624 1293 2632 1378 „nn-„Q-

2624 1402 2632 1450 ῑῑ

2626 1451 2632 1472 t

2624 1490 2632 1517 Ξ

2627 1520 2632 1563 ἐ

2627 1569 2632 1589 ε
