2632 3464
433 464 448 489 4
461 464 495 489 55

841 535 939 565 1374

471 609 697 639 Procuracio
731 607 902 647 magistri
934 605 1088 636 Jordani
1114 605 1235 644 Wang
1264 605 1306 634 de

642 657 761 688 Clivis
793 667 859 696 per
889 655 1130 686 vacaciones.

475 734 566 764 Anno
584 733 707 762 Domini
725 742 785 772 quo
802 741 906 770 supra,
924 730 1040 759 mensis
1052 730 1135 759 Junii
1150 730 1199 758 die
1217 729 1268 763 112,
1281 739 1341 768 que

436 783 491 813 fuit
532 783 698 812 crastinum
739 780 944 814 Sacramenti,
983 780 1059 808 sacta
1095 778 1341 818 congregacione

435 832 573 861 nacionis
598 831 767 870 Anglicane
787 830 825 858 ad
841 829 985 858 Sanctum
1003 828 1157 857 Julianum
1173 837 1341 866 pauperem

435 882 467 910 in
486 881 594 920 primis
615 880 727 909 Nostre
748 878 889 912 Domine,
907 878 943 906 ad
963 877 1147 906 audiendum
1165 882 1340 915 computum

435 929 605 969 receptor-is
619 935 648 957 et
658 929 696 957 ad
709 928 883 967 eligendum
895 932 1138 965 procuratorem,
1155 924 1342 964 computavit

436 979 577 1008 dominus
593 983 746 1016 receptor,
766 983 795 1005 et
818 975 926 1005 solutis
945 974 1087 1003 omnibus
1102 973 1195 1003 scolis
1214 983 1272 1012 pro
1288 973 1341 1002 illo

436 1038 527 1062 anno,
556 1033 614 1056 tam
648 1025 786 1065 propriis
819 1024 957 1053 nacionis
984 1033 1073 1063 quam
1110 1023 1281 1057 conductis,
1313 1028 1343 1051 et

438 1076 547 1106 solutis
574 1075 808 1114 quampluribus
835 1073 1005 1112 magistris,
1027 1072 1080 1111 qui
1107 1071 1183 1101 alias
1208 1072 1239 1100 in
1264 1071 1341 1101 festo

401 1143 405 1149 -
437 1125 516 1154 beati
541 1124 712 1153 Eadmundi
733 1122 878 1152 dimidios
903 1123 1025 1150 francos
1053 1131 1107 1150 seu
1127 1120 1199 1150 VIII
1223 1120 1342 1150 solidos

436 1174 558 1203 nacioni
586 1173 833 1206 accomodarum,
871 1171 983 1199 mansit
1020 1176 1163 1209 receptor
1187 1169 1341 1209 obligatus

436 1222 557 1251 nacioni
573 1222 603 1250 in
625 1221 761 1260 quinque
779 1220 879 1254 libris,
894 1220 937 1248 111
957 1220 1067 1248 solidis
1087 1225 1117 1248 et
1133 1219 1174 1248 IX
1191 1219 1338 1248 denariis.

478 1271 511 1300 ln
527 1271 586 1300 fine
598 1281 672 1299 vero
691 1269 826 1310 ejusdem
843 1268 1100 1308 congregacionis
1116 1268 1241 1297 intravit
1253 1268 1340 1297 nacio

435 1321 591 1350 tabernam
605 1320 646 1347 ad
662 1321 786 1347 malleos
803 1319 839 1347 ad
856 1318 1033 1357 potandum,
1051 1323 1081 1346 et
1099 1317 1212 1346 ibidem
1226 1327 1341 1356 procu-

436 1376 521 1398 rator
552 1369 679 1402 electus,
712 1368 760 1397 cui
796 1367 920 1396 racione
952 1366 1044 1395 officii
1072 1376 1128 1405 per
1159 1366 1341 1395 vacaciones

436 1418 524 1447 nacio
561 1418 692 1446 debebat
725 1417 780 1445 XX
814 1415 942 1450 solidos,
976 1415 1072 1444 libere
1107 1415 1192 1444 dedit
1220 1415 1341 1444 nacioni

436 1467 610 1506 hujusmodi
630 1466 685 1495 XX
704 1465 822 1495 solidos
841 1465 871 1494 in
887 1464 1102 1504 adventagium
1120 1465 1157 1493 ad
1172 1470 1341 1503 perpotan-

436 1517 518 1551 dum,
538 1522 568 1544 et
585 1516 689 1544 eadem
707 1515 774 1543 vice
792 1514 939 1553 magister
953 1513 1133 1552 Ghyskinus
1148 1514 1186 1542 de
1203 1513 1342 1552 Diepen-

436 1564 543 1594 borich
560 1564 651 1593 solvit
672 1565 685 1591 1
708 1564 843 1592 francum
859 1573 917 1602 pro
935 1561 1071 1602 jocundo
1087 1562 1215 1591 introitu
1233 1561 1264 1590 in
1279 1562 1341 1601 pri-

438 1624 515 1642 mam
540 1613 828 1652 congregacionem,
860 1618 965 1651 etque
996 1611 1076 1640 ultra
1094 1611 1232 1650 predicta
1255 1617 1343 1640 erant

437 1662 587 1701 exposita,
610 1661 708 1691 soluta
735 1667 822 1690 erant
844 1671 900 1700 per
923 1661 1087 1700 magistros
1115 1660 1157 1689 ibi
1179 1666 1342 1699 presentes

436 1711 596 1750 equaliter.

478 1760 607 1788 Demum
626 1760 675 1788 die
692 1759 810 1788 sabbati
830 1758 995 1798 sequente⁴
1017 1758 1199 1798 inceperunt
1225 1758 1342 1787 domini

436 1809 592 1838 Johannes
607 1808 688 1837 Gout
707 1814 737 1837 et
750 1808 899 1837 Ricoldus
917 1808 1012 1836 Milde
1026 1808 1083 1836 sub
1100 1807 1248 1847 magistro
1262 1807 1342 1836 Mer-

438 1858 508 1887 cilio
524 1858 561 1886 de
578 1857 707 1896 Inghen,
727 1867 857 1896 quorum
876 1856 1037 1895 utriusque
1056 1857 1149 1885 bursa
1161 1856 1187 1885 V
1205 1856 1297 1885 solidi
1314 1862 1344 1886 et

439 1906 498 1936 1111
509 1906 640 1935 denarii.

478 1955 551 1984 Item
580 1955 666 1984 V111=
690 1955 740 1984 die
766 1955 849 1984 Junii
875 1954 990 1994 incepit
1018 1954 1160 1983 dominus
1187 1954 1343 1983 Johannes

438 2004 678 2034 Cambisnathan
710 2004 821 2033 Scotus
853 2004 909 2033 sub
943 2003 1091 2043 magistro
1117 2003 1276 2032 Willelmo
1305 2004 1343 2033 de

437 2053 589 2088 Trebron‚
612 2052 699 2092 cujus
714 2054 807 2081 bursa
819 2052 891 2081 VIII
911 2052 1014 2081 solidi.

478 2102 551 2131 Item
574 2103 680 2131 eodem
706 2103 754 2130 die
782 2101 897 2140 incepit
917 2102 1059 2130 dominus
1081 2101 1195 2140 Symon
1222 2102 1343 2140 Creych

439 2151 549 2180 Scotus
581 2152 638 2180 sub
675 2152 781 2180 eodem
816 2150 963 2190 magistro
994 2150 1152 2180 Willelmo
1185 2151 1341 2185 Trebron,

438 2199 523 2239 cujus
539 2201 633 2229 bursa
648 2199 674 2228 V
692 2199 784 2228 solidi
801 2210 867 2228 cum
885 2199 924 2228 Vl
944 2199 1091 2228 denariis.

479 2249 597 2278 Deinde
621 2249 697 2277 sacta
714 2248 958 2288 congregacione
982 2248 1120 2277 nacionis
1143 2249 1222 2287 apud
1247 2249 1343 2278 Sanc-

438 2304 500 2327 tum
523 2298 676 2327 Julianum
699 2297 774 2326 hora
792 2297 960 2336 primarum
982 2297 1195 2336 principaliter
1216 2299 1253 2326 ad
1268 2308 1343 2337 sup-

438 2347 624 2386 plicandum,
652 2346 837 2385 supplicavit
862 2347 1008 2385 magister
1025 2346 1181 2375 Johannes
1201 2346 1343 2375 Cambis-

438 2396 569 2424 nathana
601 2395 726 2430 Scotus‚
761 2402 886 2434 paratus
920 2395 1020 2424 animo
1057 2396 1157 2424 statim
1194 2396 1343 2425 redeundi

438 2445 522 2473 adire
540 2444 677 2473 Scociam
691 2450 723 2473 ut
736 2444 866 2479 dicebat,
883 2444 1025 2483 quatinus
1041 2444 1067 2473 si
1084 2444 1249 2484 contigerit
1261 2451 1343 2474 rotu-

438 2494 499 2522 lum
524 2492 641 2532 jamdiu
670 2493 850 2522 ventilatum
883 2493 913 2521 in
948 2493 1154 2522 Universitate
1181 2493 1276 2522 emitti
1306 2494 1343 2522 ad

439 2542 552 2572 curiam
583 2548 633 2571 aut
659 2542 750 2571 alium
779 2543 817 2570 de
845 2552 926 2571 novo
955 2542 1113 2577 concludi,
1146 2542 1212 2581 ipse
1236 2549 1344 2581 posset

439 2591 554 2630 imponi
578 2591 676 2620 eidem
705 2597 848 2630 tanquam
883 2601 1012 2630 presens
1038 2591 1148 2620 solutis
1172 2591 1340 2621 solvendis.

440 2640 553 2668 Postea
567 2640 596 2668 in
611 2641 739 2679 quadam
754 2639 811 2668 alia
828 2640 1074 2679 congregacione
1090 2650 1184 2679 super
1197 2640 1254 2669 hoc
1271 2650 1343 2679 spe-

440 2688 556 2717 cialiter
574 2690 648 2717 facta
665 2688 851 2727 supplicavit
866 2688 946 2717 idem
964 2688 995 2716 in
1015 2690 1119 2717 eadem
1137 2689 1232 2717 forma
1249 2689 1342 2728 magi-

441 2744 503 2766 ster
526 2737 708 2766 Guillelmus
731 2736 867 2766 Gerland
891 2737 1013 2772 Scotus‚
1035 2747 1164 2776 quorum
1185 2738 1343 2777 supplica-

440 2786 543 2814 ciones
560 2796 706 2815 concesse
721 2786 880 2815 fueruntin
892 2786 944 2814 tali
957 2787 1053 2814 forma
1066 2792 1095 2815 et
1105 2792 1187 2815 tanta
1204 2787 1342 2816 ubertate

441 2835 518 2863 sicut
545 2834 612 2863 aliis
636 2835 788 2864 similibus
811 2834 1057 2874 supplicantibus
1081 2841 1150 2864 ante
1175 2835 1262 2874 ipsos
1285 2835 1343 2865 hoc

441 2884 675 2912 concedebatur.
695 2883 823 2922 Adjecta
845 2890 944 2912 tamen
970 2884 1023 2912 fuit
1047 2884 1188 2913 condicio
1211 2884 1242 2913 in
1268 2895 1343 2913 con-

473 2985 495 3007 1.
529 2985 542 3006 3
559 2985 635 3007 lumi.

1347 1 1349 6 ’
1366 0 1368 3 ’
1383 0 1394 27 ³>
1408 8 1410 14 ,
1496 0 1783 35 mmmm-r.
1838 21 1863 30 ..⁴
1872 7 1925 35 a..

982 458 1204 485 AUCTARIUM
1225 456 1483 483 CHARTULARII
1503 456 1677 483 UNIVERS.
1699 458 1817 484 PARIS.

1379 978 1413 1004 10

1379 1224 1413 1250 15

1379 1469 1412 1494 20

1380 1714 1413 1740 25

1381 1961 1414 1986 30

1381 2206 1414 2232 35

1381 2451 1414 2477 40

1380 2695 1414 2721 45

2307 459 2361 486 456

1450 532 1592 562 cessione
1612 533 1856 573 supplicacionis
1876 533 2017 573 magistri
2034 533 2198 570 Johannis,
2213 535 2361 565 videlicet

1449 582 1532 621 quod
1543 581 1631 622 juxta
1644 583 1898 612 consuetudinem
1917 583 2101 612 laudabilem
2120 584 2271 620 nacionis,
2291 594 2359 614 cum

1444 629 1508 670 jam
1520 631 1621 670 primo
1634 631 1774 661 venisset
1786 633 1824 661 ad
1835 632 2115 672 congregacionem
2129 633 2280 668 nacionis,
2294 633 2360 663 sol-

1448 686 1536 709 veret
1554 681 1569 708 1
1586 681 1722 710 francum
1741 682 1778 710 ad
1798 681 1975 720 potandum.
1997 681 2038 710 Et
2055 681 2204 721 magistro
2221 681 2360 712 Johanne

1449 728 1614 758 exhibente
1641 739 1674 758 se
1701 735 1851 768 paratum,
1879 730 1917 766 ad
1944 736 2117 768 requestam
2142 730 2359 770 magistrorum

1450 777 1575 807 intravit
1601 778 1689 807 nacio
1713 778 1744 807 in
1766 778 1826 808 fine
1851 779 2109 818 congregacionis
2137 776 2294 808 tabernam
2318 781 2363 809 ud

1449 828 1630 862 salmonem,
1658 827 1711 856 ubi
1733 827 1835 857 dictus
1859 827 2008 867 magister
2033 827 2191 857 ,lohannes
2218 828 2361 858 Cambis-

1451 875 1576 911 nathan,
1596 876 1744 915 magister
1764 876 1928 906 Conradus
1943 877 1981 906 de
1997 876 2149 916 Hagnoya
2169 883 2199 906 et
2213 877 2361 917 magister

1453 924 1612 954 Gerardus
1631 924 1764 954 Viskaer
1785 925 1946 955 solverunt
1965 925 2094 965 quilibet
2109 925 2248 965 ipsorum
2266 936 2359 956 unum

1451 974 1587 1003 francum
1605 984 1662 1013 pro
1682 973 1819 1014 jocundo
1843 974 1971 1004 introitu
1991 975 2023 1004 in
2043 974 2173 1014 primam
2187 985 2361 1016 congrega-

1452 1033 1584 1052 cionem.

1491 1071 1562 1111 (Fol.
1595 1071 1642 1111 42)
1675 1071 1796 1101 Deinde
1825 1073 1903 1102 facta
1937 1072 2186 1113 congregacione
2220 1073 2360 1103 nacionis

1450 1121 1533 1160 apud
1549 1121 1694 1150 Sanctum
1710 1120 1898 1150 Maturinum
1909 1131 1966 1161 per
1977 1121 2184 1161 juramentum
2198 1122 2361 1162 prehabita

1451 1169 1697 1209 congregacione
1713 1170 1847 1209 simplici
1861 1176 1969 1200 vocata
1991 1180 2086 1210 super
2106 1171 2212 1200 eodem
2231 1171 2361 1201 articulo

1450 1218 1481 1247 in
1500 1218 1613 1247 Sancto
1627 1218 1761 1254 Juliano,
1786 1218 1874 1258 cujus
1890 1219 2149 1259 congregacionis
2174 1219 2361 1250 deliberacio

1451 1266 1650 1296 differebatur
1671 1273 1701 1297 et
1722 1267 1936 1297 remittebatur
1952 1269 1991 1296 ad
2013 1268 2102 1297 istam
2123 1269 2175 1297 2²¹¹*
2194 1278 2251 1308 per
2272 1268 2362 1309 jura-

1450 1323 1597 1346 mentum.
1622 1316 1780 1346 Articulus
1806 1322 1873 1346 erat
1903 1317 1973 1346 iste.
2001 1317 2152 1357 Magister
2176 1317 2358 1347 Gilbertus²

1450 1365 1587 1394 medicus
1617 1365 1688 1394 fecit
1723 1365 1802 1405 erigi
1841 1365 1994 1395 edificium
2023 1372 2108 1395 retro
2138 1366 2238 1396 scolas
2265 1375 2361 1396 novas

1451 1420 1556 1443 nostre
1576 1413 1728 1449 nacionis,
1752 1414 1896 1454 contigue
1919 1424 2005 1443 muro
2021 1414 2188 1453 posteriori
2211 1415 2362 1444 dictarum

1451 1462 1614 1497 scolarum,
1645 1462 1798 1502 privando
1816 1472 1873 1492 nos
1901 1462 2015 1492 lumine
2045 1462 2167 1502 ingredi
2191 1463 2284 1493 solito
2303 1473 2361 1503 per

1451 1512 1601 1541 fenestras
1629 1511 1822 1551 posteriores
1855 1511 2020 1547 scolarum,
2049 1512 2134 1551 ipsas
2159 1522 2217 1552 per
2247 1512 2305 1542 hoc
2329 1512 2362 1542 in

1451 1559 1653 1600 prejudicium
1673 1561 1813 1590 nacionis
1830 1570 1893 1590 non
1915 1561 2069 1590 modicum
2090 1561 2308 1590 deteriorando
2331 1567 2362 1591 et

1451 1610 1538 1649 quasi
1566 1609 1690 1638 inutiles
1722 1610 1861 1639 faciendo
1886 1609 1918 1638 in
1938 1615 2025 1649 parte
2052 1610 2230 1648 posteriori.
2259 1609 2361 1650 Super

1451 1669 1512 1698 quo
1528 1658 1711 1688 deliberavit
1725 1658 1824 1693 nacio,
1842 1659 1944 1687 dando
1963 1659 2137 1698 deputatos,
2153 1659 2207 1698 qui
2230 1669 2263 1688 se
2282 1660 2358 1689 face-

1451 1714 1520 1737 rent
1539 1707 1697 1737 informari
1712 1717 1770 1747 per
1791 1707 2082 1737 consuetudinarios
2102 1707 2234 1737 clericos
2252 1714 2282 1737 et
2294 1708 2362 1748 lay-

1451 1767 1516 1792 cos,
1537 1757 1655 1786 scilicet
1670 1756 1821 1786 lathomos
1837 1763 1867 1786 et
1882 1756 1978 1785 eciam
1998 1757 2080 1795 apud
2092 1755 2307 1796 jurisperitos,
2333 1756 2362 1786 si

1451 1817 1530 1846 opus
1547 1806 1636 1841 foret,
1651 1806 1708 1835 sub
1727 1805 1873 1844 expensis
1889 1805 2042 1840 nacionis,
2056 1805 2082 1834 si
2095 1804 2175 1846 jure,
2195 1812 2362 1836 consuetu-

1451 1855 1523 1884 dine
1533 1854 1582 1884 vel
1597 1853 1761 1894 privilegio
1778 1864 1941 1893 possemus
1957 1854 2039 1883 dicto
2053 1854 2202 1894 magistro
2219 1854 2362 1885 Gilberto

1452 1904 1592 1933 inhibere
1626 1903 1737 1933 dictam
1774 1909 1960 1932 structuram
1994 1903 2085 1932 nobis
2115 1902 2358 1943 prejudicialem.

1453 1953 1603 1982 Similiter
1618 1953 1710 1982 iidem
1726 1952 1864 1991 deputati
1882 1958 1970 1981 erant
1984 1952 2047 1981 dati
2065 1962 2122 1991 pro
2141 1953 2282 1982 adeundo
2297 1953 2362 1982 dic-

1452 2003 1515 2032 tum
1531 2002 1712 2041 magistrum
1727 2001 1900 2030 Gilbertum
1917 2001 1954 2030 ad
1968 2001 2231 2040 supplicacionem
2247 2001 2360 2041 ipsiuS,

1452 2052 1523 2091 quia
1542 2051 1663 2080 dicebat
1684 2060 1716 2080 se
1740 2050 1873 2079 libenter
1886 2050 1965 2079 velle
1983 2056 2114 2079 tractare
2139 2060 2206 2080 cum
2231 2050 2361 2080 nacione

1452 2101 1500 2130 vel
1521 2100 1587 2140 ejus
1605 2099 1770 2139 deputatis.
1795 2101 1832 2128 Et
1853 2099 2012 2139 magistris
2029 2100 2068 2128 ad
2087 2099 2145 2128 hoc
2160 2099 2314 2139 deputatis
2329 2099 2362 2128 in

1452 2151 1543 2179 domo
1557 2160 1610 2179 sua
1624 2159 1660 2178 eo
1677 2155 1820 2188 presente
1840 2148 2089 2187 comparentibus
2103 2154 2132 2177 et
2149 2148 2360 2188 congregatis,

1451 2198 1635 2238 principalis
1651 2198 1785 2227 intencio
1802 2207 1855 2227 sua
1868 2198 1968 2226 stabat
1985 2197 2016 2226 in
2034 2197 2092 2226 ista
2108 2197 2270 2236 questione
2285 2209 2291 2226 ε
2311 2196 2361 2226 An

1452 2248 1554 2287 aliqua
1570 2247 1621 2277 via
1640 2246 1725 2287 justa
1753 2253 1783 2276 et
1805 2246 1986 2275 racionabili
2007 2256 2171 2286 possemus
2193 2246 2305 2275 docere
2331 2251 2362 2275 et

1452 2297 1632 2331 ostendere,
1652 2297 1735 2336 quod
1753 2306 1815 2324 non
1835 2295 1943 2324 liceret
1963 2295 1990 2324 ei
2013 2305 2069 2324 nec
2091 2301 2199 2334 posset
2219 2295 2361 2324 raciona-

1452 2346 1557 2375 biliter
1573 2346 1604 2374 in
1625 2346 1692 2374 loco
1714 2345 1853 2384 predicto
1869 2344 1971 2374 taliter
1986 2344 2139 2373 edificare.
2161 2343 2200 2373 Et
2214 2344 2363 2379 addebat,

1452 2395 1535 2434 quod
1553 2394 1652 2423 credit
1666 2394 1805 2428 firmiter,
1826 2394 1907 2433 quod
1927 2403 2027 2432 neque
2041 2391 2093 2432 jus
2109 2402 2209 2431 neque
2226 2402 2360 2422 consue-

1452 2444 1590 2473 tudinem
1605 2443 1654 2472 vel
1671 2442 1868 2482 privilegium
1884 2442 2066 2471 haberemus
2082 2451 2140 2481 pro
2153 2441 2259 2477 nobis;
2280 2451 2361 2481 quo-

1452 2502 1519 2521 rum
1535 2499 1636 2522 tamen
1656 2492 1782 2531 aliquod
1801 2491 1828 2521 si
1853 2491 2047 2525 haberemus,
2074 2496 2104 2519 et
2125 2490 2227 2529 ipsum
2248 2490 2286 2519 de
2302 2489 2361 2519 hoc

1452 2541 1638 2571 sufficienter
1655 2542 1849 2575 doceremus,
1867 2540 1934 2579 ipse
1949 2539 2116 2568 desisteret
2130 2539 2167 2567 ab
2183 2539 2316 2578 inceptis
2331 2544 2363 2569 et

1452 2596 1559 2620 contra
1580 2600 1637 2619 nos
1662 2589 1860 2628 attemptatis,
1886 2595 1915 2618 et
1937 2588 2020 2627 quod
2047 2593 2161 2627 quanto
2184 2587 2360 2627 graciosius

1451 2645 1571 2679 posset,
1603 2639 1764 2668 nobiscum
1799 2637 1993 2677 procederet,
2027 2636 2146 2665 scilicet
2177 2636 2360 2666 dimittendo

1451 2688 1542 2717 nobis
1565 2688 1706 2728 graciose
1731 2686 1838 2716 saltem
1861 2692 1979 2725 partem
1998 2691 2142 2724 aper-ture
2159 2685 2357 2724 posterioris.

1451 2737 1516 2767 Nos
1536 2738 1725 2771 dicebamus,
1749 2736 1832 2775 quod
1857 2735 1916 2764 ista
1933 2735 2119 2763 referremus
2144 2734 2278 2769 nacioni,
2302 2744 2360 2763 nec

1451 2786 1540 2815 aliter
1554 2786 1613 2815 sibi
1630 2796 1667 2815 ex
1681 2792 1754 2814 tunc
1762 2785 1952 2823 respondere
1965 2793 2141 2822 possemus,
2156 2783 2359 2822 regraciando

1451 2837 1489 2865 de
1504 2835 1637 2874 gratuita
1652 2833 1856 2868 exhibicione,
1871 2833 1902 2861 in
1916 2837 2061 2872 quantum
2075 2831 2174 2861 solum
2186 2832 2244 2861 sub
2255 2831 2360 2871 gracia

1452 2885 1585 2919 caderet,
1604 2890 1634 2912 et
1644 2882 1745 2912 habita
1760 2881 1987 2911 deliberacione
2002 2880 2142 2909 nacionis
2157 2880 2217 2909 sibi
2231 2890 2359 2919 respon-

1482 2987 1505 3009 2.
1541 2985 1630 3016 Utique
1642 2984 1777 3009 Gilbcrtus
1788 2983 1819 3006 de
1833 2983 1943 3012 Celseto,
1954 2982 1986 3005 de
1997 2990 2047 3014 quo
2057 2990 2133 3013 saepe
2143 2981 2169 3005 in
2182 2981 2300 3006 Chai-tul.
2312 2981 2359 3005 III.
