<?xml version="1.0" encoding="UTF-8"?>
<!DOCTYPE html PUBLIC "-//W3C//DTD XHTML 1.0 Transitional//EN"
    "http://www.w3.org/TR/xhtml1/DTD/xhtml1-transitional.dtd">
<html xmlns="http://www.w3.org/1999/xhtml" xml:lang="en" lang="en">
 <head>
  <title>
</title>
<meta http-equiv="Content-Type" content="text/html;charset=utf-8" />
  <meta name='ocr-system' content='tesseract 3.04.00' />
  <meta name='ocr-capabilities' content='ocr_page ocr_carea ocr_par ocr_line ocrx_word'/>
</head>
<body>
  <div class='ocr_page' id='page_1' title='image "auctariumchartul01univuoft_0242.png"; bbox 0 0 2632 3464; ppageno 0'>
   <div class='ocr_carea' id='block_1_1' title="bbox 440 403 2358 434">
    <p class='ocr_par' dir='ltr' id='par_1_1' title="bbox 440 403 2358 434">
     <span class='ocr_line' id='line_1_1' title="bbox 440 403 2358 434; baseline -0.004 0"><span class='ocrx_word' id='word_1_1' title='bbox 440 409 490 434; x_wconf 87' lang='grc'>307</span> <span class='ocrx_word' id='word_1_2' title='bbox 970 406 1191 433; x_wconf 81' lang='lat' dir='ltr'>AUCTARIUM</span> <span class='ocrx_word' id='word_1_3' title='bbox 1212 404 1470 432; x_wconf 83' lang='lat' dir='ltr'>CHARTULARII</span> <span class='ocrx_word' id='word_1_4' title='bbox 1496 404 1667 430; x_wconf 82' lang='lat' dir='ltr'>UNIVERS.</span> <span class='ocrx_word' id='word_1_5' title='bbox 1690 403 1808 429; x_wconf 87' lang='lat' dir='ltr'>PARIS.</span> <span class='ocrx_word' id='word_1_6' title='bbox 2305 405 2358 431; x_wconf 80' lang='lat'>308</span> 
     </span>
    </p>
   </div>
   <div class='ocr_carea' id='block_1_2' title="bbox 441 482 1347 1059">
    <p class='ocr_par' dir='ltr' id='par_1_2' title="bbox 441 482 1345 620">
     <span class='ocr_line' id='line_1_2' title="bbox 441 482 1345 522; baseline -0.004 -9"><span class='ocrx_word' id='word_1_7' title='bbox 441 486 479 513; x_wconf 89' lang='lat' dir='ltr'>de</span> <span class='ocrx_word' id='word_1_8' title='bbox 503 483 673 518; x_wconf 85' lang='lat' dir='ltr'>Heeswiic,</span> <span class='ocrx_word' id='word_1_9' title='bbox 703 490 732 512; x_wconf 88' lang='lat' dir='ltr'>et</span> <span class='ocrx_word' id='word_1_10' title='bbox 760 483 906 522; x_wconf 82' lang='lat' dir='ltr'>magister</span> <span class='ocrx_word' id='word_1_11' title='bbox 926 483 1083 512; x_wconf 88' lang='lat' dir='ltr'>Arnoldus</span> <span class='ocrx_word' id='word_1_12' title='bbox 1108 483 1145 511; x_wconf 89' lang='lat' dir='ltr'>de</span> <span class='ocrx_word' id='word_1_13' title='bbox 1168 482 1291 511; x_wconf 87' lang='lat' dir='ltr'>Lochen</span> <span class='ocrx_word' id='word_1_14' title='bbox 1317 487 1345 510; x_wconf 92' lang='lat' dir='ltr'>et</span> 
     </span>
     <span class='ocr_line' id='line_1_3' title="bbox 442 529 1345 572; baseline -0.003 -11"><span class='ocrx_word' id='word_1_15' title='bbox 442 543 499 572; x_wconf 81' lang='lat' dir='ltr'>ego</span> <span class='ocrx_word' id='word_1_16' title='bbox 513 532 659 570; x_wconf 86' lang='lat' dir='ltr'>magister</span> <span class='ocrx_word' id='word_1_17' title='bbox 673 531 829 560; x_wconf 76' lang='lat' dir='ltr'>Johannes</span> <span class='ocrx_word' id='word_1_18' title='bbox 846 532 944 570; x_wconf 88' lang='lat' dir='ltr'>Proys</span> <span class='ocrx_word' id='word_1_19' title='bbox 958 531 1165 570; x_wconf 83' lang='lat' dir='ltr'>fidejussimus</span> <span class='ocrx_word' id='word_1_20' title='bbox 1181 541 1239 570; x_wconf 87' lang='lat' dir='ltr'>pro</span> <span class='ocrx_word' id='word_1_21' title='bbox 1252 529 1345 569; x_wconf 87' lang='lat' dir='ltr'>magi-</span> 
     </span>
     <span class='ocr_line' id='line_1_4' title="bbox 444 580 868 620; baseline -0.005 -10"><span class='ocrx_word' id='word_1_22' title='bbox 444 588 508 610; x_wconf 87' lang='lat' dir='ltr'>stro</span> <span class='ocrx_word' id='word_1_23' title='bbox 524 581 716 610; x_wconf 84' lang='lat' dir='ltr'>Theoderico</span> <span class='ocrx_word' id='word_1_24' title='bbox 735 580 868 620; x_wconf 87' lang='lat' dir='ltr'>Nelling.</span> 
     </span>
    </p>

    <p class='ocr_par' dir='ltr' id='par_1_3' title="bbox 441 627 1345 767">
     <span class='ocr_line' id='line_1_5' title="bbox 482 627 1345 668; baseline -0.003 -10"><span class='ocrx_word' id='word_1_25' title='bbox 482 630 556 658; x_wconf 89' lang='lat' dir='ltr'>Item</span> <span class='ocrx_word' id='word_1_26' title='bbox 574 629 679 658; x_wconf 88' lang='lat' dir='ltr'>ultima</span> <span class='ocrx_word' id='word_1_27' title='bbox 694 630 742 658; x_wconf 92' lang='lat' dir='ltr'>die</span> <span class='ocrx_word' id='word_1_28' title='bbox 760 629 947 668; x_wconf 87' lang='lat' dir='ltr'>computavit</span> <span class='ocrx_word' id='word_1_29' title='bbox 965 629 1109 658; x_wconf 88' lang='lat' dir='ltr'>dominus</span> <span class='ocrx_word' id='word_1_30' title='bbox 1126 634 1278 667; x_wconf 84' lang='lat' dir='ltr'>receptor,</span> <span class='ocrx_word' id='word_1_31' title='bbox 1297 627 1345 656; x_wconf 90' lang='lat' dir='ltr'>cui</span> 
     </span>
     <span class='ocr_line' id='line_1_6' title="bbox 442 677 1345 717; baseline -0.003 -9"><span class='ocrx_word' id='word_1_32' title='bbox 442 679 529 708; x_wconf 87' lang='lat' dir='ltr'>nacio</span> <span class='ocrx_word' id='word_1_33' title='bbox 545 679 656 708; x_wconf 90' lang='lat' dir='ltr'>mansit</span> <span class='ocrx_word' id='word_1_34' title='bbox 670 678 804 717; x_wconf 86' lang='lat' dir='ltr'>obligata</span> <span class='ocrx_word' id='word_1_35' title='bbox 823 678 853 706; x_wconf 93' lang='lat' dir='ltr'>in</span> <span class='ocrx_word' id='word_1_36' title='bbox 871 678 910 707; x_wconf 91' lang='lat' dir='ltr'>IX</span> <span class='ocrx_word' id='word_1_37' title='bbox 928 678 1049 712; x_wconf 84' lang='lat' dir='ltr'>solidis,</span> <span class='ocrx_word' id='word_1_38' title='bbox 1069 684 1099 706; x_wconf 87' lang='lat' dir='ltr'>et</span> <span class='ocrx_word' id='word_1_39' title='bbox 1114 677 1169 706; x_wconf 90' lang='lat' dir='ltr'>suit</span> <span class='ocrx_word' id='word_1_40' title='bbox 1185 683 1345 715; x_wconf 89' lang='lat' dir='ltr'>computus</span> 
     </span>
     <span class='ocr_line' id='line_1_7' title="bbox 441 729 640 767; baseline 0 -11"><span class='ocrx_word' id='word_1_41' title='bbox 441 729 640 767; x_wconf 88' lang='lat' dir='ltr'>approbatus.</span> 
     </span>
    </p>

    <p class='ocr_par' dir='ltr' id='par_1_4' title="bbox 443 773 1345 902">
     <span class='ocr_line' id='line_1_8' title="bbox 484 773 1345 810; baseline -0.005 -5"><span class='ocrx_word' id='word_1_42' title='bbox 484 776 557 805; x_wconf 89' lang='lat' dir='ltr'>Item</span> <span class='ocrx_word' id='word_1_43' title='bbox 574 777 677 805; x_wconf 88' lang='lat' dir='ltr'>eadem</span> <span class='ocrx_word' id='word_1_44' title='bbox 696 776 755 810; x_wconf 83' lang='lat' dir='ltr'>die,</span> <span class='ocrx_word' id='word_1_45' title='bbox 771 775 888 804; x_wconf 83' lang='lat' dir='ltr'>scilieet</span> <span class='ocrx_word' id='word_1_46' title='bbox 902 775 1047 804; x_wconf 86' lang='lat' dir='ltr'>vicesima</span> <span class='ocrx_word' id='word_1_47' title='bbox 1063 784 1142 803; x_wconf 91' lang='lat' dir='ltr'>nona</span> <span class='ocrx_word' id='word_1_48' title='bbox 1159 774 1208 803; x_wconf 89' lang='lat' dir='ltr'>die</span> <span class='ocrx_word' id='word_1_49' title='bbox 1231 773 1345 802; x_wconf 85' lang='lat' dir='ltr'>mensis</span> 
     </span>
     <span class='ocr_line' id='line_1_9' title="bbox 443 822 1345 863; baseline -0.003 -10"><span class='ocrx_word' id='word_1_50' title='bbox 443 825 638 859; x_wconf 87' lang='lat' dir='ltr'>Novembris,</span> <span class='ocrx_word' id='word_1_51' title='bbox 655 825 768 853; x_wconf 87' lang='lat' dir='ltr'>electus</span> <span class='ocrx_word' id='word_1_52' title='bbox 781 824 835 852; x_wconf 87' lang='lat' dir='ltr'>fuit</span> <span class='ocrx_word' id='word_1_53' title='bbox 847 824 994 863; x_wconf 85' lang='lat' dir='ltr'>magister</span> <span class='ocrx_word' id='word_1_54' title='bbox 1007 823 1193 852; x_wconf 82' lang='lat' dir='ltr'>wilhelmus</span> <span class='ocrx_word' id='word_1_55' title='bbox 1207 822 1345 851; x_wconf 87' lang='lat' dir='ltr'>Buserin</span> 
     </span>
     <span class='ocr_line' id='line_1_10' title="bbox 444 873 838 902; baseline -0.003 0"><span class='ocrx_word' id='word_1_56' title='bbox 444 881 592 902; x_wconf 84' lang='lat' dir='ltr'>rectorem</span> <span class='ocrx_word' id='word_1_57' title='bbox 609 873 838 902; x_wconf 84' lang='lat' dir='ltr'>Universitatis.</span> 
     </span>
    </p>

    <p class='ocr_par' dir='ltr' id='par_1_5' title="bbox 444 921 1347 1059">
     <span class='ocr_line' id='line_1_11' title="bbox 486 921 1346 960; baseline -0.002 -9"><span class='ocrx_word' id='word_1_58' title='bbox 486 923 558 951; x_wconf 86' lang='lat' dir='ltr'>Item</span> <span class='ocrx_word' id='word_1_59' title='bbox 578 923 681 951; x_wconf 87' lang='lat' dir='ltr'>eadem</span> <span class='ocrx_word' id='word_1_60' title='bbox 698 922 746 950; x_wconf 90' lang='lat' dir='ltr'>die</span> <span class='ocrx_word' id='word_1_61' title='bbox 765 922 841 950; x_wconf 84' lang='lat' dir='ltr'>facta</span> <span class='ocrx_word' id='word_1_62' title='bbox 856 921 1101 959; x_wconf 79' lang='lat' dir='ltr'>congregacione</span> <span class='ocrx_word' id='word_1_63' title='bbox 1121 922 1156 949; x_wconf 85' lang='lat' dir='ltr'>ad</span> <span class='ocrx_word' id='word_1_64' title='bbox 1172 921 1346 960; x_wconf 89' lang='lat' dir='ltr'>eligendum</span> 
     </span>
     <span class='ocr_line' id='line_1_12' title="bbox 444 970 1347 1010; baseline -0.002 -10"><span class='ocrx_word' id='word_1_65' title='bbox 444 977 675 1010; x_wconf 88' lang='lat' dir='ltr'>procuratorem</span> <span class='ocrx_word' id='word_1_66' title='bbox 705 970 899 999; x_wconf 88' lang='lat' dir='ltr'>continuatus</span> <span class='ocrx_word' id='word_1_67' title='bbox 931 970 986 998; x_wconf 91' lang='lat' dir='ltr'>fuit</span> <span class='ocrx_word' id='word_1_68' title='bbox 1014 970 1161 1009; x_wconf 86' lang='lat' dir='ltr'>magister</span> <span class='ocrx_word' id='word_1_69' title='bbox 1190 970 1347 999; x_wconf 66' lang='lat' dir='ltr'>,Iohannes</span> 
     </span>
     <span class='ocr_line' id='line_1_13' title="bbox 447 1019 851 1059; baseline -0.005 -10"><span class='ocrx_word' id='word_1_70' title='bbox 447 1021 547 1059; x_wconf 89' lang='lat' dir='ltr'>Proys</span> <span class='ocrx_word' id='word_1_71' title='bbox 561 1019 643 1048; x_wconf 90' lang='lat' dir='ltr'>nullo</span> <span class='ocrx_word' id='word_1_72' title='bbox 659 1019 851 1048; x_wconf 75' lang='lat' dir='ltr'>reclamante.</span> 
     </span>
    </p>
   </div>
   <div class='ocr_carea' id='block_1_3' title="bbox 849 1112 946 1141">
    <p class='ocr_par' dir='ltr' id='par_1_6' title="bbox 849 1112 946 1141">
     <span class='ocr_line' id='line_1_14' title="bbox 849 1112 946 1141; baseline 0.01 -1"><span class='ocrx_word' id='word_1_73' title='bbox 849 1112 946 1141; x_wconf 85' lang='lat'>1365</span> 
     </span>
    </p>
   </div>
   <div class='ocr_carea' id='block_1_4' title="bbox 492 1183 1293 1270">
    <p class='ocr_par' dir='ltr' id='par_1_7' title="bbox 492 1183 1293 1270">
     <span class='ocr_line' id='line_1_15' title="bbox 492 1183 1293 1222; baseline -0.001 -10"><span class='ocrx_word' id='word_1_74' title='bbox 492 1183 711 1212; x_wconf 89' lang='lat' dir='ltr'>Procuratio</span> <span class='ocrx_word' id='word_1_75' title='bbox 741 1183 912 1222; x_wconf 79' lang='lat' dir='ltr'>magistri</span> <span class='ocrx_word' id='word_1_76' title='bbox 944 1183 1178 1212; x_wconf 88' lang='lat' dir='ltr'>Ghiselberti</span> <span class='ocrx_word' id='word_1_77' title='bbox 1209 1183 1293 1218; x_wconf 68' lang='lat' dir='ltr'>But,</span> 
     </span>
     <span class='ocr_line' id='line_1_16' title="bbox 708 1231 1082 1270; baseline 0 -10"><span class='ocrx_word' id='word_1_78' title='bbox 708 1231 941 1270; x_wconf 88' lang='lat' dir='ltr'>Trajectens.</span> <span class='ocrx_word' id='word_1_79' title='bbox 975 1233 1082 1270; x_wconf 89' lang='lat' dir='ltr'>dyoc.</span> 
     </span>
    </p>
   </div>
   <div class='ocr_carea' id='block_1_5' title="bbox 445 1312 1357 2963">
    <p class='ocr_par' dir='ltr' id='par_1_8' title="bbox 445 1312 1352 1692">
     <span class='ocr_line' id='line_1_17' title="bbox 484 1312 1350 1352; baseline -0.001 -10"><span class='ocrx_word' id='word_1_80' title='bbox 484 1313 574 1342; x_wconf 88' lang='lat' dir='ltr'>Anno</span> <span class='ocrx_word' id='word_1_81' title='bbox 596 1312 718 1341; x_wconf 86' lang='lat' dir='ltr'>Domini</span> <span class='ocrx_word' id='word_1_82' title='bbox 741 1312 902 1340; x_wconf 89' lang='lat' dir='ltr'>millesimo</span> <span class='ocrx_word' id='word_1_83' title='bbox 923 1312 1132 1341; x_wconf 84' lang='lat' dir='ltr'>tricentesimo</span> <span class='ocrx_word' id='word_1_84' title='bbox 1157 1313 1350 1352; x_wconf 87' lang='lat' dir='ltr'>sexagesimo</span> 
     </span>
     <span class='ocr_line' id='line_1_18' title="bbox 445 1360 1351 1400; baseline 0 -10"><span class='ocrx_word' id='word_1_85' title='bbox 445 1368 553 1400; x_wconf 89' lang='lat' dir='ltr'>quarto</span> <span class='ocrx_word' id='word_1_86' title='bbox 571 1361 737 1389; x_wconf 90' lang='lat' dir='ltr'>secundum</span> <span class='ocrx_word' id='word_1_87' title='bbox 756 1361 876 1389; x_wconf 88' lang='lat' dir='ltr'>modum</span> <span class='ocrx_word' id='word_1_88' title='bbox 895 1360 1095 1399; x_wconf 85' lang='lat' dir='ltr'>gallicanum,</span> <span class='ocrx_word' id='word_1_89' title='bbox 1115 1361 1234 1390; x_wconf 89' lang='lat' dir='ltr'>decimo</span> <span class='ocrx_word' id='word_1_90' title='bbox 1256 1361 1351 1390; x_wconf 89' lang='lat' dir='ltr'>tercio</span> 
     </span>
     <span class='ocr_line' id='line_1_19' title="bbox 445 1409 1351 1449; baseline -0.001 -10"><span class='ocrx_word' id='word_1_91' title='bbox 445 1411 493 1439; x_wconf 91' lang='lat' dir='ltr'>die</span> <span class='ocrx_word' id='word_1_92' title='bbox 503 1409 617 1438; x_wconf 84' lang='lat' dir='ltr'>mensis</span> <span class='ocrx_word' id='word_1_93' title='bbox 625 1409 772 1443; x_wconf 85' lang='lat' dir='ltr'>Januarii,</span> <span class='ocrx_word' id='word_1_94' title='bbox 781 1410 861 1447; x_wconf 87' lang='lat' dir='ltr'>apud</span> <span class='ocrx_word' id='word_1_95' title='bbox 871 1409 1014 1438; x_wconf 87' lang='lat' dir='ltr'>Sanctum</span> <span class='ocrx_word' id='word_1_96' title='bbox 1021 1409 1175 1438; x_wconf 87' lang='lat' dir='ltr'>Julianum</span> <span class='ocrx_word' id='word_1_97' title='bbox 1186 1420 1351 1449; x_wconf 74' lang='lat' dir='ltr'>pauperem</span> 
     </span>
     <span class='ocr_line' id='line_1_20' title="bbox 446 1457 1350 1498; baseline -0.001 -10"><span class='ocrx_word' id='word_1_98' title='bbox 446 1460 522 1488; x_wconf 84' lang='lat' dir='ltr'>facta</span> <span class='ocrx_word' id='word_1_99' title='bbox 534 1458 773 1497; x_wconf 80' lang='lat' dir='ltr'>congregatione</span> <span class='ocrx_word' id='word_1_100' title='bbox 787 1458 926 1486; x_wconf 84' lang='lat' dir='ltr'>nacionis</span> <span class='ocrx_word' id='word_1_101' title='bbox 938 1457 1109 1497; x_wconf 86' lang='lat' dir='ltr'>Anglicane</span> <span class='ocrx_word' id='word_1_102' title='bbox 1123 1459 1159 1487; x_wconf 91' lang='lat' dir='ltr'>ad</span> <span class='ocrx_word' id='word_1_103' title='bbox 1176 1458 1350 1498; x_wconf 89' lang='lat' dir='ltr'>eligendum</span> 
     </span>
     <span class='ocr_line' id='line_1_21' title="bbox 446 1506 1352 1547; baseline 0.001 -11"><span class='ocrx_word' id='word_1_104' title='bbox 446 1514 687 1547; x_wconf 84' lang='lat' dir='ltr'>procuratorem,</span> <span class='ocrx_word' id='word_1_105' title='bbox 721 1506 835 1535; x_wconf 86' lang='lat' dir='ltr'>electus</span> <span class='ocrx_word' id='word_1_106' title='bbox 868 1508 922 1536; x_wconf 83' lang='lat' dir='ltr'>suit</span> <span class='ocrx_word' id='word_1_107' title='bbox 946 1507 977 1536; x_wconf 92' lang='lat' dir='ltr'>in</span> <span class='ocrx_word' id='word_1_108' title='bbox 1011 1514 1242 1546; x_wconf 90' lang='lat' dir='ltr'>procuratorem</span> <span class='ocrx_word' id='word_1_109' title='bbox 1271 1508 1352 1537; x_wconf 91' lang='lat' dir='ltr'>dicte</span> 
     </span>
     <span class='ocr_line' id='line_1_22' title="bbox 446 1556 1352 1596; baseline 0.001 -11"><span class='ocrx_word' id='word_1_110' title='bbox 446 1557 577 1585; x_wconf 80' lang='lat' dir='ltr'>nationis</span> <span class='ocrx_word' id='word_1_111' title='bbox 594 1556 777 1584; x_wconf 89' lang='lat' dir='ltr'>unanimiter</span> <span class='ocrx_word' id='word_1_112' title='bbox 793 1561 822 1584; x_wconf 89' lang='lat' dir='ltr'>et</span> <span class='ocrx_word' id='word_1_113' title='bbox 836 1556 902 1584; x_wconf 88' lang='lat' dir='ltr'>sine</span> <span class='ocrx_word' id='word_1_114' title='bbox 917 1556 1158 1585; x_wconf 84' lang='lat' dir='ltr'>contradictione</span> <span class='ocrx_word' id='word_1_115' title='bbox 1170 1567 1352 1596; x_wconf 85' lang='lat' dir='ltr'>quacunque</span> 
     </span>
     <span class='ocr_line' id='line_1_23' title="bbox 446 1604 1352 1645; baseline 0.001 -11"><span class='ocrx_word' id='word_1_116' title='bbox 446 1605 592 1645; x_wconf 80' lang='lat' dir='ltr'>magiSter</span> <span class='ocrx_word' id='word_1_117' title='bbox 619 1604 833 1634; x_wconf 88' lang='lat' dir='ltr'>Ghiselbertus</span> <span class='ocrx_word' id='word_1_118' title='bbox 859 1605 928 1633; x_wconf 86' lang='lat' dir='ltr'>Bot.</span> <span class='ocrx_word' id='word_1_119' title='bbox 957 1605 991 1634; x_wconf 92' lang='lat' dir='ltr'>In</span> <span class='ocrx_word' id='word_1_120' title='bbox 1017 1604 1103 1644; x_wconf 87' lang='lat' dir='ltr'>cujus</span> <span class='ocrx_word' id='word_1_121' title='bbox 1128 1606 1352 1644; x_wconf 88' lang='lat' dir='ltr'>procuracione</span> 
     </span>
     <span class='ocr_line' id='line_1_24' title="bbox 447 1654 948 1692; baseline -0.002 -9"><span class='ocrx_word' id='word_1_122' title='bbox 447 1655 522 1683; x_wconf 81' lang='lat' dir='ltr'>sacta</span> <span class='ocrx_word' id='word_1_123' title='bbox 537 1660 607 1683; x_wconf 88' lang='lat' dir='ltr'>sunt</span> <span class='ocrx_word' id='word_1_124' title='bbox 622 1654 676 1682; x_wconf 93' lang='lat' dir='ltr'>hec</span> <span class='ocrx_word' id='word_1_125' title='bbox 693 1664 751 1692; x_wconf 92' lang='lat' dir='ltr'>que</span> <span class='ocrx_word' id='word_1_126' title='bbox 768 1660 948 1692; x_wconf 88' lang='lat' dir='ltr'>sequuntur.</span> 
     </span>
    </p>

    <p class='ocr_par' dir='ltr' id='par_1_9' title="bbox 447 1702 1354 1938">
     <span class='ocr_line' id='line_1_25' title="bbox 487 1702 1354 1742; baseline 0.003 -12"><span class='ocrx_word' id='word_1_127' title='bbox 487 1703 521 1731; x_wconf 92' lang='lat' dir='ltr'>In</span> <span class='ocrx_word' id='word_1_128' title='bbox 542 1703 640 1742; x_wconf 90' lang='lat' dir='ltr'>primo</span> <span class='ocrx_word' id='word_1_129' title='bbox 666 1702 812 1741; x_wconf 87' lang='lat' dir='ltr'>magister</span> <span class='ocrx_word' id='word_1_130' title='bbox 842 1703 1058 1732; x_wconf 87' lang='lat' dir='ltr'>Ghiselbertus</span> <span class='ocrx_word' id='word_1_131' title='bbox 1081 1704 1238 1742; x_wconf 88' lang='lat' dir='ltr'>predictus</span> <span class='ocrx_word' id='word_1_132' title='bbox 1262 1704 1354 1734; x_wconf 90' lang='lat' dir='ltr'>solvit</span> 
     </span>
     <span class='ocr_line' id='line_1_26' title="bbox 448 1752 1353 1792; baseline 0.002 -12"><span class='ocrx_word' id='word_1_133' title='bbox 448 1753 574 1781; x_wconf 88' lang='lat' dir='ltr'>nacione</span> <span class='ocrx_word' id='word_1_134' title='bbox 599 1752 730 1781; x_wconf 81' lang='lat' dir='ltr'>intrante</span> <span class='ocrx_word' id='word_1_135' title='bbox 753 1753 909 1781; x_wconf 87' lang='lat' dir='ltr'>tabernam</span> <span class='ocrx_word' id='word_1_136' title='bbox 932 1762 989 1791; x_wconf 91' lang='lat' dir='ltr'>pro</span> <span class='ocrx_word' id='word_1_137' title='bbox 1011 1752 1110 1791; x_wconf 90' lang='lat' dir='ltr'>prima</span> <span class='ocrx_word' id='word_1_138' title='bbox 1135 1763 1189 1781; x_wconf 86' lang='lat' dir='ltr'>sua</span> <span class='ocrx_word' id='word_1_139' title='bbox 1208 1763 1353 1792; x_wconf 86' lang='lat' dir='ltr'>procura-</span> 
     </span>
     <span class='ocr_line' id='line_1_27' title="bbox 447 1801 1354 1840; baseline 0 -9"><span class='ocrx_word' id='word_1_140' title='bbox 447 1802 529 1831; x_wconf 83' lang='lat' dir='ltr'>tione</span> <span class='ocrx_word' id='word_1_141' title='bbox 546 1801 631 1829; x_wconf 85' lang='lat' dir='ltr'>XXII</span> <span class='ocrx_word' id='word_1_142' title='bbox 651 1801 768 1829; x_wconf 89' lang='lat' dir='ltr'>solidos</span> <span class='ocrx_word' id='word_1_143' title='bbox 782 1811 849 1830; x_wconf 91' lang='lat' dir='ltr'>cum</span> <span class='ocrx_word' id='word_1_144' title='bbox 864 1801 890 1829; x_wconf 92' lang='lat' dir='ltr'>X</span> <span class='ocrx_word' id='word_1_145' title='bbox 909 1801 1055 1835; x_wconf 83' lang='lat' dir='ltr'>denariis,</span> <span class='ocrx_word' id='word_1_146' title='bbox 1076 1811 1131 1830; x_wconf 92' lang='lat' dir='ltr'>nec</span> <span class='ocrx_word' id='word_1_147' title='bbox 1144 1808 1210 1830; x_wconf 91' lang='lat' dir='ltr'>erat</span> <span class='ocrx_word' id='word_1_148' title='bbox 1227 1802 1269 1830; x_wconf 93' lang='lat' dir='ltr'>ibi</span> <span class='ocrx_word' id='word_1_149' title='bbox 1284 1802 1354 1840; x_wconf 89' lang='lat' dir='ltr'>plus</span> 
     </span>
     <span class='ocr_line' id='line_1_28' title="bbox 449 1850 1352 1889; baseline 0.002 -11"><span class='ocrx_word' id='word_1_150' title='bbox 449 1850 631 1889; x_wconf 85' lang='lat' dir='ltr'>expositum,</span> <span class='ocrx_word' id='word_1_151' title='bbox 654 1855 684 1878; x_wconf 89' lang='lat' dir='ltr'>et</span> <span class='ocrx_word' id='word_1_152' title='bbox 702 1856 845 1889; x_wconf 90' lang='lat' dir='ltr'>receptor</span> <span class='ocrx_word' id='word_1_153' title='bbox 863 1850 976 1879; x_wconf 87' lang='lat' dir='ltr'>nullam</span> <span class='ocrx_word' id='word_1_154' title='bbox 995 1850 1252 1889; x_wconf 89' lang='lat' dir='ltr'>computationem</span> <span class='ocrx_word' id='word_1_155' title='bbox 1271 1851 1352 1886; x_wconf 88' lang='lat' dir='ltr'>fecit,</span> 
     </span>
     <span class='ocr_line' id='line_1_29' title="bbox 451 1898 1032 1938; baseline 0 -11"><span class='ocrx_word' id='word_1_156' title='bbox 451 1899 522 1938; x_wconf 89' lang='lat' dir='ltr'>quia</span> <span class='ocrx_word' id='word_1_157' title='bbox 540 1898 634 1927; x_wconf 89' lang='lat' dir='ltr'>nichil</span> <span class='ocrx_word' id='word_1_158' title='bbox 651 1905 715 1927; x_wconf 86' lang='lat' dir='ltr'>erat</span> <span class='ocrx_word' id='word_1_159' title='bbox 732 1899 768 1927; x_wconf 88' lang='lat' dir='ltr'>ad</span> <span class='ocrx_word' id='word_1_160' title='bbox 785 1900 1032 1938; x_wconf 89' lang='lat' dir='ltr'>computandum.</span> 
     </span>
    </p>

    <p class='ocr_par' dir='ltr' id='par_1_10' title="bbox 448 1947 1357 2366">
     <span class='ocr_line' id='line_1_30' title="bbox 488 1947 1355 1987; baseline 0.002 -11"><span class='ocrx_word' id='word_1_161' title='bbox 488 1948 559 1987; x_wconf 76' lang='lat' dir='ltr'>(Fal.</span> <span class='ocrx_word' id='word_1_162' title='bbox 573 1947 625 1977; x_wconf 72' lang='lat'>54¹³</span> <span class='ocrx_word' id='word_1_163' title='bbox 642 1947 648 1986; x_wconf 89' lang='lat'><em>)</em></span> <span class='ocrx_word' id='word_1_164' title='bbox 665 1947 737 1976; x_wconf 90' lang='lat' dir='ltr'>Item</span> <span class='ocrx_word' id='word_1_165' title='bbox 756 1948 830 1976; x_wconf 82' lang='lat' dir='ltr'>facta</span> <span class='ocrx_word' id='word_1_166' title='bbox 850 1948 1089 1987; x_wconf 87' lang='lat' dir='ltr'>congregatione</span> <span class='ocrx_word' id='word_1_167' title='bbox 1109 1949 1258 1978; x_wconf 82' lang='lat' dir='ltr'>facultatis</span> <span class='ocrx_word' id='word_1_168' title='bbox 1273 1949 1355 1987; x_wconf 90' lang='lat' dir='ltr'>apud</span> 
     </span>
     <span class='ocr_line' id='line_1_31' title="bbox 450 1996 1356 2037; baseline 0.001 -11"><span class='ocrx_word' id='word_1_169' title='bbox 450 1997 592 2026; x_wconf 86' lang='lat' dir='ltr'>Sanctum</span> <span class='ocrx_word' id='word_1_170' title='bbox 616 1996 767 2025; x_wconf 90' lang='lat' dir='ltr'>Julianum</span> <span class='ocrx_word' id='word_1_171' title='bbox 794 2006 972 2035; x_wconf 83' lang='lat' dir='ltr'>pauperem,</span> <span class='ocrx_word' id='word_1_172' title='bbox 999 1997 1184 2036; x_wconf 84' lang='lat' dir='ltr'>supplicavit</span> <span class='ocrx_word' id='word_1_173' title='bbox 1208 1998 1356 2037; x_wconf 87' lang='lat' dir='ltr'>magister</span> 
     </span>
     <span class='ocr_line' id='line_1_32' title="bbox 448 2045 1354 2085; baseline 0.003 -12"><span class='ocrx_word' id='word_1_174' title='bbox 448 2045 604 2074; x_wconf 88' lang='lat' dir='ltr'>Arnoldus</span> <span class='ocrx_word' id='word_1_175' title='bbox 622 2055 679 2073; x_wconf 89' lang='lat' dir='ltr'>van</span> <span class='ocrx_word' id='word_1_176' title='bbox 699 2045 851 2074; x_wconf 90' lang='lat' dir='ltr'>Lochhem</span> <span class='ocrx_word' id='word_1_177' title='bbox 866 2045 988 2074; x_wconf 91' lang='lat' dir='ltr'>nomine</span> <span class='ocrx_word' id='word_1_178' title='bbox 1007 2046 1147 2085; x_wconf 83' lang='lat' dir='ltr'>magistri</span> <span class='ocrx_word' id='word_1_179' title='bbox 1166 2046 1354 2076; x_wconf 88' lang='lat' dir='ltr'>Ghiselberti</span> 
     </span>
     <span class='ocr_line' id='line_1_33' title="bbox 448 2094 1355 2133; baseline 0.002 -10"><span class='ocrx_word' id='word_1_180' title='bbox 448 2094 602 2123; x_wconf 84' lang='lat' dir='ltr'>VViichem</span> <span class='ocrx_word' id='word_1_181' title='bbox 619 2095 656 2122; x_wconf 86' lang='lat' dir='ltr'>(le</span> <span class='ocrx_word' id='word_1_182' title='bbox 674 2094 871 2123; x_wconf 89' lang='lat' dir='ltr'>Ghoriichem</span> <span class='ocrx_word' id='word_1_183' title='bbox 890 2095 1034 2133; x_wconf 85' lang='lat' dir='ltr'>quatinus</span> <span class='ocrx_word' id='word_1_184' title='bbox 1053 2095 1111 2123; x_wconf 90' lang='lat' dir='ltr'>sibi</span> <span class='ocrx_word' id='word_1_185' title='bbox 1128 2096 1252 2124; x_wconf 85' lang='lat' dir='ltr'>daretur</span> <span class='ocrx_word' id='word_1_186' title='bbox 1267 2096 1355 2125; x_wconf 86' lang='lat' dir='ltr'>litera</span> 
     </span>
     <span class='ocr_line' id='line_1_34' title="bbox 450 2143 1355 2183; baseline 0.002 -11"><span class='ocrx_word' id='word_1_187' title='bbox 450 2143 664 2172; x_wconf 88' lang='lat' dir='ltr'>testimonialis</span> <span class='ocrx_word' id='word_1_188' title='bbox 686 2143 723 2171; x_wconf 90' lang='lat' dir='ltr'>de</span> <span class='ocrx_word' id='word_1_189' title='bbox 746 2143 803 2171; x_wconf 90' lang='lat' dir='ltr'>hoc</span> <span class='ocrx_word' id='word_1_190' title='bbox 822 2144 903 2181; x_wconf 90' lang='lat' dir='ltr'>quod</span> <span class='ocrx_word' id='word_1_191' title='bbox 924 2143 978 2172; x_wconf 81' lang='lat' dir='ltr'>fuit</span> <span class='ocrx_word' id='word_1_192' title='bbox 992 2153 1084 2172; x_wconf 88' lang='lat' dir='ltr'>verus</span> <span class='ocrx_word' id='word_1_193' title='bbox 1107 2150 1136 2172; x_wconf 93' lang='lat' dir='ltr'>et</span> <span class='ocrx_word' id='word_1_194' title='bbox 1156 2151 1222 2173; x_wconf 86' lang='lat' dir='ltr'>actu</span> <span class='ocrx_word' id='word_1_195' title='bbox 1243 2154 1355 2183; x_wconf 87' lang='lat' dir='ltr'>regens</span> 
     </span>
     <span class='ocr_line' id='line_1_35' title="bbox 450 2191 1355 2231; baseline 0.004 -12"><span class='ocrx_word' id='word_1_196' title='bbox 450 2198 587 2230; x_wconf 90' lang='lat' dir='ltr'>tempore</span> <span class='ocrx_word' id='word_1_197' title='bbox 603 2191 776 2220; x_wconf 87' lang='lat' dir='ltr'>collationis</span> <span class='ocrx_word' id='word_1_198' title='bbox 794 2192 885 2220; x_wconf 86' lang='lat' dir='ltr'>rotuli</span> <span class='ocrx_word' id='word_1_199' title='bbox 904 2192 990 2221; x_wconf 88' lang='lat' dir='ltr'>missi</span> <span class='ocrx_word' id='word_1_200' title='bbox 1009 2193 1038 2220; x_wconf 94' lang='lat' dir='ltr'>in</span> <span class='ocrx_word' id='word_1_201' title='bbox 1051 2192 1186 2231; x_wconf 88' lang='lat' dir='ltr'>jocunda</span> <span class='ocrx_word' id='word_1_202' title='bbox 1201 2194 1355 2223; x_wconf 87' lang='lat' dir='ltr'>creatione</span> 
     </span>
     <span class='ocr_line' id='line_1_36' title="bbox 452 2240 1355 2279; baseline 0.003 -11"><span class='ocrx_word' id='word_1_203' title='bbox 452 2240 569 2269; x_wconf 84' lang='lat' dir='ltr'>Urbani</span> <span class='ocrx_word' id='word_1_204' title='bbox 585 2240 683 2278; x_wconf 91' lang='lat' dir='ltr'>quinti</span> <span class='ocrx_word' id='word_1_205' title='bbox 698 2240 806 2268; x_wconf 89' lang='lat' dir='ltr'>summi</span> <span class='ocrx_word' id='word_1_206' title='bbox 823 2240 989 2278; x_wconf 84' lang='lat' dir='ltr'>pontificis,</span> <span class='ocrx_word' id='word_1_207' title='bbox 1007 2251 1065 2279; x_wconf 91' lang='lat' dir='ltr'>que</span> <span class='ocrx_word' id='word_1_208' title='bbox 1081 2247 1152 2270; x_wconf 85' lang='lat' dir='ltr'>tunc</span> <span class='ocrx_word' id='word_1_209' title='bbox 1170 2241 1201 2270; x_wconf 91' lang='lat' dir='ltr'>in</span> <span class='ocrx_word' id='word_1_210' title='bbox 1215 2242 1355 2271; x_wconf 84' lang='lat' dir='ltr'>facultate</span> 
     </span>
     <span class='ocr_line' id='line_1_37' title="bbox 451 2288 1357 2329; baseline 0.003 -12"><span class='ocrx_word' id='word_1_211' title='bbox 451 2295 480 2318; x_wconf 92' lang='lat' dir='ltr'>et</span> <span class='ocrx_word' id='word_1_212' title='bbox 509 2295 616 2327; x_wconf 87' lang='lat' dir='ltr'>postea</span> <span class='ocrx_word' id='word_1_213' title='bbox 639 2289 669 2317; x_wconf 92' lang='lat' dir='ltr'>in</span> <span class='ocrx_word' id='word_1_214' title='bbox 695 2288 901 2318; x_wconf 87' lang='lat' dir='ltr'>Universitate</span> <span class='ocrx_word' id='word_1_215' title='bbox 926 2296 1068 2328; x_wconf 82' lang='lat' dir='ltr'>tanquam</span> <span class='ocrx_word' id='word_1_216' title='bbox 1093 2290 1237 2329; x_wconf 87' lang='lat' dir='ltr'>rigorosa</span> <span class='ocrx_word' id='word_1_217' title='bbox 1259 2292 1357 2320; x_wconf 81' lang='lat' dir='ltr'>fuerat</span> 
     </span>
     <span class='ocr_line' id='line_1_38' title="bbox 452 2348 608 2366; baseline 0 0"><span class='ocrx_word' id='word_1_218' title='bbox 452 2348 608 2366; x_wconf 82' lang='lat' dir='ltr'>concessa.</span> 
     </span>
    </p>

    <p class='ocr_par' dir='ltr' id='par_1_11' title="bbox 452 2386 1357 2621">
     <span class='ocr_line' id='line_1_39' title="bbox 492 2386 1356 2428; baseline 0.006 -14"><span class='ocrx_word' id='word_1_219' title='bbox 492 2386 565 2415; x_wconf 91' lang='lat' dir='ltr'>Item</span> <span class='ocrx_word' id='word_1_220' title='bbox 594 2386 623 2414; x_wconf 88' lang='lat' dir='ltr'>in</span> <span class='ocrx_word' id='word_1_221' title='bbox 641 2387 744 2415; x_wconf 79' lang='lat' dir='ltr'>eadem</span> <span class='ocrx_word' id='word_1_222' title='bbox 774 2388 989 2425; x_wconf 83' lang='lat' dir='ltr'>procuratione</span> <span class='ocrx_word' id='word_1_223' title='bbox 1015 2389 1091 2417; x_wconf 84' lang='lat' dir='ltr'>facta</span> <span class='ocrx_word' id='word_1_224' title='bbox 1115 2389 1356 2428; x_wconf 86' lang='lat' dir='ltr'>congregatione</span> 
     </span>
     <span class='ocr_line' id='line_1_40' title="bbox 452 2435 1356 2478; baseline 0.004 -15"><span class='ocrx_word' id='word_1_225' title='bbox 452 2435 590 2464; x_wconf 87' lang='lat' dir='ltr'>nacionis</span> <span class='ocrx_word' id='word_1_226' title='bbox 602 2436 682 2474; x_wconf 90' lang='lat' dir='ltr'>apud</span> <span class='ocrx_word' id='word_1_227' title='bbox 696 2435 837 2464; x_wconf 84' lang='lat' dir='ltr'>Sanctum</span> <span class='ocrx_word' id='word_1_228' title='bbox 849 2436 1001 2465; x_wconf 89' lang='lat' dir='ltr'>Julianum</span> <span class='ocrx_word' id='word_1_229' title='bbox 1015 2447 1181 2476; x_wconf 87' lang='lat' dir='ltr'>pauperem</span> <span class='ocrx_word' id='word_1_230' title='bbox 1193 2439 1229 2466; x_wconf 91' lang='lat' dir='ltr'>ad</span> <span class='ocrx_word' id='word_1_231' title='bbox 1241 2438 1356 2478; x_wconf 84' lang='lat' dir='ltr'>eligen-</span> 
     </span>
     <span class='ocr_line' id='line_1_41' title="bbox 453 2483 1356 2519; baseline 0.006 -8"><span class='ocrx_word' id='word_1_232' title='bbox 453 2485 523 2512; x_wconf 90' lang='lat' dir='ltr'>dum</span> <span class='ocrx_word' id='word_1_233' title='bbox 549 2483 723 2519; x_wconf 82' lang='lat' dir='ltr'>officiarios,</span> <span class='ocrx_word' id='word_1_234' title='bbox 745 2485 859 2513; x_wconf 85' lang='lat' dir='ltr'>electus</span> <span class='ocrx_word' id='word_1_235' title='bbox 881 2485 935 2514; x_wconf 87' lang='lat' dir='ltr'>suit</span> <span class='ocrx_word' id='word_1_236' title='bbox 954 2486 983 2513; x_wconf 94' lang='lat' dir='ltr'>in</span> <span class='ocrx_word' id='word_1_237' title='bbox 1007 2486 1243 2515; x_wconf 86' lang='lat' dir='ltr'>examinatorem</span> <span class='ocrx_word' id='word_1_238' title='bbox 1263 2487 1356 2516; x_wconf 87' lang='lat' dir='ltr'>licen—</span> 
     </span>
     <span class='ocr_line' id='line_1_42' title="bbox 457 2533 1357 2574; baseline 0.006 -14"><span class='ocrx_word' id='word_1_239' title='bbox 457 2533 633 2561; x_wconf 85' lang='lat' dir='ltr'>siandorum</span> <span class='ocrx_word' id='word_1_240' title='bbox 649 2534 729 2572; x_wconf 93' lang='lat' dir='ltr'>apud</span> <span class='ocrx_word' id='word_1_241' title='bbox 749 2533 888 2562; x_wconf 80' lang='lat' dir='ltr'>Sanctam</span> <span class='ocrx_word' id='word_1_242' title='bbox 910 2533 1094 2563; x_wconf 84' lang='lat' dir='ltr'>Genofevam</span> <span class='ocrx_word' id='word_1_243' title='bbox 1110 2535 1258 2574; x_wconf 85' lang='lat' dir='ltr'>magister</span> <span class='ocrx_word' id='word_1_244' title='bbox 1272 2536 1357 2565; x_wconf 87' lang='lat' dir='ltr'>Mar-</span> 
     </span>
     <span class='ocr_line' id='line_1_43' title="bbox 454 2581 750 2621; baseline 0.003 -12"><span class='ocrx_word' id='word_1_245' title='bbox 454 2581 549 2610; x_wconf 87' lang='lat' dir='ltr'>celius</span> <span class='ocrx_word' id='word_1_246' title='bbox 566 2582 602 2610; x_wconf 90' lang='lat' dir='ltr'>de</span> <span class='ocrx_word' id='word_1_247' title='bbox 622 2582 750 2621; x_wconf 87' lang='lat' dir='ltr'>Inghen.</span> 
     </span>
    </p>

    <p class='ocr_par' dir='ltr' id='par_1_12' title="bbox 454 2630 1357 2815">
     <span class='ocr_line' id='line_1_44' title="bbox 496 2630 1357 2662; baseline 0.007 -5"><span class='ocrx_word' id='word_1_248' title='bbox 496 2630 569 2658; x_wconf 91' lang='lat' dir='ltr'>Item</span> <span class='ocrx_word' id='word_1_249' title='bbox 587 2630 698 2658; x_wconf 82' lang='lat' dir='ltr'>ibidem</span> <span class='ocrx_word' id='word_1_250' title='bbox 718 2631 839 2659; x_wconf 85' lang='lat' dir='ltr'>fuerunt</span> <span class='ocrx_word' id='word_1_251' title='bbox 860 2631 946 2660; x_wconf 89' lang='lat' dir='ltr'>electi</span> <span class='ocrx_word' id='word_1_252' title='bbox 966 2632 995 2660; x_wconf 92' lang='lat' dir='ltr'>in</span> <span class='ocrx_word' id='word_1_253' title='bbox 1016 2632 1239 2662; x_wconf 87' lang='lat' dir='ltr'>examinatores</span> <span class='ocrx_word' id='word_1_254' title='bbox 1254 2634 1357 2662; x_wconf 92' lang='lat' dir='ltr'>deter-</span> 
     </span>
     <span class='ocr_line' id='line_1_45' title="bbox 456 2678 1357 2721; baseline 0.007 -16"><span class='ocrx_word' id='word_1_255' title='bbox 456 2678 640 2707; x_wconf 86' lang='lat' dir='ltr'>minancium</span> <span class='ocrx_word' id='word_1_256' title='bbox 656 2679 803 2718; x_wconf 88' lang='lat' dir='ltr'>magister</span> <span class='ocrx_word' id='word_1_257' title='bbox 823 2679 1005 2709; x_wconf 84' lang='lat' dir='ltr'>Guillelmus</span> <span class='ocrx_word' id='word_1_258' title='bbox 1024 2681 1124 2709; x_wconf 82' lang='lat' dir='ltr'>Buzer</span> <span class='ocrx_word' id='word_1_259' title='bbox 1141 2682 1193 2720; x_wconf 89' lang='lat' dir='ltr'>qui</span> <span class='ocrx_word' id='word_1_260' title='bbox 1211 2692 1268 2721; x_wconf 90' lang='lat' dir='ltr'>pro</span> <span class='ocrx_word' id='word_1_261' title='bbox 1285 2689 1357 2711; x_wconf 92' lang='lat' dir='ltr'>tunc</span> 
     </span>
     <span class='ocr_line' id='line_1_46' title="bbox 454 2727 1355 2769; baseline 0.006 -15"><span class='ocrx_word' id='word_1_262' title='bbox 454 2732 555 2754; x_wconf 86' lang='lat' dir='ltr'>rector</span> <span class='ocrx_word' id='word_1_263' title='bbox 565 2727 782 2756; x_wconf 86' lang='lat' dir='ltr'>Universitatis</span> <span class='ocrx_word' id='word_1_264' title='bbox 796 2729 903 2762; x_wconf 82' lang='lat' dir='ltr'>fuerat,</span> <span class='ocrx_word' id='word_1_265' title='bbox 917 2729 1226 2768; x_wconf 85' lang='lat' dir='ltr'>magisterJohannes</span> <span class='ocrx_word' id='word_1_266' title='bbox 1241 2730 1355 2769; x_wconf 88' lang='lat' dir='ltr'>Scalpi,</span> 
     </span>
     <span class='ocr_line' id='line_1_47' title="bbox 455 2775 935 2815; baseline 0.006 -13"><span class='ocrx_word' id='word_1_267' title='bbox 455 2781 483 2802; x_wconf 89' lang='lat' dir='ltr'>et</span> <span class='ocrx_word' id='word_1_268' title='bbox 496 2775 641 2813; x_wconf 87' lang='lat' dir='ltr'>magister</span> <span class='ocrx_word' id='word_1_269' title='bbox 653 2776 807 2805; x_wconf 85' lang='lat' dir='ltr'>Johannes</span> <span class='ocrx_word' id='word_1_270' title='bbox 824 2777 935 2815; x_wconf 83' lang='lat' dir='ltr'>Proys.</span> 
     </span>
    </p>

    <p class='ocr_par' dir='ltr' id='par_1_13' title="bbox 456 2823 1357 2963">
     <span class='ocr_line' id='line_1_48' title="bbox 497 2823 1357 2867; baseline 0.008 -17"><span class='ocrx_word' id='word_1_271' title='bbox 497 2823 569 2850; x_wconf 85' lang='lat' dir='ltr'>Item</span> <span class='ocrx_word' id='word_1_272' title='bbox 594 2824 667 2852; x_wconf 81' lang='lat' dir='ltr'>facta</span> <span class='ocrx_word' id='word_1_273' title='bbox 688 2824 737 2852; x_wconf 89' lang='lat' dir='ltr'>illa</span> <span class='ocrx_word' id='word_1_274' title='bbox 764 2826 1003 2864; x_wconf 87' lang='lat' dir='ltr'>congregatione</span> <span class='ocrx_word' id='word_1_275' title='bbox 1027 2827 1219 2856; x_wconf 86' lang='lat' dir='ltr'>intraverunt</span> <span class='ocrx_word' id='word_1_276' title='bbox 1242 2828 1357 2867; x_wconf 89' lang='lat' dir='ltr'>singuli</span> 
     </span>
     <span class='ocr_line' id='line_1_49' title="bbox 456 2871 1355 2912; baseline 0.007 -14"><span class='ocrx_word' id='word_1_277' title='bbox 456 2871 594 2909; x_wconf 83' lang='lat' dir='ltr'>magistri</span> <span class='ocrx_word' id='word_1_278' title='bbox 608 2872 738 2901; x_wconf 77' lang='lat' dir='ltr'>nationis</span> <span class='ocrx_word' id='word_1_279' title='bbox 752 2875 907 2902; x_wconf 79' lang='lat' dir='ltr'>tabernam</span> <span class='ocrx_word' id='word_1_280' title='bbox 922 2875 959 2902; x_wconf 87' lang='lat' dir='ltr'>ad</span> <span class='ocrx_word' id='word_1_281' title='bbox 968 2877 1129 2912; x_wconf 79' lang='lat' dir='ltr'>pallalium</span> <span class='ocrx_word' id='word_1_282' title='bbox 1142 2878 1355 2911; x_wconf 74' lang='grc' dir='ltr'>Τενιηὶιιονιιηι,</span> 
     </span>
     <span class='ocr_line' id='line_1_50' title="bbox 456 2922 1357 2963; baseline 0.008 -16"><span class='ocrx_word' id='word_1_283' title='bbox 456 2925 484 2947; x_wconf 86' lang='lat' dir='ltr'>et</span> <span class='ocrx_word' id='word_1_284' title='bbox 509 2928 766 2958; x_wconf 73' lang='lat' dir='ltr'>consumpserunt</span> <span class='ocrx_word' id='word_1_285' title='bbox 788 2922 900 2950; x_wconf 89' lang='lat' dir='ltr'>ibidem</span> <span class='ocrx_word' id='word_1_286' title='bbox 921 2923 1041 2958; x_wconf 82' lang='lat' dir='ltr'>XXXV,</span> <span class='ocrx_word' id='word_1_287' title='bbox 1068 2924 1105 2952; x_wconf 91' lang='lat' dir='ltr'>de</span> <span class='ocrx_word' id='word_1_288' title='bbox 1130 2925 1242 2963; x_wconf 90' lang='lat' dir='ltr'>quibus</span> <span class='ocrx_word' id='word_1_289' title='bbox 1266 2925 1357 2954; x_wconf 90' lang='lat' dir='ltr'>solvit</span> 
     </span>
    </p>
   </div>
   <div class='ocr_carea' id='block_1_6' title="bbox 1385 926 1418 952">
    <p class='ocr_par' dir='ltr' id='par_1_14' title="bbox 1385 926 1418 952">
     <span class='ocr_line' id='line_1_51' title="bbox 1385 926 1418 952; baseline 0.03 -1"><span class='ocrx_word' id='word_1_290' title='bbox 1385 926 1418 952; x_wconf 85' lang='lat'>10</span> 
     </span>
    </p>
   </div>
   <div class='ocr_carea' id='block_1_7' title="bbox 1387 1171 1420 1196">
    <p class='ocr_par' dir='ltr' id='par_1_15' title="bbox 1387 1171 1420 1196">
     <span class='ocr_line' id='line_1_52' title="bbox 1387 1171 1420 1196; baseline 0 0"><span class='ocrx_word' id='word_1_291' title='bbox 1387 1171 1420 1196; x_wconf 91' lang='grc'>15</span> 
     </span>
    </p>
   </div>
   <div class='ocr_carea' id='block_1_8' title="bbox 1389 1416 1422 1442">
    <p class='ocr_par' dir='ltr' id='par_1_16' title="bbox 1389 1416 1422 1442">
     <span class='ocr_line' id='line_1_53' title="bbox 1389 1416 1422 1442; baseline 0.03 -1"><span class='ocrx_word' id='word_1_292' title='bbox 1389 1416 1422 1442; x_wconf 83' lang='grc'>20</span> 
     </span>
    </p>
   </div>
   <div class='ocr_carea' id='block_1_9' title="bbox 1391 1660 1424 1685">
    <p class='ocr_par' dir='ltr' id='par_1_17' title="bbox 1391 1660 1424 1685">
     <span class='ocr_line' id='line_1_54' title="bbox 1391 1660 1424 1685; baseline 0 0"><span class='ocrx_word' id='word_1_293' title='bbox 1391 1660 1424 1685; x_wconf 82' lang='grc'>25</span> 
     </span>
    </p>
   </div>
   <div class='ocr_carea' id='block_1_10' title="bbox 1392 1905 1426 1931">
    <p class='ocr_par' dir='ltr' id='par_1_18' title="bbox 1392 1905 1426 1931">
     <span class='ocr_line' id='line_1_55' title="bbox 1392 1905 1426 1931; baseline 0 0"><span class='ocrx_word' id='word_1_294' title='bbox 1392 1905 1426 1931; x_wconf 88' lang='grc'>30</span> 
     </span>
    </p>
   </div>
   <div class='ocr_carea' id='block_1_11' title="bbox 1393 2150 1426 2176">
    <p class='ocr_par' dir='ltr' id='par_1_19' title="bbox 1393 2150 1426 2176">
     <span class='ocr_line' id='line_1_56' title="bbox 1393 2150 1426 2176; baseline -0.03 0"><span class='ocrx_word' id='word_1_295' title='bbox 1393 2150 1426 2176; x_wconf 84' lang='grc'>35</span> 
     </span>
    </p>
   </div>
   <div class='ocr_carea' id='block_1_12' title="bbox 1394 2394 1427 2420">
    <p class='ocr_par' dir='ltr' id='par_1_20' title="bbox 1394 2394 1427 2420">
     <span class='ocr_line' id='line_1_57' title="bbox 1394 2394 1427 2420; baseline 0.03 -1"><span class='ocrx_word' id='word_1_296' title='bbox 1394 2394 1427 2420; x_wconf 79' lang='lat'>40</span> 
     </span>
    </p>
   </div>
   <div class='ocr_carea' id='block_1_13' title="bbox 1395 2881 1429 2907">
    <p class='ocr_par' dir='ltr' id='par_1_21' title="bbox 1395 2881 1429 2907">
     <span class='ocr_line' id='line_1_58' title="bbox 1395 2881 1429 2907; baseline 0.029 -1"><span class='ocrx_word' id='word_1_297' title='bbox 1395 2881 1429 2907; x_wconf 87' lang='lat'>50</span> 
     </span>
    </p>
   </div>
   <div class='ocr_carea' id='block_1_14' title="bbox 1453 479 2364 568">
    <p class='ocr_par' dir='ltr' id='par_1_22' title="bbox 1453 479 2364 568">
     <span class='ocr_line' id='line_1_59' title="bbox 1453 479 2364 519; baseline 0.003 -11"><span class='ocrx_word' id='word_1_298' title='bbox 1453 480 1601 519; x_wconf 87' lang='lat' dir='ltr'>magister</span> <span class='ocrx_word' id='word_1_299' title='bbox 1617 479 1776 508; x_wconf 88' lang='lat' dir='ltr'>Marcilius</span> <span class='ocrx_word' id='word_1_300' title='bbox 1794 489 1887 508; x_wconf 90' lang='lat' dir='ltr'>unum</span> <span class='ocrx_word' id='word_1_301' title='bbox 1905 479 2053 508; x_wconf 79' lang='lat' dir='ltr'>florenum</span> <span class='ocrx_word' id='word_1_302' title='bbox 2069 480 2108 509; x_wconf 89' lang='lat' dir='ltr'>de</span> <span class='ocrx_word' id='word_1_303' title='bbox 2125 479 2181 509; x_wconf 89' lang='lat' dir='ltr'>XV</span> <span class='ocrx_word' id='word_1_304' title='bbox 2195 480 2317 517; x_wconf 82' lang='lat' dir='ltr'>solidis,</span> <span class='ocrx_word' id='word_1_305' title='bbox 2332 487 2364 511; x_wconf 87' lang='lat' dir='ltr'>et</span> 
     </span>
     <span class='ocr_line' id='line_1_60' title="bbox 1454 527 1812 568; baseline -0.003 -10"><span class='ocrx_word' id='word_1_306' title='bbox 1454 535 1597 568; x_wconf 89' lang='lat' dir='ltr'>receptor</span> <span class='ocrx_word' id='word_1_307' title='bbox 1612 528 1667 557; x_wconf 91' lang='lat' dir='ltr'>XX</span> <span class='ocrx_word' id='word_1_308' title='bbox 1683 527 1812 557; x_wconf 88' lang='lat' dir='ltr'>solidos.</span> 
     </span>
    </p>
   </div>
   <div class='ocr_carea' id='block_1_15' title="bbox 1454 626 2379 2964">
    <p class='ocr_par' dir='ltr' id='par_1_23' title="bbox 1454 626 2364 812">
     <span class='ocr_line' id='line_1_61' title="bbox 1493 626 2363 665; baseline 0.002 -10"><span class='ocrx_word' id='word_1_309' title='bbox 1493 627 1584 655; x_wconf 93' lang='lat' dir='ltr'>Anno</span> <span class='ocrx_word' id='word_1_310' title='bbox 1597 632 1629 655; x_wconf 93' lang='lat' dir='ltr'>ut</span> <span class='ocrx_word' id='word_1_311' title='bbox 1638 636 1743 665; x_wconf 88' lang='lat' dir='ltr'>supra,</span> <span class='ocrx_word' id='word_1_312' title='bbox 1755 626 1782 655; x_wconf 91' lang='lat' dir='ltr'>X</span> <span class='ocrx_word' id='word_1_313' title='bbox 1794 626 1843 655; x_wconf 92' lang='lat' dir='ltr'>die</span> <span class='ocrx_word' id='word_1_314' title='bbox 1853 627 1968 656; x_wconf 85' lang='lat' dir='ltr'>mensis</span> <span class='ocrx_word' id='word_1_315' title='bbox 1982 626 2157 663; x_wconf 82' lang='lat' dir='ltr'>Februarii,</span> <span class='ocrx_word' id='word_1_316' title='bbox 2167 627 2363 658; x_wconf 76' lang='lat' dir='ltr'>continuatus</span> 
     </span>
     <span class='ocr_line' id='line_1_62' title="bbox 1455 674 2364 716; baseline 0.002 -12"><span class='ocrx_word' id='word_1_317' title='bbox 1455 676 1512 704; x_wconf 88' lang='lat' dir='ltr'>fuit</span> <span class='ocrx_word' id='word_1_318' title='bbox 1529 675 1677 714; x_wconf 88' lang='lat' dir='ltr'>magister</span> <span class='ocrx_word' id='word_1_319' title='bbox 1699 674 1925 714; x_wconf 81' lang='lat' dir='ltr'>Ghyselbertus</span> <span class='ocrx_word' id='word_1_320' title='bbox 1946 675 2007 706; x_wconf 73' lang='lat' dir='ltr'>Bfit</span> <span class='ocrx_word' id='word_1_321' title='bbox 2021 676 2106 705; x_wconf 90' lang='lat' dir='ltr'>nullo</span> <span class='ocrx_word' id='word_1_322' title='bbox 2125 676 2249 716; x_wconf 81' lang='lat' dir='ltr'>penitus</span> <span class='ocrx_word' id='word_1_323' title='bbox 2264 677 2364 706; x_wconf 85' lang='lat' dir='ltr'>recla-</span> 
     </span>
     <span class='ocr_line' id='line_1_63' title="bbox 1454 723 2364 766; baseline 0.002 -13"><span class='ocrx_word' id='word_1_324' title='bbox 1454 731 1570 759; x_wconf 87' lang='lat' dir='ltr'>mante,</span> <span class='ocrx_word' id='word_1_325' title='bbox 1599 724 1630 753; x_wconf 94' lang='lat' dir='ltr'>in</span> <span class='ocrx_word' id='word_1_326' title='bbox 1662 723 1749 763; x_wconf 88' lang='lat' dir='ltr'>cujus</span> <span class='ocrx_word' id='word_1_327' title='bbox 1775 725 1993 763; x_wconf 83' lang='lat' dir='ltr'>procuratione</span> <span class='ocrx_word' id='word_1_328' title='bbox 2017 726 2094 754; x_wconf 82' lang='lat' dir='ltr'>sacta</span> <span class='ocrx_word' id='word_1_329' title='bbox 2121 731 2193 755; x_wconf 84' lang='lat' dir='ltr'>sunt</span> <span class='ocrx_word' id='word_1_330' title='bbox 2219 725 2275 755; x_wconf 87' lang='lat' dir='ltr'>hec</span> <span class='ocrx_word' id='word_1_331' title='bbox 2303 736 2364 766; x_wconf 91' lang='lat' dir='ltr'>que</span> 
     </span>
     <span class='ocr_line' id='line_1_64' title="bbox 1456 780 1639 812; baseline 0 -10"><span class='ocrx_word' id='word_1_332' title='bbox 1456 780 1639 812; x_wconf 87' lang='lat' dir='ltr'>sequuntur.</span> 
     </span>
    </p>

    <p class='ocr_par' dir='ltr' id='par_1_24' title="bbox 1455 823 2367 1008">
     <span class='ocr_line' id='line_1_65' title="bbox 1497 823 2366 864; baseline 0.001 -13"><span class='ocrx_word' id='word_1_333' title='bbox 1497 823 1602 852; x_wconf 91' lang='lat' dir='ltr'>Primo</span> <span class='ocrx_word' id='word_1_334' title='bbox 1627 823 1813 862; x_wconf 87' lang='lat' dir='ltr'>computavit</span> <span class='ocrx_word' id='word_1_335' title='bbox 1837 823 1980 853; x_wconf 89' lang='lat' dir='ltr'>dominus</span> <span class='ocrx_word' id='word_1_336' title='bbox 2011 830 2156 864; x_wconf 89' lang='lat' dir='ltr'>receptor</span> <span class='ocrx_word' id='word_1_337' title='bbox 2189 824 2250 858; x_wconf 80' lang='lat' dir='ltr'>sic,</span> <span class='ocrx_word' id='word_1_338' title='bbox 2282 824 2366 864; x_wconf 88' lang='lat' dir='ltr'>quod</span> 
     </span>
     <span class='ocr_line' id='line_1_66' title="bbox 1456 871 2367 912; baseline 0.002 -12"><span class='ocrx_word' id='word_1_339' title='bbox 1456 872 1538 901; x_wconf 88' lang='lat' dir='ltr'>natio</span> <span class='ocrx_word' id='word_1_340' title='bbox 1554 871 1702 900; x_wconf 83' lang='lat' dir='ltr'>remansit</span> <span class='ocrx_word' id='word_1_341' title='bbox 1717 871 1777 900; x_wconf 90' lang='lat' dir='ltr'>sibi</span> <span class='ocrx_word' id='word_1_342' title='bbox 1793 871 1929 912; x_wconf 82' lang='lat' dir='ltr'>obligata</span> <span class='ocrx_word' id='word_1_343' title='bbox 1939 873 1970 901; x_wconf 93' lang='lat' dir='ltr'>in</span> <span class='ocrx_word' id='word_1_344' title='bbox 1984 872 2010 901; x_wconf 93' lang='lat' dir='ltr'>V</span> <span class='ocrx_word' id='word_1_345' title='bbox 2025 873 2126 908; x_wconf 84' lang='lat' dir='ltr'>libris,</span> <span class='ocrx_word' id='word_1_346' title='bbox 2138 872 2194 902; x_wconf 92' lang='lat' dir='ltr'>XV</span> <span class='ocrx_word' id='word_1_347' title='bbox 2207 872 2318 902; x_wconf 86' lang='lat' dir='ltr'>solidis</span> <span class='ocrx_word' id='word_1_348' title='bbox 2336 878 2367 902; x_wconf 86' lang='lat' dir='ltr'>et</span> 
     </span>
     <span class='ocr_line' id='line_1_67' title="bbox 1455 919 2365 961; baseline 0.001 -11"><span class='ocrx_word' id='word_1_349' title='bbox 1455 921 1482 950; x_wconf 93' lang='lat' dir='ltr'>X</span> <span class='ocrx_word' id='word_1_350' title='bbox 1500 920 1648 955; x_wconf 89' lang='lat' dir='ltr'>denariis,</span> <span class='ocrx_word' id='word_1_351' title='bbox 1665 919 1752 958; x_wconf 76' lang='lat' dir='ltr'>cujus</span> <span class='ocrx_word' id='word_1_352' title='bbox 1769 927 1929 960; x_wconf 85' lang='lat' dir='ltr'>compotus</span> <span class='ocrx_word' id='word_1_353' title='bbox 1948 927 2013 950; x_wconf 84' lang='lat' dir='ltr'>erat</span> <span class='ocrx_word' id='word_1_354' title='bbox 2024 931 2082 961; x_wconf 90' lang='lat' dir='ltr'>per</span> <span class='ocrx_word' id='word_1_355' title='bbox 2094 932 2202 951; x_wconf 84' lang='lat' dir='ltr'>omnes</span> <span class='ocrx_word' id='word_1_356' title='bbox 2215 922 2365 961; x_wconf 86' lang='lat' dir='ltr'>approba-</span> 
     </span>
     <span class='ocr_line' id='line_1_68' title="bbox 1456 969 1962 1008; baseline 0 -9"><span class='ocrx_word' id='word_1_357' title='bbox 1456 976 1505 999; x_wconf 86' lang='lat' dir='ltr'>tus</span> <span class='ocrx_word' id='word_1_358' title='bbox 1523 969 1608 998; x_wconf 92' lang='lat' dir='ltr'>nullo</span> <span class='ocrx_word' id='word_1_359' title='bbox 1626 969 1749 1008; x_wconf 88' lang='lat' dir='ltr'>penitus</span> <span class='ocrx_word' id='word_1_360' title='bbox 1766 969 1962 999; x_wconf 86' lang='lat' dir='ltr'>reclamante.</span> 
     </span>
    </p>

    <p class='ocr_par' dir='ltr' id='par_1_25' title="bbox 1457 1018 2366 1156">
     <span class='ocr_line' id='line_1_69' title="bbox 1498 1018 2366 1049; baseline 0.001 -2"><span class='ocrx_word' id='word_1_361' title='bbox 1498 1019 1572 1047; x_wconf 87' lang='lat' dir='ltr'>Item</span> <span class='ocrx_word' id='word_1_362' title='bbox 1595 1018 1626 1047; x_wconf 90' lang='lat' dir='ltr'>in</span> <span class='ocrx_word' id='word_1_363' title='bbox 1656 1019 1761 1047; x_wconf 89' lang='lat' dir='ltr'>eadem</span> <span class='ocrx_word' id='word_1_364' title='bbox 1793 1019 2009 1049; x_wconf 85' lang='lat' dir='ltr'>determinavit</span> <span class='ocrx_word' id='word_1_365' title='bbox 2039 1020 2182 1049; x_wconf 84' lang='lat' dir='ltr'>dominus</span> <span class='ocrx_word' id='word_1_366' title='bbox 2209 1019 2366 1049; x_wconf 84' lang='lat' dir='ltr'>Johannes</span> 
     </span>
     <span class='ocr_line' id='line_1_70' title="bbox 1457 1067 2366 1108; baseline 0.001 -12"><span class='ocrx_word' id='word_1_367' title='bbox 1457 1067 1533 1097; x_wconf 90' lang='lat' dir='ltr'>Colc</span> <span class='ocrx_word' id='word_1_368' title='bbox 1565 1068 1655 1107; x_wconf 92' lang='lat' dir='ltr'>dyoc.</span> <span class='ocrx_word' id='word_1_369' title='bbox 1685 1067 1846 1097; x_wconf 90' lang='lat' dir='ltr'>Colonien.</span> <span class='ocrx_word' id='word_1_370' title='bbox 1881 1069 1938 1097; x_wconf 86' lang='lat' dir='ltr'>suh</span> <span class='ocrx_word' id='word_1_371' title='bbox 1970 1069 2118 1108; x_wconf 87' lang='lat' dir='ltr'>magistro</span> <span class='ocrx_word' id='word_1_372' title='bbox 2154 1068 2295 1098; x_wconf 86' lang='lat' dir='ltr'>Marcilio</span> <span class='ocrx_word' id='word_1_373' title='bbox 2327 1068 2366 1097; x_wconf 90' lang='lat' dir='ltr'>de</span> 
     </span>
     <span class='ocr_line' id='line_1_71' title="bbox 1458 1115 1962 1156; baseline 0.002 -11"><span class='ocrx_word' id='word_1_374' title='bbox 1458 1116 1588 1156; x_wconf 86' lang='lat' dir='ltr'>Inghen,</span> <span class='ocrx_word' id='word_1_375' title='bbox 1607 1115 1694 1155; x_wconf 89' lang='lat' dir='ltr'>cujus</span> <span class='ocrx_word' id='word_1_376' title='bbox 1707 1118 1801 1146; x_wconf 85' lang='lat' dir='ltr'>bursa</span> <span class='ocrx_word' id='word_1_377' title='bbox 1817 1117 1845 1146; x_wconf 92' lang='lat' dir='ltr'>X</span> <span class='ocrx_word' id='word_1_378' title='bbox 1858 1117 1962 1146; x_wconf 90' lang='lat' dir='ltr'>solidi.</span> 
     </span>
    </p>

    <p class='ocr_par' dir='ltr' id='par_1_26' title="bbox 1458 1165 2366 1303">
     <span class='ocr_line' id='line_1_72' title="bbox 1499 1165 2366 1205; baseline 0 -11"><span class='ocrx_word' id='word_1_379' title='bbox 1499 1166 1572 1195; x_wconf 88' lang='lat' dir='ltr'>Item</span> <span class='ocrx_word' id='word_1_380' title='bbox 1601 1165 1816 1195; x_wconf 88' lang='lat' dir='ltr'>determinavit</span> <span class='ocrx_word' id='word_1_381' title='bbox 1845 1166 1987 1196; x_wconf 86' lang='lat' dir='ltr'>dominus</span> <span class='ocrx_word' id='word_1_382' title='bbox 2013 1166 2190 1205; x_wconf 87' lang='lat' dir='ltr'>Heynricus</span> <span class='ocrx_word' id='word_1_383' title='bbox 2217 1165 2366 1205; x_wconf 86' lang='lat' dir='ltr'>Heynrici</span> 
     </span>
     <span class='ocr_line' id='line_1_73' title="bbox 1458 1214 2365 1255; baseline 0.001 -12"><span class='ocrx_word' id='word_1_384' title='bbox 1458 1215 1548 1254; x_wconf 86' lang='lat' dir='ltr'>dyoc.</span> <span class='ocrx_word' id='word_1_385' title='bbox 1574 1214 1737 1244; x_wconf 90' lang='lat' dir='ltr'>Colonien.</span> <span class='ocrx_word' id='word_1_386' title='bbox 1760 1216 1817 1244; x_wconf 93' lang='lat' dir='ltr'>sub</span> <span class='ocrx_word' id='word_1_387' title='bbox 1840 1215 1988 1255; x_wconf 84' lang='lat' dir='ltr'>magistro</span> <span class='ocrx_word' id='word_1_388' title='bbox 2011 1215 2152 1244; x_wconf 88' lang='lat' dir='ltr'>Marcilio</span> <span class='ocrx_word' id='word_1_389' title='bbox 2174 1216 2212 1244; x_wconf 86' lang='lat' dir='ltr'>de</span> <span class='ocrx_word' id='word_1_390' title='bbox 2235 1214 2365 1254; x_wconf 82' lang='lat' dir='ltr'>lnghen,</span> 
     </span>
     <span class='ocr_line' id='line_1_74' title="bbox 1459 1262 1813 1303; baseline -0.003 -10"><span class='ocrx_word' id='word_1_391' title='bbox 1459 1262 1545 1303; x_wconf 89' lang='lat' dir='ltr'>cujus</span> <span class='ocrx_word' id='word_1_392' title='bbox 1561 1264 1655 1293; x_wconf 88' lang='lat' dir='ltr'>bursa</span> <span class='ocrx_word' id='word_1_393' title='bbox 1667 1263 1694 1292; x_wconf 93' lang='lat' dir='ltr'>X</span> <span class='ocrx_word' id='word_1_394' title='bbox 1709 1263 1813 1292; x_wconf 85' lang='lat' dir='ltr'>solidi.</span> 
     </span>
    </p>

    <p class='ocr_par' dir='ltr' id='par_1_27' title="bbox 1459 1311 2368 1450">
     <span class='ocr_line' id='line_1_75' title="bbox 1500 1311 2368 1342; baseline -0.001 -1"><span class='ocrx_word' id='word_1_395' title='bbox 1500 1313 1575 1342; x_wconf 92' lang='lat' dir='ltr'>Item</span> <span class='ocrx_word' id='word_1_396' title='bbox 1588 1312 1804 1342; x_wconf 86' lang='lat' dir='ltr'>determinavit</span> <span class='ocrx_word' id='word_1_397' title='bbox 1822 1312 1965 1342; x_wconf 90' lang='lat' dir='ltr'>dominus</span> <span class='ocrx_word' id='word_1_398' title='bbox 1985 1312 2144 1342; x_wconf 86' lang='lat' dir='ltr'>Arnoldus</span> <span class='ocrx_word' id='word_1_399' title='bbox 2163 1313 2264 1342; x_wconf 87' lang='lat' dir='ltr'>dictus</span> <span class='ocrx_word' id='word_1_400' title='bbox 2283 1311 2368 1342; x_wconf 77' lang='lat' dir='ltr'>Neve</span> 
     </span>
     <span class='ocr_line' id='line_1_76' title="bbox 1459 1361 2367 1401; baseline 0 -11"><span class='ocrx_word' id='word_1_401' title='bbox 1459 1362 1549 1401; x_wconf 91' lang='lat' dir='ltr'>dyoc.</span> <span class='ocrx_word' id='word_1_402' title='bbox 1574 1361 1735 1391; x_wconf 90' lang='lat' dir='ltr'>Colonien.</span> <span class='ocrx_word' id='word_1_403' title='bbox 1760 1362 1817 1391; x_wconf 90' lang='lat' dir='ltr'>sub</span> <span class='ocrx_word' id='word_1_404' title='bbox 1839 1362 1988 1401; x_wconf 84' lang='lat' dir='ltr'>magistro</span> <span class='ocrx_word' id='word_1_405' title='bbox 2009 1362 2150 1391; x_wconf 86' lang='lat' dir='ltr'>Marcilio</span> <span class='ocrx_word' id='word_1_406' title='bbox 2175 1362 2212 1391; x_wconf 90' lang='lat' dir='ltr'>de</span> <span class='ocrx_word' id='word_1_407' title='bbox 2236 1361 2367 1400; x_wconf 80' lang='lat' dir='ltr'>Inghen,</span> 
     </span>
     <span class='ocr_line' id='line_1_77' title="bbox 1460 1409 1821 1450; baseline -0.003 -10"><span class='ocrx_word' id='word_1_408' title='bbox 1460 1409 1547 1450; x_wconf 87' lang='lat' dir='ltr'>cujus</span> <span class='ocrx_word' id='word_1_409' title='bbox 1560 1411 1656 1439; x_wconf 86' lang='lat' dir='ltr'>bursa</span> <span class='ocrx_word' id='word_1_410' title='bbox 1672 1410 1699 1439; x_wconf 94' lang='lat' dir='ltr'>X</span> <span class='ocrx_word' id='word_1_411' title='bbox 1717 1410 1821 1440; x_wconf 85' lang='lat' dir='ltr'>solidi.</span> 
     </span>
    </p>

    <p class='ocr_par' dir='ltr' id='par_1_28' title="bbox 1460 1458 2370 1596">
     <span class='ocr_line' id='line_1_78' title="bbox 1501 1458 2370 1489; baseline 0 -1"><span class='ocrx_word' id='word_1_412' title='bbox 1501 1460 1575 1489; x_wconf 91' lang='lat' dir='ltr'>Item</span> <span class='ocrx_word' id='word_1_413' title='bbox 1598 1459 1813 1488; x_wconf 84' lang='lat' dir='ltr'>determinavit</span> <span class='ocrx_word' id='word_1_414' title='bbox 1829 1459 1972 1488; x_wconf 88' lang='lat' dir='ltr'>dominus</span> <span class='ocrx_word' id='word_1_415' title='bbox 1995 1459 2212 1489; x_wconf 89' lang='lat' dir='ltr'>Ghiselbertus</span> <span class='ocrx_word' id='word_1_416' title='bbox 2229 1458 2370 1488; x_wconf 83' lang='lat' dir='ltr'>Groens-</span> 
     </span>
     <span class='ocr_line' id='line_1_79' title="bbox 1460 1507 2367 1548; baseline -0.001 -11"><span class='ocrx_word' id='word_1_417' title='bbox 1460 1509 1535 1537; x_wconf 88' lang='lat' dir='ltr'>beec</span> <span class='ocrx_word' id='word_1_418' title='bbox 1544 1509 1633 1547; x_wconf 90' lang='lat' dir='ltr'>dyoc.</span> <span class='ocrx_word' id='word_1_419' title='bbox 1643 1508 1804 1537; x_wconf 93' lang='lat' dir='ltr'>Colonien.</span> <span class='ocrx_word' id='word_1_420' title='bbox 1817 1509 1874 1537; x_wconf 91' lang='lat' dir='ltr'>sub</span> <span class='ocrx_word' id='word_1_421' title='bbox 1883 1508 2033 1548; x_wconf 87' lang='lat' dir='ltr'>magistro</span> <span class='ocrx_word' id='word_1_422' title='bbox 2040 1508 2182 1537; x_wconf 85' lang='lat' dir='ltr'>Marcilio</span> <span class='ocrx_word' id='word_1_423' title='bbox 2190 1509 2227 1536; x_wconf 90' lang='lat' dir='ltr'>de</span> <span class='ocrx_word' id='word_1_424' title='bbox 2238 1507 2367 1547; x_wconf 84' lang='lat' dir='ltr'>lnghen,</span> 
     </span>
     <span class='ocr_line' id='line_1_80' title="bbox 1461 1556 1816 1596; baseline -0.003 -10"><span class='ocrx_word' id='word_1_425' title='bbox 1461 1556 1548 1596; x_wconf 89' lang='lat' dir='ltr'>cujus</span> <span class='ocrx_word' id='word_1_426' title='bbox 1562 1557 1656 1586; x_wconf 89' lang='lat' dir='ltr'>bursa</span> <span class='ocrx_word' id='word_1_427' title='bbox 1670 1559 1700 1585; x_wconf 88' lang='lat' dir='ltr'>X</span> <span class='ocrx_word' id='word_1_428' title='bbox 1714 1557 1816 1586; x_wconf 84' lang='lat' dir='ltr'>solidi.</span> 
     </span>
    </p>

    <p class='ocr_par' dir='ltr' id='par_1_29' title="bbox 1462 1605 2371 1695">
     <span class='ocr_line' id='line_1_81' title="bbox 1503 1605 2371 1643; baseline -0.001 -8"><span class='ocrx_word' id='word_1_429' title='bbox 1503 1607 1575 1635; x_wconf 85' lang='lat' dir='ltr'>Item</span> <span class='ocrx_word' id='word_1_430' title='bbox 1606 1605 1822 1643; x_wconf 82' lang='lat' dir='ltr'>determinavit</span> <span class='ocrx_word' id='word_1_431' title='bbox 1847 1606 1990 1635; x_wconf 90' lang='lat' dir='ltr'>dominus</span> <span class='ocrx_word' id='word_1_432' title='bbox 2015 1605 2148 1635; x_wconf 89' lang='lat' dir='ltr'>Thomas</span> <span class='ocrx_word' id='word_1_433' title='bbox 2174 1605 2291 1634; x_wconf 86' lang='lat' dir='ltr'>Merter</span> <span class='ocrx_word' id='word_1_434' title='bbox 2311 1605 2371 1634; x_wconf 87' lang='lat' dir='ltr'>sub</span> 
     </span>
     <span class='ocr_line' id='line_1_82' title="bbox 1462 1653 2282 1695; baseline -0.001 -11"><span class='ocrx_word' id='word_1_435' title='bbox 1462 1656 1609 1695; x_wconf 88' lang='lat' dir='ltr'>magistro</span> <span class='ocrx_word' id='word_1_436' title='bbox 1624 1655 1719 1684; x_wconf 86' lang='lat' dir='ltr'>Toma</span> <span class='ocrx_word' id='word_1_437' title='bbox 1737 1655 1774 1684; x_wconf 91' lang='lat' dir='ltr'>de</span> <span class='ocrx_word' id='word_1_438' title='bbox 1793 1655 1907 1690; x_wconf 72' lang='lat' dir='ltr'>Scofia,</span> <span class='ocrx_word' id='word_1_439' title='bbox 1925 1653 2012 1694; x_wconf 88' lang='lat' dir='ltr'>cujus</span> <span class='ocrx_word' id='word_1_440' title='bbox 2027 1656 2121 1684; x_wconf 83' lang='lat' dir='ltr'>bursa</span> <span class='ocrx_word' id='word_1_441' title='bbox 2135 1655 2163 1684; x_wconf 90' lang='lat' dir='ltr'>X</span> <span class='ocrx_word' id='word_1_442' title='bbox 2178 1654 2282 1684; x_wconf 89' lang='lat' dir='ltr'>solidi.</span> 
     </span>
    </p>

    <p class='ocr_par' dir='ltr' id='par_1_30' title="bbox 1462 1703 2370 1793">
     <span class='ocr_line' id='line_1_83' title="bbox 1503 1703 2370 1733; baseline -0.002 0"><span class='ocrx_word' id='word_1_443' title='bbox 1503 1704 1578 1733; x_wconf 88' lang='lat' dir='ltr'>Item</span> <span class='ocrx_word' id='word_1_444' title='bbox 1603 1703 1818 1733; x_wconf 89' lang='lat' dir='ltr'>determinavit</span> <span class='ocrx_word' id='word_1_445' title='bbox 1839 1703 1983 1733; x_wconf 89' lang='lat' dir='ltr'>dominus</span> <span class='ocrx_word' id='word_1_446' title='bbox 2008 1704 2108 1733; x_wconf 92' lang='lat' dir='ltr'>David</span> <span class='ocrx_word' id='word_1_447' title='bbox 2131 1703 2292 1732; x_wconf 89' lang='lat' dir='ltr'>Falkemer</span> <span class='ocrx_word' id='word_1_448' title='bbox 2313 1703 2370 1732; x_wconf 84' lang='lat' dir='ltr'>sub</span> 
     </span>
     <span class='ocr_line' id='line_1_84' title="bbox 1462 1751 2302 1793; baseline -0.001 -12"><span class='ocrx_word' id='word_1_449' title='bbox 1462 1753 1611 1793; x_wconf 86' lang='lat' dir='ltr'>magistro</span> <span class='ocrx_word' id='word_1_450' title='bbox 1626 1752 1743 1781; x_wconf 91' lang='lat' dir='ltr'>Thoma</span> <span class='ocrx_word' id='word_1_451' title='bbox 1760 1753 1797 1781; x_wconf 92' lang='lat' dir='ltr'>de</span> <span class='ocrx_word' id='word_1_452' title='bbox 1814 1751 1928 1788; x_wconf 88' lang='lat' dir='ltr'>Scotia‚</span> <span class='ocrx_word' id='word_1_453' title='bbox 1946 1751 2032 1792; x_wconf 86' lang='lat' dir='ltr'>cujus</span> <span class='ocrx_word' id='word_1_454' title='bbox 2050 1752 2145 1781; x_wconf 89' lang='lat' dir='ltr'>bursa</span> <span class='ocrx_word' id='word_1_455' title='bbox 2158 1751 2185 1780; x_wconf 92' lang='lat' dir='ltr'>X</span> <span class='ocrx_word' id='word_1_456' title='bbox 2198 1751 2302 1781; x_wconf 87' lang='lat' dir='ltr'>solidi.</span> 
     </span>
    </p>

    <p class='ocr_par' dir='ltr' id='par_1_31' title="bbox 1463 1800 2371 1890">
     <span class='ocr_line' id='line_1_85' title="bbox 1504 1800 2371 1831; baseline -0.003 0"><span class='ocrx_word' id='word_1_457' title='bbox 1504 1802 1578 1831; x_wconf 88' lang='lat' dir='ltr'>Item</span> <span class='ocrx_word' id='word_1_458' title='bbox 1610 1801 1826 1830; x_wconf 90' lang='lat' dir='ltr'>determinavit</span> <span class='ocrx_word' id='word_1_459' title='bbox 1856 1801 1999 1830; x_wconf 80' lang='lat' dir='ltr'>dominus</span> <span class='ocrx_word' id='word_1_460' title='bbox 2029 1800 2155 1830; x_wconf 88' lang='lat' dir='ltr'>Ulricus</span> <span class='ocrx_word' id='word_1_461' title='bbox 2180 1800 2285 1829; x_wconf 87' lang='lat' dir='ltr'>Keller</span> <span class='ocrx_word' id='word_1_462' title='bbox 2313 1800 2371 1829; x_wconf 90' lang='lat' dir='ltr'>sub</span> 
     </span>
     <span class='ocr_line' id='line_1_86' title="bbox 1463 1847 2368 1890; baseline -0.002 -11"><span class='ocrx_word' id='word_1_463' title='bbox 1463 1850 1611 1890; x_wconf 86' lang='lat' dir='ltr'>magistro</span> <span class='ocrx_word' id='word_1_464' title='bbox 1630 1850 1791 1879; x_wconf 88' lang='lat' dir='ltr'>Gherardo</span> <span class='ocrx_word' id='word_1_465' title='bbox 1810 1851 1847 1879; x_wconf 93' lang='lat' dir='ltr'>de</span> <span class='ocrx_word' id='word_1_466' title='bbox 1869 1850 2032 1885; x_wconf 86' lang='lat' dir='ltr'>Saxsonia,</span> <span class='ocrx_word' id='word_1_467' title='bbox 2054 1848 2141 1889; x_wconf 88' lang='lat' dir='ltr'>cujus</span> <span class='ocrx_word' id='word_1_468' title='bbox 2158 1850 2254 1878; x_wconf 86' lang='lat' dir='ltr'>bursa</span> <span class='ocrx_word' id='word_1_469' title='bbox 2269 1849 2288 1877; x_wconf 85' lang='lat'><strong>4</strong></span> <span class='ocrx_word' id='word_1_470' title='bbox 2310 1847 2368 1878; x_wconf 81' lang='lat' dir='ltr'>sol.</span> 
     </span>
    </p>

    <p class='ocr_par' dir='ltr' id='par_1_32' title="bbox 1463 1897 2372 1986">
     <span class='ocr_line' id='line_1_87' title="bbox 1505 1897 2372 1929; baseline -0.002 -1"><span class='ocrx_word' id='word_1_471' title='bbox 1505 1900 1578 1929; x_wconf 87' lang='lat' dir='ltr'>Item</span> <span class='ocrx_word' id='word_1_472' title='bbox 1597 1899 1811 1928; x_wconf 86' lang='lat' dir='ltr'>determinavit</span> <span class='ocrx_word' id='word_1_473' title='bbox 1827 1899 1970 1928; x_wconf 89' lang='lat' dir='ltr'>dominus</span> <span class='ocrx_word' id='word_1_474' title='bbox 1988 1898 2189 1927; x_wconf 85' lang='lat' dir='ltr'>Thilmannus</span> <span class='ocrx_word' id='word_1_475' title='bbox 2205 1898 2242 1927; x_wconf 89' lang='lat' dir='ltr'>de</span> <span class='ocrx_word' id='word_1_476' title='bbox 2259 1897 2372 1927; x_wconf 88' lang='lat' dir='ltr'>Sancto</span> 
     </span>
     <span class='ocr_line' id='line_1_88' title="bbox 1463 1945 2368 1986; baseline -0.003 -9"><span class='ocrx_word' id='word_1_477' title='bbox 1463 1948 1533 1977; x_wconf 87' lang='lat' dir='ltr'>vito</span> <span class='ocrx_word' id='word_1_478' title='bbox 1552 1949 1609 1977; x_wconf 89' lang='lat' dir='ltr'>sub</span> <span class='ocrx_word' id='word_1_479' title='bbox 1625 1957 1703 1986; x_wconf 88' lang='lat' dir='ltr'>mag.</span> <span class='ocrx_word' id='word_1_480' title='bbox 1723 1946 1899 1976; x_wconf 90' lang='lat' dir='ltr'>Guilhelmo</span> <span class='ocrx_word' id='word_1_481' title='bbox 1918 1947 2034 1982; x_wconf 87' lang='lat' dir='ltr'>Buser,</span> <span class='ocrx_word' id='word_1_482' title='bbox 2055 1946 2142 1986; x_wconf 87' lang='lat' dir='ltr'>cujus</span> <span class='ocrx_word' id='word_1_483' title='bbox 2160 1947 2254 1975; x_wconf 89' lang='lat' dir='ltr'>bursa</span> <span class='ocrx_word' id='word_1_484' title='bbox 2272 1947 2291 1975; x_wconf 89' lang='lat'>9</span> <span class='ocrx_word' id='word_1_485' title='bbox 2311 1945 2368 1974; x_wconf 86' lang='lat' dir='ltr'>sol.</span> 
     </span>
    </p>

    <p class='ocr_par' dir='ltr' id='par_1_33' title="bbox 1463 1995 2291 2085">
     <span class='ocr_line' id='line_1_89' title="bbox 1503 1995 2291 2026; baseline -0.003 0"><span class='ocrx_word' id='word_1_486' title='bbox 1503 1997 1578 2026; x_wconf 84' lang='lat' dir='ltr'>Item</span> <span class='ocrx_word' id='word_1_487' title='bbox 1623 1997 1839 2026; x_wconf 82' lang='lat' dir='ltr'>determinavit</span> <span class='ocrx_word' id='word_1_488' title='bbox 1876 1996 2020 2025; x_wconf 89' lang='lat' dir='ltr'>dominus</span> <span class='ocrx_word' id='word_1_489' title='bbox 2054 1995 2216 2025; x_wconf 87' lang='lat' dir='ltr'>Teotricus</span> <span class='ocrx_word' id='word_1_490' title='bbox 2253 1995 2291 2024; x_wconf 88' lang='lat' dir='ltr'>de</span> 
     </span>
     <span class='ocr_line' id='line_1_90' title="bbox 1463 2045 2008 2085; baseline -0.004 -9"><span class='ocrx_word' id='word_1_491' title='bbox 1463 2046 1640 2085; x_wconf 87' lang='lat' dir='ltr'>Yselsteyn‚</span> <span class='ocrx_word' id='word_1_492' title='bbox 1658 2045 1745 2084; x_wconf 86' lang='lat' dir='ltr'>cujus</span> <span class='ocrx_word' id='word_1_493' title='bbox 1761 2046 1855 2074; x_wconf 81' lang='lat' dir='ltr'>bursa</span> <span class='ocrx_word' id='word_1_494' title='bbox 1870 2047 1886 2075; x_wconf 84' lang='lat'>9</span> <span class='ocrx_word' id='word_1_495' title='bbox 1905 2045 2008 2074; x_wconf 90' lang='lat' dir='ltr'>solidi.</span> 
     </span>
    </p>

    <p class='ocr_par' dir='ltr' id='par_1_34' title="bbox 1464 2093 2291 2184">
     <span class='ocr_line' id='line_1_91' title="bbox 1504 2093 2291 2128; baseline -0.003 -4"><span class='ocrx_word' id='word_1_496' title='bbox 1504 2096 1575 2124; x_wconf 88' lang='lat' dir='ltr'>ltem</span> <span class='ocrx_word' id='word_1_497' title='bbox 1591 2094 1807 2123; x_wconf 87' lang='lat' dir='ltr'>determinavit</span> <span class='ocrx_word' id='word_1_498' title='bbox 1821 2094 1964 2123; x_wconf 90' lang='lat' dir='ltr'>dominus</span> <span class='ocrx_word' id='word_1_499' title='bbox 1978 2094 2161 2123; x_wconf 87' lang='lat' dir='ltr'>Theotricus</span> <span class='ocrx_word' id='word_1_500' title='bbox 2175 2093 2291 2128; x_wconf 84' lang='lat' dir='ltr'>Pistor,</span> 
     </span>
     <span class='ocr_line' id='line_1_92' title="bbox 1464 2143 1815 2184; baseline -0.009 -10"><span class='ocrx_word' id='word_1_501' title='bbox 1464 2143 1551 2184; x_wconf 87' lang='lat' dir='ltr'>cujus</span> <span class='ocrx_word' id='word_1_502' title='bbox 1568 2145 1662 2173; x_wconf 90' lang='lat' dir='ltr'>bursa</span> <span class='ocrx_word' id='word_1_503' title='bbox 1676 2144 1695 2172; x_wconf 88' lang='lat'>9</span> <span class='ocrx_word' id='word_1_504' title='bbox 1711 2143 1815 2172; x_wconf 88' lang='lat' dir='ltr'>solidi.</span> 
     </span>
    </p>

    <p class='ocr_par' dir='ltr' id='par_1_35' title="bbox 1465 2190 2292 2282">
     <span class='ocr_line' id='line_1_93' title="bbox 1505 2190 2292 2229; baseline -0.003 -7"><span class='ocrx_word' id='word_1_505' title='bbox 1505 2193 1578 2222; x_wconf 83' lang='lat' dir='ltr'>Item</span> <span class='ocrx_word' id='word_1_506' title='bbox 1606 2191 1822 2221; x_wconf 88' lang='lat' dir='ltr'>determinavit</span> <span class='ocrx_word' id='word_1_507' title='bbox 1842 2191 1987 2221; x_wconf 89' lang='lat' dir='ltr'>dominus</span> <span class='ocrx_word' id='word_1_508' title='bbox 2012 2191 2097 2220; x_wconf 88' lang='lat' dir='ltr'>Elias</span> <span class='ocrx_word' id='word_1_509' title='bbox 2122 2190 2292 2229; x_wconf 79' lang='lat' dir='ltr'>Loepwiic‚</span> 
     </span>
     <span class='ocr_line' id='line_1_94' title="bbox 1465 2241 1814 2282; baseline -0.006 -11"><span class='ocrx_word' id='word_1_510' title='bbox 1465 2241 1551 2282; x_wconf 89' lang='lat' dir='ltr'>cujus</span> <span class='ocrx_word' id='word_1_511' title='bbox 1569 2242 1663 2270; x_wconf 87' lang='lat' dir='ltr'>bursa</span> <span class='ocrx_word' id='word_1_512' title='bbox 1678 2242 1697 2270; x_wconf 90' lang='lat'>9</span> <span class='ocrx_word' id='word_1_513' title='bbox 1711 2241 1814 2270; x_wconf 86' lang='lat' dir='ltr'>solidi.</span> 
     </span>
    </p>

    <p class='ocr_par' dir='ltr' id='par_1_36' title="bbox 1466 2288 2293 2379">
     <span class='ocr_line' id='line_1_95' title="bbox 1505 2288 2293 2322; baseline -0.004 -3"><span class='ocrx_word' id='word_1_514' title='bbox 1505 2291 1580 2319; x_wconf 88' lang='lat' dir='ltr'>Item</span> <span class='ocrx_word' id='word_1_515' title='bbox 1592 2290 1808 2319; x_wconf 86' lang='lat' dir='ltr'>determinavit</span> <span class='ocrx_word' id='word_1_516' title='bbox 1818 2289 1961 2318; x_wconf 89' lang='lat' dir='ltr'>dominus</span> <span class='ocrx_word' id='word_1_517' title='bbox 1973 2288 2154 2318; x_wconf 88' lang='lat' dir='ltr'>Gherardus</span> <span class='ocrx_word' id='word_1_518' title='bbox 2166 2288 2293 2322; x_wconf 84' lang='lat' dir='ltr'>Droem,</span> 
     </span>
     <span class='ocr_line' id='line_1_96' title="bbox 1466 2338 1817 2379; baseline -0.006 -10"><span class='ocrx_word' id='word_1_519' title='bbox 1466 2339 1552 2379; x_wconf 88' lang='lat' dir='ltr'>cujus</span> <span class='ocrx_word' id='word_1_520' title='bbox 1570 2340 1665 2368; x_wconf 87' lang='lat' dir='ltr'>bursa</span> <span class='ocrx_word' id='word_1_521' title='bbox 1679 2340 1698 2368; x_wconf 90' lang='lat'>9</span> <span class='ocrx_word' id='word_1_522' title='bbox 1714 2338 1817 2368; x_wconf 91' lang='lat' dir='ltr'>solidi.</span> 
     </span>
    </p>

    <p class='ocr_par' dir='ltr' id='par_1_37' title="bbox 1465 2385 2293 2477">
     <span class='ocr_line' id='line_1_97' title="bbox 1507 2385 2293 2425; baseline -0.004 -8"><span class='ocrx_word' id='word_1_523' title='bbox 1507 2389 1580 2417; x_wconf 90' lang='lat' dir='ltr'>Item</span> <span class='ocrx_word' id='word_1_524' title='bbox 1590 2387 1805 2417; x_wconf 84' lang='lat' dir='ltr'>determinavit</span> <span class='ocrx_word' id='word_1_525' title='bbox 1814 2387 1957 2416; x_wconf 84' lang='lat' dir='ltr'>dominus</span> <span class='ocrx_word' id='word_1_526' title='bbox 1965 2387 2098 2416; x_wconf 90' lang='lat' dir='ltr'>Jacobus</span> <span class='ocrx_word' id='word_1_527' title='bbox 2107 2387 2144 2415; x_wconf 94' lang='lat' dir='ltr'>de</span> <span class='ocrx_word' id='word_1_528' title='bbox 2156 2385 2293 2425; x_wconf 83' lang='lat' dir='ltr'>Campis,</span> 
     </span>
     <span class='ocr_line' id='line_1_98' title="bbox 1465 2436 1824 2477; baseline -0.006 -11"><span class='ocrx_word' id='word_1_529' title='bbox 1465 2436 1552 2477; x_wconf 86' lang='lat' dir='ltr'>cujus</span> <span class='ocrx_word' id='word_1_530' title='bbox 1569 2438 1664 2466; x_wconf 84' lang='lat' dir='ltr'>bursa</span> <span class='ocrx_word' id='word_1_531' title='bbox 1678 2437 1705 2465; x_wconf 93' lang='lat' dir='ltr'>X</span> <span class='ocrx_word' id='word_1_532' title='bbox 1721 2436 1824 2465; x_wconf 90' lang='lat' dir='ltr'>solidi.</span> 
     </span>
    </p>

    <p class='ocr_par' dir='ltr' id='par_1_38' title="bbox 1465 2483 2293 2574">
     <span class='ocr_line' id='line_1_99' title="bbox 1506 2483 2293 2522; baseline -0.004 -7"><span class='ocrx_word' id='word_1_533' title='bbox 1506 2486 1580 2515; x_wconf 89' lang='lat' dir='ltr'>Item</span> <span class='ocrx_word' id='word_1_534' title='bbox 1617 2485 1832 2515; x_wconf 84' lang='lat' dir='ltr'>determinavit</span> <span class='ocrx_word' id='word_1_535' title='bbox 1865 2484 2007 2514; x_wconf 88' lang='lat' dir='ltr'>dominus</span> <span class='ocrx_word' id='word_1_536' title='bbox 2042 2484 2176 2513; x_wconf 85' lang='lat' dir='ltr'>Jacobus</span> <span class='ocrx_word' id='word_1_537' title='bbox 2203 2483 2293 2522; x_wconf 87' lang='lat' dir='ltr'>Lupi,</span> 
     </span>
     <span class='ocr_line' id='line_1_100' title="bbox 1465 2534 1826 2574; baseline -0.006 -10"><span class='ocrx_word' id='word_1_538' title='bbox 1465 2534 1551 2574; x_wconf 85' lang='lat' dir='ltr'>cujus</span> <span class='ocrx_word' id='word_1_539' title='bbox 1570 2536 1665 2564; x_wconf 88' lang='lat' dir='ltr'>bursa</span> <span class='ocrx_word' id='word_1_540' title='bbox 1679 2534 1706 2563; x_wconf 91' lang='lat' dir='ltr'>X</span> <span class='ocrx_word' id='word_1_541' title='bbox 1722 2534 1826 2563; x_wconf 87' lang='lat' dir='ltr'>solidi.</span> 
     </span>
    </p>

    <p class='ocr_par' dir='ltr' id='par_1_39' title="bbox 1465 2580 2379 2964">
     <span class='ocr_line' id='line_1_101' title="bbox 1506 2580 2374 2622; baseline -0.005 -9"><span class='ocrx_word' id='word_1_542' title='bbox 1506 2584 1579 2613; x_wconf 90' lang='lat' dir='ltr'>Item</span> <span class='ocrx_word' id='word_1_543' title='bbox 1592 2584 1623 2612; x_wconf 92' lang='lat' dir='ltr'>in</span> <span class='ocrx_word' id='word_1_544' title='bbox 1635 2584 1739 2612; x_wconf 89' lang='lat' dir='ltr'>eadem</span> <span class='ocrx_word' id='word_1_545' title='bbox 1751 2583 1828 2611; x_wconf 88' lang='lat' dir='ltr'>facta</span> <span class='ocrx_word' id='word_1_546' title='bbox 1838 2581 2078 2622; x_wconf 84' lang='lat' dir='ltr'>congregatione</span> <span class='ocrx_word' id='word_1_547' title='bbox 2089 2582 2127 2610; x_wconf 91' lang='lat' dir='ltr'>ad</span> <span class='ocrx_word' id='word_1_548' title='bbox 2138 2580 2374 2620; x_wconf 83' lang='lat' dir='ltr'>supplicandum</span> 
     </span>
     <span class='ocr_line' id='line_1_102' title="bbox 1465 2629 2376 2670; baseline -0.004 -8"><span class='ocrx_word' id='word_1_549' title='bbox 1465 2640 1495 2662; x_wconf 91' lang='lat' dir='ltr'>et</span> <span class='ocrx_word' id='word_1_550' title='bbox 1505 2634 1543 2662; x_wconf 89' lang='lat' dir='ltr'>ad</span> <span class='ocrx_word' id='word_1_551' title='bbox 1554 2633 1758 2662; x_wconf 88' lang='lat' dir='ltr'>ordinandum</span> <span class='ocrx_word' id='word_1_552' title='bbox 1770 2632 1807 2660; x_wconf 90' lang='lat' dir='ltr'>de</span> <span class='ocrx_word' id='word_1_553' title='bbox 1821 2631 1952 2670; x_wconf 87' lang='lat' dir='ltr'>pecunia</span> <span class='ocrx_word' id='word_1_554' title='bbox 1963 2630 2108 2664; x_wconf 84' lang='lat' dir='ltr'>nationis,</span> <span class='ocrx_word' id='word_1_555' title='bbox 2122 2629 2376 2668; x_wconf 81' lang='lat' dir='ltr'>supplicaverunt</span> 
     </span>
     <span class='ocr_line' id='line_1_103' title="bbox 1466 2678 2374 2720; baseline -0.004 -10"><span class='ocrx_word' id='word_1_556' title='bbox 1466 2681 1552 2710; x_wconf 91' lang='lat' dir='ltr'>multi</span> <span class='ocrx_word' id='word_1_557' title='bbox 1570 2680 1792 2720; x_wconf 85' lang='lat' dir='ltr'>multipliciter,</span> <span class='ocrx_word' id='word_1_558' title='bbox 1806 2686 1853 2709; x_wconf 89' lang='lat' dir='ltr'>set</span> <span class='ocrx_word' id='word_1_559' title='bbox 1867 2686 1939 2708; x_wconf 87' lang='lat' dir='ltr'>tunc</span> <span class='ocrx_word' id='word_1_560' title='bbox 1951 2679 2034 2708; x_wconf 86' lang='lat' dir='ltr'>natio</span> <span class='ocrx_word' id='word_1_561' title='bbox 2046 2678 2257 2717; x_wconf 87' lang='lat' dir='ltr'>distinguebat</span> <span class='ocrx_word' id='word_1_562' title='bbox 2267 2687 2374 2707; x_wconf 84' lang='lat' dir='ltr'>omnes</span> 
     </span>
     <span class='ocr_line' id='line_1_104' title="bbox 1467 2726 2376 2769; baseline -0.004 -10"><span class='ocrx_word' id='word_1_563' title='bbox 1467 2731 1537 2759; x_wconf 89' lang='lat' dir='ltr'>illos</span> <span class='ocrx_word' id='word_1_564' title='bbox 1557 2731 1588 2759; x_wconf 93' lang='lat' dir='ltr'>in</span> <span class='ocrx_word' id='word_1_565' title='bbox 1606 2736 1669 2759; x_wconf 88' lang='lat' dir='ltr'>tres</span> <span class='ocrx_word' id='word_1_566' title='bbox 1687 2735 1804 2769; x_wconf 85' lang='lat' dir='ltr'>partes,</span> <span class='ocrx_word' id='word_1_567' title='bbox 1826 2738 1895 2757; x_wconf 86' lang='lat' dir='ltr'>nam</span> <span class='ocrx_word' id='word_1_568' title='bbox 1916 2728 2010 2767; x_wconf 82' lang='lat' dir='ltr'>aliqui</span> <span class='ocrx_word' id='word_1_569' title='bbox 2031 2727 2248 2766; x_wconf 84' lang='lat' dir='ltr'>supplicabant</span> <span class='ocrx_word' id='word_1_570' title='bbox 2267 2726 2376 2755; x_wconf 90' lang='lat' dir='ltr'>termi-</span> 
     </span>
     <span class='ocr_line' id='line_1_105' title="bbox 1467 2774 2373 2818; baseline -0.006 -10"><span class='ocrx_word' id='word_1_571' title='bbox 1467 2790 1537 2808; x_wconf 92' lang='lat' dir='ltr'>num</span> <span class='ocrx_word' id='word_1_572' title='bbox 1565 2789 1662 2818; x_wconf 87' lang='lat' dir='ltr'>usque</span> <span class='ocrx_word' id='word_1_573' title='bbox 1687 2779 1724 2806; x_wconf 84' lang='lat' dir='ltr'>ad</span> <span class='ocrx_word' id='word_1_574' title='bbox 1752 2779 1861 2807; x_wconf 89' lang='lat' dir='ltr'>festum</span> <span class='ocrx_word' id='word_1_575' title='bbox 1879 2776 1997 2806; x_wconf 87' lang='lat' dir='ltr'>Pasche</span> <span class='ocrx_word' id='word_1_576' title='bbox 2021 2782 2051 2805; x_wconf 92' lang='lat' dir='ltr'>et</span> <span class='ocrx_word' id='word_1_577' title='bbox 2074 2776 2117 2804; x_wconf 87' lang='lat' dir='ltr'>illi</span> <span class='ocrx_word' id='word_1_578' title='bbox 2134 2781 2305 2815; x_wconf 88' lang='lat' dir='ltr'>posuerunt</span> <span class='ocrx_word' id='word_1_579' title='bbox 2328 2774 2373 2814; x_wconf 88' lang='lat' dir='ltr'>pi-</span> 
     </span>
     <span class='ocr_line' id='line_1_106' title="bbox 1466 2824 2374 2867; baseline -0.004 -11"><span class='ocrx_word' id='word_1_580' title='bbox 1466 2838 1575 2867; x_wconf 87' lang='lat' dir='ltr'>gnora,</span> <span class='ocrx_word' id='word_1_581' title='bbox 1587 2834 1616 2856; x_wconf 86' lang='lat' dir='ltr'>et</span> <span class='ocrx_word' id='word_1_582' title='bbox 1627 2827 1721 2866; x_wconf 88' lang='lat' dir='ltr'>aliqui</span> <span class='ocrx_word' id='word_1_583' title='bbox 1733 2827 1771 2855; x_wconf 85' lang='lat' dir='ltr'>ad</span> <span class='ocrx_word' id='word_1_584' title='bbox 1781 2827 1890 2855; x_wconf 85' lang='lat' dir='ltr'>festum</span> <span class='ocrx_word' id='word_1_585' title='bbox 1902 2825 1998 2855; x_wconf 85' lang='lat' dir='ltr'>sancti</span> <span class='ocrx_word' id='word_1_586' title='bbox 2010 2825 2171 2859; x_wconf 85' lang='lat' dir='ltr'>Johannis,</span> <span class='ocrx_word' id='word_1_587' title='bbox 2185 2831 2214 2853; x_wconf 85' lang='lat' dir='ltr'>et</span> <span class='ocrx_word' id='word_1_588' title='bbox 2225 2824 2282 2853; x_wconf 89' lang='lat' dir='ltr'>hoc</span> <span class='ocrx_word' id='word_1_589' title='bbox 2293 2824 2374 2853; x_wconf 91' lang='lat' dir='ltr'>idem</span> 
     </span>
     <span class='ocr_line' id='line_1_107' title="bbox 1467 2872 2377 2916; baseline -0.004 -11"><span class='ocrx_word' id='word_1_590' title='bbox 1467 2875 1633 2916; x_wconf 86' lang='lat' dir='ltr'>sec[er]unt</span> <span class='ocrx_word' id='word_1_591' title='bbox 1643 2882 1672 2905; x_wconf 89' lang='lat' dir='ltr'>et</span> <span class='ocrx_word' id='word_1_592' title='bbox 1683 2885 1852 2905; x_wconf 92' lang='lat' dir='ltr'>concessus</span> <span class='ocrx_word' id='word_1_593' title='bbox 1868 2881 1934 2904; x_wconf 88' lang='lat' dir='ltr'>erat</span> <span class='ocrx_word' id='word_1_594' title='bbox 1946 2875 1991 2903; x_wconf 91' lang='lat' dir='ltr'>eis</span> <span class='ocrx_word' id='word_1_595' title='bbox 2006 2873 2155 2903; x_wconf 88' lang='lat' dir='ltr'>terminus</span> <span class='ocrx_word' id='word_1_596' title='bbox 2166 2885 2174 2909; x_wconf 87' lang='lat'>;</span> <span class='ocrx_word' id='word_1_597' title='bbox 2189 2872 2239 2902; x_wconf 89' lang='lat' dir='ltr'>alii</span> <span class='ocrx_word' id='word_1_598' title='bbox 2253 2873 2377 2902; x_wconf 86' lang='lat' dir='ltr'>fuerunt</span> 
     </span>
     <span class='ocr_line' id='line_1_108' title="bbox 1467 2921 2379 2964; baseline -0.004 -10"><span class='ocrx_word' id='word_1_599' title='bbox 1467 2926 1519 2964; x_wconf 92' lang='lat' dir='ltr'>qui</span> <span class='ocrx_word' id='word_1_600' title='bbox 1539 2925 1754 2964; x_wconf 88' lang='lat' dir='ltr'>supplicabant</span> <span class='ocrx_word' id='word_1_601' title='bbox 1770 2925 1852 2963; x_wconf 90' lang='lat' dir='ltr'>quod</span> <span class='ocrx_word' id='word_1_602' title='bbox 1868 2924 1962 2952; x_wconf 86' lang='lat' dir='ltr'>burse</span> <span class='ocrx_word' id='word_1_603' title='bbox 1978 2923 2023 2952; x_wconf 90' lang='lat' dir='ltr'>eis</span> <span class='ocrx_word' id='word_1_604' title='bbox 2039 2922 2163 2951; x_wconf 89' lang='lat' dir='ltr'>omnino</span> <span class='ocrx_word' id='word_1_605' title='bbox 2181 2921 2379 2951; x_wconf 88' lang='lat' dir='ltr'>remitteren-</span> 
     </span>
    </p>
   </div>
   <div class='ocr_carea' id='block_1_16' title="bbox 2332 2017 2375 2549">
    <p class='ocr_par' dir='ltr' id='par_1_40' title="bbox 2332 2017 2375 2549">
     <span class='ocr_line' id='line_1_109' title="bbox 2332 2017 2375 2549; textangle 90"><span class='ocrx_word' id='word_1_606' title='bbox 2334 2485 2364 2549; x_wconf 88' lang='lat' dir='ltr'>Sub</span> <span class='ocrx_word' id='word_1_607' title='bbox 2333 2325 2375 2473; x_wconf 82' lang='lat' dir='ltr'>magistro</span> <span class='ocrx_word' id='word_1_608' title='bbox 2333 2139 2363 2313; x_wconf 81' lang='lat' dir='ltr'>Guilhelmo</span> <span class='ocrx_word' id='word_1_609' title='bbox 2332 2017 2362 2129; x_wconf 87' lang='lat' dir='ltr'>Buser.</span> 
     </span>
    </p>
   </div>
   <div class='ocr_carea' id='block_1_17' title="bbox 2246 0 2632 304">
    <p class='ocr_par' dir='ltr' id='par_1_41' title="bbox 2246 0 2632 304">
     <span class='ocr_line' id='line_1_110' title="bbox 2246 0 2632 304; baseline 0 3160"><span class='ocrx_word' id='word_1_610' title='bbox 2246 0 2632 304; x_wconf 95' lang='lat' dir='ltr'> </span> 
     </span>
    </p>
   </div>
  </div>
 </body>
</html>
