2632 3464
240 427 274 453 37
761 422 875 448 LIBER
897 420 1210 448 PROCURATORUM
1231 420 1411 447 NATIONIS
1430 419 1676 446 ANGLICANAE
2147 420 2182 446 38

245 501 277 531 in
294 500 519 531 examinatores
541 498 815 529 determinancium
835 503 1062 536 consequenter
1084 502 1157 526 sunt

245 549 344 579 electi.

285 596 360 626 Item
382 596 467 626 venit
486 596 617 636 quedam
636 594 738 624 littera
761 594 799 623 de
821 592 976 623 Avinione
1000 593 1038 621 de
1061 592 1157 621 inibi-

244 645 349 680 cione‚
371 655 410 674 ne
432 655 488 684 per
509 643 749 674 Universitatem
768 642 887 682 aliquid
905 648 1012 671 contra
1031 641 1156 671 canoni-

243 703 298 724 cos
313 693 434 734 juratos
454 703 527 723 suos
546 693 578 722 in
600 691 731 722 ecclesia
750 691 924 722 parisiensi
947 691 1156 730 prebendatos

243 749 441 782 attemptetur
465 743 514 772 vel
540 742 714 776 innovetur,
734 740 787 770 lite
818 741 975 769 dumtaxat
1003 740 1156 780 pendente

246 792 327 822 inter
342 791 411 821 illas
428 797 533 831 partes
553 791 591 820 de
607 789 766 819 solucione
783 789 1045 824 contribucionis,
1065 797 1155 828 quam

243 841 376 880 predicti
388 839 483 880 jurati
498 839 679 880 persolvere
697 837 905 868 refutabant⁴.

285 889 360 919 ltem
379 889 532 919 modicum
551 894 625 928 post
644 887 702 917 alia
722 887 823 916 littera
842 887 880 916 de
900 886 1156 926 procuratoribus

245 938 463 969 Universitatis
479 937 511 967 in
525 937 681 967 Avinione
697 936 972 976 percunctantibus
989 935 1045 965 fuit
1062 935 1156 964 desti-

244 986 347 1022 nata²‚
370 987 402 1016 in
425 997 485 1026 qua
512 987 677 1016 cavebatur
701 986 786 1026 quod
810 985 1007 1015 Universitas
1038 984 1157 1024 pariter

243 1036 321 1066 duas
349 1035 556 1066 contumacias
590 1045 648 1075 per
675 1034 916 1074 procuraciones
946 1033 1155 1072 predictorum

238 1083 412 1125 juratorum
435 1091 466 1114 et
486 1085 524 1114 ad
546 1093 653 1114 eorum
677 1083 845 1112 instancias
875 1082 1062 1112 incurrebat.
1095 1081 1155 1119 Qui

243 1133 368 1174 quidem
375 1132 470 1174 jurati
483 1133 757 1173 prolongacionem
771 1132 832 1161 diei
845 1138 876 1161 et
888 1131 1154 1161 continuacionem

243 1183 337 1213 totius
356 1182 420 1212 litis
442 1192 540 1222 usque
559 1183 598 1211 ad
621 1182 731 1211 festum
754 1180 915 1211 Paschatis
938 1181 970 1210 in
992 1180 1155 1220 presencia

242 1232 329 1272 regis
369 1231 498 1261 Francie
532 1231 621 1271 prius
657 1230 886 1270 promittebant.
930 1229 1051 1267 Quibus
1093 1239 1155 1258 non

243 1281 438 1311 obstantibus
461 1280 606 1310 continue
632 1281 663 1309 in
690 1279 843 1310 Avinione
869 1279 900 1308 in
925 1289 1018 1308 causa
1042 1278 1155 1308 acriter

242 1330 454 1370 procedebant
467 1336 497 1359 et
514 1329 657 1369 plurimis
677 1328 978 1369 congregacionibus
998 1327 1155 1368 generali-

244 1379 302 1408 bus
323 1389 444 1409 necnon
470 1378 560 1408 etiam
583 1378 762 1408 accessibus
785 1378 823 1407 ad
845 1387 951 1417 regem
976 1386 1033 1416 per
1055 1377 1155 1416 depu-

244 1434 339 1463 tatos,
358 1428 453 1458 semel
473 1427 562 1457 etiam
584 1437 640 1467 per
659 1437 767 1456 omnes
784 1426 922 1456 scolares
936 1425 1155 1455 universaliter

244 1483 273 1506 et
306 1477 384 1506 alios
411 1487 505 1516 super
531 1477 589 1506 hoc
619 1476 723 1511 factis,
755 1476 786 1505 in
813 1475 927 1505 nullam
957 1474 1153 1504 concordiam

243 1535 339 1566 super
354 1525 414 1555 hiis
429 1525 560 1565 predicti
569 1524 665 1565 jurati
682 1524 864 1554 concordari
880 1525 1082 1564 [potuerunt],
1098 1533 1154 1553 nec

243 1581 372 1614 propter
396 1574 578 1604 vacaciones
602 1573 822 1604 Universitatis
846 1585 863 1603 a
884 1573 1075 1603 leccionibus
1098 1582 1154 1602 nec

242 1630 371 1664 propter
387 1623 636 1663 supplicaciones
650 1622 698 1652 vel
715 1629 895 1663 requestras
909 1622 1006 1663 regis.

652 1738 750 1768 1340

268 1824 425 1864 Tempus
449 1823 734 1864 procuracionis
761 1823 938 1863 magistri
966 1822 1130 1853 Conradi

474 1875 517 1903 de
543 1873 666 1903 Monte
692 1872 920 1902 Puellarum.

283 1966 375 1997 Anno
402 1966 526 1996 Domini
550 1965 692 1996 M⁰CCC⁰
715 1966 765 2001 40,
794 1965 971 1995 convocatis
996 1965 1154 2005 magistris

243 2016 382 2046 nacionis
408 2015 580 2055 Anglicane
606 2016 644 2044 ad
674 2015 819 2044 Sanctum
845 2014 1032 2044 Maturinum
1060 2024 1155 2054 super

243 2065 362 2094 defectu
378 2064 601 2104 procuratoris,
619 2064 734 2094 electus
754 2064 810 2093 fuit
825 2064 933 2093 eodem
944 2063 1063 2092 scilicet
1073 2073 1154 2093 anno

242 2114 293 2144 die
311 2113 475 2154 proxima³
493 2120 564 2153 post
583 2113 763 2143 kathedram
781 2113 879 2143 sancti
898 2112 983 2143 Petri
1007 2113 1155 2153 magister

243 2163 407 2194 Conradus
441 2163 478 2192 de
513 2162 618 2192 Monte
652 2162 828 2192 Puellarum
857 2163 888 2192 in
922 2169 1154 2202 procuratorem

242 2211 381 2252 ejusdem
405 2211 564 2247 nacionis,
587 2211 617 2240 in
641 2210 727 2251 cujus
750 2218 888 2252 tempore
914 2218 980 2241 acta
1003 2218 1154 2251 suntque

245 2267 430 2301 sequuntur.

283 2310 318 2340 ln
343 2309 452 2350 primis
473 2309 617 2339 dominus
642 2309 839 2339 Normannus
863 2309 974 2339 Scotus
996 2310 1097 2340 dictus
1117 2311 1155 2340 de

243 2358 372 2399 Lessely
409 2358 626 2389 determinavit
656 2359 713 2388 sub
752 2359 901 2398 magistro
937 2359 1077 2389 Johanne
1117 2360 1155 2388 de

243 2406 377 2437 Ratthe⁴
395 2407 502 2443 Scuto,
521 2407 608 2447 cujus
636 2408 729 2437 bursa
746 2409 764 2437 5
785 2407 888 2438 solidi.

284 2456 359 2486 ltem
372 2457 516 2486 dominus
533 2456 667 2486 Thomas
683 2457 720 2486 de
738 2457 955 2496 Kynnenmont
970 2457 1081 2487 Scotus
1098 2458 1155 2487 sub

243 2506 363 2541 eodem,
377 2504 464 2545 cujus
477 2506 571 2535 burse
585 2507 602 2536 5
617 2505 720 2535 solidi.

284 2554 359 2584 ltem
382 2554 526 2584 dominus
549 2554 714 2584 Galtherus
735 2555 772 2584 de
795 2555 908 2584 Sancto
928 2554 1021 2585 Claro
1043 2555 1155 2586 Scotus

244 2604 301 2633 sub
317 2604 436 2638 eodem.
454 2603 542 2643 cujus
558 2604 652 2633 bursa
667 2605 685 2633 5
703 2603 807 2633 solidi.

285 2652 359 2682 ltem
382 2651 549 2682 Galtherus
569 2653 607 2681 de
631 2652 799 2682 Wardlach
822 2653 934 2682 Scotus
955 2653 1012 2682 sub
1034 2654 1154 2690 eodem,

244 2699 332 2740 cujus
348 2701 479 2730 bursa...

275 2779 298 2804 1.
331 2778 448 2811 Epietola
459 2779 593 2804 Benedicti
602 2781 653 2804 ΧΙΙ
661 2788 703 2804 an.
714 2780 783 2809 1339,
795 2781 883 2804 octob.
894 2781 916 2811 6,
928 2780 953 2805 in
965 2780 1083 2805 Chai-tul.
1095 2781 1155 2806 uni-

245 2822 315 2839 κη.
327 2814 422 2844 Parin..
435 2815 472 2844 11.
488 2820 515 2839 n·
530 2815 600 2839 102⁸.

276 2850 299 2874 2.
334 2851 373 2882 Cf.
387 2850 460 2883 epiet.
474 2851 608 2875 Benedicti
620 2852 669 2875 XII
676 2859 719 2875 cm.
729 2851 799 2880 1340,
810 2852 882 2876 Febr.
892 2853 930 2881 20,
942 2852 968 2876 in
979 2852 1109 2882 Chartul.‚
1121 2853 1154 2877 ll.

245 2893 262 2910 ῃ
275 2886 363 2945 alo-‘³33
376 2921 520 2946 Februarii.

275 2957 297 2980 11.
332 2957 375 2981 Ad
387 2957 526 2990 marginem
537 2966 544 2981 :
557 2957 630 2982 dedit
642 2961 744 2982 scutum
759 2962 870 2983 tanturn.

1194 946 1227 971 10

1193 1192 1226 1217 15

1192 1439 1226 1464 20

1192 1686 1226 1713 25

1191 1934 1226 1960 30

1191 2179 1225 2205 35

1193 2426 1227 2453 40

1192 2671 1226 2697 45

1306 496 1380 525 Item
1402 496 1558 525 Johannes
1578 495 1715 535 Sybbald
1735 496 1848 524 Scotus
1867 496 1924 524 sub
1947 497 2070 530 eodem,
2091 495 2180 535 cujus

1264 546 1359 575 bursa
1376 545 1483 574 nichil.

1306 594 1380 623 ltem
1400 594 1544 623 dominus
1565 593 1650 623 Suno
1671 594 1709 622 de
1731 593 1851 623 Swecia
1873 594 1974 623 dictus
1995 593 2100 622 Karoli
2122 595 2180 623 sub

1265 643 1335 683 ipso
1347 649 1562 682 procuratore,
1576 642 1664 682 cujus
1677 643 1772 672 bursa
1787 643 1830 671 4⁰¹·
1843 642 1935 672 solidi
1952 653 2020 672 cum
2037 643 2178 672 dimidio.

1306 692 1381 722 Item
1405 692 1549 722 dominus
1574 692 1730 732 Nycolaus
1758 691 1881 721 Gossek
1903 693 1941 720 de
1967 692 2097 721 Polonia
2123 694 2180 722 sub

1265 742 1385 777 eodem,
1403 740 1490 781 cujus
1506 742 1601 770 bursa
1614 741 1723 770 nichil.

1306 790 1381 820 Item
1399 790 1543 820 dominus
1565 790 1699 820 Thomas
1719 791 1757 819 de
1777 790 1885 830 Caliga
1904 790 2012 819 Rubea
2031 790 2132 819 dictus
2152 797 2182 820 et

1265 840 1303 869 de
1318 839 1464 869 Treveris
1481 841 1539 869 sub
1554 841 1673 875 eodem,
1692 839 1779 879 cujus
1795 840 1889 869 bursa
1903 840 1920 868 5
1935 839 2039 869 solidi.
2097 871 2099 873 ,

1306 889 1381 918 ltem
1414 889 1559 918 dominus
1594 888 1705 918 Petrus
1737 890 1774 918 de
1802 889 1923 918 Swecia
1953 889 2056 918 dictus
2083 889 2184 918 Alen-

1265 937 1371 967 densis
1389 938 1447 967 sub
1463 938 1611 978 magistro
1628 938 1752 977 Mathya
1768 939 1805 967 de
1823 938 1959 973 Swecia,
1979 937 2067 978 cujus
2086 939 2179 967 burse

1265 987 1309 1016 4⁰¹·
1323 987 1416 1016 solidi
1432 997 1500 1016 cum
1516 987 1656 1016 dimidio.

1306 1036 1380 1065 Item
1406 1036 1549 1065 dominus
1572 1037 1736 1066 Conradus
1761 1035 1897 1066 Conradi
1917 1037 1955 1065 de
1977 1036 2098 1066 Swecia
2123 1037 2183 1066 sub

1263 1085 1382 1120 eodem,
1399 1084 1486 1125 cujus
1502 1086 1596 1114 bursa
1611 1085 1655 1114 4⁰¹·
1670 1085 1762 1114 solidi
1779 1095 1847 1114 cum
1865 1085 1994 1114 dimidio
2007 1085 2030 1114 ⁵.

1304 1134 1376 1173 (Fal.
1393 1134 1441 1174 39)
1461 1134 1536 1163 ltem
1556 1144 1660 1164 mense
1679 1134 1817 1173 predicte
1833 1135 2068 1174 procuracionis
2087 1134 2175 1164 finito

1263 1183 1412 1223 magister
1439 1183 1603 1213 Conradus
1637 1184 1795 1223 predictus
1827 1184 2023 1213 continuatus
2059 1184 2115 1213 fuit
2148 1184 2180 1213 in

1262 1238 1495 1272 procuratorem
1522 1232 1603 1262 dicte
1637 1232 1811 1268 nacionis⁰,
1847 1240 1877 1262 et
1907 1233 1984 1262 facta
2017 1240 2088 1262 sunt
2119 1243 2179 1273 que

1263 1288 1423 1311 secuntur.

1305 1330 1450 1370 Inprimis
1475 1331 1564 1360 datus
1587 1337 1635 1362 est
1656 1337 1742 1361 actus
1766 1331 2007 1366 determinandi‚
2031 1331 2085 1360 diu
2112 1337 2177 1366 est⁷

1263 1379 1384 1409 nacioni
1410 1379 1581 1420 Anglicane
1604 1390 1662 1420 per
1688 1379 1768 1409 hunc
1795 1380 1929 1415 modum,
1953 1380 2025 1419 quia
2051 1379 2179 1409 cuilibet

1262 1426 1384 1456 nacioni
1406 1427 1436 1455 in
1459 1426 1598 1456 facultate
1617 1426 1732 1456 arcium
1753 1427 1842 1456 datus
1863 1433 1910 1456 est
1927 1437 2007 1456 unus
2028 1427 2178 1456 determi-

1263 1485 1340 1504 nans
1362 1475 1473 1505 solutis
1491 1475 1666 1511 solvendis,
1683 1486 1774 1515 quem
1793 1475 1881 1505 nacio
1897 1475 2070 1515 Anglicana
2092 1476 2178 1505 dedit

1263 1524 1411 1564 magistro
1428 1523 1553 1554 Andree
1573 1525 1610 1554 de
1627 1524 1759 1559 Swecia,
1781 1531 1810 1554 et
1829 1525 1909 1553 idem
1927 1531 2014 1554 actus
2033 1525 2176 1554 determi-

1262 1573 1356 1603 nandi
1387 1574 1509 1602 tandem
1544 1574 1634 1603 datus
1669 1580 1717 1602 est
1750 1573 1919 1603 venerabili
1950 1573 2018 1603 viro
2051 1574 2178 1603 domino

1263 1622 1389 1662 Roryco
1420 1623 1457 1652 de
1488 1622 1660 1662 Sternberg
1689 1622 1755 1652 sive
1784 1623 1822 1651 de
1855 1622 1961 1652 Monte
1993 1622 2177 1658 Stellarum,

1263 1671 1438 1701 bachalario
1454 1671 1626 1707 licenciam,
1645 1671 1844 1712 presentibus
1861 1672 1950 1701 annis
1966 1673 2100 1702 duobus.

1305 1769 1379 1799 Item
1405 1769 1492 1799 finito
1514 1780 1619 1799 mense
1639 1768 1702 1808 jam
1725 1769 1818 1804 dicto,
1846 1769 1956 1799 iterum
1980 1770 2179 1800 continuatus

1263 1825 1310 1848 est
1325 1819 1472 1859 magister
1487 1818 1651 1848 Conradus
1667 1819 1826 1858 predictus
1852 1819 1883 1847 in
1903 1825 2138 1858 procuratorem
2149 1819 2173 1854 ⁷,

1263 1873 1293 1897 et
1308 1868 1385 1896 facta
1399 1874 1483 1903 sunt,
1500 1878 1560 1907 que
1576 1874 1760 1907 sequuntur.

1305 1917 1338 1946 ln
1363 1917 1474 1956 primis
1499 1917 1642 1946 dominus
1670 1917 1825 1956 Nycolaus
1849 1917 1999 1946 Drukken
2022 1918 2059 1946 de
2084 1917 2179 1946 Dacia

1263 1966 1442 1996 licenciatus
1458 1966 1513 1995 fuit
1528 1972 1602 2006 aput
1618 1966 1761 1995 Nostram
1777 1966 1939 1996 Dominam
1956 1967 2014 1996 sub
2028 1966 2178 2006 magistro

1262 2014 1401 2044 Johanne
1427 2016 1466 2044 de
1493 2015 1591 2045 Rathe
1619 2015 1729 2050 Sento,
1753 2014 1839 2054 cujus
1863 2017 1957 2045 burse
1986 2015 2092 2051 nichil,
2125 2015 2175 2045 die

1263 2063 1356 2094 lune⁸
1398 2065 1538 2104 proxima
1580 2071 1651 2104 post
1688 2065 1797 2094 festum
1834 2065 2052 2094 translacionis
2096 2064 2177 2095 beati

1263 2113 1403 2152 Nycolai.

1305 2162 1378 2192 ltem
1395 2163 1538 2192 dominus
1555 2162 1667 2192 Petrus
1685 2163 1723 2192 de
1741 2161 1883 2203 Trajecto
1901 2163 2059 2202 superiori
2079 2163 2176 2192 licen-

1263 2211 1360 2241 ciatus
1376 2212 1432 2241 fuit
1447 2212 1552 2241 eadem
1567 2211 1617 2241 die
1633 2218 1663 2241 et
1683 2212 1713 2241 in
1731 2213 1839 2241 eodem
1861 2212 1929 2242 loco
1948 2213 2006 2242 sub
2025 2213 2176 2252 magistro

1263 2259 1371 2290 Ulrico
1383 2262 1422 2290 de
1437 2261 1588 2301 Augusta,
1605 2260 1692 2301 cujus
1708 2262 1801 2290 burse
1817 2262 1835 2291 3
1851 2261 1943 2291 solidi
1959 2272 2027 2291 cum
2043 2263 2061 2291 9
2080 2263 2176 2291 dena-

1263 2320 1333 2340 rus.

1676 2390 1774 2420 1340

1292 2461 1519 2491 Procuracio
1545 2462 1716 2502 magistri
1744 2461 1865 2492 Ulrici
1892 2463 1934 2491 de
1964 2462 2150 2502 Augusta.

1303 2555 1395 2584 Anno
1423 2555 1548 2585 Domini
1578 2554 1796 2586 M⁰CCC⁰XL⁹
1829 2556 2006 2585 convocatis
2032 2556 2175 2586 omnibus

1264 2604 1421 2644 magistris
1456 2605 1493 2634 de
1526 2605 1655 2634 nacione
1685 2604 1858 2644 Anglicana
1888 2611 1956 2634 actu
1991 2605 2174 2644 regentibus

1263 2653 1343 2692 apud
1374 2653 1519 2683 Sanctum
1551 2653 1704 2683 sulianum
1733 2664 1900 2694 pauperem
1931 2654 1969 2683 ad
1999 2654 2174 2694 eligendum

1263 2709 1496 2742 procuratorem
1517 2702 1591 2732 hora
1613 2703 1723 2742 prime,
1741 2703 1857 2732 electus
1873 2703 1927 2732 suit
1947 2703 1978 2732 in
1992 2710 2171 2743 procurato-

1294 2784 1316 2806 5.
1351 2783 1379 2806 ln
1393 2782 1509 2815 margine
1522 2782 1655 2814 inferiori:
1669 2782 1754 2806 ultimi
1766 2783 1780 2806 2
1791 2782 1977 2814 obligaverunt
1986 2785 2000 2807 5
2012 2783 2095 2807 libros
2106 2783 2175 2815 juris

1262 2817 1289 2841 in
1303 2817 1426 2843 solidum.

1293 2854 1316 2877 8.
1352 2853 1426 2877 circa
1440 2854 1478 2877 vel
1484 2856 1542 2885 post
1554 2854 1584 2877 10
1594 2853 1691 2877 Μανιίἱ.

1293 2889 1316 2912 7.
1351 2889 1426 2912 Circa
1440 2889 1545 2921 vellunt
1559 2890 1572 2912 7
1588 2889 1692 2921 Aprilis.

1293 2925 1316 2948 8.
1351 2925 1379 2948 15
1393 2925 1465 2949 Maii.

1293 2962 1316 2984 9.
1351 2962 1398 2984 Ms.
1411 2969 1416 2984 ·.
1429 2961 1569 2985 MCCCLx.
