2632 3464
294 450 344 476 497

332 527 364 555 2⁰
380 526 531 566 proposui
546 525 578 555 in
595 526 724 556 nacione
741 525 924 566 Anglicana,
944 535 981 554 ex
1002 534 1064 564 quo
1079 524 1198 563 primus

291 575 398 615 quinte
411 574 585 604 audicionis
596 574 708 604 Sancte
718 574 886 608 Genofeve,
898 573 1042 603 videlicet
1054 573 1198 602 dominus

289 623 448 654 «lohannes
469 622 810 662 [Muntschemannus]¹
837 623 876 652 de
905 622 1069 662 Maguncia
1093 622 1198 651 deter-

289 673 416 702 minavit
430 673 462 702 in
480 673 583 702 studio
599 672 762 712 Pragensi,
779 678 810 701 et
827 671 927 701 adhuc
946 672 1082 700 nondum
1103 671 1197 700 solvit

289 722 410 751 nacioni
423 728 457 752 ut
473 727 654 751 consuetum
669 726 728 756 est,
747 726 777 750 et
792 726 876 750 esset
887 721 926 749 de
936 721 1065 750 nacione
1076 726 1194 754 nostra,

287 777 389 800 utrum
397 771 526 800 deberet
533 770 655 800 solvere
665 770 787 799 nacioni
795 776 825 799 et
834 769 1023 804 satisfacere,
1033 775 1194 809 antequam

287 826 412 858 caperet
425 819 585 849 licenciam
599 818 780 859 magisterii,
794 819 834 847 de
847 818 1088 848 determinancia
1104 818 1195 848 simul

286 878 355 898 cum
373 868 478 898 bursis
491 867 630 898 licencie.
652 867 754 908 Super
766 877 828 907 quo
841 867 918 897 dixit
931 867 1020 897 nacio
1034 868 1117 907 quod
1136 877 1194 907 ego

286 923 481 957 procurator,
498 917 621 957 quando
632 917 766 946 dicerem
778 916 892 946 rectori
907 916 1076 946 deliberata
1087 916 1194 946 nacio-

285 966 335 995 nis
363 976 460 1006 super
483 965 656 1006 propositis
683 965 818 995 facultati
849 965 965 995 arcium
995 975 1052 1004 per
1078 966 1193 995 dictum

285 1015 442 1044 dominum
461 1021 624 1050 rectorem,
647 1015 729 1054 quod
747 1015 815 1054 ipse
833 1013 1010 1054 injungeret
1024 1014 1084 1044 sibi
1104 1020 1190 1044 ante-

284 1074 386 1104 quam,
398 1062 519 1104 juraret
533 1063 616 1103 quod
629 1063 821 1093 satisfaceret
835 1063 957 1093 nacioni
973 1074 1028 1093 sue
1043 1064 1081 1093 de
1096 1073 1191 1103 pecu-

281 1113 331 1142 nia
344 1112 584 1142 determinancie
602 1122 668 1147 sue,
691 1119 854 1152 antequam
873 1119 998 1152 caperet
1018 1112 1188 1142 licenciam.

282 1161 372 1199 Quod
388 1161 456 1201 ipse
473 1161 587 1191 ibidem
602 1161 757 1201 promisit.
781 1161 820 1191 Et
837 1162 932 1191 eciam
952 1161 1041 1190 nacio
1059 1161 1191 1201 injunxit

280 1209 373 1240 michi
386 1210 581 1250 procuratori
595 1211 678 1250 quod
690 1221 752 1240 non
765 1210 975 1251 permitterem
989 1210 1090 1250 ipsum
1104 1217 1190 1240 tran-

281 1259 344 1289 sire
361 1260 400 1288 ad
417 1259 587 1294 licenciam,
606 1259 667 1289 nisi
684 1259 774 1299 prius
794 1259 986 1289 satisfecerat
1006 1259 1127 1289 nacioni
1151 1260 1189 1290 de

279 1307 438 1338 solvendis
453 1308 578 1338 racione
593 1308 833 1338 determinancie
851 1314 882 1338 et
893 1308 1031 1338 licencie.

320 1356 394 1387 Item
411 1357 527 1387 xvm·
545 1357 596 1387 die
614 1357 730 1387 mensis
750 1357 824 1387 Maii
844 1357 921 1387 facta
939 1357 1187 1398 congregacione

277 1406 415 1446 generali
433 1415 491 1446 per
503 1405 710 1446 juramentum
730 1407 812 1446 apud
837 1406 980 1436 Sanctum
999 1406 1186 1437 Maturinum

278 1454 355 1485 hora
369 1455 533 1484 terciarum
551 1456 589 1484 ad
605 1455 781 1485 habendum
796 1462 1032 1495 proponentem,
1047 1456 1100 1496 qui
1115 1466 1186 1496 pro-

277 1511 409 1544 poneret
423 1514 525 1534 coram
540 1514 614 1544 rege
629 1505 785 1544 quomodo
796 1504 892 1544 aliqui
906 1504 1057 1544 magistri,
1071 1505 1185 1535 bedelli

278 1559 308 1582 et
324 1553 495 1593 scriptores
517 1553 740 1583 tribularentur
759 1554 797 1583 ab
819 1553 1088 1593 imposicionibus,
1113 1554 1186 1594 quia

277 1602 424 1642 magister
432 1601 589 1632 lohannes
599 1601 612 1620 ²
630 1602 747 1632 'rhome
757 1603 795 1632 de
807 1602 926 1632 Ordine
937 1602 1182 1640 predicatorum,

275 1650 329 1690 qui
344 1650 434 1690 prius
450 1661 529 1680 onus
542 1651 738 1691 proponendi
753 1651 896 1691 arripuit,
916 1658 1024 1691 postea
1040 1653 1184 1682 refutavit

275 1709 308 1729 se
334 1701 522 1730 excusando.
547 1700 581 1730 In
611 1710 670 1740 qua
694 1701 942 1740 congregacione
971 1701 1093 1731 suerunt
1121 1702 1182 1732 duo

274 1748 413 1788 magistri
434 1749 518 1784 novi,
542 1749 594 1789 qui
617 1750 754 1779 nundum
781 1749 879 1779 adhuc
901 1759 990 1779 suum
1011 1749 1181 1790 jocundum

275 1797 458 1836 [introitum]
473 1797 633 1828 solverunt
648 1798 783 1834 nacioni,
798 1798 917 1828 scilicet
934 1799 1082 1839 magister
1099 1799 1181 1830 Pau-

273 1845 322 1876 lus
337 1847 376 1876 de
391 1846 508 1882 Gelria,
523 1853 553 1877 et
565 1847 714 1887 magister
728 1847 883 1877 Henricus
895 1848 979 1878 Tuve
990 1849 1028 1878 de
1039 1848 1178 1879 Livonia.

273 1895 445 1935 Propterea
464 1895 667 1926 deliberatum
690 1896 746 1926 fuit
771 1897 969 1927 concorditer
994 1897 1025 1926 in
1051 1898 1180 1928 nacione

271 1943 343 1973 illos
365 1944 532 1984 magistros
556 1954 655 1975 novos
677 1951 854 1986 perpotare.
882 1946 922 1976 Et
943 1946 1070 1976 intravit
1091 1947 1180 1977 nacio

270 1993 428 2022 tabernam
451 1993 482 2022 in
506 1993 638 2033 prandio
655 2001 860 2034 nuncupatam
881 1995 940 2024 duo
958 1997 1069 2035 gladii,
1089 1995 1178 2026 sitam

263 2040 352 2081 juxta
380 2051 507 2081 parvum
536 2049 673 2082 pontem,
705 2043 736 2072 in
759 2053 822 2084 qua
855 2044 944 2073 nacio
985 2045 1180 2085 consumpsit

269 2089 426 2120 XXXVIII
440 2091 572 2127 solidos,
582 2091 621 2121 de
631 2091 746 2132 quibus
758 2092 850 2122 solvit
861 2093 1012 2133 magister
1022 2093 1177 2124 Henricus

270 2140 355 2169 Tuve
381 2141 395 2169 1
423 2140 560 2170 francum
578 2150 637 2180 pro
653 2139 793 2180 jocundo
817 2141 956 2177 introitu,
974 2148 1004 2172 et
1030 2143 1178 2183 magister

269 2187 429 2218 Mer-cilius
439 2189 478 2218 de
492 2189 589 2229 Ingen
605 2195 635 2219 et
651 2189 798 2230 magister
814 2189 997 2221 Guillelmus
1010 2192 1048 2220 de
1063 2192 1177 2222 Wade-

268 2246 330 2277 noy
352 2237 562 2277 promiserunt
587 2237 702 2278 hospiti
724 2248 782 2278 pro
802 2248 864 2268 uno
887 2240 1013 2270 srancko
1033 2251 1069 2270 ex
1089 2247 1176 2281 parte

269 2285 409 2326 magistri
430 2285 517 2316 Pauli
537 2287 575 2316 de
594 2286 715 2323 Gelria,
738 2287 790 2327 qui
809 2288 886 2318 dixit
906 2299 939 2318 se
958 2296 1119 2319 venturum
1138 2291 1175 2319 ad

267 2334 440 2374 prandium,
464 2341 496 2365 ut
514 2335 600 2365 multi
625 2336 844 2376 magistrorum
867 2337 898 2366 in
923 2339 1030 2367 eodem
1061 2339 1176 2369 retule-

266 2389 347 2413 runt.
368 2383 429 2413 Sed
445 2384 517 2424 quia
533 2394 664 2424 presens
682 2395 743 2414 non
757 2386 824 2422 suit,
839 2386 908 2415 ideo
922 2387 960 2416 ad
979 2396 1087 2417 manus
1104 2398 1176 2427 pre-

267 2431 419 2462 dictorum
435 2433 566 2463 duorum
578 2433 808 2474 fidejussorum,
823 2434 943 2465 scilicet
957 2436 1174 2476 magistrorum

267 2479 399 2510 Mercilii
429 2487 460 2511 et
498 2481 670 2518 wilhelmi,
707 2483 918 2522 promiserunt
955 2484 1086 2515 ulterius
1121 2495 1175 2516 eos

266 2534 372 2559 tenere
394 2529 576 2570 indempnes
606 2531 745 2572 magistri
771 2532 926 2562 Henricus
955 2533 993 2562 de
1025 2533 1173 2570 Roshem,

267 2576 383 2608 Hector
397 2578 461 2608 Vilt
474 2579 512 2609 de
527 2579 683 2616 Hflessen,
695 2580 852 2611 Johannes
868 2581 1013 2622 Wolgast
1025 2583 1063 2612 de
1080 2583 1174 2613 Saxo-

267 2626 318 2656 uia
334 2633 365 2656 et
382 2627 537 2658 Henricus
552 2628 649 2658 Tuve.

307 2674 382 2705 Item
400 2675 583 2716 inceperunt
598 2677 715 2707 domini
735 2678 894 2709 Arnoldus
914 2679 953 2708 de
971 2678 1172 2711 Brocchusen

265 2729 296 2754 et
322 2723 422 2755 Gbiso
447 2725 486 2754 de
512 2725 688 2766 Ratinghen
711 2728 769 2757 sub
797 2727 946 2768 magistro
972 2729 1111 2759 Johanne
1134 2730 1173 2760 de

266 2772 399 2803 Stralen.
410 2773 448 2804 Et
455 2773 621 2814 cujuslibet
629 2776 724 2805 bursa
730 2775 786 2806 VII
796 2787 822 2806 s.
832 2776 997 2808 Solverunt
1004 2778 1169 2819 receptori.

297 2864 320 2887 ¹.
352 2865 417 2887 Loco
429 2864 506 2897 huju:
515 2865 626 2890 nomini·
636 2867 748 2898 apetium
762 2867 787 2891 ιἰι
799 2876 844 2892 mn.

296 2900 319 2922 ².
353 2900 399 2923 Μ’.
430 2899 596 2925 Guillelmus.
616 2901 667 2925 Sed
686 2906 722 2926 eu
743 2903 877 2928 John-men
908 2904 1036 2934 Tbomne,
1053 2914 1121 2938 mag.
1144 2906 1169 2931 ιἰι

263 2933 351 2962 theol..
360 2934 393 2958 de
409 2943 460 2967 quo
471 2935 496 2959 ln
510 2935 628 2960 Chai-tul.
641 2937 685 2966 m.
698 2943 725 2961 n·
734 2939 804 2967 1³⁶5,
814 2943 838 2964 et
848 2939 895 2971 qui
903 2948 944 2964 an.
962 2941 1099 2965 uns-1³76
1111 2945 1169 2966 actu

264 2977 353 3002 regen
363 2969 389 2993 in
402 2969 478 2994 tls-01.
490 2971 598 2995 Parieiie
611 2972 670 3003 suit.
690 2972 743 2997 rid.
759 2973 822 2998 ibid.
836 2982 862 3006 p.
874 2975 929 3003 225,
942 2978 967 2999 et
979 2980 1008 2999 ιι·
1022 2976 1089 3000 ¹572.

343 3014 457 3035 Λημνία-ι
468 3015 591 3036 cannatae-‘a'
601 3017 689 3038 vair-re.
697 3018 765 3040 Pun'a
773 3029 799 3035 —
809 3018 825 3039 I.

800 450 913 476 LIBER
934 448 1246 475 PROCURATORUM
1267 447 1447 474 NATIONIS
1466 449 1711 475 ANGLICANAE

1233 968 1265 994 10

1227 1213 1261 1239 15

1223 1458 1258 1484 20

1220 1703 1254 1729 25

1217 1948 1251 1974 30

1214 2193 1248 2219 35

1212 2438 1246 2464 40

1211 2682 1245 2708 45

1120 5 1122 9 ·
1132 0 1195 25 ‘af-3
1200 0 1293 22 την*
1300 0 1315 13 ¹·
1323 0 1360 16 Ἣ·
1370 0 1430 22 »ἐτῶν
1441 0 1491 17 W*

2164 451 2215 476 498

1349 523 1420 564 (F'ol.
1439 527 1477 554 53
1492 524 1514 563 ¹³)
1535 524 1610 554 Item
1636 525 1667 553 in
1685 524 1813 564 vigilia³
1828 525 2030 555 Ascensionis
2047 527 2122 555 sacta
2138 537 2214 556 con-

1307 573 1494 613 gregacione
1523 573 1663 603 nacionis
1694 573 1864 613 Anglicane
1896 575 1933 603 ad
1962 576 2208 614 supplicandum,

1307 622 1493 662 supplicavit
1505 623 1586 662 apud
1602 622 1747 652 Sanctum
1761 622 1947 652 Maturinum
1962 623 2037 653 hora
2048 625 2210 654 terciarum

1306 671 1448 700 dominus
1468 671 1622 701 Henricus
1637 672 1675 700 de
1697 671 1892 707 Ysenburch,
1910 683 1978 701 cum
1994 673 2061 712 ipse
2073 672 2134 711 jam
2153 684 2210 713 pro

1306 721 1442 759 presenti
1458 730 1520 749 non
1538 720 1665 750 haberet
1681 721 1841 760 pecuniam
1864 731 1920 750 nec
1936 721 2082 761 pignora,
2103 729 2211 761 quate-

1304 778 1363 798 nus
1382 769 1471 798 nacio
1495 769 1588 799 vellet
1609 769 1669 799 sibi
1694 770 1767 799 dare
1796 770 1987 808 dylacionem
2019 771 2056 799 de
2082 773 2210 810 pecunia

1304 817 1432 847 licencie
1447 828 1502 847 sue
1517 819 1555 847 ad
1570 824 1634 847 tres
1651 828 1786 853 menses,
1804 819 1875 857 quia
1890 819 1983 848 vellet
2002 829 2117 858 ponere
2135 822 2211 850 fide-

1299 866 1455 906 jussorem
1479 867 1606 897 alterius
1637 867 1777 897 nacionis
1804 867 2002 897 sufficientem
2035 879 2093 908 pro
2125 876 2206 899 tanta

1303 926 1420 945 summa
1440 916 1585 956 pecunie,
1609 917 1690 946 sicut
1715 926 1749 946 se
1771 918 1954 946 extendebat
1974 927 2091 947 summa
2115 929 2205 958 quam

1301 965 1394 994 debet
1409 975 1464 1004 pro
1483 965 1621 995 licencia.
1643 965 1740 1005 Cujus
1763 966 1953 1005 supplicacio
1971 966 2028 996 suit
2047 977 2206 1003 concessa,

1301 1014 1466 1043 dummodo
1477 1021 1608 1054 poneret
1618 1014 1843 1054 fidejussorem,
1860 1015 1940 1044 sicut
1952 1025 2134 1055 expressum
2148 1024 2204 1046 est.

1302 1062 1340 1092 Et
1350 1063 1455 1102 posuit
1466 1063 1497 1092 in
1510 1064 1673 1103 presencia
1685 1063 1825 1093 nacionis
1838 1064 2018 1104 magistrum
2031 1064 2203 1095 Arnoldum

1299 1113 1338 1142 de
1370 1112 1534 1147 EmeHsse,
1561 1113 1701 1142 nacionis
1728 1113 1900 1148 Piccardie,
1926 1114 1957 1142 in
1979 1113 2205 1152 fidejussorem,

1299 1162 1351 1200 qui
1367 1161 1486 1191 scilicet
1503 1162 1651 1201 magister
1671 1161 1828 1191 Arnoldus
1847 1163 1991 1202 promisit
2008 1163 2129 1192 nacioni
2151 1175 2207 1204 pro

1298 1210 1381 1240 dicto
1406 1210 1542 1240 Heni-ico
1571 1211 1602 1240 in
1628 1221 1713 1246 casu,
1737 1212 1820 1251 quod
1842 1222 1903 1240 non
1935 1212 2070 1242 solveret
2093 1214 2204 1243 bursas

1298 1269 1370 1289 suas
1390 1260 1514 1289 racione
1535 1260 1664 1290 licencie
1679 1260 1759 1289 infra
1773 1266 1836 1290 tres
1855 1271 1988 1296 menses,
2006 1262 2089 1301 quod
2107 1263 2206 1302 magi-

1297 1315 1362 1338 ster
1376 1308 1535 1338 Arnoldus
1548 1310 1707 1349 predictus
1718 1315 1789 1339 tunc
1807 1310 1930 1339 easdem
1942 1311 2062 1340 solvere
2075 1311 2202 1342 deberet

1297 1358 1431 1387 nacioni.

1336 1406 1411 1436 Item
1434 1407 1613 1437 licenciatus
1634 1408 1689 1437 fuit
1706 1408 1849 1438 dominus
1872 1408 2027 1438 Henricus
2048 1410 2086 1438 de
2106 1410 2204 1440 Ysen-

1295 1456 1391 1486 burch
1424 1457 1482 1486 sub
1510 1457 1659 1497 magistro
1691 1457 1822 1497 Hugone
1853 1458 1892 1487 de
1921 1458 2084 1490 Hervorst.
2116 1458 2202 1498 cujus

1294 1506 1388 1535 bursa
1400 1505 1440 1535 VI
1458 1505 1562 1535 solidi.
1581 1506 1690 1535 Posuit
1706 1505 1931 1546 fidejussorem.

1334 1555 1408 1584 Item
1430 1555 1546 1595 incepit
1566 1555 1709 1585 dominus
1735 1555 1869 1584 ,lacobus
1892 1555 1979 1595 Lyon
2007 1556 2118 1586 Scotus
2143 1559 2201 1588 sub

1292 1604 1479 1643 magistro..
1493 1603 1517 1639 ⁴,
1539 1603 1625 1644 cujus
1637 1605 1730 1634 bursa
1740 1604 1796 1633 Vll
1809 1611 1838 1634 et
1853 1605 1960 1634 dimid.
1973 1605 2075 1635 solidi.
2089 1606 2198 1636 Solvit.

1332 1653 1406 1682 Item
1421 1652 1600 1683 licenciatus
1616 1653 1672 1683 suit
1688 1653 1831 1683 dominus
1847 1653 1981 1683 Thomas
2003 1655 2041 1684 de
2060 1655 2197 1695 Ungaria

1291 1702 1349 1731 sub
1374 1702 1522 1742 magistro
1546 1702 1683 1732 Jordano
1707 1703 1745 1732 de
1773 1702 1883 1737 Clivis‚
1908 1702 1996 1742 cujus
2019 1705 2112 1734 bursa
2139 1705 2194 1735 VII

1291 1751 1394 1786 solidi,
1411 1757 1442 1780 et
1455 1751 1548 1781 solvit
1566 1751 1719 1791 receptori
1734 1762 1790 1791 pro
1806 1752 2046 1782 determinancia
2061 1760 2091 1783 et
2107 1753 2199 1784 licen-

1290 1800 1336 1829 cia
1355 1810 1421 1835 sua,
1445 1800 1517 1840 quia
1540 1801 1755 1830 determinavit
1778 1801 1809 1830 in
1836 1801 1896 1830 alio
1921 1802 2024 1831 studio
2046 1804 2194 1843 generali,

1290 1849 1409 1879 scilicet
1424 1849 1589 1890 Pragensi.

1330 1898 1404 1928 Item
1433 1898 1613 1928 licenciatus
1644 1899 1700 1928 suit
1734 1899 1878 1929 dominus
1912 1900 2120 1931 Hertmannus
2155 1903 2193 1931 de

1289 1947 1397 1977 Sittert
1427 1949 1485 1977 sub
1509 1948 1659 1988 magistro
1687 1948 1827 1977 Johanne
1856 1949 1894 1978 de
1929 1949 2073 1985 saxonia,
2107 1950 2195 1990 cujus

1287 1997 1382 2026 bursa
1399 1996 1455 2026 VII
1470 1997 1573 2027 solidi.
1592 1997 1704 2027 Solvit.

1329 2045 1402 2075 Item
1421 2056 1502 2076 anno
1514 2056 1576 2086 quo
1589 2056 1694 2086 supra,
1709 2046 1759 2076 die
1770 2046 1782 2065 ⁸
1799 2047 1914 2076 mensis
1928 2047 2014 2082 Maii,
2033 2049 2109 2077 sacta
2122 2059 2194 2078 con-

1286 2095 1473 2134 gregacione
1489 2095 1628 2124 nacionis
1648 2095 1818 2135 Anglicane
1836 2096 1913 2125 hora
1927 2097 2095 2136 primarum
2111 2099 2195 2137 apud

1287 2143 1431 2174 Sanctum
1446 2144 1599 2174 Julianum
1612 2154 1779 2184 pauperem
1796 2155 1891 2184 super
1905 2146 2026 2175 duobus
2042 2146 2192 2182 articulis,

1285 2193 1404 2232 primus
1433 2199 1499 2223 erat
1526 2193 1595 2223 iste.
1629 2193 1706 2223 Cum
1736 2193 1811 2223 alias
1836 2195 1914 2223 sacta
1943 2196 2191 2234 congregacione

1285 2241 1506 2272 Universitatis
1527 2252 1585 2282 per
1596 2241 1803 2282 juramentum
1823 2244 1904 2282 apud
1929 2243 2071 2273 Sanctum
2094 2244 2193 2274 Matu-

1285 2290 1398 2326 rinum,
1413 2292 1450 2320 ad
1468 2301 1558 2331 quam
1577 2298 1727 2321 venerunt
1742 2293 1802 2321 duo
1819 2292 1957 2332 magistri
1975 2293 2056 2327 novi,
2075 2293 2193 2322 scilicet

1285 2339 1433 2380 magister
1457 2340 1572 2370 Paulus
1600 2341 1638 2370 de
1669 2340 1776 2371 Gelria
1801 2347 1831 2370 et
1861 2342 2009 2381 magister
2036 2342 2192 2371 Henricus

1284 2388 1368 2418 Tuve
1379 2389 1417 2418 de
1427 2389 1584 2424 Livonia‘,
1598 2389 1700 2419 habita
1708 2389 1935 2419 deliberacione
1945 2400 2039 2429 super
2052 2391 2191 2420 articulis

1283 2437 1455 2477 propositis
1470 2448 1528 2478 per
1544 2438 1701 2468 dominum
1716 2445 1867 2468 rectorem
1881 2449 1918 2467 ex
1930 2445 2015 2478 parte
2030 2438 2191 2468 Universi-

1283 2486 1365 2522 tatis,
1388 2493 1570 2526 procurator
1589 2487 1754 2527 proposuit
1770 2487 1801 2517 in
1821 2487 1961 2522 nacione,
1978 2498 2045 2517 cum
2064 2488 2093 2516 in
2115 2499 2192 2517 con-

1282 2536 1469 2575 gregacione
1483 2542 1588 2566 essent
1603 2537 1664 2566 duo
1681 2537 1752 2566 novi
1769 2537 1909 2576 magistri
1927 2537 2065 2566 nacionis
2083 2536 2191 2576 Angli-

1282 2594 1368 2619 cane,
1388 2585 1441 2624 qui
1461 2585 1596 2615 nondum
1617 2585 1715 2615 adhuc
1735 2586 1894 2615 solverunt
1911 2585 2079 2624 jocundum
2101 2596 2188 2615 suum

1282 2632 1453 2668 introitum,
1472 2634 1499 2664 si
1512 2634 1600 2663 nacio
1614 2634 1708 2664 vellet
1719 2644 1773 2664 eos
1788 2640 1965 2674 perpotare,
1978 2640 2006 2663 et
2020 2634 2190 2663 concordi-

1282 2687 1330 2711 ter
1348 2681 1549 2712 deliberatum
1570 2683 1626 2712 fuit
1646 2683 1730 2712 nullo
1754 2683 1946 2718 reclamante,
1970 2683 2052 2722 quod
2076 2683 2137 2718 sic,
2159 2690 2190 2712 et

1281 2737 1465 2771 procurator
1489 2731 1652 2771 requisivit
1679 2733 1786 2761 ambos
1811 2732 1880 2761 illos
1906 2732 2071 2771 magistros
2102 2733 2187 2771 quod

1281 2779 1438 2810 solverent
1458 2790 1545 2810 suum
1561 2779 1729 2819 jocundum
1750 2781 1917 2810 introitum.
1938 2780 2074 2817 Quorum
2093 2791 2186 2815 unus,

1310 2873 1332 2896 3.
1368 2872 1394 2895 21
1408 2873 1481 2896 Maii.

1309 2908 1332 2931 ΕΙ.
1368 2909 1458 2931 Postea
1473 2908 1592 2939 spatium.

1309 2945 1332 2966 5.
1366 2945 1439 2966 Decet
1452 2943 1505 2966 diei
1516 2946 1586 2966 nola.

1308 2980 1331 3001 6.
1372 2978 1425 3001 rid.
1441 2986 1467 3010 p.
1482 2978 1535 3005 497,
1550 2979 1588 3002 27.

2079 3024 2103 3042 Ὠ
