2632 3464
282 427 339 454 3⁹7

330 503 376 534 De
391 503 451 533 alio
463 502 604 538 articulo,
621 501 765 532 videlicet
782 501 821 530 de
837 501 1055 540 perpotacione
1074 510 1190 540 procu-

289 553 414 587 ratoris,
433 551 682 582 deliberaverunt
706 549 902 580 concorditer
925 549 1082 589 magistri¹
1107 550 1191 589 quod

286 603 425 632 francum
441 610 530 631 suum
549 601 676 630 deberet
693 605 859 639 pei-potare
878 605 908 627 et
922 608 992 628 esse
1011 605 1189 638 partyceps.

289 651 330 680 Et
356 657 428 680 tunc
456 650 544 679 nacio
575 648 700 679 intravit
725 649 882 678 tabernam
905 653 936 676 et
963 647 1078 686 potavit
1106 647 1192 676 illum

289 700 438 734 francum,
469 705 500 728 et
525 698 563 728 de
590 697 723 738 pecunia
749 696 887 726 nacionis
911 696 937 724 V
963 696 1093 731 solidos,
1123 706 1192 725 nam

290 749 436 778 dixerunt
454 746 595 788 magistri
618 746 702 786 quod
724 745 785 785 ipsi
807 751 876 775 octo
899 745 949 775 vel
969 745 1026 774 Vll
1049 745 1090 774 ita
1115 746 1193 774 bene

288 803 420 838 possent
436 796 463 826 V
481 796 600 826 solidos
617 804 712 835 super
727 794 887 824 nacionem
907 800 1026 834 potare,
1049 795 1193 833 quemad-

289 847 411 876 modum
425 845 477 876 alii
493 844 551 875 ΧΠ
567 844 697 879 solidos,
711 843 784 883 quia
801 842 866 872 illi²
881 843 912 872 in
931 844 1036 872 eadem
1054 843 1193 872 multitu-

285 896 362 925 dine
380 899 563 935 potaverunt
577 892 703 933 duplum
719 898 749 922 et
763 892 844 932 plus.

330 943 406 974 Item
435 942 623 983 supplicavit
652 941 800 981 magister
821 941 978 971 Johannes
1005 941 1194 980 Synneghen

290 992 424 1028 micioni,
445 998 479 1022 ut
496 991 556 1022 sibi
576 991 772 1021 acomodaret
790 990 833 1020 111
854 991 976 1020 francos
999 1000 1094 1030 super
1113 991 1194 1019 bono

288 1042 430 1082 pignore.
450 1040 508 1071 Cui
525 1039 634 1070 ιιεείο3
661 1039 817 1069 concessit
836 1046 900 1069 tres
924 1040 1046 1068 francos
1070 1049 1127 1078 per
1149 1039 1194 1068 111

289 1100 412 1120 menses
423 1099 519 1130 super
531 1089 664 1129 pignore
679 1088 844 1128 prelibato,
856 1095 886 1118 et
899 1088 1048 1127 magister
1063 1087 1195 1117 Han-twi-

287 1149 346 1170 cus
371 1139 464 1169 solvit
487 1138 558 1168 illos
581 1147 640 1178 pro
663 1137 895 1178 Phylosophya,
919 1147 1010 1177 quam
1034 1137 1140 1166 hahuit
1163 1137 1196 1166 in

290 1189 420 1218 nacione
434 1187 612 1228 obligatam.

331 1239 406 1278 (Vol.
425 1237 471 1276 25)
490 1236 566 1266 ltem
578 1236 610 1265 4·
617 1236 668 1266 die
685 1236 801 1265 mensis
814 1235 889 1265 Maii
902 1236 979 1265 sacta
991 1235 1047 1264 suit
1061 1245 1196 1275 congre-

289 1286 382 1328 gacio
402 1285 542 1316 nacionis
568 1286 606 1315 ad
631 1284 868 1325 supplicandum
890 1284 921 1314 in
943 1284 1012 1314 loco
1036 1283 1196 1324 capitulari

291 1335 526 1366 Predicatorum
536 1340 610 1374 post
617 1343 802 1369 sermonem,
812 1340 842 1363 et
852 1333 909 1362 fuit
921 1333 1074 1362 dominica
1084 1333 1116 1362 4·
1126 1339 1198 1372 post

293 1385 402 1415 Pasca.
424 1383 460 1414 ln
481 1394 542 1424 qua
561 1382 815 1423 supplicaverunt
835 1382 984 1422 magister
1001 1382 1135 1412 Thomas
1158 1382 1196 1411 de

297 1433 396 1464 Clivis
415 1439 446 1463 et
467 1432 616 1472 magister
633 1431 790 1462 lohannes
812 1431 951 1466 Collecb‚
972 1437 1005 1461 ut
1026 1431 1053 1460 si
1075 1431 1197 1460 contin-

293 1489 383 1524 geret
400 1482 468 1512 fieri
483 1481 619 1512 rotulum
634 1481 665 1510 in
687 1481 833 1510 absencia
849 1491 967 1515 eorum,
985 1481 1069 1520 quod
1086 1480 1196 1510 solutis

294 1531 454 1562 solvendis
474 1537 507 1560 ut
528 1536 690 1570 presentes
713 1535 842 1569 possent
861 1529 981 1569 inponi.
1006 1528 1197 1559 Concessum

294 1581 351 1610 fuit
370 1580 518 1620 magistro
537 1579 654 1608 Tbome
673 1579 712 1608 de
729 1578 839 1614 clivis,
856 1579 939 1618 quod
957 1578 983 1608 si
1004 1578 1198 1618 contingeret

290 1629 359 1660 fieri
370 1628 517 1663 rotulum,
534 1628 602 1668 ipse
623 1628 751 1657 deberet
769 1627 876 1668 inponi
893 1633 1045 1667 tamquam
1067 1637 1198 1667 presens

292 1684 324 1708 et
338 1678 446 1708 eodem
461 1677 553 1707 modo
568 1676 708 1712 solvere;
724 1676 803 1706 alter
815 1682 915 1706 autem
931 1676 1030 1706 solum
1045 1683 1198 1716 tamquam

295 1728 409 1758 absens
434 1732 464 1756 et
495 1726 616 1756 solvere
648 1731 802 1766 tamquam
829 1726 958 1761 absens,
988 1725 1020 1755 in
1051 1731 1198 1765 quantum

288 1786 467 1817 possemus.

334 1825 410 1855 ltem
425 1826 458 1855 5·
470 1825 521 1854 die
535 1823 652 1854 mensis
668 1823 742 1854 Maii
758 1824 836 1854 sacta
853 1824 1099 1864 congregacione
1117 1824 1198 1863 apud

291 1874 438 1905 Sanctum
452 1873 606 1904 Julianum
621 1874 659 1902 ad
673 1873 858 1902 audiendum
870 1879 1046 1913 computum
1059 1879 1198 1912 recepto-

291 1924 338 1954 ris
361 1929 392 1953 et
411 1923 451 1953 ad
471 1922 648 1963 eligendum
671 1928 913 1962 procuratorem,
943 1922 1021 1951 facto
1054 1928 1198 1962 computo

293 1972 467 2013 receptoris
481 1971 570 2001 nacio
585 1970 773 2011 computavit
786 1971 830 2000 4⁰²
845 1971 952 2006 libras,
972 1971 1008 2000 16
1023 1970 1154 2007 solidos,
1168 1976 1199 2001 et

288 2027 362 2052 octo
373 2020 530 2051 denarios.

695 2113 790 2144 13⁷1

366 2185 638 2217 Procurator-ia
665 2185 835 2226 magistri
864 2185 1056 2216 wilhelmi
1087 2186 1129 2215 de

437 2235 645 2275 Wadenoy‚
676 2233 914 2275 Trajectens.
943 2235 1050 2275 dyoc.

334 2315 426 2346 Anno
442 2315 567 2346 Domini
582 2315 628 2345 M·
644 2314 740 2346 CCC⁰
752 2315 814 2351 71⁶,
831 2314 900 2344 loco
915 2321 945 2345 et
952 2315 1002 2345 die
1018 2325 1079 2355 quo
1091 2325 1196 2355 supra,

296 2366 375 2395 facta
391 2365 636 2405 congregacione
651 2363 791 2394 nacionis
811 2365 849 2394 ad
863 2364 1039 2404 eligendum
1052 2374 1198 2404 procura-

294 2420 410 2450 torem,
427 2412 544 2444 electus
561 2413 616 2443 fuit
631 2413 827 2443 concorditer
845 2413 991 2453 magister
1011 2413 1198 2444 Wilhelmus

296 2464 335 2494 dc
353 2462 518 2503 Wadenoy
539 2462 571 2492 in
590 2468 832 2502 procuratorem.
855 2461 889 2492 In
912 2461 998 2503 cujus
1016 2469 1199 2502 procurato-

297 2512 344 2542 ria
356 2517 422 2542 acta
434 2517 507 2542 sunt
522 2510 579 2541 bec
593 2521 654 2551 que
669 2517 825 2541 secuntur.

335 2560 441 2591 Primo
457 2561 565 2590 eodem
579 2559 631 2590 die
645 2560 676 2590 in
691 2560 773 2590 dicta
787 2559 1033 2600 congregacione
1044 2560 1199 2590 delibera-

293 2610 340 2640 vit
366 2610 454 2640 nacio
482 2609 689 2645 concorditer,
717 2609 800 2649 quod
826 2609 887 2638 sibi
918 2609 1053 2649 placeret
1084 2609 1129 2639 ire
1160 2610 1198 2639 ad

298 2659 454 2689 tabernam
465 2663 496 2688 et
509 2658 675 2698 propinare
686 2658 834 2699 magistro
850 2657 990 2687 Mercilio
1002 2658 1040 2687 de
1053 2657 1196 2698 Ynghen.

337 2707 409 2747 (rot.
433 2708 470 2738 25
484 2706 508 2747 ¹’)
526 2706 537 2726 ⁴
566 2706 640 2737 Item
662 2716 742 2736 anno
764 2706 889 2737 Domini
910 2717 972 2746 quo
994 2717 1099 2748 supra,
1123 2708 1199 2738 facta

293 2755 541 2797 congregacione
564 2755 703 2786 nacionis
734 2755 905 2796 Anglicane
934 2756 984 2786 14·
1007 2756 1057 2786 die
1083 2757 1198 2787 mensis

327 2845 351 2869 l.
383 2844 429 2868 Hic
439 2852 486 2870 ιιι.
501 2843 591 2869 aarum
601 2843 775 2870 concorditer.

326 2880 350 2904 2.
383 2880 431 2905 Ne.
444 2879 488 2904 m·
499 2882 637 2904 cometam
646 2879 673 2904 in
686 2879 732 2904 illi.

326 2916 351 2939 8.
384 2916 432 2939 Nc.
443 2914 555 2939 nacioni.

1180 3 1199 16 ,.
1235 6 1240 12 .

1241 19 1275 44 Y>-

791 425 904 452 LIBER
925 424 1238 452 PROCL'RATORUM
1258 425 1438 452 NATIONIS
1456 426 1699 451 ANGLICANAE

1232 947 1266 972 10

1234 1191 1267 1218 15

1234 1437 1268 1463 20

1235 1682 1269 1708 25

1234 1927 1269 1954 30

1234 2176 1269 2203 35

1235 2420 1270 2447 40

1235 2666 1270 2692 45

1282 0 1428 33 affige-5
1435 0 1534 24 *vs-mr
1635 0 1709 14 :wr-
1717 0 1745 15 2·
1757 0 1762 4 -
1779 0 1911 16 ι.

2153 427 2204 452 398

1300 501 1372 530 Maii
1402 501 1574 530 immediate
1595 508 1668 540 post
1693 502 1887 531 sermonem⁵
1909 503 1990 541 apud
2013 502 2204 541 Cordigeros

1300 551 1338 579 ad
1356 550 1604 590 supplicandum,
1626 550 1813 589 supplicavit
1832 551 1934 590 primo
1954 551 2101 590 magister
2121 551 2205 580 Mer-

1302 598 1391 628 cilius
1405 599 1443 628 de
1465 598 1582 638 lnghen
1601 599 1724 628 nomine
1742 597 1898 638 cujusdam
1918 599 2098 633 bachillarii.
2122 600 2205 638 Πυγ-

1300 648 1383 677 naldi
1398 648 1532 682 nomine,
1552 653 1703 687 quatenus
1721 648 1809 677 nacio
1825 648 1884 677 sibi
1902 649 2086 677 concederet
2102 649 2205 677 literas

1302 697 1524 726 testimoniales
1539 697 1576 726 de
1593 696 1662 731 hoc,
1679 697 1763 736 quod
1778 696 1853 726 alias
1870 707 1926 736 per
1939 707 2050 726 annum
2069 698 2206 726 studuis-

1302 752 1350 775 set
1369 746 1399 774 in
1418 746 1558 775 facultate
1573 746 1688 774 arcium
1709 751 1738 774 et
1755 745 1997 775 bachillariatum
2021 746 2154 785 optinuit
2176 747 2206 775 in

1301 795 1407 824 eadem
1425 794 1575 828 facultate.
1591 793 1678 834 cujus
1693 795 1884 834 supplicacio
1900 795 1956 824 fuit
1970 805 2129 824 concessa.

1344 843 1417 873 Item
1427 844 1482 882 [in]
1496 844 1601 872 eadem
1609 843 1855 883 congregacione
1871 843 2207 883 supplicavitdominus

1303 892 1436 932 Egidius
1459 893 1560 922 dictus
1578 892 1684 922 Bruun
1704 902 1763 932 pro
1784 892 1882 922 literis
1902 893 2207 922 recommendatoriis

1303 942 1341 970 ad
1356 947 1473 981 patrem
1490 951 1589 975 suum,
1606 940 1693 981 cujus
1709 941 1900 981 supplicacio
1914 942 1969 971 fuit
1986 952 2145 971 concessa.

1344 990 1419 1020 Item
1436 1000 1516 1019 anno
1537 990 1661 1019 Domini
1681 1001 1742 1030 quo
1762 1000 1867 1030 supra,
1886 991 2032 1020 vicesima
2049 991 2139 1020 tertia
2159 991 2208 1020 die

1303 1039 1419 1068 mensis
1432 1039 1610 1079 prescripti,
1623 1040 1700 1069 sacta
1713 1039 1961 1080 congregacione
1974 1040 2113 1069 nacionis
2127 1041 2208 1080 apud

1306 1087 1450 1118 Sanctum
1469 1088 1622 1118 Julianum
1641 1099 1808 1128 pauperem
1829 1089 1990 1128 proposita
2009 1090 2128 1118 fuerant
2148 1090 2209 1118 duo

1307 1137 1339 1166 in
1357 1137 1585 1166 deliberacione
1611 1138 1760 1167 nacionis.
1785 1137 1891 1167 Primo
1917 1138 1998 1167 enim
2023 1138 2210 1178 supplicavit

1304 1186 1446 1216 dominus
1462 1186 1618 1216 lohannes
1634 1187 1672 1216 de
1690 1186 1893 1222 Mildeberch,
1917 1193 2068 1226 quatenus
2088 1188 2210 1216 nacioni

1306 1235 1444 1275 placeret
1458 1235 1518 1264 sibi
1535 1236 1574 1264 de
1589 1245 1671 1265 novo
1689 1236 1859 1265 concedere
1878 1235 2060 1265 dilacionem
2080 1237 2210 1276 pecunie

1304 1285 1467 1314 bursarum
1482 1284 1722 1314 determinancie
1737 1295 1792 1314 sue
1805 1285 1843 1314 ad
1860 1286 1903 1314 3⁰·
1918 1295 2051 1320 menses,
2072 1287 2129 1315 sub
2142 1295 2211 1315 cau-

1305 1333 1393 1362 cione
1409 1339 1520 1368 tamen,
1533 1334 1616 1373 quod
1629 1340 1759 1373 poneret
1772 1333 1891 1363 literam
1906 1334 2044 1363 officialis
2060 1336 2117 1364 sub
2132 1345 2212 1374 pena

1304 1382 1635 1412 excommunicacionis
1652 1382 1711 1412 late
1727 1383 1892 1412 sentencie.
1909 1382 2006 1423 Cujus
2021 1383 2211 1423 supplicacio

1307 1431 1362 1461 suit
1379 1441 1527 1461 concessa
1544 1432 1602 1461 sub
1620 1432 1901 1467 moderacionibus,
1915 1433 2016 1472 primo
2032 1433 2114 1472 quod
2123 1432 2211 1473 jura-

1305 1487 1352 1510 ret
1373 1481 1456 1520 quod
1480 1490 1538 1520 pro
1561 1490 1642 1510 nunc
1660 1491 1722 1510 non
1745 1480 1871 1510 haberet
1891 1491 1946 1511 nec
1970 1481 2082 1511 habere
2104 1489 2213 1521 posset

1305 1530 1464 1559 commode
1490 1530 1571 1559 unde
1605 1530 1806 1565 satisfaceret,
1842 1531 1924 1559 omni
1954 1530 2026 1559 dolo
2053 1537 2083 1560 et
2106 1531 2211 1560 fraude

1306 1578 1459 1614 exclusis3
1485 1579 1517 1608 2⁰
1543 1579 1627 1618 quod
1650 1579 1746 1608 eciam
1765 1578 1885 1618 juraret
1906 1580 1989 1618 quod
2017 1580 2042 1609 si
2074 1586 2212 1620 tempore

1308 1628 1491 1658 intermedio
1515 1627 1642 1657 haberet
1658 1629 1739 1658 unde
1761 1629 1920 1658 commode
1946 1629 2068 1658 nacioni
2091 1630 2212 1659 satissa—

1306 1687 1376 1707 cere
1394 1683 1518 1717 posset,
1537 1678 1620 1717 quod
1635 1677 1734 1706 adhuc
1752 1677 1944 1707 satisfaceret
1960 1684 2029 1707 ante
2049 1679 2211 1708 terminum

1305 1727 1467 1767 prefixum.

1350 1776 1426 1806 Item
1436 1776 1468 1804 2⁰
1479 1775 1671 1815 propositum
1684 1781 1760 1810 erat,
1769 1785 1835 1804 cum
1845 1775 1920 1805 alias
1930 1777 2127 1806 concorditer
2138 1777 2212 1807 deli-

1311 1825 1449 1854 beratum
1463 1823 1581 1863 su[er]it
1595 1834 1652 1864 per
1666 1825 1832 1864 magistros
1848 1825 2003 1861 nacionis,
2023 1827 2104 1865 quod
2121 1826 2213 1856 vellet

1307 1874 1346 1903 de
1373 1873 1502 1914 pecunia
1526 1873 1666 1902 nacionis
1690 1873 1857 1914 propinare
1882 1874 2032 1914 magistro
2059 1874 2210 1911 Mercilio,

1306 1933 1374 1953 cum
1401 1921 1476 1952 alias
1505 1922 1625 1962 legatus
1662 1932 1730 1952 cum
1764 1922 1865 1952 rotulo
1899 1923 2038 1953 nacionis
2074 1930 2212 1963 tempore

1306 1981 1450 2002 recessus
1472 1971 1519 2001 sui
1539 1971 1661 2001 nacioni
1683 1971 1893 2012 propinasset,
1912 1978 2064 2012 quatenus
2081 1980 2212 2012 protunc

1310 2022 1397 2051 nacio
1415 2021 1474 2051 iret
1492 2021 1528 2050 ad
1542 2021 1700 2050 tabernam
1722 2021 1782 2050 sibi
1798 2021 2006 2061 propinando.
2030 2021 2131 2061 Super
2151 2034 2212 2063 quo

1307 2070 1505 2101 concorditer
1514 2079 1621 2099 omnes
1635 2069 1775 2110 magistri
1788 2076 1951 2110 presentes
1963 2071 2211 2107 consencierunt,

1309 2119 1383 2149 licet
1399 2119 1494 2158 aliqui
1517 2125 1616 2148 tamen
1639 2119 1782 2148 dicebant
1801 2120 1883 2158 quod
1907 2120 1938 2148 in
1957 2119 2016 2149 alia
2040 2130 2213 2160 congrega-

1305 2168 1394 2198 cione
1407 2168 1555 2208 preterita
1567 2167 1641 2197 illud
1653 2178 1715 2198 non
1730 2174 1851 2207 poterat
1862 2168 2025 2198 efficaciter
2035 2169 2211 2205 deliberari,

1308 2228 1376 2247 cum
1403 2217 1492 2247 nacio
1518 2227 1581 2246 non
1605 2217 1716 2247 suisset
1742 2223 1849 2247 vocata
1875 2218 1912 2247 ad
1943 2218 2146 2248 ordinandum
2175 2220 2213 2248 de

1308 2266 1449 2306 pecuniis
1469 2266 1546 2302 suis,
1566 2272 1599 2295 ut
1617 2265 1679 2305 ipsi
1702 2266 1855 2296 dicebant.
1877 2266 2030 2297 Omnibus
2052 2273 2151 2297 tamen
2175 2269 2212 2297 ad

1311 2315 1369 2345 hoc
1384 2315 1582 2346 concorditer
1595 2315 1866 2345 consencientibus
1883 2315 1937 2345 ivit
1954 2316 2042 2346 nacio
2059 2317 2097 2345 ad
2110 2318 2213 2346 taber-

1308 2374 1378 2395 nam
1393 2365 1436 2394 ad
1448 2366 1618 2404 ymaginem
1629 2364 1714 2393 beate
1727 2365 1848 2404 vit-ginis
1861 2365 1891 2393 in
1907 2365 1975 2394 vico
1991 2365 2148 2401 Sutorum,
2161 2366 2212 2395 ubi

1308 2413 1502 2454 consumpsit
1518 2414 1561 2442 2⁰·
1576 2413 1698 2443 francos
1709 2423 1776 2443 cum
1788 2414 1831 2443 4⁹¹·
1841 2414 1962 2449 solidis,
1976 2424 2055 2454 quos
2071 2422 2214 2455 receptor

1307 2463 1410 2493 solvit.

1347 2539 1419 2576 (mu.
1447 2539 1496 2578 26)
1533 2538 1600 2568 Isti
1637 2544 1723 2568 sunt
1754 2538 1947 2568 licenciati
1973 2538 2080 2578 hujus
2110 2539 2210 2568 anni.

1348 2609 1454 2640 Primo
1492 2609 1671 2639 licenciatus
1709 2616 1756 2639 est
1797 2610 1939 2639 dominus
1979 2610 2137 2639 Gerardus
2174 2611 2212 2640 ‹le

1308 2659 1473 2699 Hoyngen,
1503 2665 1611 2699 pastor
1634 2658 1665 2688 in
1692 2658 1946 2693 Vl'asserbillicli,
1980 2659 2037 2688 sub
2065 2659 2212 2699 magistro

1306 2708 1444 2738 Jordano
1467 2708 1505 2737 de
1527 2707 1638 2742 clivis,
1660 2706 1746 2747 cujus
1774 2708 1909 2747 quinque
1926 2708 2018 2737 burse
2040 2709 2082 2736 δ’·
2103 2708 2210 2737 franci.

1309 2756 1464 2787 Satisfecit
1484 2757 1649 2797 receptori.

1336 2845 1360 2868 ¹0.
1394 2845 1422 2868 ln
1435 2845 1550 2877 margine
1563 2844 1690 2876 superiori
1698 2845 1787 2868 iterum
1801 2844 1982 2868 Procuratoria
1998 2852 2068 2876 mag.
2082 2844 2211 2869 Wilbelmi

1306 2879 1338 2904 de
1354 2879 1492 2911 Wadenoy,
1506 2882 1530 2903 et
1544 2880 1581 2903 uic
1593 2879 1670 2903 etiam
1683 2880 1707 2903 in
1719 2888 1799 2910 marg.
1811 2878 1856 2911 sol,
1871 2880 1909 2903 2⁸3.

1337 2917 1360 2939 δ.
1394 2915 1452 2939 Fuit
1468 2915 1554 2947 vigilia
1572 2914 1745 2942 Aacemioniae,
1759 2918 1784 2938 et
1798 2915 1921 2939 neec-imus
1937 2923 2017 2947 quare
2035 2919 2095 2947 post
2111 2924 2212 2940 nermo·-

1308 2959 1376 2975 nem.
1388 2952 1504 2975 fortune
1517 2950 1567 2983 legi
1580 2950 1654 2974 dohec
1667 2951 1695 2974 15
1707 2950 1775 2978 unii,
1792 2953 1809 2974 ί.
1823 2958 1844 2974 e.
1861 2952 1957 2975 (satum
1971 2950 2146 2975 Amen-ionis.

1930 0 1998 11 vum-y
2011 0 2033 11 ·5
2046 2 2085 16 ,γ’
2099 0 2103 2 ’
2119 0 2149 13 μετ’
2163 0 2199 16 ⁴5³¹
2234 0 2240 11 .’
2254 0 2289 17 ἰ’ἶ
2315 0 2317 2 ·
2344 2 2345 5 ¹
