2632 3464
435 435 487 460 895

434 510 550 540 statuti.
574 510 605 538 3⁰
629 508 882 548 supplicaverunt
899 507 959 535 duo
983 504 1122 544 magistri
1140 514 1197 543 pro
1220 504 1341 535 duobus

433 558 629 588 bachellariis
642 564 675 587 ut
688 556 940 597 permitterentur
953 553 1218 584 subdeterminare
1230 551 1341 582 solutis

434 607 604 642 solvendis,
630 606 702 646 quia
722 606 876 635 habebant
897 603 1073 633 necessario
1097 602 1141 632 ire
1163 602 1201 630 ad
1223 607 1339 640 partes.

433 657 465 686 4⁰
477 655 663 696 supplicavit
677 654 824 694 magister
835 652 1010 692 Heynricus
1025 651 1174 681 Dinteren
1188 656 1221 679 ut
1228 650 1342 679 daren-

433 712 483 735 tur
511 705 659 745 deputati,
688 704 741 743 qui
767 703 918 732 haberent
941 710 1131 740 cognoscere
1156 699 1294 728 defectus
1309 699 1341 728 in

434 755 524 784 domo
545 755 587 782 ad
604 755 773 792 ymaginem
795 759 893 780 nostre
917 752 1042 780 Domine
1064 749 1095 778 in
1114 748 1184 778 vico
1201 747 1341 778 Brunelli

434 810 464 833 et
483 810 517 833 ut
540 808 766 842 consequenter
788 801 897 830 fierent
918 800 1090 828 defectuum
1109 796 1337 838 reparaciones.

434 852 550 881 Omnes
568 850 814 891 supplicaciones
828 849 914 878 nacio
930 847 1096 882 concessit,
1113 853 1144 876 et
1156 856 1251 886 super
1262 847 1340 875 iacto

435 902 544 930 domus
570 901 612 929 ad
637 901 807 939 ymaginem
834 898 918 926 beate
944 898 1044 926 Mar-ie
1070 895 1158 925 nacio
1183 894 1342 936 deputavit

435 950 613 989 magistrum
629 948 800 977 Arnoldum
810 946 973 981 Wtwiich,
993 945 1172 985 magistrum
1185 944 1341 974 Andream

435 1000 473 1028 de
495 999 635 1032 Bavaria,
658 997 837 1037 magistrum
858 995 1028 1025 Johannem
1050 994 1226 1028 Boenroed,
1243 992 1342 1033 magi-

436 1055 532 1078 strum
550 1047 719 1076 Johannem
737 1045 845 1085 Popir,
866 1045 1046 1084 magistrum
1064 1043 1234 1072 Johannem
1253 1041 1341 1072 Gael-

436 1107 493 1136 cop
507 1103 537 1126 et
549 1096 728 1135 magistrum
747 1094 941 1124 Conrardum
954 1094 992 1121 de
1008 1091 1148 1131 Eslinga.

474 1146 553 1175 Nota
568 1145 661 1184 quod,
672 1144 743 1183 quia
753 1143 945 1182 antiquiores
953 1147 1098 1181 regentes
1113 1151 1175 1170 non
1190 1146 1343 1170 venerunt

435 1196 473 1224 ad
488 1194 777 1234 congregacionem,
794 1192 882 1221 nacio
898 1191 1018 1220 distulit
1035 1190 1216 1219 electionem
1232 1189 1342 1218 exami-

434 1250 574 1273 natorum
602 1242 858 1271 bachellariorum
878 1241 916 1270 ad
936 1250 1027 1269 unam
1052 1238 1341 1279 congregacionem,

434 1293 487 1322 ubi
505 1298 749 1321 convocarentur
762 1300 868 1319 omnes
882 1296 911 1319 et
924 1288 1039 1328 singuli
1054 1298 1112 1328 per
1122 1287 1340 1328 juramentum.

475 1342 566 1370 Facta
602 1340 848 1380 congregacione
883 1338 1023 1368 nacionis
1056 1337 1228 1377 Anglicane
1261 1336 1343 1376 apud

436 1391 579 1420 Sanctum
602 1389 789 1419 Maturinum
806 1398 886 1418 anno
905 1387 1030 1417 Domini
1049 1393 1081 1416 ut
1099 1396 1205 1426 supra,
1224 1387 1274 1415 192
1293 1386 1343 1415 die

434 1440 550 1469 mensis
568 1439 727 1468 Februarii
744 1448 838 1477 super
853 1437 953 1466 tribus
969 1436 1118 1465 articulis.
1138 1435 1263 1464 Primus
1279 1441 1344 1464 erat

434 1490 470 1518 ad
494 1489 678 1518 audiendum
698 1487 883 1516 relacionem
906 1487 1120 1524 deputatorum
1146 1494 1240 1523 super
1265 1485 1343 1513 facto

435 1539 544 1567 domus
559 1539 601 1566 ad
619 1533 787 1576 ymaginem
803 1543 900 1564 nostre
919 1536 1045 1564 Domine
1065 1534 1096 1563 in
1117 1533 1186 1563 vico
1203 1533 1343 1563 Brunelli

435 1594 464 1616 et
486 1588 523 1616 ad
549 1587 734 1616 audiendum
765 1591 939 1624 compotum
964 1589 1121 1622 receptum
1148 1592 1165 1611 a
1193 1582 1343 1622 magistro

434 1637 549 1666 Jacobo
571 1635 720 1665 Johannis
740 1635 777 1663 de
796 1633 921 1663 Harlem
945 1643 1003 1673 per
1020 1633 1194 1672 deputatos.
1214 1632 1259 1660 2¹¹⁸
1279 1637 1344 1661 erat

434 1686 472 1714 ad
485 1684 845 1724 ulteriusprovidendum
859 1683 896 1712 de
908 1683 999 1711 modo
1011 1681 1192 1711 sublevandi
1205 1681 1340 1710 domum.

434 1735 480 1763 3¹¹⁵
495 1741 560 1763 erat
577 1744 672 1773 super
687 1732 970 1772 supplicacionibus
987 1738 1017 1760 et
1032 1729 1165 1769 injuriis.

476 1783 576 1823 Super
601 1783 700 1822 primo
721 1782 866 1810 dixerunt
887 1780 1024 1820 deputati
1046 1779 1239 1808 concorditer
1259 1780 1343 1819 quod

435 1833 544 1862 domus
562 1839 627 1861 erat
644 1831 781 1866 ruinosa,
807 1830 922 1859 caduca
946 1835 975 1858 et
998 1828 1087 1858 valde
1105 1827 1181 1856 male
1198 1834 1343 1867 cooperta

435 1888 464 1911 et
487 1882 593 1916 fetida,
614 1891 685 1919 ymo
706 1880 737 1909 in
757 1885 873 1908 tantum
895 1879 979 1918 quod
999 1888 1061 1907 non
1081 1877 1196 1906 vellent
1219 1877 1343 1906 domum

435 1931 557 1970 pagani,
576 1940 665 1969 quam
681 1929 899 1963 inhabitarent,
920 1927 965 1956 sic
979 1927 1158 1966 permittere
1173 1927 1300 1955 tendere
1311 1926 1343 1955 in

434 1980 553 2009 ruinam
573 1985 602 2008 et
617 1979 741 2007 setores.
760 1977 934 2017 Conpotum
955 1982 1114 2015 receptum
1138 1981 1190 2004 aut
1207 1975 1342 2004 auditum

433 2039 490 2068 per
505 2030 666 2068 deputatos
680 2038 696 2056 a
711 2027 861 2066 magistro
871 2026 986 2055 Jacobo
1001 2023 1153 2054 Johannis
1167 2025 1205 2053 de
1218 2024 1342 2053 Harlem

434 2088 496 2107 non
521 2077 691 2116 acceptavit
721 2086 777 2105 nec
807 2075 927 2104 avoavit
954 2074 1054 2109 nacio,
1088 2074 1142 2102 sed
1174 2073 1289 2112 placuit
1315 2074 1343 2103 ei

434 2127 541 2156 audire
559 2132 723 2165 conpotum
744 2125 774 2153 in
795 2124 922 2153 nacione
942 2123 1142 2162 solempniter
1157 2129 1343 2162 congregata

435 2186 529 2215 super
547 2176 615 2209 hoc,
635 2175 672 2203 de
698 2180 810 2213 puncto
830 2174 868 2202 ad
892 2178 1039 2212 punctum
1062 2171 1216 2200 videlicet.
1243 2171 1343 2210 Super

434 2226 465 2254 2ο
480 2225 608 2254 articulo
626 2223 741 2263 placuit
755 2221 876 2252 nacioni
893 2222 974 2260 quod
990 2221 1018 2249 si
1031 2220 1143 2259 aliquis
1160 2220 1197 2249 de
1214 2220 1342 2250 nacione

435 2274 483 2304 vel
499 2281 583 2303 extra
599 2273 758 2302 nacionem
773 2271 865 2301 vellet
880 2270 981 2299 locare
995 2271 1118 2298 domum
1133 2275 1162 2298 et
1178 2279 1245 2298 cum
1263 2269 1342 2298 loca-

435 2323 488 2362 gio
504 2323 594 2351 unius
617 2321 687 2350 anni
710 2321 757 2350 vel
776 2321 906 2349 duorum
927 2319 1026 2347 facere
1043 2318 1110 2347 fieri
1124 2318 1342 2357 reparaciones

436 2373 532 2401 bonas
553 2378 582 2400 et
599 2370 802 2404 necessarias,
822 2369 905 2408 quod
924 2367 993 2397 talis
1016 2367 1153 2402 haberet,
1171 2373 1201 2396 et
1224 2367 1250 2396 si
1273 2367 1342 2396 talis

436 2431 497 2450 non
517 2420 719 2460 reperiretur,
735 2424 807 2447 tunc
828 2417 915 2446 nacio
934 2427 970 2445 ex
990 2415 1115 2445 XXXVI
1135 2416 1248 2444 francis
1264 2426 1342 2455 quos

436 2471 527 2499 debet
548 2468 662 2503 domui,
683 2474 712 2497 et
729 2478 766 2496 ex
788 2466 917 2505 pecunia
933 2475 1022 2504 quam
1042 2464 1190 2504 magister
1209 2465 1342 2494 Jacobus

436 2518 594 2558 predictus
616 2523 736 2546 tenetur
758 2515 878 2550 domui,
903 2515 1016 2543 faceret
1037 2513 1102 2542 fieri
1125 2513 1342 2552 repar-aciones

436 2567 627 2596 necessarias
647 2565 814 2595 secundum
833 2563 1022 2603 exigenciarn
1043 2563 1152 2591 domus
1171 2568 1200 2590 et
1217 2562 1343 2591 faculta-

436 2623 495 2645 tem
520 2615 658 2645 nacionis
685 2621 715 2643 et
740 2612 870 2652 predicti
894 2611 1034 2651 magistri
1054 2610 1172 2646 Jacobi‚
1200 2617 1228 2639 et
1247 2610 1343 2639 eciam

437 2666 519 2704 quod
548 2665 606 2693 hoc
634 2665 721 2692 fieret
753 2662 834 2691 circa
869 2660 1153 2699 Quadragesimam.
1184 2659 1285 2698 Super
1313 2660 1344 2688 3⁰

437 2714 622 2753 supplicavit
643 2712 790 2751 magister
813 2711 1008 2739 Hermannus
1034 2708 1162 2738 Ommen
1183 2718 1240 2747 pro
1262 2707 1344 2737 Her-

437 2773 546 2791 manno
567 2763 627 2800 [de]
651 2759 869 2800 Goentinghen
892 2765 925 2788 ut
942 2758 1030 2787 nacio
1049 2763 1172 2796 caperet
1188 2756 1344 2796 juramen-

468 2855 490 2877 1.
525 2854 649 2877 Buuffius
658 2854 687 2882 V
696 2854 751 2881 919,
761 2852 837 2883 affert
850 2851 954 2875 ad1404
965 2850 1081 2873 Decemb.
1089 2850 1118 2873 16
1127 2857 1205 2881 usque
1213 2849 1306 2873 Martii
1315 2850 1344 2873 24

436 2890 581 2913 Johannem
596 2890 627 2912 de
639 2888 765 2919 Templis,
779 2888 824 2910 sed
835 2887 945 2918 sortasse
954 2885 1005 2917 suit
1017 2885 1123 2909 Pontius
1135 2884 1269 2908 Simoneti.

468 2926 490 2948 2
521 2927 589 2948 Haec
603 2925 696 2956 legatio
708 2923 779 2946 ducta
793 2922 959 2946 Bituricenaie
977 2929 1028 2944 non
1043 2920 1225 2952 confundenda
1238 2922 1275 2943 est
1288 2928 1344 2943 cum

437 2960 571 2992 legatione,
582 2968 666 2991 quam
674 2958 891 2990 acceptaepistola
900 2956 1041 2981 Innocentii
1056 2955 1141 2980 Vllad
1151 2955 1343 2979 Universitatem

976 428 1199 455 AUCTARIUM
1219 425 1479 454 CHARTULARH
1499 427 1673 457 UNIVERS.
1694 428 1812 458 PARIS.

1660 0 1739 22 '2²3⁹'
1745 0 1810 28 ''²3³¹“
1819 0 1890 16 ‘'mm“
1895 0 1930 10 '¹⁴‘
1937 0 2250 24 'iW*W²W*
2280 13 2286 20 r
2294 13 2297 18 ι

1718 25 1727 37 x
1760 35 1763 37 ,
1861 37 1868 39 ,
1928 30 1942 34 ‚v
2106 26 2107 29 =
2130 30 2145 37 ,,
2161 27 2170 35 -.
2250 36 2259 45 s
2289 25 2297 34 ι

2292 429 2359 457 ’896

1450 509 1514 533 tum
1529 504 1719 544 paupertatis
1737 505 1775 536 ab
1791 514 1839 534 eo.
1856 504 1898 534 Et
1911 505 2027 545 placuit
2038 505 2176 540 maioni,
2187 505 2255 536 viso
2267 506 2357 546 xquod

1449 562 1512 582 non
1527 559 1593 583 erat
1604 553 1816 584 testimonium
1826 552 1957 594 alicujus
1971 554 2358 594 magistrissgraviusgvide-

1449 600 1522 631 licet
1536 607 1569 631 ut
1583 602 1710 635 facultas
1723 612 1778 633 sua
1791 603 1946 633 sufficeret
1964 604 2004 632 ad
2018 603 2358 644 solvenduererum-

1451 656 1572 689 ptamen
1594 650 1622 683 si
1644 651 1739 682 vellet
1762 651 1895 687 solvere,
1917 652 1990 691 quia
2011 652 2121 683 durum
2136 659 2195 684 :est
2214 659 2358 692 prestare

1396 702 1412 727 5
1444 698 1664 738 juramentum,
1680 701 1758 730 bene
1769 700 1907 740 placeret
1914 701 2036 731 nacioni
2051 707 2085 732 ut
2097 701 2232 734 solveret
2245 711 2354 735 Secun-

1379 947 1412 973 10

1380 1192 1413 1218 15

1380 1438 1414 1464 20

1380 1684 1413 1710 25

1380 1928 1414 1954 30

1380 2173 1413 2198 35

1380 2418 1413 2444 40

1382 2663 1414 2688 45

1450 749 1523 779 dum
1539 747 1730 788 exigenciam
1746 759 1801 780 sue
1819 749 1982 780 facultatis.
2276 775 2279 780 ,

1489 797 1582 832 Facta
1614 798 1867 838 congregacione
1897 798 2038 829 nacionis
2052 775 2242 840 Anglicane
2274 784 2358 840 apud

1448 845 1596 876 Sanctum
1616 846 1805 879 Maturinum
1820 857 1900 878 anno
1917 848 2043 878 Domini
2058 853 2093 879 ut
2111 858 2219 888 supra,
2234 849 2301 879 22⁸
2307 849 2358 879 die

1449 895 1566 925 mensis
1579 895 1753 932 Februarii,
1769 906 1864 937 super
1879 897 1980 930 tribus
1990 897 2147 927 articuli&
2157 898 2360 928 Primusorat

1450 945 1489 974 ad
1516 945 1701 974 audiendum
1728 952 1903 985 compotum
1919 947 1967 978 ,de
1999 947 2091 977 domo
2117 948 2161 985 ad
2189 949 2358 987 ymaginum

1450 1001 1548 1022 nostre
1570 995 1694 1023 Domine
1715 994 1747 1023 in
1769 995 1839 1024 vico
1864 994 2004 1026 Brunelli
2027 1005 2046 1024 a
2063 995 2221 1035 ,magistro
2242 996 2359 1026 Jacobo

1449 1041 1600 1072 Johannis
1615 1043 1653 1072 de
1671 1043 1808 1073 Harlem.
1822 1044 1869 1073 2¹¹-
1886 1050 1952 1075 erat
1969 1045 2007 1073 ad
2023 1044 2360 1077 ordinandum-exami—

1450 1097 1575 1121 natores
1590 1091 1857 1122 bachellariorum.
1879 1093 1926 1122 3¹¹⁸
1947 1099 2014 1125 erat
2035 1103 2129 1133 super
2151 1093 2360 1133 supplicacio-

1451 1140 1544 1170 nibus
1581 1146 1612 1169 et
1653 1140 1787 1180 injuriis.
1829 1141 1931 1181 Super
1971 1141 2073 1182 primo
2115 1143 2231 1173 audivit
2271 1143 2360 1175 nacio

1451 1196 1625 1229 compotum
1649 1190 1791 1230 magistri
1819 1190 1938 1227 Jacobi‚
1969 1197 1998 1220 et
2026 1192 2212 1231 compotavit
2226 1192 2359 1223 XXXVI

1452 1239 1574 1268 francos
1602 1249 1660 1278 pro
1690 1239 1811 1279 locagio
1845 1240 1976 1269 duorum
2005 1250 2154 1270 annorum
2183 1248 2218 1270 et·
2240 1242 2361 1281 dimidii

1451 1287 1534 1322 anni,
1548 1294 1577 1317 et
1588 1287 1749 1318 defalcavit
1759 1288 1815 1318 XX
1829 1289 1962 1324 francos,
1974 1289 2049 1318 XIII
2061 1289 2178 1319 solidos
2190 1291 2358 1331 parisiens.

1452 1343 1482 1366 et
1498 1336 1539 1365 VI
1562 1337 1707 1366 denarios
1729 1347 1787 1376 pro
1812 1337 1963 1377 expositis
1988 1346 2047 1378 que
2067 1336 2246 1375 nominavit,
2267 1345 2298 1369 et
2314 1336 2360 1370 sic

1451 1386 1564 1415 mansit
1587 1386 1724 1426 prefatus
1748 1386 1896 1426 magister
1916 1387 2051 1417 «Iacobus
2068 1387 2223 1428 obligatus
2237 1389 2360 1419 nacioni

1452 1435 1483 1464 in
1497 1435 1553 1464 XV
1570 1435 1694 1470 francis,
1712 1436 1833 1467 duobus
1851 1436 1962 1466 solidis
1978 1436 2146 1476 parisiens.
2158 1443 2190 1467 et
2205 1437 2246 1468 VI
2264 1438 2360 1468 dena·-

1451 1484 1518 1513 riis.
1545 1484 1634 1513 Hunc
1652 1491 1827 1524 compotum
1853 1485 1976 1515 avoavit
1996 1485 2096 1521 nacio,
2111 1486 2251 1525 quamvis
2273 1487 2360 1517 multi

1452 1533 1569 1572 antiqui
1590 1533 1742 1573 magistri,
1764 1533 1884 1564 scilicet
1901 1534 1945 1564 4⁰¹
1963 1534 2012 1565 vel
2030 1534 2181 1575 quinque,
2202 1535 2357 1574 dixerunt,

1452 1583 1535 1622 quod
1555 1582 1638 1612 istud
1653 1592 1716 1611 non
1732 1583 1897 1612 sufficeret.
2287 1604 2289 1606 -
2311 1590 2316 1606 ⁸

1492 1631 1593 1671 Super
1612 1632 1645 1660 2ο
1662 1631 1779 1671 placuit
1796 1632 1919 1662 nacioni
1938 1632 2053 1672 eligere
2070 1638 2270 1672 temptatores
2284 1633 2358 1674 (1⁷01.

1453 1682 1489 1710 79
1501 1680 1540 1720 ⁶¹³)
1560 1681 1728 1710 secundum
1746 1682 1870 1711 modum
1890 1681 2091 1717 laudabilem,
2108 1688 2138 1711 et
2153 1682 2278 1712 exibant
2298 1683 2359 1713 duo

1451 1729 1641 1769 antiquiores
1672 1736 1828 1769 regentes,
1859 1729 1979 1760 scilicet
2002 1730 2150 1770 magister
2171 1731 2360 1762 Wilhelmus

1452 1778 1546 1808 Bloec
1561 1785 1591 1808 et
1603 1778 1751 1818 magister
1762 1778 1982 1814 Goedscalcus,
1995 1785 2025 1809 et
2037 1780 2184 1819 magister
2195 1780 2360 1811 Conradus

1451 1828 1489 1857 de
1519 1828 1653 1857 Aernem
1675 1834 1705 1857 et
1734 1838 1813 1857 unus
1837 1828 1906 1857 loco
1935 1828 2052 1858 domini
2074 1829 2260 1868 receptor-is,
2285 1826 2358 1869 quia

1451 1883 1594 1916 receptor
1622 1886 1659 1906 ex
1689 1883 1776 1916 parte
1802 1876 1942 1906 nacionis
1966 1877 2022 1906 ivit
2050 1887 2118 1907 cum
2149 1877 2291 1907 rectore¹
2307 1879 2360 1908 md

1451 1925 1686 1965 regraciandum
1725 1932 1755 1954 et
1791 1926 1964 1965 graciarum
1997 1926 2133 1956 actiones
2164 1927 2359 1958 referendum

1451 1974 1575 2004 domino
1602 1974 1672 2004 duci
1699 1974 1819 2004 Biturie
1845 1975 1883 2004 de
1910 1975 2075 2015 legatione,
2099 1985 2189 2015 quam
2213 1975 2359 2006 misitfad

1451 2024 1607 2053 dominum
1625 2023 1837 2052 Innocentium
1858 2034 1953 2063 super
1968 2024 2046 2054 facto
2064 2024 2193 2054 ecclesie
2203 2023 2227 2054 ².
2248 2024 2289 2055 Et
2305 2025 2363 2055 isti:

1451 2072 1494 2101 4⁰¹
1507 2072 1668 2112 elegerunt
1683 2073 1902 2112 re[ce]pt0rem
1917 2079 1947 2102 et
1965 2073 2044 2103 alios
2056 2073 2110 2113 qui
2128 2073 2244 2113 eligere
2262 2073 2357 2103 habe-

1451 2122 1535 2157 bant,
1553 2121 1671 2151 scilicet
1690 2121 1857 2161 magistros
1876 2128 2021 2161 regentes
2038 2121 2197 2161 predictos
2216 2129 2246 2153 et
2259 2122 2360 2162 magi-

1451 2177 1548 2200 strum
1565 2165 1752 2200 Conradum.

1492 2219 1593 2259 Super
1618 2220 1651 2248 30
1677 2219 1863 2258 supplicavit
1884 2226 2068 2259 procurator
2094 2226 2128 2251 ut
2152 2220 2359 2251 inhabitantes

1451 2269 1573 2298 domum
1590 2268 1743 2297 Dacorum
1763 2268 2008 2308 requirerentur,
2023 2269 2107 2308 quod
2125 2268 2278 2308 locagium
2295 2278 2359 2299 non

1451 2323 1602 2356 ponerent
1616 2327 1672 2346 nec
1683 2317 1792 2346 darent
1806 2317 1896 2346 alicui
1915 2317 1981 2347 sine
1998 2317 2076 2346 scito
2086 2317 2236 2353 nacionis,
2250 2323 2285 2347 et
2292 2327 2358 2347 eam

1450 2366 1606 2395 concessit
1632 2365 1731 2395 nacio.
1757 2367 1789 2394 2ο
1818 2365 2005 2405 supplicavit
2032 2366 2179 2405 magister
2200 2366 2359 2397 Johannes

1451 2414 1626 2444 Laveroech
1638 2421 1671 2444 ut
1680 2414 1769 2444 nacio
1780 2414 1976 2454 dispensaret
1988 2424 2091 2444 secum
2103 2416 2141 2444 de
2155 2415 2254 2444 facere
2263 2425 2358 2445 unum

1451 2463 1715 2498 determinantem,
1731 2469 1760 2492 et
1774 2464 1958 2503 interempta
1965 2463 2022 2493 fuit
2037 2463 2264 2503 [supplicacio].

1491 2512 1584 2541 Facta
1622 2513 1868 2552 congregacione
1899 2512 2038 2542 nacionis
2073 2512 2243 2552 Anglicane
2276 2513 2358 2552 apud

1453 2561 1596 2590 Sanctum
1619 2561 1805 2590 Maturinum
1821 2571 1900 2590 anno
1917 2561 2042 2590 Domini
2059 2567 2092 2591 ut
2107 2571 2213 2601 supra,
2236 2562 2289 2591 7¹m
2306 2561 2359 2591 die

1452 2610 1568 2639 mensis
1583 2609 1687 2639 Martii
1703 2620 1798 2649 super
1816 2610 1860 2638 4⁰²
1873 2610 2023 2639 articulis.
2038 2610 2163 2640 Primus
2181 2616 2247 2639 erat
2262 2619 2364 2649 super*

1452 2658 1705 2698 reparacionibus
1727 2659 1836 2688 domus
1861 2659 1903 2687 ad
1917 2660 2087 2698 ymaginem
2111 2666 2210 2688 nostre
2232 2660 2357 2688 Domine

1453 2707 1483 2736 in
1502 2708 1571 2737 vico
1593 2707 1742 2737 Brunelli.
1762 2709 1807 2736 2²¹·
1825 2713 1890 2736 erat
1908 2708 1947 2736 ad
1967 2707 2194 2746 providendum
2211 2708 2249 2736 de
2264 2717 2358 2737 orna-

1452 2757 1575 2785 mentis.
1595 2757 1640 2785 3ιω
1655 2763 1720 2785 erat
1734 2763 1766 2786 ut
1781 2757 1867 2785 fieret
1883 2766 1963 2786 unus
1981 2756 2125 2795 specialis
2147 2756 2227 2786 liber
2247 2756 2280 2786 in
2295 2765 2358 2796 quo

1452 2857 1495 2872 an.
1513 2849 1581 2878 1405,
1596 2849 1730 2872 Februarii
1745 2850 1783 2878 17,
1799 2849 1908 2878 directa,
1923 2850 2030 2873 Romam
2044 2849 2114 2873 miaeit
2126 2849 2168 2881 (de
2181 2858 2232 2881 qua
2244 2848 2358 2873 ece-unda

1452 2884 1579 2916 legatione
1591 2884 1687 2908 chron.
1702 2885 1736 2908 du
1752 2885 1800 2908 rel.
1818 2885 1850 2908 de
1867 2885 1894 2908 St
1912 2885 2012 2916 Denys,
2032 2885 2077 2913 111,
2096 2885 2161 2917 250),
2178 2893 2235 2908 cum
2248 2883 2357 2916 epistola

1451 2919 1593 2943 Innocentii
1611 2920 1703 2943 mensis
1715 2920 1812 2951 Aprilis
1823 2920 1853 2943 21
1870 2923 1970 2943 tantum
1981 2920 2088 2944 Parisiis
2097 2922 2266 2952 praesentata
2277 2919 2357 2951 suerit

1452 2955 1513 2987 (uid.
1525 2963 1603 2987 supra
1618 2963 1644 2986 p.
1658 2956 1712 2984 891,
1728 2958 1782 2979 not.
1796 2955 1834 2987 1).
