2632 3464
344 1878 410 1903 1383

435 413 509 430 Lxxu
1274 405 1539 432 INTRODUCTIO

436 481 537 516 Haec
570 481 698 516 omnia
736 480 915 530 explicari
941 489 1150 530 nequeunt,
1180 483 1253 517 nisi
1292 481 1490 523 admittas,
1520 483 1657 519 Scotos
1675 484 1699 525 ¹,
1738 496 1783 520 ex
1812 484 1952 533 quibus
1985 498 2106 521 novus
2133 495 2359 535 procurator

435 551 591 585 omnino
611 549 804 593 inhabilis,
827 550 992 586 Thomas
1017 550 1065 586 de
1087 552 1257 593 Foresta,
1278 558 1370 587 tunc
1393 559 1551 600 propter
1574 550 1786 588 discessum
1808 553 1973 602 plurium
1998 554 2295 592 Alemannorum
2319 558 2358 593 in

435 620 590 654 natione
610 619 882 667 praevaluisse.
902 619 976 656 Sed
995 620 1151 655 minime
1174 619 1245 655 soli
1263 627 1384 663 erant,
1403 633 1491 655 nam
1515 622 1640 657 Scotis
1665 633 1707 657 se
1730 622 1884 671 quidam
1907 623 2095 673 indignati
2117 631 2156 661 et
2172 638 2249 661 non
2265 638 2359 662 con-

436 689 532 723 tenti
551 687 752 724 Alemanni
769 696 810 724 ut
830 690 1018 725 Henricus
1036 688 1217 724 Poelman
1233 687 1281 724 de
1296 689 1494 732 Arnheim,
1509 689 1701 726 Arnoldus
1715 690 1763 727 de
1778 692 1960 728 Arnheim
1974 700 2066 737 etc.,
2084 693 2357 742 adjunxerunt;

438 757 500 792 alii
514 771 617 799 vero,
635 765 676 794 ut
687 757 875 794 Jordanus
888 757 936 794 de
953 758 1069 794 Clivis
1083 764 1272 807 receptor,
1291 765 1395 793 metu
1411 760 1605 807 perterriti
1617 760 1811 796 tacebant.

486 827 577 863 Inde
593 829 733 871 evenit,
756 835 797 863 ut
818 828 1005 863 Henricus
1026 826 1221 869 Poelman‚
1240 828 1305 876 qui
1322 827 1436 876 paulo
1457 835 1546 864 ante
1562 841 1583 864 e
1603 830 1759 866 natione
1782 829 1959 867 exclusus
1987 839 2081 875 erat,
2110 833 2148 867 in
2175 845 2359 882 procura-

434 903 556 932 torem
571 896 790 946 eligeretur.
811 899 898 945 Ipso
914 903 1163 945 procuratore
1178 895 1359 939 obtinuit,
1378 904 1420 933 ut
1437 898 1475 932 in
1495 897 1595 933 libro
1616 900 1877 947 procuratoris
1897 901 2042 943 omnia,
2066 914 2164 950 quae
2184 903 2288 938 natio
2309 902 2358 939 de

435 965 684 1002 excludendis
705 966 959 1002 licentiaturis
976 967 1014 1001 in
1034 967 1172 1001 Nostra
1191 966 1354 1001 Domina
1373 966 1444 1002 sub
1463 967 1693 1003 cancellario
1707 969 1934 1005 auctoritate
1956 968 2164 1007 Clementis
2181 972 2358 1008 instituto

435 1044 637 1079 statuerat,
663 1049 749 1072 cum
779 1035 959 1071 omnibus
979 1048 1077 1085 quae
1101 1037 1206 1071 natio
1228 1042 1364 1071 contra
1388 1037 1594 1072 Hem-icum
1615 1036 1797 1073 Poelman
1817 1050 1999 1088 aggressa
2019 1046 2113 1082 erat,
2138 1039 2359 1077 delerentur

438 1107 533 1152 (646,
555 1107 652 1151 651).
675 1107 875 1155 Nunquam
893 1106 998 1141 natio
1016 1105 1228 1154 Anglicana
1248 1106 1458 1141 tristiorem
1478 1105 1651 1142 habitum
1673 1119 1786 1155 quam
1804 1119 1850 1143 eo
1865 1115 2040 1157 tempore
2060 1108 2242 1145 ostendit.

484 1176 542 1211 Nil
560 1177 696 1211 mirum
713 1176 841 1223 igitur,
862 1175 1057 1210 nationem
1073 1173 1338 1223 Anglicanam,
1362 1181 1401 1210 et
1421 1173 1577 1224 quidem
1595 1189 1612 1210 ((
1631 1175 1844 1212 secundum
1864 1177 1945 1225 ejus
1967 1184 2114 1226 partem
2133 1178 2315 1227 majorem
2338 1193 2357 1213 »

434 1246 530 1291 (641,
549 1245 614 1287 283
637 1245 722 1287 651,
742 1244 811 1290 10),
827 1256 928 1279 nunc
946 1244 985 1278 in
1006 1243 1131 1279 rotulo
1146 1242 1334 1279 mittendo
1355 1242 1402 1279 ad
1421 1243 1658 1280 Clementem
1671 1246 1739 1281 VII
1756 1246 1856 1281 sicut
1869 1245 2081 1295 quamlibet
2098 1246 2211 1282 aliam
2229 1249 2357 1284 natio-

434 1328 519 1350 nem
541 1315 735 1363 occupari.
760 1312 868 1349 Haud
885 1312 1063 1362 amplius,
1087 1319 1128 1348 ut
1149 1325 1209 1348 an.
1236 1313 1329 1348 1379
1353 1311 1401 1348 de
1421 1312 1548 1349 rotulo
1570 1327 1587 1348 <t
1610 1315 1880 1363 magistrorum
1894 1316 2061 1351 nationis
2076 1315 2228 1365 Anglic.
2252 1330 2285 1358 2),
2310 1316 2357 1354 de

433 1385 567 1420 nuntio
586 1399 602 1418 «
623 1384 892 1432 magistrorum
906 1389 983 1418 nat.
999 1396 1033 1424 )),
1051 1381 1119 1418 sed
1135 1381 1182 1418 de
1199 1381 1324 1418 rotulo
1339 1381 1528 1419 Clementi
1541 1383 1824 1432 praesentando
1839 1398 1856 1419 «
1871 1396 1916 1420 ex
1928 1391 2036 1433 parte
2055 1398 2088 1427 »,
2107 1398 2123 1419 (ι
2142 1397 2187 1420 ex
2203 1387 2357 1423 nomine

432 1455 599 1489 nationis
617 1467 634 1487 ³>
663 1453 759 1499 (636,
782 1452 847 1495 13;
870 1452 956 1495 639,
973 1451 1047 1498 43),
1066 1450 1114 1487 de
1132 1465 1148 1485 ((
1172 1451 1297 1487 rotulo
1318 1458 1396 1486 nat.
1417 1457 1548 1487 nostre
1566 1465 1583 1485 ))
1607 1452 1704 1497 (652,
1727 1452 1800 1498 46),
1827 1466 1843 1487 α
1859 1453 2013 1488 nomine
2035 1453 2200 1489 nationis
2218 1467 2235 1488 1>
2257 1453 2356 1500 (642,

435 1524 490 1569 19)
508 1523 668 1572 agitur‘2.
691 1523 854 1557 Nuntius
879 1533 948 1570 pro
974 1520 1100 1556 rotulo
1121 1521 1287 1556 nationis
1310 1521 1448 1556 Scotus
1469 1519 1642 1556 Andreas
1671 1520 1719 1556 de
1743 1520 1927 1565 Trebron,
1955 1521 2071 1558 frater
2095 1521 2267 1570 ejusdem
2292 1523 2358 1571 qui

431 1606 490 1628 an.
520 1593 612 1628 1379
638 1592 793 1627 nuntius
817 1590 960 1633 fuerat,
989 1590 1204 1639 eligebatur
1223 1590 1320 1636 (640,
1338 1590 1386 1636 4).
1409 1588 1484 1625 Sed
1504 1602 1590 1625 cum
1607 1591 1710 1625 natio
1725 1597 1817 1626 tunc
1841 1604 1858 1625 ((
1876 1603 2031 1640 gravem
2046 1592 2209 1640 pecunie
2222 1604 2357 1627 caren-

430 1664 521 1698 tiam
542 1669 738 1711 pateretur
759 1675 776 1695 »
801 1661 897 1706 (636,
916 1661 989 1707 21),
1017 1674 1035 1694 <r
1058 1661 1229 1696 sentiens
1251 1660 1418 1708 seipsam
1435 1660 1608 1708 pecuniis
1627 1672 1713 1695 esse
1725 1660 1972 1708 improvisam
1993 1674 2009 1694 1)
2031 1660 2129 1704 (643,
2154 1661 2227 1707 33),
2250 1668 2356 1697 rotu-

430 1732 488 1767 lus
510 1739 590 1767 erat
606 1729 831 1779 dirigendus
850 1743 867 1764 α
891 1730 930 1765 in
948 1730 1127 1778 expensis
1144 1728 1439 1778 particularibus
1461 1728 1690 1778 colligendis
1714 1729 1985 1778 magistrorum
2006 1728 2216 1765 volentium
2240 1730 2356 1766 scribi

430 1802 468 1835 in
489 1799 626 1836 eodem
648 1813 664 1833 ))
694 1799 795 1848 (636,
820 1799 890 1844 15).
914 1799 1025 1834 Natio
1052 1797 1206 1834 assidue
1230 1798 1268 1833 in
1296 1797 1575 1834 acceleratione
1603 1805 1642 1834 et
1666 1813 1683 1833 α
1706 1799 1951 1848 grossatione
1976 1812 1993 1833 ))
2023 1798 2137 1834 rotuli
2161 1799 2258 1845 (639,
2283 1800 2352 1842 41;

430 1871 515 1911 640,
541 1871 609 1912 35;
639 1869 724 1912 641,
748 1868 815 1911 293
833 1868 904 1903 642
917 1896 925 1911 ,
944 1867 1029 1910 647,
1048 1867 1122 1913 29),
1148 1868 1186 1902 in
1207 1867 1379 1903 articulis
1396 1867 1665 1904 communibus
1680 1869 1776 1914 (641,
1796 1868 1841 1904 47
1863 1870 1949 1917 sq.),
1974 1869 2013 1903 in
2033 1867 2196 1904 bedellis
2211 1869 2356 1904 curiam

432 1939 591 1975 adituris
610 1938 692 1984 (643
706 1952 713 1980 ;
729 1938 819 1980 651,
839 1937 920 1985 653)
937 1943 1125 1986 occupata
1142 1936 1230 1979 fuit;
1250 1949 1336 1972 cum
1353 1943 1481 1973 tamen
1496 1939 1601 1973 natio
1622 1936 1823 1973 debilitata
1838 1944 1956 1980 esset,
1975 1938 2087 1986 pauci
2108 1944 2198 1973 sunt
2214 1938 2356 1973 inrotu-

431 2010 495 2045 lati
516 2009 614 2054 (651,
636 2007 685 2053 9).
709 2008 870 2055 Insuper
893 2020 909 2041 «
932 2005 1077 2055 placuit
1097 2007 1257 2048 nationi,
1278 2005 1382 2055 quod
1401 2008 1525 2042 nuntii
1542 2007 1715 2055 jurarent
1735 2008 1836 2043 sicut
1855 2013 1915 2043 est
1943 2014 2173 2042 consuetum
2191 2014 2229 2043 et
2251 2006 2355 2056 quod

429 2078 596 2114 rotulum
618 2089 748 2112 secum
767 2082 1015 2125 apportarent
1037 2089 1054 2110 »
1069 2075 1230 2124 (654,9).
1254 2077 1374 2111 Immo
1391 2076 1605 2125 acceptavit
1622 2076 1737 2112 etiam
1762 2075 2062 2112 declarationem
2085 2076 2354 2112 Universitatis

429 2160 498 2196 pro
527 2146 723 2183 Clemente
750 2146 858 2186 V11³‚
887 2158 973 2180 cum
997 2159 1015 2180 α
1038 2157 1114 2180 non
1135 2144 1251 2180 vellet
1270 2145 1547 2188 contradicere,
1571 2158 1642 2181 nec
1659 2145 1941 2182 contradiceret
1961 2159 1977 2180 ))
2009 2145 2110 2194 (654,
2130 2146 2184 2192 8);
2207 2144 2356 2194 rogavit

430 2217 553 2252 solum
574 2229 621 2251 ne
637 2228 681 2251 ea
694 2214 910 2250 traderetur
925 2213 1051 2256 alicui,
1071 2214 1142 2249 nisi
1160 2213 1206 2248 ad
1225 2214 1347 2249 minus
1364 2213 1603 2263 redigeretur
1625 2215 1663 2249 in
1683 2213 1803 2250 forma
1828 2214 1977 2251 meliori
1994 2215 2090 2260 (654,
2109 2214 2204 2260 28)4.
2223 2213 2354 2250 Noluit

428 2294 556 2322 tamen
577 2285 877 2321 declarationem
896 2291 1110 2332 separatam
1133 2296 1201 2331 pro
1223 2282 1421 2319 Clemente
1445 2286 1483 2319 in
1504 2285 1659 2332 scriptis
1679 2283 1769 2319 dare
1789 2284 1885 2328 (647,
1909 2285 1929 2319 3
1947 2266 2067 2332 sqq)

479 2357 556 2390 Hac
578 2354 660 2390 sola
680 2359 925 2402 tempestate,
951 2353 989 2387 in
1010 2359 1116 2387 tanto
1143 2365 1327 2387 annorum
1349 2352 1539 2388 curriculo
1566 2352 1612 2388 ab
1629 2365 1689 2388 an.
1716 2353 1808 2388 1379
1826 2365 1947 2401 usque
1967 2351 2015 2388 ad
2037 2365 2096 2387 an.
2118 2352 2224 2393 1415,
2249 2352 2353 2387 natio

428 2425 640 2474 Anglicana
666 2423 876 2460 secundum
899 2430 1047 2471 partem
1070 2435 1177 2457 suam
1203 2422 1383 2470 majorem
1405 2434 1474 2470 pro
1495 2435 1594 2470 papa
1616 2422 1876 2457 Avenionensi
1901 2433 1943 2457 se
1967 2420 2188 2457 declaravit.
2209 2419 2354 2456 Aberat

429 2495 492 2530 illa
514 2507 601 2543 pars
623 2506 721 2542 quae
742 2500 852 2528 antea
873 2499 910 2527 et
927 2493 1062 2527 iterum
1080 2491 1228 2540 aliquos
1250 2498 1338 2540 post
1353 2503 1474 2526 annos
1495 2503 1562 2540 pro
1575 2503 1689 2526 causa
1711 2491 1870 2526 Romani
1885 2489 2078 2539 pontificis
2091 2489 2151 2526 vel
2168 2503 2184 2524 «
2204 2496 2354 2525 neutra-

429 2564 536 2600 litate
559 2578 575 2598 ))
600 2562 785 2599 certabat.
812 2562 1011 2597 Nescimus
1036 2567 1220 2609 quantum
1243 2561 1428 2609 temporis
1456 2560 1516 2595 hic
1544 2573 1669 2596 rerum
1693 2567 1815 2595 status
1846 2558 2057 2603 duraverit,
2087 2572 2172 2594 cum
2195 2559 2233 2593 in
2254 2557 2352 2594 libro

429 2633 687 2683 procuratoris
705 2631 792 2666 anni
817 2630 1027 2665 1383-1392
1048 2629 1186 2665 desint.
1204 2628 1365 2675 Quando
1391 2641 1450 2664 an.
1473 2629 1563 2664 1387
1587 2620 1822 2664 UniVersitas
1844 2629 1959 2664 Paris.
1985 2629 2099 2664 tertio
2111 2626 2158 2663 ad
2176 2627 2352 2663 Clemen-

470 2792 497 2818 1.
543 2789 644 2818 Sectis
654 2788 716 2827 jam
732 2794 817 2817 antea
835 2793 980 2826 quantum
999 2787 1036 2814 ad
1052 2786 1166 2814 clavem
1183 2798 1195 2812 «
1214 2785 1308 2814 cistae
1323 2797 1335 2812 »
1448 2791 1505 2819 est,
1523 2784 1655 2813 rotulum
1677 2795 1725 2813 an.
1746 2785 1821 2814 1379
1841 2784 1933 2814 alium
1950 2794 2019 2813 esse
2042 2789 2132 2823 atque
2154 2782 2286 2812 rotulum
2302 2793 2349 2811 an.

428 2840 510 2869 natio
535 2838 638 2867 cessit.
658 2837 693 2866 V.
720 2837 797 2865 infra
826 2847 855 2875 p.
884 2836 953 2871 672,
978 2837 993 2864 1
1026 2841 1056 2863 et
1091 2836 1239 2870 Clzartul„
1276 2834 1334 2869 111,
1448 2834 1525 2863 1383
1545 2834 1682 2862 missum.

429 2894 461 2918 n⁰
479 2888 565 2917 1644.
1486 2884 1514 2912 3.
1560 2883 1627 2911 Vid.
1647 2883 1795 2917 Char-tua,
1815 2882 1870 2917 III,
1889 2886 1922 2911 n⁰
1938 2883 2024 2911 1650.

469 2939 485 2959 “)
544 2937 589 2965 Ex
602 2936 659 2964 hoc
675 2935 882 2969 confirmatur,
897 2941 929 2963 ut
938 2933 1000 2973 jam
1015 2933 1088 2962 satis
1103 2933 1334 2972 comprobatum
1485 2933 1514 2960 4.
1559 2932 1649 2965 Ibid.,
1668 2935 1699 2959 n⁰
1715 2933 1801 2960 1651.

469 2958 496 2966 A.
