2632 3464
726 536 823 566 1896

362 610 464 649 [Acta
487 609 523 638 in
553 608 813 649 procurator-ia
840 607 998 637 Gerardi
1027 605 1187 647 Kalant]

361 685 433 726 (Fal.
445 688 483 716 Δ23
494 685 518 726 b)
538 685 628 715 Facta
642 684 890 724 congregacione
902 683 1041 712 nacionis
1056 682 1228 722 Anglicane

318 736 403 775 apud
414 735 559 765 Sanctum
571 733 724 764 sulianum
737 743 818 762 anno
831 732 955 763 Domini
968 732 1014 761 Μθ
1025 731 1122 762 CCC⁰
1134 731 1229 761 XCV⁰

321 785 491 815 secundum
518 783 622 814 stilum
653 782 849 823 gallicanum,
883 781 1001 811 decima
1033 781 1083 810 die
1111 781 1228 810 mensis

324 833 484 863 Februarii
500 842 596 872 super
611 831 712 862 tribus
730 831 879 861 articulis.
901 830 1026 860 Primus
1042 830 1097 859 fuit
1116 830 1153 859 ad
1171 829 1229 859 eli-

321 883 456 923 gendum
474 891 586 911 novum
599 886 842 921 procuratorem.
859 880 906 909 2⁰·
920 886 985 909 erat
1000 880 1038 908 ad
1053 879 1228 918 eligendum

322 937 522 971 temptator-es
544 929 849 959 bachalariandorum
871 935 901 958 et
921 930 959 958 ad
981 929 1229 958 distribuendum

322 981 362 1010 de
381 979 541 1010 mensibus
560 988 655 1019 super
673 978 896 1008 examinatione
918 978 1178 1007 licenciandorum
1198 978 1230 1006 in

323 1029 453 1059 artibus.
470 1029 517 1058 3¹¹·
533 1034 599 1058 erat
615 1029 654 1057 ad
668 1027 853 1057 audiendum
870 1033 1045 1066 computum
1059 1027 1230 1066 receptoria

323 1084 354 1109 et
374 1087 470 1118 super
491 1076 776 1117 supplicacionibus
797 1082 827 1106 et
851 1075 985 1116 injuriis.
1009 1076 1111 1116 Super
1131 1076 1232 1115 primo

322 1127 454 1158 articulo
479 1126 596 1156 electus
629 1126 685 1155 fuit
712 1126 909 1155 concorditer
938 1126 969 1155 in
1002 1132 1232 1165 procuratorem

322 1177 406 1207 dicte
433 1175 573 1206 nacionis
594 1174 755 1205 Gerardus
780 1174 900 1204 Kalant.
927 1174 1029 1214 Super
1050 1175 1081 1204 2⁰
1103 1174 1233 1204 articulo

325 1225 415 1255 electi
430 1231 520 1254 erant
532 1223 1060 1264 temptatores'bacbalariandorum,
1073 1229 1103 1253 et
1113 1223 1234 1263 primus

325 1275 443 1304 mensis
458 1283 553 1314 super
568 1273 790 1303 examinatione
800 1273 940 1312 predicta
953 1278 1018 1302 erat
1031 1272 1216 1302 distributus
1224 1284 1232 1308 ;

323 1323 378 1354 alii
392 1333 468 1353 vero
487 1332 610 1352 menses
633 1327 721 1351 erant
737 1321 821 1351 dilati
839 1322 877 1351 ad
901 1321 990 1351 aliam
1012 1322 1234 1362 congregacio-

325 1383 395 1403 nem
427 1378 536 1412 postea
565 1371 707 1401 flendam.
735 1370 837 1410 Super
859 1371 892 1400 3⁰
919 1371 1048 1400 articulo
1072 1377 1234 1410 computus

324 1421 442 1452 domini
464 1420 637 1460 receptoria
656 1426 722 1450 erat
735 1420 859 1449 dilatus.
882 1420 921 1449 Et
939 1429 1020 1450 unus
1040 1419 1234 1450 bachalarius

326 1470 515 1511 supplicavit
541 1479 636 1509 super
661 1469 872 1508 disposicione
894 1470 932 1498 de
960 1469 1116 1508 aliquibus
1145 1468 1234 1498 libris

326 1519 488 1559 requisitis
506 1519 544 1548 ad
561 1518 720 1548 licenciam
740 1517 771 1546 in
791 1517 921 1553 artibus,
943 1528 1023 1558 quos
1042 1528 1104 1548 non
1119 1517 1236 1547 audivit

327 1569 479 1603 Parisius,
495 1568 550 1597 sed
562 1567 679 1597 audivit
692 1577 747 1596 eos
759 1573 793 1596 ut
807 1567 884 1596 dixit
899 1567 929 1596 in
942 1567 1002 1596 alia
1013 1567 1233 1602 Universitate‚

326 1618 446 1648 scilicet
463 1616 646 1646 Oxoniensi.
665 1615 705 1645 Et
717 1615 908 1656 supplicacio
926 1616 981 1646 snit
993 1626 1152 1646 concessa.

368 1666 458 1696 Facta
476 1664 721 1705 congregacione
736 1665 875 1694 nacionis
892 1664 1064 1705 Anglicane
1078 1675 1158 1694 anno
1173 1674 1235 1704 quo

325 1724 432 1755 supra,
450 1714 612 1744 undecima
624 1714 674 1743 die
686 1714 802 1743 mensis
821 1714 980 1743 Februarii
993 1715 1074 1753 apud
1091 1714 1234 1744 Sanctum

323 1764 491 1799 «lulianum,
509 1769 596 1792 erant
611 1763 769 1792 distributi
788 1762 840 1792 alii
860 1773 983 1793 menses
1003 1773 1099 1803 super
1119 1763 1235 1792 exami-

326 1813 455 1843 nacione
474 1811 719 1842 bacbalariorum
734 1811 1007 1842 licenciandorum.
1028 1812 1067 1842 Et
1085 1818 1156 1852 post
1170 1818 1236 1842 erat

326 1863 416 1892 nacio
443 1861 623 1891 solemniter
643 1860 674 1890 in
699 1861 845 1895 taberna,
875 1866 906 1890 et
926 1861 1069 1891 dominus
1093 1868 1236 1901 receptor

329 1910 421 1942 solvit
436 1919 525 1940 unam
540 1915 679 1950 quartam
694 1910 758 1939 vini
775 1911 812 1939 de
826 1920 880 1939 sex
896 1910 986 1945 albis,
1003 1917 1033 1940 et
1050 1920 1108 1950 ego
1124 1910 1235 1940 Gerar-

326 1960 387 1990 dus
406 1959 516 1989 Kalant
534 1965 719 1999 procurator
735 1958 815 1988 solvi
834 1960 913 1988 duos
931 1960 1053 1989 francos
1076 1959 1106 1988 in
1129 1960 1235 1989 eadem

327 2007 575 2048 congregacione
590 2007 731 2037 nacionis
749 2007 779 2036 in
796 2008 935 2043 taberna,
949 2014 980 2038 et
995 2009 1236 2048 perpotabantur

330 2068 387 2098 pro
405 2056 619 2097 procuratoria
637 2062 667 2086 et
683 2066 741 2096 pro
759 2057 928 2092 mensibus,
947 2057 1000 2097 qui
1017 2067 1124 2087 omnes
1144 2057 1235 2087 michi

327 2106 606 2136 distribuebantur.

370 2155 461 2185 Facta
477 2154 723 2195 congregacione
748 2154 887 2185 nacionis
907 2155 1078 2195 Anglicane
1096 2155 1163 2185 XX⁸
1187 2156 1237 2185 die

329 2204 445 2234 mensis
462 2203 621 2233 Februarii
634 2213 715 2233 anno
730 2214 792 2244 quo
807 2214 902 2244 supra
915 2205 996 2244 apud
1009 2206 1119 2235 fratres
1134 2204 1237 2234 Mino·

328 2263 381 2284 res
409 2262 466 2293 pro
501 2252 631 2282 locando
655 2253 778 2282 domum
801 2254 845 2282 ad
870 2263 961 2282 cornu
987 2255 1076 2287 cer-vi,
1102 2263 1162 2293 que
1190 2260 1238 2283 est

329 2301 470 2332 nacionis
482 2324 489 2336 ‚
521 2307 608 2331 erant
637 2301 698 2331 dati
721 2301 858 2342 deputati
885 2303 923 2331 ad
951 2302 1139 2332 tractandum
1169 2313 1237 2332 cum

329 2350 480 2392 magistro
494 2350 634 2380 Johanne
650 2350 807 2386 Bonrode,
821 2351 874 2390 qui
891 2351 990 2391 ipsam
1005 2351 1066 2381 sibi
1081 2357 1153 2381 tunc
1166 2361 1237 2391 sup-

329 2399 499 2441 plicaverat
509 2399 604 2429 locari
617 2412 624 2434 ς
636 2400 690 2429 sed
706 2399 801 2429 nichil
813 2399 998 2430 concludere
1010 2401 1158 2430 deberent
1171 2400 1238 2430 sine

327 2458 485 2479 consensu
498 2448 638 2478 nacionis
652 2448 727 2478 dicti
742 2448 890 2488 deputati.

371 2497 464 2527 Facta
496 2496 744 2538 congregacione
780 2497 919 2527 nacionis
951 2497 1120 2538 Anglicane
1156 2499 1237 2538 apud

331 2546 477 2577 Sanctum
505 2546 691 2576 Maturinum
720 2546 820 2576 xxn·
851 2546 902 2576 die
930 2546 1047 2576 mensis
1079 2545 1238 2576 Februarii

329 2605 412 2625 anno
429 2604 492 2635 quo
509 2605 605 2635 supra
624 2605 720 2635 super
734 2595 856 2625 duobus
871 2595 1018 2624 articulis.
1035 2594 1159 2625 Primus
1174 2602 1239 2625 erat

332 2644 370 2673 ad
386 2643 547 2674 locandum
563 2644 688 2674 domum
709 2643 848 2674 nacionis
865 2644 905 2673 ad
921 2654 1012 2673 cornu
1029 2646 1119 2678 cervi,
1136 2650 1166 2673 et
1184 2644 1240 2674 fuit

332 2691 432 2722 locata
446 2697 519 2722 tunc
541 2702 597 2732 per
616 2692 738 2733 plenam
763 2692 921 2722 necionem
943 2692 1091 2733 magistro
1107 2692 1239 2723 Johanni

334 2740 480 2771 Bonrode
495 2750 552 2781 pro
570 2740 653 2772 XXV
670 2741 784 2771 francis
803 2741 970 2777 annuatim.
985 2741 1160 2781 incipiendo
1175 2747 1240 2772 ter-

334 2789 448 2819 minum
466 2799 484 2819 a
500 2790 579 2820 sesto
601 2790 720 2820 Pascbe
739 2790 881 2830 proximo
899 2791 1011 2820 futuro.
1033 2791 1080 2820 2·-
1092 2790 1240 2821 articulus

332 2844 400 2868 erat
414 2838 452 2868 ad
467 2838 714 2878 supplicandum.
726 2838 765 2869 Et
776 2839 962 2879 supplicavit
973 2839 1117 2869 dominus
1131 2838 1240 2869 Alber-

334 2892 384 2917 tus
401 2886 518 2917 Tbome
534 2887 573 2918 de
585 2887 738 2924 Lukerch,
752 2894 785 2919 ut
800 2888 1012 2918 admitteretur
1026 2889 1064 2918 ad
1077 2888 1240 2918 subdeter-

367 2983 390 3007 1.
423 2984 472 3009 ua.
485 2983 570 3016 potiit.

1063 44 1085 52 .·
1184 42 1187 44 ·
1232 38 1241 47 ”
1272 48 1275 54 .

1002 60 1006 67 ,
1059 67 1063 70 γ
1116 51 1209 79 'aff-355(
1227 52 1240 59 k·

820 459 934 486 LIBER
959 458 1272 486 PROCURATORUM
1297 458 1477 485 NATIONIS
1498 460 1741 487 ANGLICANAE

1283 735 1299 761 5

1267 981 1302 1007 10

1271 1230 1304 1257 15

1271 1475 1305 1501 20

1271 1720 1305 1746 25

1273 2208 1308 2234 ³5

1274 2451 1309 2478 40

1276 2696 1311 2723 45

2188 465 2239 490 718

1335 535 1538 564 minacionem
1562 542 1705 575 tanquam
1738 548 1864 576 pauper.
1892 538 1932 567 Et
1966 539 2155 578 supplicacio
2189 541 2244 570 suit

1334 594 1492 613 concessa.

1338 688 1410 728 (Fol.
1435 688 1483 728 24)
1508 689 1575 718 Isti
1604 696 1689 718 sunt
1719 690 1856 719 domini
1883 691 2176 721 determinantes
2208 693 2243 721 in

1360 747 1455 767 anno
1487 738 1632 767 Domini
1660 738 1710 767 Μο
1739 739 1849 769 CCC⁰
1876 739 1988 769 XCVo
2024 742 2222 770 secundum

1518 786 1645 816 stilum
1671 788 1831 817 ecclesie
1859 788 2062 818 Gallicane.

1378 881 1483 910 Primo
1494 881 1709 911 determinavit
1720 882 1862 911 dominus
1876 882 2043 911 Duncanus
2061 882 2141 912 Petit
2153 883 2161 901 ⁴
2186 885 2243 912 sub

1338 930 1487 970 magistro
1506 930 1676 959 Laurencio
1691 931 1858 966 Lundoris,
1875 930 1961 971 cujus
1980 933 2073 961 bursa
2086 942 2139 961 sex
2153 933 2244 962 solidi

1338 985 1368 1008 et
1387 979 1445 1008 1111
1461 979 1591 1008 denarii.

1380 1028 1455 1058 ltem
1475 1028 1689 1058 determinavit
1706 1028 1848 1058 dominus
1867 1029 2083 1059 Ghiselbertus
2100 1030 2138 1059 de
2161 1030 2247 1059 Mera

1341 1078 1398 1106 sub
1418 1077 1566 1116 magistro
1587 1076 1713 1106 Nicolao
1730 1077 1768 1106 de
1791 1077 1954 1112 Gameren,
1970 1077 2057 1117 cujus
2077 1079 2171 1108 bursa
2189 1078 2245 1108 Vll

1341 1125 1433 1155 solidi
1452 1132 1482 1155 et
1498 1125 1557 1155 llll
1575 1126 1704 1155 denarii.

1386 1175 1461 1205 ltem
1481 1175 1696 1205 determinavit
1712 1175 1855 1204 dominus
1869 1176 2047 1205 VValramus
2069 1177 2107 1206 de
2123 1176 2247 1206 Palacio

1342 1225 1400 1254 sub
1425 1224 1574 1263 magistro
1604 1224 1716 1264 Egidio
1745 1225 1782 1254 de
1803 1224 1932 1260 Jutsaes,
1959 1224 2046 1264 cujus
2073 1226 2167 1255 bursa
2190 1226 2245 1255 Vll

1342 1273 1435 1303 solidi
1453 1279 1483 1302 et
1498 1273 1557 1303 llll
1576 1273 1706 1302 denarii.
2047 1270 2061 1277 “

1384 1323 1458 1352 [tem
1482 1322 1698 1352 determinavit
1721 1323 1864 1352 dominus
1887 1323 2021 1352 ,lacobus
2047 1324 2084 1352 de
2116 1323 2248 1354 Preston

1343 1373 1401 1402 sub
1423 1371 1572 1412 magistro
1595 1371 1734 1400 Johanne
1755 1372 1853 1411 Dorp‚
1879 1371 1966 1412 cujus
1988 1373 2081 1402 bursa
2111 1373 2248 1412 quinque

1342 1421 1446 1451 solidi.

1383 1470 1458 1499 Item
1480 1469 1695 1499 determinavit
1714 1470 1856 1499 dominus
1879 1469 2048 1499 Goscalcus
2071 1470 2167 1500 Vrese
2191 1472 2248 1500 sub

1343 1519 1492 1559 magistro
1510 1518 1646 1548 Henrico
1662 1520 1700 1548 de
1715 1518 1863 1554 Arnhem‚
1880 1517 1966 1558 cujus
1982 1520 2074 1548 bursa
2090 1520 2131 1549 ΙΙΙ
2149 1520 2206 1549 sol.

1383 1568 1458 1598 Item
1485 1568 1701 1598 determinavit
1731 1568 1874 1597 dominus
1908 1567 2089 1608 Rfidigerus-
2110 1569 2249 1598 Boutbur

1342 1618 1400 1647 sub
1413 1617 1561 1657 magistro
1571 1617 1711 1647 Johanne
1724 1617 1862 1647 Boutbur
1874 1618 1965 1647 fratre
1979 1628 2046 1653 suo,
2057 1617 2143 1657 cujus
2156 1619 2250 1648 bursa

1343 1667 1479 1706 quinque
1493 1666 1596 1696 solidi.

1382 1715 1457 1745 ltem
1481 1715 1696 1745 determinavit
1719 1715 1862 1745 dominus
1885 1716 2018 1745 Jacobus
2039 1715 2188 1745 Johannis
2212 1717 2249 1745 de

1346 1765 1470 1794 Harlcm
1496 1765 1554 1794 sub
1585 1764 1734 1804 magistro
1760 1765 1895 1794 Henrico
1920 1765 1958 1794 dc
1988 1765 2136 1800 Arnhem,
2162 1764 2249 1805 cujus

1343 1814 1437 1844 bursa
1454 1813 1512 1843 llll
1531 1813 1635 1843 solidi.

1385 1863 1459 1893 Item
1489 1863 1704 1892 determinavit
1727 1863 1868 1892 dominus
1894 1862 2040 1892 Hinricus
2066 1863 2165 1893 Witte
2192 1865 2249 1893 sub

1344 1912 1493 1952 magistro
1510 1911 1622 1952 Egidio
1637 1913 1675 1941 de
1692 1912 1819 1946 Jutsaes,
1831 1911 1918 1951 cujus
1935 1913 2030 1941 bursa
2046 1912 2102 1942 Vll
2116 1913 2207 1942 solidi
2221 1919 2251 1942 et

1345 1961 1404 1991 llll
1421 1961 1551 1991 denarii.

1385 2010 1460 2040 Item
1477 2009 1692 2040 determinavit
1709 2010 1850 2039 dominus
1868 2009 2084 2040 Ghiselbertus
2100 2010 2179 2050 Scay
2192 2012 2250 2040 sub

1346 2059 1495 2098 magistro
1511 2058 1624 2098 Egidio
1639 2059 1676 2088 de
1693 2058 1821 2094 Judaes,
1835 2058 1922 2099 cujus
1935 2059 2028 2088 bursa
2044 2059 2099 2088 Vll
2116 2059 2207 2088 solidi
2221 2066 2251 2089 et

1345 2107 1404 2138 llll
1422 2107 1552 2138 denarii.

1386 2157 1462 2186 ltem
1479 2156 1694 2186 determinavit
1713 2157 1856 2186 dominus
1876 2156 1988 2186 Petrus
2008 2157 2045 2186 de
2065 2157 2171 2186 Bomel
2193 2158 2250 2187 sub

1346 2206 1495 2246 magistro
1510 2205 1621 2245 Egidio
1637 2206 1675 2235 de
1689 2205 1818 2241 Jutsaes,
1836 2204 1923 2246 cujus
1939 2206 2032 2235 bursa
2048 2206 2090 2235 lll
2113 2205 2204 2235 solidi
2222 2212 2252 2235 et

1345 2255 1416 2285 Vlll
1431 2254 1560 2284 denarii.

1386 2303 1461 2334 item
1483 2303 1698 2333 determinavit
1719 2304 1861 2333 dominus
1886 2303 2042 2333 lohannes
2066 2305 2104 2333 de
2128 2303 2250 2333 Harlem

1345 2352 1403 2381 sub
1424 2351 1573 2392 magistro
1592 2351 1727 2381 Henrico
1742 2352 1781 2381 de
1798 2351 1945 2387 Arnhem,
1966 2350 2053 2391 cujus
2075 2353 2169 2381 bursa
2192 2351 2250 2381 1111

1345 2399 1418 2429 albi.

1387 2449 1461 2479 ltem
1482 2449 1698 2479 determinavit
1718 2449 1860 2478 dominus
1881 2449 2093 2479 Christosorus
2114 2449 2253 2479 Pontfret

1347 2498 1405 2527 sub
1420 2498 1568 2538 magistro
1583 2497 1752 2528 Laurencio
1765 2499 1803 2527 de
1815 2498 1980 2533 Lundoris,
1994 2497 2079 2537 cujus
2091 2498 2183 2527 bursa
2198 2508 2251 2528 sex

1348 2546 1439 2576 solidi
1455 2553 1484 2576 et
1495 2546 1567 2576 Vlll
1581 2547 1711 2576 denarii.

1388 2595 1463 2625 ltem
1486 2595 1701 2625 determinavit
1726 2595 1869 2625 dominus
1891 2595 2047 2624 lohannes
2072 2596 2110 2624 de
2140 2596 2252 2625 Sancto

1348 2643 1498 2674 Michaele
1513 2645 1570 2673 sub
1587 2644 1736 2684 magistro
1752 2644 1922 2674 Laurencio
1934 2645 1971 2673 de
1986 2643 2152 2679 Lundoris,
2166 2643 2252 2684 eujus

1347 2693 1442 2723 bursa
1458 2702 1512 2722 sex
1527 2692 1619 2723 solidi
1635 2699 1664 2723 et
1681 2692 1739 2723 llll
1754 2693 1882 2722 denarii.

1389 2741 1463 2771 Item
1488 2742 1701 2772 determinavit
1720 2742 1863 2771 dominus
1882 2741 2014 2770 Thomas
2036 2741 2185 2771 Johannis
2215 2742 2252 2771 de

1349 2790 1422 2820 Delf
1435 2791 1493 2820 sub
1509 2791 1658 2831 magistro
1674 2790 1767 2820 Petro
1782 2790 1931 2829 Pynonis‚
1949 2789 2035 2830 cujus
2051 2790 2143 2819 bursa
2161 2790 2253 2830 quin-

1348 2849 1407 2879 que
1423 2839 1527 2869 solidi.

1390 2887 1463 2918 ltem
1485 2888 1699 2918 determinavit
1726 2888 1868 2917 dominus
1894 2888 2071 2917 Bernardus
2094 2887 2194 2918 Echos
2215 2888 2254 2917 de
