2632 3464
300 468 353 496 7⁰9

299 544 424 574 beracio
443 545 506 574 diei
525 544 731 584 precedentis.
752 543 914 583 Respondi
931 543 1016 582 quod
1035 551 1130 581 super
1147 540 1205 570 hoc

300 603 363 624 non
377 593 484 623 induxi
499 593 687 634 specialiter.

341 642 461 672 Deinde
475 648 660 683 procurator
673 641 730 672 ivit
745 641 784 672 ad
800 641 958 671 dominum
974 647 1138 676 rectorem,
1152 637 1206 680 qui

299 697 366 721 erat
391 701 459 722 cum
484 691 640 731 deputatis
664 691 696 720 iu
721 691 813 720 domo
838 690 1014 730 capitulari,
1037 690 1170 719 dicendo
1197 702 1204 719 :

301 752 315 768 ι
332 741 457 771 domine
475 746 591 776 rector,
607 739 663 770 has
682 740 759 770 duas
782 739 1000 769 conclusiones
1020 739 1110 768 vobis
1136 739 1206 768 dico

299 799 336 820 ex
350 789 579 819 deliberacione
590 789 742 824 nacionis,
758 788 914 823 videlicet,
933 800 947 816 n
962 793 1020 818 etc.
1039 787 1078 817 Et
1092 788 1205 817 ibidem

299 838 423 878 quidam
449 838 598 879 magister
619 838 740 868 fortiter
764 837 924 868 clamando
947 837 1095 872 asseruit,
1122 837 1206 877 quod

298 887 395 917 eciam
415 887 542 918 terciam
564 888 697 917 debebat
715 892 900 927 procurator
922 887 1141 926 superaddere.
1166 886 1206 916 Et

300 942 485 976 procurator
505 936 671 977 respondit
689 937 773 976 quod
793 946 888 976 super
909 935 971 965 illis
991 946 1053 965 non
1071 935 1202 965 induxit.

340 984 416 1015 ltem
433 985 465 1015 iu
476 985 576 1026 prima
590 985 640 1015 die
654 985 788 1025 Augusti
803 985 860 1015 fuit
875 985 1083 1025 congregacio
1099 985 1205 1014 nacio-

298 1034 349 1064 nis
365 1035 404 1064 de
425 1035 518 1064 domo
533 1034 578 1063 ad
597 1045 687 1064 cornu
705 1035 794 1068 cervi,
814 1035 870 1063 sed
887 1033 983 1063 nichil
1004 1033 1060 1063 fuit
1078 1039 1202 1063 tactum.

299 1083 374 1113 ltem
392 1082 483 1113 tunc·
502 1083 651 1124 magister
665 1083 823 1113 lohannes
846 1083 885 1112 de
903 1082 1030 1113 Austria
1049 1083 1205 1122 regracia-

298 1132 390 1162 batur
411 1132 533 1162 nacioni
557 1137 588 1162 et
610 1132 784 1172 suppositis
810 1131 947 1172 ejusdem
971 1133 1009 1162 de
1035 1132 1205 1162 curialitate

297 1180 440 1221 graciose
452 1181 513 1211 sibi
528 1181 606 1211 facta
621 1191 677 1221 per
690 1181 861 1216 nacionem,
875 1181 994 1211 scilicet
1005 1181 1043 1210 de
1057 1181 1113 1210 XX
1125 1181 1205 1210 fran-

297 1230 355 1260 cis.
376 1229 415 1260 Et
434 1230 550 1260 ibidem
566 1230 703 1260 ostendit
723 1231 878 1270 quomodo
900 1230 957 1260 fuit
980 1230 1061 1260 ultra
1082 1236 1205 1270 tempus

296 1279 447 1320 prefixum
462 1279 501 1309 ab
514 1278 736 1314 Universitate,
754 1279 872 1309 scilicet
888 1279 968 1309 ultra
984 1285 1050 1309 tres
1069 1288 1203 1309 menses.

339 1328 410 1368 (Fal.
433 1328 482 1368 21)
501 1328 619 1368 incepit
639 1329 782 1358 dominus
806 1327 989 1358 Guillelmus
1008 1327 1124 1368 Sybald
1147 1328 1205 1358 sub

298 1377 450 1418 magistro
482 1377 654 1407 Laurencio
678 1376 856 1407 Londoris²
879 1376 966 1417 cujus
994 1378 1088 1406 bursa
1111 1376 1151 1406 vl
1175 1387 1203 1406 s.

705 1470 803 1501 1895

298 1541 391 1572 Acta
422 1541 458 1572 in
488 1542 749 1581 procurator-ia
777 1542 948 1582 magistri
976 1541 1204 1572 Theoderici

619 1591 662 1620 de
691 1590 884 1630 Scyedam.

337 1671 429 1701 Facta
444 1671 690 1712 congregacione
704 1671 844 1701 nacionis
855 1672 937 1711 apud
953 1671 1097 1701 Sanctum
1108 1671 1205 1702 Matu-

296 1720 398 1751 rinum
415 1720 492 1750 bora
506 1720 686 1760 primarum,
709 1720 759 1750 die
775 1719 859 1760 jovis
880 1720 992 1750 XXVI·
1015 1721 1065 1751 die
1086 1722 1203 1752 mensis

296 1769 432 1810 Augusti
441 1779 522 1799 anuo
532 1769 657 1799 Domini
666 1769 711 1799 M·
721 1769 816 1800 CCC⁰
827 1770 1028 1810 nonagesimo
1040 1770 1099 1805 Vm,
1110 1780 1205 1810 super

296 1818 418 1853 duobus
432 1818 582 1848 articulis.
602 1818 727 1848 Primus
746 1819 785 1848 ad
805 1819 980 1859 eligendum
999 1829 1111 1849 novum
1130 1830 1205 1860 pro-

296 1873 480 1897 curatorem.
507 1867 555 1896 2--
575 1877 670 1907 super
697 1867 982 1908 supplicacionibus
1011 1874 1042 1898 et
1068 1867 1202 1908 injuriis.

298 1915 401 1956 Super
425 1916 526 1956 primo
553 1915 668 1946 electus
696 1917 751 1946 fuit
779 1927 796 1946 a
820 1916 928 1956 majori
955 1923 1041 1957 parte
1066 1917 1204 1948 nacionis

297 1965 448 2005 magister
463 1964 676 1995 Theodericus
689 1966 727 1995 de
745 1965 895 2005 Scyedam
910 1966 941 1995 in
956 1972 1201 2006 procuratorem.

340 2014 398 2043 Die
425 2013 578 2044 dominica
607 2013 781 2054 sequente⁸
806 2015 882 2044 facta
908 2021 975 2045 erat
997 2015 1204 2055 congregacio

298 2062 438 2093 nacionis
463 2072 559 2103 super
579 2062 607 2092 11
626 2063 775 2093 articulis.
797 2063 921 2093 Primus
944 2064 982 2093 ad
1008 2063 1204 2104 aguandum⁴

298 2111 478 2152 magistrum
495 2111 638 2151 Egidium
659 2112 697 2141 de
717 2112 834 2142 Jutsaes
854 2113 892 2142 de
916 2112 974 2142 hoc
998 2114 1080 2152 quod
1106 2119 1205 2144 tantas

297 2159 443 2201 exposuit
459 2160 605 2200 pecunias
620 2170 678 2200 pro
692 2161 784 2190 domo
801 2162 839 2190 de
853 2172 945 2190 cornu
956 2163 1046 2196 cervi,
1065 2167 1095 2191 et
1109 2162 1204 2191 eciam

297 2214 331 2239 ut
360 2209 449 2239 nacio
478 2209 674 2250 promitteret
700 2209 760 2239 sibi
786 2210 824 2239 ‹le
853 2210 982 2250 pecunia
1009 2212 1203 2250 exponenda.

296 2257 437 2298 Aguatus
452 2258 508 2288 suit
524 2265 555 2288 et
572 2258 662 2288 nscio
679 2258 739 2288 sibi
754 2258 898 2299 promisit
911 2259 1088 2289 satisfacere
1108 2260 1205 2290 cicius

297 2316 360 2347 quo
376 2307 499 2337 nacioni
514 2307 643 2347 pecunie
657 2307 849 2337 advenirent.

338 2355 414 2385 Item
440 2356 490 2386 die
516 2356 647 2396 septima
670 2356 786 2386 mensis
815 2357 1007 2397 Septembris
1036 2357 1113 2387 facta
1140 2364 1205 2387 erat

297 2405 503 2445 congregacio
525 2405 664 2435 nacionis
685 2415 780 2445 super
802 2405 830 2434 11
849 2405 999 2435 articulis.
1021 2405 1146 2436 Primus
1167 2406 1205 2435 ad

297 2453 482 2484 audiendum
513 2454 665 2494 quendam
689 2454 886 2489 advocatum,
914 2454 967 2494 qui
993 2454 1090 2484 voluit
1119 2454 1204 2495 loqui

298 2511 394 2542 super
408 2503 487 2532 sacto
506 2503 617 2532 domus
634 2503 673 2532 de
696 2502 791 2532 Dacia
809 2509 840 2532 et
862 2503 914 2542 qui
933 2503 964 2532 in
982 2502 1036 2532 illa
1052 2504 1203 2539 manebat,

298 2550 378 2581 sicut
402 2551 571 2581 intimatum
596 2552 652 2581 fuit
671 2552 877 2592 procuratori.
906 2551 945 2582 Et
966 2552 1012 2582 2·-
1034 2552 1089 2582 fuit
1111 2562 1206 2592 super

297 2599 594 2639 supplicacionibus.
622 2600 668 2630 De
695 2601 796 2641 primo
823 2600 912 2630 nscio
934 2601 1020 2630 dedit
1042 2601 1204 2641 deputatos

298 2657 401 2678 coram
409 2649 523 2688 quibus
531 2649 599 2689 ipse
609 2648 736 2679 haberet
744 2649 848 2679 dicere
861 2649 936 2679 illud
949 2650 1033 2689 quod
1042 2649 1144 2680 vellet.
1158 2650 1204 2680 De

297 2696 330 2726 2·
344 2696 451 2727 nichil.

329 2809 353 2834 1.
387 2810 428 2834 21
446 2809 495 2835 hoe
510 2814 632 2844 apparel,
651 2811 755 2836 nuncio·
767 2812 825 2845 jam
847 2814 908 2836 nale
928 2812 940 2836 1
960 2812 1071 2844 Augusti
1091 2812 1206 2836 Parmos

298 2845 406 2870 natiue
422 2845 462 2877 (al
479 2846 577 2875 Just,
591 2847 627 2872 ¹.-
641 2847 683 2871 via
694 2847 823 2880 politiqno
840 2847 872 2872 de
889 2847 967 2872 Leuis
984 2847 1015 2871 de
1030 2848 1138 2876 Franco.
1155 2848 1206 2872 duc

297 2881 448 2910 ἁὈιἸόιιη,
462 2889 490 2914 p.
505 2883 550 2906 1³⁸
559 2885 626 2907 mue
635 2883 763 2915 enotuit).
773 2891 824 2908 non
837 2883 916 2907 multo
929 2885 1012 2907 tamen
1021 2886 1132 2915 tempore
1146 2886 1206 2909 anu

299 2917 311 2941 1
326 2918 403 2949 Aug„
417 2924 474 2941 σωκ
483 2917 543 2949 plue
559 2926 636 2950 quan·
655 2921 707 2943 {ree
723 2926 819 2942 menaea
828 2919 949 2943 abuenten
961 2919 1082 2951 subeant.
1093 2918 1149 2943 scil.
1158 2927 1207 2951 por

297 2952 343 2976 ¹02
353 2952 417 2980 dien.
434 2955 459 2976 ee
466 2953 579 2977 Pare‘aea'oe
585 2956 644 2985 poa!
655 2953 736 2986 April.
754 2954 781 2979 11
796 2953 970 2987 reliquissent.

329 2988 353 3012 2.
386 2989 433 3012 M..
447 2996 514 3012 man.
526 2990 612 3021 prium
623 2989 764 3014 bondonis.

1206 48 1232 55 ,..
1248 51 1317 74 ,0¹0
1335 55 1363 71 J·
1377 53 1379 58 .
1391 50 1411 68 g,
1446 49 1447 55 κ
1464 56 1473 63 ,.
1486 45 1490 50 “
1502 58 1526 76 μ..
1540 63 1547 69 υ

810 466 923 493 LIBER
943 464 1257 493 PROCURATORUM
1277 464 1457 491 NATIONIS
1474 465 1720 491 ANGLICANAE

1243 986 1276 1012 10

1243 1231 1276 1258 15

1243 1477 1277 1503 20

1242 1723 1276 1749 25

1241 1968 1276 1995 30

1242 2212 1276 2238 ³5

1242 2701 1276 2728 45

2167 465 2219 492 710

1356 541 1390 570 ln
1421 541 1522 570 sesto*
1548 542 1645 571 sancti
1672 542 1786 571 Mathei
1819 543 1894 571 facta
1921 548 1986 571 erat
2011 546 2218 584 congregacio

1314 590 1454 620 nacionis
1479 592 1559 630 apud
1589 591 1733 620 Sanctum
1759 591 1945 620 Maturinum
1971 602 2064 631 super
2093 595 2213 625 duobus

1315 639 1463 669 articulis.
1488 640 1612 669 Primus
1636 641 1674 669 ad
1697 640 1871 679 eligendum
1894 651 2004 670 novum
2027 650 2217 682 receptorem

1314 688 1364 718 vel
1377 689 1416 718 ad
1431 688 1670 718 continuandum
1684 690 1911 728 precedentem.
1929 696 1958 718 et
1974 691 2012 718 ad
2030 691 2220 722 distribuen-

1315 738 1386 766 dum
1402 737 1514 767 scolas.
1533 738 1579 766 2¹·-
1592 737 1739 767 articulus
1762 748 1856 777 super
1871 738 2164 777 supplicacionibus.
2182 742 2221 772 Et

1314 786 1567 826 supplicaverunt
1587 786 1630 815 illi
1651 787 1703 826 qui
1722 787 1887 816 voluerunt
1906 787 2009 828 legere
2030 799 2088 828 pro
2113 790 2217 820 scolis.

1315 835 1362 865 De
1377 835 1476 875 primo
1492 835 1688 865 continuatus
1710 836 1765 865 fuit
1783 835 1931 875 magister
1947 836 2077 876 Egidius
2095 839 2133 868 de
2150 839 2220 868 Jut-

1314 885 1377 914 saes
1394 885 1426 913 in
1439 891 1630 924 receptorem
1648 884 1797 914 nacionis.

1355 933 1456 973 Super
1470 934 1501 962 2⁰
1516 939 1630 972 puncto
1649 934 1730 963 dicta
1753 935 1875 963 fuerunt
1889 935 1958 963 tria.
1980 935 2116 965 Primum
2135 938 2217 976 quod

1313 981 1359 1012 illi
1381 982 1434 1022 qui
1452 982 1625 1012 habuerunt
1645 983 1745 1012 scolas
1769 993 1848 1012 anno
1868 985 2057 1023 precedenti,
2078 986 2219 1025 resigna-

1313 1038 1383 1061 rent
1394 1031 1479 1071 ipsas
1493 1031 1524 1060 in
1540 1032 1680 1061 manibus
1696 1032 1855 1067 nacionis;
1876 1034 2043 1062 secundum
2061 1035 2143 1073 quod
2158 1035 2218 1074 ipsi

1314 1080 1462 1110 baberent
1469 1080 1575 1120 jurare
1593 1081 1675 1120 quod
1691 1081 1751 1120 ipsi
1768 1088 1873 1111 essent
1890 1081 2074 1112 intencionis
2091 1090 2221 1123 protunc

1313 1129 1437 1170 legendi
1455 1140 1512 1169 pro
1529 1129 1637 1168 majori
1654 1136 1738 1169 parte
1761 1131 1908 1159 ordinarii
1930 1132 2032 1171 magni
2039 1145 2047 1168 ;
2064 1133 2120 1162 3⁰⁰¹
2137 1133 2220 1172 quod

1314 1178 1358 1208 illi
1374 1179 1427 1219 qui
1443 1179 1558 1209 vellent
1576 1179 1690 1208 babere
1705 1179 1806 1208 scolas
1820 1190 1878 1219 pro
1894 1190 1974 1210 anno
1993 1182 2104 1217 futuro,
2124 1182 2221 1212 habe-

1313 1234 1383 1258 rent
1396 1238 1512 1268 ponere
1532 1227 1761 1268 fidejussionem
1778 1229 1816 1257 de
1838 1229 2044 1268 persolvendo
2064 1231 2176 1266 scolas,
2193 1231 2220 1261 si

1314 1277 1375 1317 ipsi
1393 1287 1455 1307 non
1470 1283 1614 1318 regerent
1626 1287 1683 1317 per
1698 1276 1842 1317 majorem
1858 1285 1974 1317 partem
1989 1279 2150 1309 ordinarii.

1721 1365 1818 1401 '1395

1355 1442 1426 1482 (Fal.
1443 1442 1517 1483 212²)
1537 1442 1626 1473 Acta
1656 1443 1691 1472 in
1718 1444 1980 1483 procuratoria

1636 1493 1677 1522 de
1709 1491 1898 1522 Gameren.

2022 1445 2178 1486 Nicolay

2088 1520 2099 1534 Ο

1355 1572 1447 1602 Facta
1478 1573 1724 1613 congregacione
1757 1573 1896 1602 nacionis
1930 1574 2100 1614 Anglicane
2138 1576 2219 1615 apud

1315 1620 1459 1651 Sanctum
1487 1621 1641 1651 lulianum
1665 1632 1745 1651 anno
1772 1622 1895 1651 Domini
1921 1622 1965 1652 Μο
1989 1623 2084 1653 CCC⁰
2112 1623 2216 1660 xcv⁰‚

1314 1671 1428 1701 mensis
1441 1670 1634 1710 Septembris
1649 1670 1764 1700 xxm·
1776 1671 1836 1706 die,
1855 1681 1950 1711 super
1965 1672 2087 1702 duobus
2102 1674 2216 1703 articu-

1313 1719 1364 1750 lis.
1388 1720 1513 1750 Primus
1536 1720 1575 1749 ad
1601 1719 1777 1759 eligendum
1797 1727 2027 1760 procuratorem
2056 1722 2195 1752 nacionis
2209 1746 2216 1758 ‚

1313 1769 1360 1798 2⁸·
1372 1778 1468 1808 super
1480 1768 1764 1809 supplicacionibus
1775 1775 1806 1798 et
1822 1768 1954 1809 injuriis.
1967 1770 2074 1807 Quoad
2084 1771 2214 1810 primum

1312 1817 1429 1848 electus
1456 1818 1512 1847 fuit
1533 1818 1730 1848 concorditer
1757 1818 1787 1847 in
1816 1825 2046 1858 procuratorem
2073 1820 2210 1859 predicte

1313 1867 1452 1897 nacionis
1463 1867 1608 1897 Nicolaus
1621 1868 1659 1896 de
1675 1867 1837 1896 Gameren.
1851 1867 1959 1904 Quoad
1972 1868 2012 1896 2¹¹³
2023 1869 2126 1898 nullus
2142 1880 2219 1909 sup-

1313 1916 1448 1956 plicavit.

1354 1965 1444 1995 Facta
1463 1965 1711 2005 congregacione
1732 1965 1951 1995 Universitatis
1967 1967 2048 2005 apud
2072 1966 2217 1996 Sanctum

1313 2014 1500 2044 Maturinum
1513 2024 1593 2043 anno
1609 2024 1670 2053 quo
1686 2024 1790 2054 supra,
1808 2014 1934 2043 xxvll-
1951 2015 2000 2043 die
2011 2015 2127 2044 mensis
2143 2015 2219 2055 Sep—

1313 2063 1451 2098 tembris,
1467 2069 1654 2103 congregata
1674 2063 1728 2092 fuit
1748 2063 1836 2092 nacio
1853 2073 1948 2102 super
1964 2064 2084 2093 duobus
2102 2065 2219 2094 articu-

1313 2112 1363 2142 lis.
1375 2112 1499 2142 Primus
1511 2112 1550 2141 ad
1557 2111 1782 2151 providendum
1794 2122 1831 2141 ne
1842 2113 1909 2152 ipsa
1918 2113 2099 2142 redderetur
2112 2114 2217 2153 damp—

1314 2161 1434 2191 nificata
1450 2171 1506 2201 per
1524 2161 1779 2190 distribucionem
1794 2161 1947 2190 scolarum
1964 2162 2032 2201 ipso
2054 2161 2104 2190 die
2119 2163 2217 2192 sancti

1314 2209 1428 2240 Mathei
1451 2209 1694 2240 distributarum.
1713 2210 1864 2250 Tempore
1886 2210 1965 2239 enim
1984 2210 2218 2240 distribucionis

1314 2259 1466 2289 scolarum
1477 2259 1624 2299 magister
1633 2259 1808 2299 Henyricus
1820 2260 1858 2288 de
1870 2259 2004 2288 Arnliem
2018 2269 2075 2298 pro
2086 2260 2216 2299 quodam

1314 2308 1463 2348 magistro
1477 2309 1603 2338 absente
1622 2314 1651 2338 et
1665 2315 1797 2348 protunc
1813 2314 1846 2338 ut
1861 2309 2059 2338 credebamus
2074 2309 2103 2337 in
2119 2309 2218 2348 parti-

1314 2357 1372 2387 bus
1386 2357 1548 2391 existente,
1563 2357 1682 2387 scilicet
1698 2357 1846 2396 magistro
1863 2357 1998 2396 Nycolao
2016 2358 2052 2386 de
2067 2356 2217 2386 Mencke-

1313 2406 1393 2441 dam,
1413 2405 1599 2445 supplicavit
1615 2406 1736 2435 nacioni
1756 2406 1899 2446 quatinus
1918 2405 1962 2435 illi
1983 2406 2131 2445 magistro
2147 2417 2218 2435 sco-

1313 2454 1358 2484 las
1371 2454 1580 2484 distribueret.
1599 2454 1700 2494 Super
1713 2465 1774 2494 quo
1786 2461 1900 2494 puncto
1914 2455 2000 2484 nacio
2017 2461 2086 2483 tunc
2102 2455 2217 2484 delibe-

1313 2503 1393 2534 ravit
1419 2503 1506 2533 sicud
1538 2509 1621 2543 patet
1644 2514 1681 2533 ex
1709 2504 1835 2543 scriptis
1865 2514 1920 2543 per
1951 2510 2178 2543 procuratorem
2191 2503 2217 2538 ⁴,

1312 2552 1456 2583 videlicet
1475 2553 1557 2592 quod
1580 2552 1647 2592 ipse
1669 2553 1806 2592 prefatus
1825 2552 1970 2592 magister
1994 2558 2022 2581 et
2040 2545 2145 2581 omnes
2165 2552 2216 2582 alii

1313 2601 1462 2631 baberent
1485 2600 1596 2636 scolas,
1625 2602 1788 2630 dummodo
1813 2607 1961 2640 ponerent
1986 2601 2104 2630 nacioni
2133 2601 2217 2630 sulli-

1313 2650 1443 2680 cientem
1461 2649 1636 2679 caucionem
1658 2651 1696 2679 de
1712 2649 1842 2689 legendo
1857 2659 1914 2690 per
1935 2648 2078 2687 majorem
2101 2655 2216 2688 partem

1313 2698 1461 2728 ordinarii
1483 2698 1597 2738 magni.
1625 2698 1701 2728 Post
1722 2698 1778 2727 boc
1802 2708 1858 2738 per
1877 2698 1997 2737 aliquos
2016 2698 2083 2727 dies
2102 2698 2216 2727 dictum

1343 2814 1368 2873 Ξ.
1401 2814 1600 2880 ΞἍέιὸ-ῒῖἵὲιοά
1617 2848 1717 2872 uerbum
1732 2847 1803 2879 apud
1822 2846 2106 2872 Ducunt-unwan.
2123 2846 2213 2878 duae),

1314 2884 1380 2908 idom
1394 2887 1430 2907 eet
1451 2893 1482 2908 ιιι·
1495 2892 1600 2912 avoare,
1614 2891 1798 2915 ''cremnon-ere.
1817 2882 1909 2906 hahere
1923 2885 2034 2915 gratum.
2056 2882 2108 2906 rid.
2126 2882 2143 2906 Ι.
2158 2891 2179 2906 c.
2194 2883 2214 2911 Ι,

1315 2920 1431 2979 Ρ”54.9ὗ“21
1453 2954 1611 2987 Septembrin.
1627 2967 1654 2972 —
1667 2955 1713 2978 Μι,
1730 2962 1797 2977 man.
1806 2953 1890 2985 prima
1903 2954 2029 2985 profe-to.

1346 2992 1369 3013 fl.
1411 2990 1463 3013 rid.
1479 2998 1565 3021 supra.
1576 2989 1621 3013 lin.
1634 2989 1671 3013 11.
