2632 3464
426 411 478 436 159
972 409 1195 435 AUCTARIUM
1216 409 1476 436 CHARTULARII
1495 410 1669 437 UNIVERS.
1693 410 1811 437 PARIS.
2303 414 2356 440 160

425 493 597 516 curatorem
611 485 747 525 ejusdem
765 486 905 515 nacionis
923 486 1072 525 magister
1087 486 1282 515 Hermannus
1296 486 1334 515 de

424 536 552 570 Rotwil,
571 535 656 565 nullo
671 535 797 574 penitus
815 535 1010 564 reclamante.

465 586 499 614 In
514 584 602 624 cujus
618 585 831 624 procuratoria
848 591 914 614 acta
931 591 1002 613 sunt
1020 595 1079 623 que
1098 591 1281 623 sequuntur.

465 635 499 663 In
515 634 624 673 primis
638 634 754 673 incepit
766 634 909 663 dominus
923 634 1102 662 Tilmannus
1117 635 1154 662 de
1171 634 1261 672 Heyk
1275 634 1332 662 sub

423 683 572 723 magistro
593 683 732 712 Johanne
756 684 793 711 de
813 683 951 717 Vesalia,
972 682 1058 722 cujus
1077 684 1172 711 bursa
1190 683 1249 711 IIII
1272 682 1329 711 sol.

464 733 539 761 Item
550 732 667 771 incepit
681 732 825 761 dominus
839 732 939 761 David
952 733 989 760 de
1002 731 1134 761 Cuiners
1147 732 1258 761 Scotus
1275 732 1332 760 sub

423 781 572 821 magistro
590 781 737 810 Galthero
750 781 787 809 de
800 781 998 810 Wardelawe
1013 780 1121 816 Scoto‚
1135 779 1221 820 cujus
1237 781 1332 810 bursa

424 830 484 860 IIII
504 830 607 859 solidi.

463 880 538 908 Item
559 880 635 908 facta
654 878 902 918 congregacione
923 879 1062 908 nacionis
1078 878 1216 918 ejusdem
1232 879 1263 907 in
1281 878 1331 908 die

422 929 503 957 beati
524 927 753 957 Bartholomei'
777 928 859 966 apud
878 927 1022 957 Sanctum
1047 928 1234 957 Maturinum
1255 938 1331 957 con-

421 977 600 1016 vocatisque
616 977 759 1005 omnibus
771 983 801 1006 et
811 977 945 1016 singulis
961 977 1130 1016 magistris,
1144 977 1332 1017 supplicavit

421 1026 569 1066 magister
589 1026 745 1055 Johannes
767 1026 805 1054 de
828 1026 935 1055 Peblis
958 1026 1085 1061 Scotus‚
1108 1033 1141 1056 ut
1160 1027 1254 1056 burse
1273 1037 1331 1066 per

423 1086 491 1105 eum
510 1075 647 1115 predicte
665 1075 788 1104 nacioni
806 1075 925 1110 debite,
945 1086 1022 1115 quas
1035 1082 1163 1115 propter
1178 1076 1329 1105 defectum

421 1125 550 1164 pecunie
569 1124 653 1153 nullo
671 1125 762 1153 modo
779 1124 899 1154 solvere
917 1131 1069 1164 potuerat,
1086 1125 1327 1154 remitterentur.

421 1175 461 1203 Et
478 1183 660 1203 concessum
678 1173 734 1202 fuit
748 1174 946 1203 concorditer
964 1184 1021 1213 per
1039 1184 1146 1203 omnes
1162 1174 1329 1214 magistros

420 1223 504 1252 nullo
518 1223 642 1262 penitus
657 1222 853 1258 reclamante,
868 1223 926 1252 hoc
942 1229 1070 1262 excepto
1087 1224 1170 1263 quod
1184 1223 1329 1252 salarium

419 1272 611 1312 pedellorum
628 1272 798 1311 expediret.

461 1321 536 1350 Item
556 1322 660 1350 eadem
682 1321 732 1350 die
752 1328 781 1350 et
801 1321 891 1356 hora,
913 1321 1032 1350 scilicet
1051 1322 1082 1350 in
1102 1322 1193 1350 nonis
1215 1321 1329 1351 Nostre

421 1371 563 1405 Domine,
582 1371 658 1399 facta
677 1371 923 1410 congregacione
939 1371 1078 1400 nacionis
1090 1371 1171 1410 apud
1183 1371 1328 1400 Sanctum

419 1419 606 1448 Maturinum
618 1420 655 1448 ad
665 1420 849 1449 audiendum
865 1426 1040 1459 compotum
1053 1421 1237 1459 recepturis,
1247 1430 1328 1450 com-

419 1469 536 1507 putavit
548 1469 697 1508 magister
711 1468 868 1498 ,Iohannes
882 1470 919 1498 de
930 1469 1052 1498 Vesalia
1066 1480 1122 1509 pro
1138 1476 1211 1499 tunc
1223 1480 1328 1509 recep-

419 1524 468 1548 tor
494 1517 631 1558 ejusdem
660 1518 816 1553 nacionis,
846 1519 930 1557 quod
961 1519 1105 1548 omnibus
1132 1519 1267 1559 receptis
1299 1525 1330 1549 et

418 1567 570 1607 expositis
588 1577 645 1606 per
660 1577 728 1596 eum
739 1567 893 1596 hincinde
909 1568 1094 1607 computatis
1106 1569 1194 1598 nacio
1205 1579 1328 1598 reman-

419 1617 459 1646 sit
486 1616 546 1645 sibi
573 1616 707 1656 obligata
729 1616 760 1645 in
785 1617 906 1646 duobus
931 1617 1039 1652 scutis,
1064 1618 1120 1646 sed
1145 1618 1248 1647 omnia
1269 1618 1328 1647 alia

418 1666 536 1701 debita,
554 1666 668 1704 quibus
685 1665 773 1694 nacio
791 1667 964 1701 tenebatur,
983 1666 1073 1705 plene
1092 1667 1215 1696 fuerunt
1232 1677 1327 1707 expe-

417 1715 492 1750 dita,
509 1715 550 1744 ita
566 1716 649 1754 quod
667 1715 699 1743 in
715 1714 807 1744 nullis
823 1715 937 1744 debitis
956 1716 1114 1745 remansit.
1132 1716 1329 1756 Computavit

418 1764 508 1793 etiam
526 1765 663 1803 prefatus
678 1764 826 1803 magister
843 1764 1000 1794 Johannes
1018 1766 1055 1794 de
1071 1765 1193 1794 Vesalia
1211 1772 1327 1795 sextam

417 1814 541 1842 bursam
558 1813 695 1848 nacioni‚
713 1823 772 1852 que
792 1813 818 1842 si
834 1820 1003 1852 peteretur,
1021 1814 1108 1843 nacio
1124 1814 1223 1854 ipsam
1239 1821 1328 1844 tene-

416 1866 502 1890 retur
522 1860 654 1890 solvere.

456 1958 547 1988 Anno
571 1959 695 1987 Domini
724 1959 812 1994 1352,
835 1959 884 1988 die
907 1959 1001 1988 lune²
1025 1966 1096 1999 post
1115 1961 1224 1990 festum
1247 1961 1327 1990 beati

417 2007 627 2037 Bartholomei
646 2008 803 2047 proxima,
826 2008 904 2037 facta
923 2009 1170 2048 congregacione
1187 2010 1326 2040 nacionis

415 2057 587 2096 Anglicane
605 2058 686 2096 apud
706 2057 850 2086 Sanctum
870 2058 1024 2087 Julianum
1046 2069 1212 2098 pauperem
1231 2069 1327 2099 super

416 2106 570 2135 eleccione
585 2107 798 2145 procuratoris
811 2106 958 2141 facienda,
972 2107 1167 2137 continuatus
1180 2108 1235 2137 fuit
1245 2108 1326 2137 idem

415 2155 563 2194 magister
592 2155 788 2184 Hermannus
818 2157 855 2185 de
885 2156 1001 2186 Rotwil
1031 2156 1062 2185 in
1091 2163 1325 2196 procuratorem

415 2204 551 2243 ejusdem
570 2204 709 2234 nacionis
728 2205 812 2234 nullo
828 2205 951 2244 penitus
969 2205 1170 2241 reclamante,
1189 2207 1219 2235 in
1238 2205 1325 2246 cujus

414 2254 630 2292 procuratoria
647 2254 724 2282 sacta
740 2261 811 2283 sunt
829 2265 887 2293 que
907 2261 1089 2294 sequuntur.

821 2347 917 2376 1352

490 2418 732 2457 [Procuratio
771 2419 942 2458 magistri
981 2420 1166 2450 Gerhardi
1201 2422 1244 2450 de

776 2468 963 2507 Dulmen.]

717 2528 729 2539 0
756 2528 768 2540 0
783 2528 796 2540 0
810 2528 822 2540 0

454 2548 544 2576 Anno
562 2548 687 2576 Domini
706 2548 935 2584 M.CCC.L11⁰‚
960 2549 1059 2590 xxiiij²
1087 2551 1136 2580 die
1159 2551 1321 2587 Octobris,

414 2597 491 2626 facta
509 2597 758 2636 congregacione
776 2597 915 2627 nacionis
934 2598 1104 2638 Anglicane
1123 2601 1203 2639 apud
1226 2600 1323 2630 Sanc-

414 2646 635 2675 tumJulianum
646 2657 813 2686 pauperem
827 2657 921 2686 super
930 2648 1080 2677 electione
1096 2650 1321 2688 procuratoris,

414 2695 529 2724 electus
543 2695 598 2724 fuit
614 2695 644 2724 in
659 2702 889 2734 procuratorem
903 2697 1051 2736 magister
1065 2697 1244 2728 Gerhardus
1260 2700 1320 2738 [de]

415 2744 546 2773 Dulmen
571 2745 607 2773 de
633 2745 745 2773 Pruzia
772 2744 909 2784 ejusdem
938 2746 1089 2782 nacionis,
1111 2747 1196 2777 nullo
1223 2748 1322 2777 recla-

444 2873 466 2895 1.
501 2873 529 2895 24
543 2873 660 2904 Auguaeti.

443 2909 465 2931 2.
503 2909 530 2931 27
544 2909 663 2941 Augusti.

444 2944 464 2966 3.
501 2944 530 2966 24
543 2944 697 2968 Nouembris.

1369 933 1402 958 10

1367 1178 1401 1204 15

1366 1425 1400 1450 20

1365 1670 1399 1696 25

1365 1917 1399 1943 30

1363 2163 1397 2189 35

1362 2411 1395 2436 40

1361 2657 1394 2683 45

1443 492 1553 515 mante.
1574 486 1608 515 In
1624 485 1710 526 cujus
1726 487 1941 526 procuratoria
1959 488 2035 517 faeta
2053 494 2125 517 sunt
2139 499 2199 528 que
2217 499 2356 529 sequun-

1443 541 1504 564 tur.

1483 583 1588 613 Primo
1603 585 1791 624 computavit
1803 585 1948 624 antiquus
1961 591 2065 615 rector
2078 585 2310 623 Universitatis,
2325 594 2356 617 et

1443 633 1499 662 fuit
1514 643 1588 663 suus
1605 641 1766 673 compotus
1785 634 1816 663 in
1832 634 1973 664 facultate
1989 636 2191 674 approbatus.

1483 681 1558 711 Item
1573 682 1700 712 facultas
1718 683 1803 712 dedit
1818 684 1967 723 magistro
1982 683 2131 713 Wiskino
2146 685 2260 714 rectori
2274 684 2354 714 Uni-

1441 731 1598 760 versitatis
1630 742 1724 761 unum
1758 733 2023 768 determinantem,
2050 739 2080 762 et
2105 732 2176 762 iiii⁰¹
2206 734 2354 763 determi-

1441 786 1549 809 nantes
1568 780 1726 820 magistris
1741 782 1939 820 presentibus
1957 781 2028 811 iiii⁰=
2046 782 2221 818 nacionum,
2243 782 2354 813 solutis

1441 828 1600 858 solvendis
1611 852 1618 864 ,
1646 830 1844 868 presentibus
1874 830 2032 870 magistris
2064 831 2204 861 nacionis
2233 838 2355 868 nostre,

1441 878 1566 907 domino
1600 885 1737 914 rectore,
1771 886 1988 918 procuratore,
2021 880 2172 919 magistro
2206 879 2350 917 Alberto,

1441 927 1591 966 magistro
1610 927 1787 957 Hermanno
1805 929 1866 966 [de]
1887 928 2035 958 Rotwoil.

1481 1025 1556 1054 Item
1570 1025 1602 1053 in
1614 1025 1722 1065 vigilia
1732 1025 1744 1044 ³
1762 1025 1930 1056 Katherine
1941 1026 2042 1056 dictus
2056 1027 2204 1067 magister
2218 1027 2352 1057 Gerhar-

1440 1075 1498 1103 dus
1519 1074 1715 1104 continuatus
1727 1075 1782 1104 fuit
1799 1075 1830 1104 in
1840 1082 2086 1115 procuratorem,
2104 1077 2351 1116 congregacione

1440 1123 1518 1152 facta
1529 1123 1669 1152 nacionis
1685 1125 1766 1163 apud
1782 1123 1927 1153 Sanctum
1940 1125 2106 1161 sulianum,
2124 1125 2156 1154 in
2172 1124 2259 1165 cujus
2274 1135 2351 1165 pro-

1440 1173 1594 1201 curatoria
1612 1173 1688 1202 sacta
1707 1179 1779 1202 sunt
1794 1183 1853 1212 que
1873 1180 2034 1213 sequntur.

1480 1221 1586 1250 Primo
1604 1221 1791 1261 supplicavit
1811 1222 1954 1252 dominus
1976 1223 2148 1262 Eghelinus
2163 1223 2226 1253 Bos
2246 1230 2350 1263 quate-

1439 1280 1497 1299 nus
1520 1271 1716 1300 traderentur
1736 1271 1763 1300 ei
1781 1272 1886 1306 burse,
1910 1282 1986 1311 quas
2008 1282 2065 1311 pro
2087 1272 2268 1311 incepcione
2285 1273 2350 1302 sol-

1438 1329 1510 1348 vere
1536 1320 1663 1353 deberet
1686 1330 1781 1359 super
1797 1321 1906 1350 festum
1928 1321 2080 1350 Johannis
2099 1321 2250 1361 Baptiste,
2272 1331 2350 1361 quas

1438 1369 1582 1407 promisit
1595 1369 1717 1398 solvere
1733 1379 1789 1408 per
1802 1370 1892 1398 fidem
1906 1376 1936 1399 et
1946 1369 2154 1410 juramentum
2170 1380 2258 1400 suum
2270 1370 2352 1400 infra

1438 1418 1510 1447 hinc
1530 1424 1559 1447 et
1573 1418 1737 1447 terminum
1752 1419 1949 1448 antedictum.
1972 1419 2069 1456 Quam
2087 1419 2350 1459 supplicacionem

1438 1467 1579 1507 magistri
1597 1467 1736 1496 nacionis
1754 1474 1991 1497 concesserunt.

1478 1516 1553 1545 Item
1576 1517 1762 1556 supplicavit
1783 1517 1932 1556 magister
1958 1517 2125 1547 Wiskinus
2146 1523 2250 1547 rector
2269 1517 2349 1547 Uni-

1437 1565 1611 1602 versitatis‚
1634 1571 1785 1605 quatenus
1809 1566 1957 1595 darentur
1981 1567 2008 1596 ei
2030 1566 2058 1595 V
2080 1573 2166 1596 scuta
2187 1567 2225 1595 de
2248 1567 2350 1606 prima

1436 1615 1568 1654 pecunia
1594 1615 1749 1650 nacionis,
1779 1616 1862 1654 quod
1886 1615 1975 1644 etiam
1998 1626 2179 1645 concessum
2203 1615 2259 1645 fuit
2281 1616 2349 1646 sine

1437 1664 1520 1693 omni
1539 1664 1793 1693 contradictione.

1478 1712 1550 1753 (Pol.
1578 1712 1649 1753 19)⁴
1673 1713 1786 1742 Postea
1815 1713 1958 1743 dominus
1981 1714 2152 1754 Eghelinus
2174 1713 2238 1743 Bos
2262 1714 2354 1743 ince-.

1436 1762 1484 1802 pit
1508 1763 1565 1791 sub
1589 1762 1738 1802 magistro
1764 1762 1894 1792 Hinrico
1919 1764 1956 1792 de
1985 1763 2117 1802 Mynda,
2143 1762 2230 1803 cujus
2253 1764 2349 1793 bursa

1437 1811 1510 1840 VIII
1526 1811 1630 1841 solidi.

1478 1861 1599 1890 Deinde
1617 1860 1760 1890 dominus
1777 1860 1958 1890 Gerhardus
1976 1862 2014 1890 de
2033 1861 2214 1891 Molendino
2232 1861 2348 1901 incepit

1437 1911 1495 1939 sub
1511 1911 1619 1938 eodem
1637 1910 1785 1950 magistro
1800 1909 1929 1939 Hinrico
1947 1911 1984 1939 de
2004 1910 2131 1950 Mynda,
2149 1910 2237 1951 cujus
2251 1911 2348 1941 bursa

1436 1959 1509 1987 VIII
1527 1959 1629 1988 solidi.

1478 2008 1553 2038 Item
1569 2008 1600 2037 in
1608 2007 1746 2048 .vigilia⁵
1767 2008 1862 2038 Lucie
1881 2009 2129 2048 congregacione
2150 2010 2227 2038 facta
2246 2009 2346 2050 magi-

1437 2064 1572 2087 strorum
1600 2057 1740 2086 nacionis
1771 2067 1829 2097 per
1845 2056 2019 2097 juramenta
2042 2058 2236 2098 singulorum
2263 2059 2346 2098 apud

1437 2107 1581 2135 Sanctum
1597 2106 1767 2142 Julianum,
1786 2107 1939 2136 dederunt
1955 2107 2096 2146 magistri
2113 2106 2228 2147 singuli
2246 2107 2346 2148 magi-

1436 2162 1501 2184 stro
1514 2155 1644 2184 Viskino
1659 2155 1686 2184 V
1699 2162 1785 2185 scuta
1792 2156 1830 2185 ad
1843 2155 1870 2184 V
1882 2155 1942 2184 alia
1957 2156 2062 2195 priora
2075 2156 2135 2185 sibi
2151 2157 2231 2192 data,
2244 2163 2274 2186 et
2288 2156 2345 2186 hec

1434 2205 1561 2234 nunctio
1572 2204 1724 2240 nacionis,
1736 2204 1858 2234 bedello
1869 2211 1900 2234 et
1910 2205 2012 2234 rotulo
2024 2205 2243 2235 Universitatis
2257 2205 2345 2245 prius

1435 2253 1571 2283 totaliter
1586 2253 1752 2293 expeditis.

1476 2303 1551 2332 Item
1562 2302 1574 2321 ⁶
1588 2309 1761 2332 statuerunt
1780 2302 1921 2342 magistri
1937 2303 2158 2333 inviolabiliter
2170 2303 2342 2340 observari,

1435 2353 1517 2391 quod
1534 2352 1564 2380 in
1580 2352 1681 2381 rotulo
1696 2352 1935 2381 transmittendo
1950 2353 1988 2381 ad
2004 2352 2119 2382 curiam
2133 2352 2233 2392 primo
2247 2363 2343 2392 pone-

1433 2407 1541 2430 rentur
1550 2401 1690 2441 magistri
1702 2407 1770 2430 actu
1778 2401 1947 2430 existentes
1957 2401 2098 2431 Parisius
2110 2402 2278 2431 secundum
2288 2411 2344 2432 sue

1434 2450 1523 2480 etatis
1542 2450 1682 2479 ordinem
1698 2460 1715 2479 a
1733 2450 1856 2479 seniore
1873 2450 2051 2490 incipiendo
2067 2460 2165 2490 usque
2181 2451 2219 2479 ad
2237 2449 2344 2490 junio-

1434 2510 1515 2534 rem;
1532 2499 1644 2528 deinde
1661 2499 1713 2538 qui
1727 2499 1966 2538 supervenirent
1982 2499 2126 2528 omnibus
2142 2500 2343 2539 presentibus

1432 2554 1707 2588 postponerentur.
1725 2548 1892 2577 Presentes
1905 2558 1964 2588 pro
1977 2554 2050 2578 tunc
2063 2548 2186 2578 fuerunt
2202 2548 2343 2578 Parisius

1432 2598 1580 2637 magister
1598 2597 1742 2626 Galterus
1761 2598 1798 2626 de
1815 2597 2000 2633 Wardelav,
2019 2597 2167 2637 magister
2185 2597 2343 2627 Johannes

1432 2647 1470 2675 de
1491 2646 1642 2682 Wesafia,
1664 2646 1811 2686 magister
1833 2645 2013 2675 Gerhardus
2032 2646 2069 2675 de
2090 2646 2218 2682 Pruzia,
2243 2647 2343 2687 magi-

1433 2699 1497 2722 ster
1515 2693 1671 2722 Johannes
1689 2694 1750 2731 [de]
1771 2692 1956 2728 Helmestat‚
1974 2693 2122 2732 magister
2138 2693 2286 2723 Hinricus
2303 2694 2342 2722 de

1432 2740 1559 2779 Mynda,
1578 2739 1726 2779 magister
1742 2739 1874 2769 Mathias
1891 2740 1928 2768 de
1945 2739 2076 2775 Swecia,
2091 2740 2240 2780 magister
2256 2740 2346 2770 Wis—

1462 2879 1486 2902 4.
1520 2879 1548 2901 In
1575 2878 1690 2910 margine
1710 2877 1763 2901 alio
1784 2878 1933 2902 charactere
1953 2878 2015 2902 add.
2029 2878 2145 2902 :Deinde
2164 2878 2271 2910 incepit.

1462 2915 1485 2937 5.
1521 2914 1549 2937 12
1563 2914 1715 2938 Decembris.

1461 2951 1484 2973 ὃ.
1518 2951 1547 2973 In
1561 2949 1676 2981 margine
1690 2949 1743 2973 alio
1754 2948 1902 2973 charactere
1916 2956 1925 2973 .·
1939 2950 2072 2974 Statutum
2084 2949 2116 2973 de
2128 2949 2223 2974 rotulo.
