2632 3464
279 487 338 517 sub
360 486 509 527 magistro
526 487 654 517 Nicolao
671 487 709 516 de
725 486 915 521 Crucenaco,
934 485 986 525 qui
998 484 1113 525 juravit
1126 491 1186 514 sta-

279 541 396 614 tmliii-enni
414 585 595 615 licenciatus
616 585 672 615 fuit
687 584 831 614 dominus
850 583 998 613 Albertus
1017 583 1055 612 de
1073 583 1186 612 Prucia

279 634 338 663 sub
349 634 499 674 magistro
510 633 679 663 Wilhelmo
689 632 864 672 Wadenoy,
878 631 966 672 cujus
979 633 1073 662 bursa
1085 631 1145 662 1111
1157 642 1183 661 s.

320 683 395 712 Item
417 682 598 712 licenciatus
623 682 680 712 fuit
703 681 846 712 dominus
873 681 1050 720 Heynricus
1073 681 1186 711 Calker

279 732 337 762 sub
350 731 498 771 magistro
513 730 653 761 Arnoldo
667 730 762 766 Neve,
777 732 864 769 cujus
878 731 973 759 bursa
988 729 1060 760 VIII
1079 730 1183 759 solidi.

682 823 781 854 1370

339 896 412 937 (Vol.
434 898 473 927 13
487 896 512 936 1’)
542 895 634 926 Acta
659 896 924 936 procuratorie
953 896 1124 936 magistri

457 945 645 975 Wenmari
675 945 775 974 Then
803 944 929 984 Ghoye
958 946 1000 974 de

618 993 842 1034 Zutphania.

317 1074 408 1104 Anno
418 1073 542 1104 Domini
556 1084 618 1114 quo
626 1084 731 1114 supra,
744 1081 850 1104 octava
862 1074 912 1104 die
926 1075 1041 1104 mensis
1052 1074 1183 1114 Aprilis,

277 1123 354 1153 bora
371 1123 480 1163 prime,
501 1123 579 1152 facta
596 1123 844 1163 congregacione
858 1123 996 1153 nacionis
1011 1123 1186 1164 Anglicane

276 1172 358 1212 apud
374 1171 519 1202 Sanctum
538 1171 726 1202 Maturinum
749 1173 787 1202 ad
808 1172 983 1212 eligendum
1002 1180 1185 1212 procurato-

276 1231 341 1251 rem
354 1227 384 1251 et
400 1220 586 1251 audiendum
603 1227 780 1261 computum
796 1222 978 1261 receptoriS,
998 1222 1114 1252 electus
1130 1223 1186 1252 fuit

278 1270 309 1300 in
332 1276 563 1310 procuratorem
578 1270 726 1310 magister
743 1269 932 1300 VVenmarus
952 1270 1039 1300 Then
1062 1270 1183 1311 Ghoye,

277 1319 308 1349 in
321 1318 408 1360 cujus
425 1319 640 1359 procuratoria
652 1325 719 1349 acta
735 1319 859 1349 fuerunt
873 1329 932 1359 que
947 1326 1131 1360 sequuntur.

317 1368 423 1398 Primo
452 1368 483 1397 in
511 1368 594 1398 dicta
622 1368 865 1408 congregatione
891 1368 1094 1399 deliberatum
1119 1377 1185 1400 erat

277 1417 360 1457 quod
378 1416 430 1447 illa
445 1417 495 1447 die
509 1423 541 1447 et
554 1416 640 1452 hora,
657 1427 718 1457 qua
732 1418 820 1447 fieret
834 1417 1041 1459 congregacio
1058 1419 1185 1449 faculta-

277 1465 330 1501 tis,
344 1466 427 1506 quod
442 1466 538 1495 eciam
553 1466 658 1495 eadem
673 1465 723 1495 die
741 1471 771 1495 et
785 1465 862 1495 hora
879 1466 966 1495 fieret
978 1469 1184 1507 congregacio

278 1514 417 1544 nacionis
441 1524 498 1554 per
515 1513 738 1554 juramentum,
766 1521 796 1544 et
827 1515 911 1555 quod
938 1521 1011 1545 tunc
1036 1516 1185 1556 magister

274 1563 432 1594 «lohannes
447 1563 485 1592 de
502 1563 625 1593 Pavone
644 1570 834 1603 proponeret
853 1564 883 1593 in
897 1564 1038 1594 facultate
1057 1566 1096 1595 de
1111 1576 1184 1596 exa-

277 1612 358 1642 mine
380 1612 492 1642 Sancte
514 1611 661 1642 Genofefe
685 1613 853 1642 secundum
876 1614 960 1653 quod
980 1614 1182 1645 deliberatum

277 1668 353 1691 erat.

317 1710 392 1741 Item
412 1710 517 1740 eadem
537 1709 587 1740 die
605 1709 807 1740 deliberatum
825 1717 890 1741 erat
912 1713 995 1751 quod
1015 1723 1104 1752 quam
1123 1714 1184 1743 cito

276 1759 364 1790 fieret
377 1759 583 1800 congregacio
598 1759 750 1795 nacionis,
769 1761 852 1800 quod
869 1767 940 1790 tunc
956 1769 1185 1801 proponeretur

275 1809 314 1838 de
328 1808 477 1848 magistro
495 1808 636 1838 Gerardo
655 1808 781 1843 Calker.
804 1810 928 1849 quando
945 1810 1000 1840 fuit
1018 1810 1133 1841 electus
1152 1812 1183 1842 in

276 1857 514 1887 examinatorem
530 1867 587 1897 pro
605 1857 636 1886 3⁰
649 1863 680 1887 et
693 1858 725 1887 4⁰
739 1858 914 1895 mensibus,
935 1866 1081 1899 quantum
1099 1861 1185 1890 dabit

276 1907 315 1936 de
333 1906 387 1936 illo
399 1905 499 1936 officio
515 1906 650 1936 nacioni.

318 1955 392 1985 Item
410 1956 515 1985 eadem
534 1955 585 1985 die
603 1956 792 1996 computavit
810 1957 954 1987 dominus
974 1964 1132 1998 receptor,
1154 1966 1184 1989 et

277 2003 411 2045 singulis
438 2004 614 2044 conputatis
641 2011 672 2034 et
699 2005 857 2035 defalcatis
889 2006 1002 2036 mansit
1029 2007 1184 2047 obligatus

278 2052 399 2083 nacioni
413 2052 446 2082 in
463 2053 500 2082 13
515 2053 626 2083 solidis
641 2055 699 2083 et3
714 2054 861 2084 denariis.

318 2101 393 2132 Item
408 2102 527 2132 decima
541 2102 671 2142 septima
681 2103 731 2132 die
744 2103 861 2133 mensis
871 2102 1002 2143 Aprilis,
1020 2105 1096 2135 facta
1109 2116 1185 2135 con-

276 2151 463 2192 gregacione
474 2151 555 2191 apud
569 2151 714 2181 Sanctum
729 2151 915 2182 Manui-inum
927 2153 966 2182 ad
979 2154 1184 2184 ordinandum

276 2201 316 2230 de
336 2200 476 2230 examine
497 2199 608 2230 Sancte
628 2199 775 2230 Genofefe
799 2201 1002 2232 deliberatum
1027 2203 1082 2233 fuit
1109 2214 1185 2233 con-

277 2248 425 2284 corditer,
446 2250 529 2289 quod
548 2256 731 2289 procurator
750 2250 872 2280 nomine
888 2250 1028 2281 nacionis
1046 2253 1184 2292 predicte

277 2307 346 2328 cum
360 2297 516 2337 aliquibus
535 2298 694 2338 magistris
713 2298 751 2328 de
769 2299 875 2328 eadem
895 2299 1024 2330 nacione
1042 2301 1186 2341 require-

277 2352 347 2376 rent
359 2352 509 2376 rectorem
520 2347 603 2387 quod
619 2347 732 2376 faceret
744 2349 1020 2388 congregacionem
1034 2350 1184 2380 facultatis

277 2395 456 2435 regencium
473 2401 503 2425 et
520 2405 582 2425 non
597 2396 774 2436 regencium
795 2407 854 2437 per
863 2396 1071 2437 juramentum
1089 2399 1119 2428 in
1135 2400 1185 2429 die

278 2444 397 2474 sabbati
439 2444 582 2485 proximo
624 2445 765 2485 sequenti
779 2445 802 2480 ⁴,
839 2452 869 2476 et
911 2448 994 2487 quod
1038 2449 1186 2488 magister

276 2493 435 2523 lohannes
458 2494 496 2523 de
523 2493 647 2524 Pavone
672 2502 861 2534 proponeret
894 2496 1002 2526 factum
1036 2497 1186 2528 examinis

278 2542 409 2583 predicti
427 2542 458 2572 in
474 2543 580 2572 eadem
594 2544 841 2583 congregacione
859 2545 1023 2576 facultatis.

320 2590 394 2622 Item
426 2591 458 2621 in
485 2592 590 2621 eadem
614 2593 862 2633 congregacione
889 2594 1091 2625 deliberatum
1118 2595 1185 2632 fuit,

278 2639 352 2680 quia
378 2639 569 2670 examinator
590 2641 729 2671 nacionis
754 2641 973 2672 Piccardorum
1000 2649 1030 2673 et
1047 2644 1186 2674 nacionis

279 2687 450 2728 Anglicane
469 2699 506 2719 ex
523 2699 583 2719 una
598 2696 698 2729 parte,
714 2696 744 2719 et
761 2689 813 2719 alii
829 2691 890 2720 duo
906 2691 1132 2722 examinatores
1149 2703 1187 2723 ex

279 2736 339 2766 alia
352 2743 440 2777 parte
456 2737 618 2768 discordes
630 2738 754 2768 fuerunt
768 2738 799 2768 in
809 2740 1064 2780 deposicionibus
1077 2742 1187 2772 facien-

280 2785 329 2814 dis
353 2785 392 2815 de
413 2785 614 2816 licenciandis
631 2788 670 2816 de
684 2787 703 2817 3
722 2788 884 2818 audicione
905 2789 1056 2819 examinis
1076 2789 1187 2821 Sancte

281 2833 440 2870 Genofefc‚
467 2836 551 2875 quod
584 2836 611 2865 si
643 2836 801 2876 predictus
829 2838 1020 2868 examinator
1047 2839 1187 2870 nacionis

313 2931 335 2955 1.
369 2931 400 2955 20
413 2931 518 2963 Aprilis.

361 2977 473 2996 Δαυνίω-
486 2977 609 2998 cnara-urii
619 2977 706 2999 Usinn.
718 2979 783 3000 Paria.
795 2990 820 2996 -·
831 2979 847 3000 Ι.

1223 931 1256 958 10

1223 1176 1256 1202 15

1222 1421 1256 1447 20

1221 1665 1255 1691 25

1221 1909 1255 1935 ³0

1222 2154 1256 2181 35

1222 2399 1256 2426 40

1223 2644 1258 2671 45

791 410 903 436 LIBER
924 409 1237 436 PROCURATORUM
1258 409 1440 436 NATIONIS
1458 410 1703 437 ANGLICANAE
2151 416 2202 442 354

1295 485 1498 515 Picardorum
1515 497 1576 515 non
1592 494 1729 516 maneret
1751 487 1781 516 in
1797 489 1963 517 concordia
1981 490 2119 528 predicta
2136 501 2203 520 cum

1295 535 1502 565 examinatore
1539 542 1646 565 nostre
1683 537 1834 570 nacionis,
1869 538 1989 566 scilicet
2020 539 2203 578 Anglicane,

1295 585 1378 624 quod
1391 585 1580 614 examinator
1596 591 1702 614 nostre
1718 586 1856 615 nacionis
1873 587 2031 616 ordinaret
2046 598 2113 616 cum
2130 590 2205 617 sub-

1295 633 1478 663 cancellario
1510 633 1646 674 ejusdem
1681 634 1830 663 examinis
1853 634 1879 663 si
1909 642 2032 674 posset,
2058 638 2141 675 quod
2173 638 2203 666 in

1294 681 1487 711 licenciando
1508 692 1562 712 eos
1589 684 1757 712 secundum
1790 684 1898 713 merita
1929 686 2202 720 recommendat-et,

1293 732 1496 770 protestando
1525 733 1608 771 quod
1633 732 1747 761 nullius
1779 733 1918 762 nacionis
1940 732 2002 772 juri
2032 734 2205 763 intenderet

1294 780 1458 820 derogare.

1335 828 1410 858 Item
1430 829 1610 860 licenciatus
1634 830 1690 859 fuit
1711 830 1855 860 dominus
1878 831 1998 861 Franco
2019 832 2057 861 de
2079 831 2204 871 Leyden

1295 879 1352 907 sub
1368 878 1518 918 magistro
1536 879 1677 909 &Valtero
1697 881 1735 908 de
1753 880 1832 914 Delf,
1853 879 1940 919 cujus
1962 881 2055 910 bursa
2071 880 2127 910 V11
2144 881 2202 910 sol.

1335 927 1410 957 Item
1432 928 1547 967 incepit
1570 928 1713 958 dominus
1735 928 1920 969 Rodolphus
1942 930 1980 958 de
2001 930 2126 959 Lubeke
2145 931 2202 959 sub

1294 977 1442 1016 magistro
1461 977 1598 1006 Henrico
1616 978 1654 1006 de
1678 977 1805 1013 Hassia,
1828 976 1915 1018 cujus
1938 979 2032 1007 bursa
2051 978 2122 1008 Vlll
2144 979 2201 1008 sol.

1335 1026 1410 1055 Item
1424 1026 1570 1056 vicesima
1589 1033 1674 1056 sexta
1692 1027 1741 1055 die
1761 1027 1877 1056 mensis
1897 1027 2017 1066 Aprilis
2037 1028 2113 1057 facta
2128 1038 2204 1057 con-

1293 1075 1479 1115 gregacione
1495 1075 1634 1105 nacionis
1649 1077 1686 1105 ad
1706 1075 1850 1105 Sanctum
1866 1076 2020 1106 Julianum
2037 1087 2203 1116 pauperem

1293 1124 1332 1153 ad
1354 1124 1562 1154 assistendum
1584 1125 1734 1164 magistro
1762 1124 1895 1154 Johanni
1918 1126 1956 1154 de
1982 1125 2123 1160 Pavone,
2150 1126 2203 1165 qui

1293 1183 1470 1213 proponere
1490 1173 1622 1203 habebat
1641 1174 1751 1203 factum
1772 1174 1912 1203 nacionis
1927 1181 2058 1214 tangens
2077 1185 2203 1204 examen

1294 1221 1405 1251 Sancte
1418 1222 1565 1252 Genofefe
1581 1223 1612 1251 in
1630 1223 1876 1263 congregacione
1891 1223 2042 1253 facultatis
2060 1224 2135 1253 facte
2153 1224 2202 1253 die

1292 1271 1442 1311 predicta,
1458 1271 1488 1300 in
1504 1282 1563 1311 qua
1579 1272 1825 1311 congregacione
1837 1272 1988 1301 facultatis
2003 1283 2059 1312 pro
2075 1273 2202 1302 nacione

1293 1330 1355 1350 non
1375 1320 1458 1350 aliud
1479 1321 1534 1350 fuit
1557 1320 1758 1350 deliberatum
1784 1321 1844 1351 nisi
1867 1322 1950 1361 quod
1974 1322 2083 1351 iterato
2111 1332 2203 1360 super

1293 1370 1400 1399 eodem
1426 1369 1505 1399 facto
1527 1376 1629 1399 rector
1651 1370 1750 1399 facere
1775 1370 1901 1399 deberet
1925 1371 2202 1410 congregacionem

1294 1419 1446 1448 facultatis
1465 1419 1684 1458 magistrorum
1700 1419 1878 1459 regencium
1898 1425 1928 1448 et
1946 1430 2008 1448 non
2023 1420 2202 1460 regencium

1294 1478 1350 1508 per
1361 1467 1578 1508 juramentum.

1334 1517 1408 1546 Item
1425 1517 1570 1546 vicesima
1588 1526 1668 1546 nona
1687 1517 1736 1546 die
1757 1517 1873 1547 mensis
1893 1517 2012 1557 Aprilis
2032 1518 2109 1547 facta
2126 1528 2202 1547 con-

1293 1565 1478 1605 gregacione
1499 1565 1638 1595 nacionis
1660 1567 1698 1595 ad
1721 1566 1958 1606 supplicandum
1981 1573 2011 1596 et
2037 1568 2073 1596 ad
2098 1567 2201 1607 dispo-

1293 1615 1427 1643 nendum
1446 1615 1484 1644 de
1501 1615 1631 1654 pecunia
1650 1615 1790 1644 nacionis
1806 1616 1887 1655 apud
1907 1615 2052 1645 Sanctum
2071 1615 2203 1646 Maturi-

1293 1673 1377 1698 num,
1405 1663 1593 1702 supplicavit
1615 1664 1758 1693 dominus
1787 1663 1942 1693 Henricus
1967 1665 2004 1694 de
2033 1664 2202 1704 Angheren

1292 1722 1350 1751 pro
1363 1711 1515 1741 dilacione
1529 1713 1692 1742 bursarum
1708 1723 1763 1742 sue
1779 1713 1906 1742 licencie
1922 1723 2021 1752 usque
2038 1714 2075 1742 ad
2092 1714 2201 1743 festum

1292 1761 1507 1796 Pentecostes‚
1532 1760 1620 1801 cujus
1643 1762 1836 1802 supplicacio
1857 1772 2005 1791 concessa
2026 1762 2092 1798 fuit,
2113 1763 2202 1792 dum-

1293 1810 1384 1839 modo
1399 1817 1528 1849 poneret
1545 1810 1678 1850 pignora
1691 1810 1889 1841 sufficiencia.

1334 1859 1408 1888 Item
1426 1860 1459 1889 in
1473 1860 1578 1889 eadem
1593 1860 1840 1900 congregacione
1855 1860 2043 1900 supplicavit
2058 1861 2201 1890 dominus

1292 1908 1426 1938 Thomas
1450 1918 1508 1948 pro
1530 1908 1682 1938 dilacione
1709 1910 1872 1939 bursarum
1902 1919 1956 1939 sue
1989 1910 2117 1939 licencie
2147 1920 2202 1949 per

1293 1964 1357 1987 tres
1379 1967 1513 1994 menses,
1538 1956 1626 1997 cujus
1649 1957 1840 1998 supplicacio
1860 1959 1916 1989 fuit
1933 1969 2093 1993 concessa,
2113 1960 2202 1988 dum-

1293 2007 1385 2036 modo
1403 2013 1535 2046 poneret
1550 2007 1683 2047 pignora
1699 2007 1897 2037 sufficiencia.

1334 2055 1409 2086 Item
1425 2056 1457 2085 in
1475 2057 1580 2086 eadem
1596 2057 1841 2096 congregacione
1857 2057 2045 2096 supplicavit
2059 2058 2202 2087 dominus

1293 2104 1453 2135 Gerardus
1479 2106 1516 2135 de
1544 2105 1669 2145 Leyden
1699 2116 1756 2145 pro
1779 2106 1932 2135 dilacione
1959 2107 2121 2136 bursarum
2147 2117 2201 2136 sue

1293 2154 1421 2184 licencie
1439 2164 1496 2194 per
1513 2161 1576 2184 tres
1593 2164 1731 2190 menses,
1749 2153 1836 2194 cujus
1852 2155 2044 2194 supplicacio
2058 2156 2114 2185 fuit
2126 2166 2203 2185 con-

1293 2213 1392 2239 cessa,
1407 2204 1573 2233 dummodo
1591 2210 1720 2243 poneret
1732 2203 1864 2243 pignora
1880 2204 2079 2234 sufficiencia.

1335 2253 1409 2282 Item
1422 2252 1602 2282 licenciatus
1616 2253 1672 2282 fuit
1681 2253 1826 2282 dominus
1834 2253 1968 2283 Thomas
1980 2254 2038 2283 sub
2051 2253 2201 2293 magistro

1293 2301 1430 2331 Jordano
1447 2302 1486 2331 de
1502 2301 1610 2337 Clivis‚
1630 2300 1717 2341 cujus
1731 2302 1825 2331 bursa
1839 2301 1910 2331 Vlll
1930 2302 2034 2332 solidi.

1335 2350 1410 2380 Item
1426 2350 1604 2380 licenciatus
1619 2351 1674 2381 fuit
1689 2351 1832 2380 dominus
1842 2351 1999 2381 Johannes
2015 2351 2129 2381 Gruter
2145 2352 2201 2380 sub

1294 2399 1443 2440 magistro
1455 2399 1621 2430 Francisco
1634 2401 1672 2430 de
1684 2400 1796 2430 Sancto
1812 2399 1962 2430 Michaele
1971 2400 1995 2435 ²,
2008 2399 2095 2440 cujus
2110 2402 2203 2430 bursa

1294 2448 1367 2478 VIII
1384 2449 1487 2478 solidi.

1336 2497 1410 2527 Item
1427 2497 1606 2528 licenciatus
1617 2498 1673 2527 fuit
1689 2498 1832 2528 dominus
1852 2498 2010 2528 Gerardus
2023 2499 2061 2527 de
2077 2498 2201 2537 Leyden

1295 2547 1353 2576 sub
1379 2547 1528 2587 magistro
1552 2546 1719 2577 Francisco
1739 2548 1777 2576 de
1799 2547 1911 2577 Sancto
1930 2547 2091 2582 Micliaele,
2115 2546 2202 2587 cujus

1295 2596 1388 2625 bursa
1404 2595 1460 2625 Vll
1475 2595 1579 2626 solidi.

1337 2645 1411 2675 Item
1450 2645 1555 2675 eadem
1592 2645 1642 2675 die
1679 2645 1818 2685 predicta
1855 2646 1931 2675 facta
1956 2645 2202 2684 congregacione

1295 2693 1435 2724 nacionis
1455 2694 1641 2734 supplicavit
1658 2694 1805 2734 magister
1826 2694 1983 2724 Johannes
2000 2694 2038 2723 de
2060 2694 2202 2723 Ammers

1296 2753 1333 2772 ex
1355 2749 1441 2783 parte
1464 2742 1634 2773 Franconis
1659 2744 1696 2773 de
1718 2744 1854 2783 Leyden,
1877 2749 1908 2772 ut
1929 2743 2016 2772 nacio
2041 2744 2126 2772 darct
2142 2743 2201 2772 sibi

1295 2791 1466 2822 dilaciones
1480 2793 1642 2822 bursarum
1659 2803 1712 2822 sue
1729 2792 1868 2827 licencie,
1886 2802 1947 2821 non
1963 2792 2104 2822 obstante
2119 2793 2201 2832 quod

1296 2841 1383 2882 prius
1411 2847 1477 2871 erat
1499 2840 1690 2876 licenciatus,
1714 2841 1784 2880 quia
1813 2847 1941 2880 propter
1970 2841 2150 2870 brevitatem
2174 2847 2202 2870 et

1327 2939 1350 2962 2.
1385 2939 1443 2962 Ναί.
1457 2937 1548 2962 Gallie.

2084 2983 2110 3002 2³
