2632 3464
406 439 457 464 663
945 436 1167 462 AUCTARIUM
1193 434 1451 461 CHARTULARII
1471 435 1644 462 UNIVERS.
1668 435 1786 462 PARIS.
2279 439 2332 466 664

407 525 501 554 super
511 515 632 543 duobus
645 513 793 543 articulis.
805 513 928 542 Primus
940 512 995 541 fuit
1005 513 1043 541 ad
1053 511 1232 541 avisandum
1243 520 1315 549 que-

407 565 475 593 dam
496 570 608 603 puncta
627 562 880 602 procuratoribus
897 561 1087 601 singularum
1103 560 1264 588 nacionum
1281 569 1315 588 ac

410 613 534 642 decanis
552 612 725 641 facultatum
743 622 759 640 a
774 618 894 640 rectore
910 611 1004 639 missa
1021 611 1058 638 de
1071 609 1206 638 diversis
1220 614 1315 637 mate-

408 662 463 691 riis
482 672 516 691 ac
536 660 702 690 abusibus⁴
731 667 762 690 ut
781 661 902 689 dicebat
921 659 1131 698 exprimenda.
1155 659 1184 686 2³
1203 657 1258 686 fuit
1277 658 1314 685 ad

407 711 652 750 supplicandum.
670 710 770 749 Super
785 709 885 748 primo
899 708 1099 737 deliberatum
1117 707 1172 735 suit
1187 716 1314 735 concor-

408 760 489 789 diter
503 770 560 799 per
577 759 734 788 nacionem
754 759 836 797 quod
852 764 932 786 stare
948 757 1041 786 vellet
1061 756 1148 785 nacio
1169 756 1199 783 in
1217 755 1314 794 privi-

408 809 498 848 legiis
516 809 662 837 hactenus
678 818 733 846 per
748 806 986 836 Universitatem
1006 804 1190 839 observatis,
1208 814 1263 833 nec.
1280 814 1314 833 ea

409 868 533 897 quoquo
549 858 638 886 modo
658 856 859 894 restringere.
879 855 1077 893 Quapropter
1094 859 1207 892 puncta
1229 852 1314 881 nullo

407 907 497 935 modo
523 906 643 935 nacioni
666 905 843 944 placebant,
871 914 937 932 cum
965 903 1056 931 nimis
1086 902 1250 942 privilegia
1280 911 1313 930 ac

406 956 563 984 libertates
580 961 702 983 nostras
717 953 991 992 restringerentur.
1006 952 1107 991 Super
1119 952 1150 980 2⁰
1165 950 1270 980 nichil.

813 1046 909 1075 1392

529 1121 619 1149 Acta
648 1120 682 1148 in
713 1118 999 1147 continuacione
1032 1117 1196 1157 predicti

685 1168 841 1197 Arnoldi
859 1167 1028 1206 Bloeyer.

445 1250 535 1279 Anno
552 1249 674 1277 Domini
690 1254 723 1277 ut
739 1257 843 1287 supra,
859 1248 935 1276 facta
948 1246 1194 1286 congregacione
1210 1247 1311 1275 nacio-

406 1300 454 1328 nis
470 1298 650 1337 Anglicane,
669 1303 776 1336 quarta
795 1297 844 1325 die
865 1296 980 1325 mensis
996 1295 1080 1335 Maij,
1103 1295 1176 1324 hora
1197 1295 1312 1334 prima-

406 1359 471 1377 rum
489 1348 569 1387 apud
589 1347 731 1376 Sanctum
750 1346 914 1380 Julianum,
933 1355 1027 1384 super
1046 1345 1146 1374 tribus
1159 1344 1309 1374 articulis.

406 1398 528 1426 Primus
550 1397 604 1425 suit
621 1397 657 1424 ad
677 1396 852 1434 eligendum
872 1405 983 1424 novum
1004 1401 1246 1433 procuratorem,
1263 1394 1311 1422 vel

405 1448 441 1475 ad
467 1446 622 1484 antiquum
647 1445 895 1473 continuandum.
928 1443 1133 1472 Continuatus
1155 1443 1210 1472 suit
1236 1453 1312 1472 con-

404 1496 540 1524 corditer
574 1494 657 1523 nullo
690 1493 872 1522 reclamante
910 1493 1068 1522 Arnoldus
1105 1492 1239 1531 Bloeyer
1273 1493 1311 1522 de

407 1545 523 1573 Gouda.

446 1594 491 1622 2¹¹⁸
521 1593 575 1622 suit
604 1594 640 1621 ad
672 1592 855 1621 audiendum
885 1592 1068 1620 relacionem
1096 1592 1310 1630 deputatorum

407 1642 625 1671 Universitatis
651 1652 745 1680 super
771 1642 848 1670 sacto
876 1641 947 1675 orti,
972 1642 1009 1669 de
1033 1651 1094 1679 quo
1120 1650 1225 1680 supra,
1252 1650 1311 1680 que

406 1692 460 1721 fuit
482 1692 563 1730 quod
584 1691 780 1720 ordinassent
796 1690 956 1729 pecuniam
980 1690 1148 1729 predictam
1166 1690 1204 1718 ab
1227 1690 1312 1728 epis-

406 1751 483 1779 copo
505 1740 666 1769 Baiocensi
685 1740 903 1778 recipiendam,
921 1749 1010 1778 quam
1031 1740 1066 1768 ad
1087 1739 1209 1767 archam
1234 1739 1312 1768 Uni-

405 1790 560 1818 versitatis
576 1788 984 1828 deponendamjudicabant,
997 1798 1159 1827 quousque
1172 1788 1312 1817 redditus

405 1839 492 1867 nacio
508 1838 630 1867 venales
646 1838 829 1877 repperiret,
845 1837 897 1877 qui
913 1838 1053 1866 redditus
1068 1844 1097 1866 et
1110 1837 1312 1866 emolumenta

405 1889 442 1917 ad
468 1888 605 1916 nacionis
628 1894 733 1916 nostre
756 1897 830 1916 usus
853 1887 1026 1916 scolaribus
1049 1887 1131 1915 illius
1154 1887 1311 1926 provincie

406 1937 584 1966 absentibus
596 1936 788 1976 integraliter
801 1937 1014 1975 pervenirent;
1028 1936 1199 1965 scolaribus
1211 1942 1312 1965 tamen

405 1986 604 2015 redeuntibus
622 1986 761 2014 redditus
780 1985 936 2024 predictos
955 1992 987 2014 ut
1006 1985 1081 2014 alias
1101 1986 1310 2024 perciperent.

408 2036 502 2064 Daret
519 2042 618 2063 tamen
639 2035 726 2063 nacio
748 2035 886 2073 predicto
906 2035 1054 2074 episcopo
1075 2034 1259 2073 quitanciam
1281 2034 1311 2063 in

406 2095 464 2123 qua
494 2095 580 2113 suum
603 2083 654 2123 jus
682 2090 711 2112 et
736 2084 887 2112 interesse
909 2083 1094 2122 resignaret.
1126 2084 1227 2123 Super
1251 2094 1312 2123 quo

405 2133 587 2161 deliberavit
603 2133 690 2161 nacio
711 2133 791 2172 quod
815 2133 982 2171 predictam
1002 2133 1160 2171 pecuniam
1181 2132 1311 2162 nullate-

406 2193 462 2211 nus
491 2183 527 2210 ad
558 2182 678 2210 archam
712 2181 930 2210 Universitatis
959 2182 1052 2210 vellet
1082 2182 1207 2220 reponi,
1244 2193 1311 2211 cum

406 2231 510 2270 sepius
529 2231 605 2260 tales
622 2231 750 2270 pecunie
766 2231 877 2259 ibidem
895 2231 994 2269 posite
1010 2238 1266 2260 consumerentur
1280 2231 1311 2260 in

406 2281 491 2309 factis
516 2279 745 2314 Universitatis,
771 2280 825 2308 sed
850 2280 942 2308 vcllct
966 2281 1048 2318 quod
1073 2287 1256 2318 procurator
1280 2280 1310 2309 in

406 2330 502 2368 prima
525 2329 769 2368 congregacione
794 2329 1013 2357 Universitatis
1036 2329 1163 2358 haberet
1187 2329 1310 2358 nomine

406 2378 543 2406 nacionis
563 2377 750 2416 supplicare,
766 2379 846 2416 quod
864 2378 950 2406 nacio
968 2379 1006 2406 de
1019 2378 1169 2417 predictis
1186 2378 1312 2407 haberet

405 2428 548 2455 ordinare
566 2433 594 2455 et
612 2428 647 2455 ad
669 2426 734 2465 ejus
750 2426 869 2455 archam
887 2437 1048 2465 quousque
1068 2427 1207 2456 redditus
1225 2427 1311 2456 inve-

406 2476 485 2504 niret
500 2476 669 2504 recludere.
688 2476 755 2504 Alia
771 2482 1025 2514 appunctamenta
1041 2476 1115 2504 satis
1136 2477 1308 2515 placebant.

446 2526 546 2563 Super
559 2526 590 2553 3⁰
605 2524 790 2563 supplicavit
800 2525 900 2553 dictus
917 2524 1073 2553 Arnoldus
1087 2525 1230 2564 Bloeyer,
1243 2536 1310 2554 rum

406 2573 479 2602 alias
497 2574 555 2602 sibi
574 2573 697 2602 ultimus
709 2573 720 2591 ²
740 2573 854 2602 mensis
871 2574 906 2601 ad
919 2574 1150 2602 examinandum
1167 2574 1198 2602 in
1219 2574 1310 2603 Sauc-

406 2629 433 2650 ta
452 2623 606 2651 Genovcfa
627 2629 709 2651 esset
728 2632 895 2651 concessus
916 2629 945 2650 et
967 2623 1056 2651 modo
1079 2622 1108 2650 in
1129 2630 1311 2661 procurato-

407 2681 468 2699 rem
488 2671 693 2706 continuatus,
709 2672 789 2709 quod
803 2671 832 2699 in
845 2681 929 2705 casu,
943 2682 1004 2709 quo
1018 2671 1048 2699 in
1061 2672 1117 2700 ista
1130 2679 1311 2710 procurato-

408 2720 450 2747 ria
472 2720 596 2748 haberet
620 2720 804 2754 examinare,
827 2726 859 2748 ut
878 2720 967 2748 alium
993 2727 1222 2758 procuratorem
1243 2721 1310 2750 loco

407 2768 453 2796 sni
473 2775 579 2806 posset
596 2769 750 2803 ordinare,
769 2768 926 2807 magistris
947 2769 982 2797 ad
1004 2769 1061 2797 boc
1080 2779 1140 2798 non
1159 2780 1310 2798 convoca-

408 2817 457 2851 tis,
474 2827 540 2845 cum
557 2818 617 2845 duo
633 2818 732 2845 officia
746 2817 884 2846 nacionis
901 2817 1074 2846 nullatenus
1091 2818 1180 2847 simul
1199 2818 1310 2857 aliquis

438 2896 459 2917 1.
494 2897 539 2918 Ms.
555 2896 724 2919 nhususibus.

438 2931 459 2953 ⁵2.
494 2933 540 2953 Ms.
554 2931 653 2953 ultima.

437 2967 459 2988 3.
493 2966 631 2989 Robertuin
643 2967 673 2989 dc
684 2967 812 2998 Cardcny.

1426 517 1533 549 posset
1547 520 1701 540 exercere.
1723 510 1818 551 Cujus
1843 512 2034 551 supplicacio
2052 513 2108 542 fuit
2129 514 2167 542 ab
2189 514 2332 544 omnibus

1424 569 1583 589 concessa.
2273 559 2285 569 ''

1465 608 1539 637 Item
1556 609 1633 638 facta
1644 610 1889 649 congregacione
1900 610 2040 640 nacionis
2053 610 2224 651 Anglicane
2237 621 2333 652 super

1424 658 1524 688 tribus
1539 659 1687 688 articulis.
1705 659 1827 688 Primus
1844 659 1900 688 fuit
1913 660 1951 688 ad
1965 660 2168 690 ordinandum
2184 661 2221 690 de
2237 671 2331 700 pecu-

1423 708 1484 737 niis
1494 718 1552 747 per
1561 714 1752 748 receptorem
1761 707 1773 726 ³
1786 714 1892 738 nostre
1905 708 2045 738 nacionis
2055 709 2202 749 receptis,
2215 719 2249 743 ac
2259 720 2331 739 con-

1424 764 1589 796 sequenter
1613 758 1650 787 ad
1675 758 1859 787 audiendum
1882 757 1948 797 ejus
1970 764 2161 797 compotum,
2183 768 2251 788 cum
2267 757 2331 799 jam

1423 813 1551 846 propter
1575 807 1684 836 factum
1705 807 1851 846 speciale,
1873 813 1906 836 ut
1929 807 2050 836 nacioni
2072 808 2248 843 constabat,
2264 807 2332 837 offi-

1423 855 1502 884 cium
1518 855 1691 895 receptor-ie
1709 866 1901 895 nequaquam
1920 862 2027 895 posset
2044 866 2200 886 exercere.
2217 858 2263 886 2¹²·
2276 856 2332 887 fuit

1422 905 1459 933 ad
1484 905 1688 934 ordinandum
1713 915 1806 934 unum
1829 905 2009 944 magistrum
2031 906 2069 934 de
2093 905 2251 941 facultate,
2277 906 2331 946 qui

1351 956 1385 982 10
1417 953 1591 993 juramenta
1613 953 1856 983 bachalariorum
1869 977 1876 989 ,
1903 954 2164 984 licenciandorum
2184 961 2214 984 et
2233 955 2332 995 magi-

1351 1202 1383 1227 15

1349 1448 1383 1473 20

1350 1694 1383 1719 25

1350 1940 1383 1965 30

1349 2186 1383 2211 35

1349 2431 1382 2457 40

1349 2676 1382 2702 45

1422 1009 1556 1032 strorum
1575 1003 1750 1032 necessaria
1763 1003 1896 1032 facultati
1911 1004 1949 1032 ab
1965 1003 2034 1032 aliis
2047 1013 2109 1032 non
2126 1004 2170 1032 sic
2186 1014 2331 1033 necessa-

1422 1052 1478 1081 riis
1501 1052 1628 1081 haberet
1647 1052 1818 1087 extrahere,
1840 1052 1889 1081 cui
1909 1052 2005 1081 eciam
2023 1053 2160 1091 precium
2178 1053 2295 1082 laboris
2314 1063 2331 1082 a

1421 1102 1549 1131 nacione
1565 1107 1731 1130 taxaretur.
1748 1102 1794 1130 3²¹·
1812 1101 1867 1130 fuit
1883 1111 1978 1140 super
1993 1101 2288 1141 supplicacionibuS.

1463 1151 1564 1190 Super
1593 1151 1694 1190 primo
1719 1150 1898 1179 conclusum
1926 1149 1981 1180 fuit
2004 1150 2219 1186 concorditer,
2247 1151 2331 1190 quod

1421 1200 1562 1240 predicto
1580 1199 1734 1239 receptori
1753 1200 1784 1228 in
1800 1199 1868 1228 loco
1885 1199 2036 1234 Prenaco,
2055 1199 2108 1228 ubi
2126 1201 2236 1234 stabat.
2254 1200 2330 1229 scri-

1421 1251 1494 1278 here
1517 1249 1673 1282 haberem,
1696 1255 1729 1278 ut
1750 1248 1872 1277 nacioni
1893 1254 2067 1287 compotum
2091 1249 2177 1278 sicud
2194 1248 2331 1288 jurasset

1420 1309 1477 1338 per
1501 1298 1621 1337 aliquos
1646 1298 1738 1327 vellet
1760 1298 1895 1332 referre,
1915 1307 1949 1326 ac
1967 1298 2004 1326 de
2027 1297 2169 1337 pecuniis
2195 1299 2330 1337 receptis

1421 1348 1609 1381 satisfacere,
1625 1357 1692 1376 cum
1710 1353 1743 1376 ut
1759 1347 1845 1385 prius
1858 1346 1988 1375 officium
2005 1356 2150 1375 exercere
2167 1357 2229 1376 non
2246 1347 2331 1376 vale-

1421 1398 1479 1426 bat.
1498 1397 1587 1434 Quod
1603 1397 1712 1425 factum
1729 1402 1786 1424 est.

1462 1446 1563 1486 Super
1577 1447 1608 1474 2⁰
1625 1445 1740 1474 electus
1759 1445 1814 1474 fuit
1827 1444 1975 1484 magister
1991 1444 2123 1484 Egidius
2136 1446 2174 1474 de
2190 1444 2330 1484 Aspero-

1421 1502 1522 1524 monte
1535 1494 1559 1530 ⁴,
1584 1495 1636 1534 qui
1657 1494 1795 1533 predicta
1813 1493 1987 1533 juramenta
2008 1493 2134 1522 haberet
2155 1494 2328 1530 extrahere,

1421 1545 1469 1574 cui
1494 1545 1582 1573 nacio
1605 1554 1662 1583 pro
1680 1543 1839 1572 laboribus
1861 1553 1954 1572 unum
1972 1543 2108 1572 francum
2129 1544 2328 1573 concedebat.

1422 1594 1523 1633 Super
1538 1595 1569 1623 3⁰
1581 1592 1686 1622 nichil.

1462 1643 1580 1682 lncepit
1593 1642 1735 1671 dominus
1754 1641 1899 1672 Nicolaus
1916 1642 1954 1670 de
1969 1641 2112 1679 Leid[is],
2133 1640 2218 1680 cujus
2236 1642 2330 1671 bursa

1421 1698 1538 1731 septem
1558 1691 1662 1725 solidi,
1678 1691 1735 1720 sub
1753 1690 1901 1730 magistro
1921 1690 2034 1729 Egidio
2047 1690 2176 1719 Jutfaes.

1463 1740 1580 1780 lncepit
1601 1739 1744 1769 dominus
1772 1740 1884 1769 Petrus
1911 1739 2063 1774 Prenner‚
2084 1738 2170 1778 cujus
2190 1739 2285 1768 bursa
2303 1737 2329 1767 V

1421 1790 1525 1824 solidi,
1542 1790 1600 1818 sub
1616 1789 1765 1828 magistro
1777 1788 1890 1828 Egidio
1905 1789 1943 1817 de
1958 1788 2083 1817 Jutfaes.

1462 1839 1533 1878 (Fol.
1555 1838 1581 1875 2)
1602 1839 1676 1867 Item
1697 1838 1774 1867 facta
1791 1837 2037 1877 congregacione
2058 1837 2197 1866 nacionis
2217 1835 2330 1876 Angli-

1421 1898 1495 1917 cane
1515 1888 1547 1916 in
1568 1888 1681 1916 Sancto
1704 1887 1858 1916 Maturino
1879 1886 1954 1915 hora
1976 1887 2144 1926 primarum
2167 1896 2222 1925 per
2241 1885 2330 1925 jura-

1421 1943 1555 1966 mentum
1583 1946 1677 1976 super
1705 1936 1802 1965 tribus
1831 1935 1980 1964 articulis.
2008 1935 2150 1970 Primus,
2174 1944 2242 1964 cum
2266 1933 2329 1974 jam

1422 1986 1620 2025 scripsissem
1640 1985 1765 2014 domino
1789 1984 1944 2024 receptori
1967 1985 2004 2014 de
2024 1990 2167 2023 compoto
2190 1983 2329 2013 faciendo

1421 2042 1514 2074 prout
1531 2045 1636 2074 supra,
1660 2035 1697 2063 ad
1719 2034 1903 2063 audiendum
1926 2033 1992 2072 ejus
2013 2039 2200 2072 compotum.
2224 2033 2270 2061 2¹¹·
2291 2033 2329 2062 ad

1421 2085 1597 2124 eligendum
1633 2084 1681 2113 vel
1718 2083 1965 2112 substituendum
2003 2082 2093 2111 alium
2123 2087 2326 2121 receptorem.

1421 2135 1467 2162 3⁰⁹
1478 2133 1533 2162 fuit
1551 2142 1646 2172 super
1661 2132 1949 2172 supplicacionibus
1967 2138 1997 2160 et
2011 2130 2146 2170 injuriis.

1462 2182 1564 2222 Super
1582 2182 1693 2221 primo,
1713 2181 1834 2210 auditus
1851 2186 2012 2220 compotus
2028 2179 2212 2219 receptoris,
2227 2186 2257 2208 et
2277 2189 2330 2208 as-

1421 2232 1570 2260 cendebat
1592 2241 1709 2260 summa
1736 2240 1834 2269 usque
1862 2230 1899 2258 ad
1922 2229 2048 2269 triginta
2076 2235 2194 2268 septem
2219 2228 2326 2263 libras,

1421 2281 1524 2309 decem
1546 2286 1576 2308 et
1596 2289 1704 2309 novem
1725 2279 1844 2308 solidos
1865 2285 1894 2307 et
1914 2285 1983 2307 octo
2003 2278 2158 2307 denarios.
2180 2277 2281 2316 Super
2298 2278 2329 2305 2⁰

1421 2329 1536 2358 electus
1562 2329 1616 2358 fuit
1641 2328 1789 2368 magister
1812 2327 1943 2367 Egidius
1969 2328 2006 2356 de
2029 2327 2145 2356 Jutfaes
2172 2327 2203 2355 in
2224 2336 2328 2366 recep-

1421 2384 1530 2407 torem.
1551 2377 1652 2416 Super
1667 2379 1698 2406 3⁰
1716 2376 1903 2416 supplicavit
1920 2376 2067 2416 magister
2085 2375 2278 2404 Germanus⁵
2299 2381 2329 2404 et

1420 2438 1499 2456 unus
1515 2427 1591 2456 alter
1607 2427 1718 2456 Scotus
1730 2436 1767 2455 ex
1777 2432 1863 2465 parte
1873 2425 2054 2464 recepturis,
2066 2435 2133 2453 cum
2145 2424 2202 2463 jam
2219 2434 2328 2463 recep-

1420 2482 1468 2505 tor
1487 2476 1634 2515 pecunias
1657 2481 1797 2515 receptas
1816 2485 1876 2503 non
1895 2474 2030 2509 haberet,
2050 2480 2080 2503 et
2100 2479 2228 2512 propter
2246 2473 2328 2502 istud

1420 2525 1613 2554 lamentabile
1635 2525 1744 2553 factum
1768 2530 1800 2553 ut
1824 2523 1944 2552 dicebat
1963 2522 2088 2551 multum
2109 2522 2274 2561 indigeret,
2296 2528 2329 2551 ut

1420 2575 1508 2603 nacio
1527 2574 1587 2602 sibi
1605 2573 1767 2602 terminum
1789 2572 2009 2606 satisfaciendi,
2029 2571 2107 2600 infra
2127 2581 2217 2610 quem
2235 2570 2328 2599 satis-

1421 2625 1518 2652 facere
1539 2624 1675 2657 haberet‚
1695 2623 1768 2651 dare
1785 2621 1887 2655 vellet,
1907 2627 1936 2649 et
1958 2621 2025 2660 ipse
2047 2620 2141 2648 eciam
2159 2629 2216 2658 pro
2241 2625 2327 2658 parte

1419 2672 1511 2701 vellet
1524 2672 1724 2710 respondere.
1745 2671 1846 2709 Super
1864 2679 1925 2709 quo
1941 2669 2122 2698 deliberavit
2138 2668 2226 2697 nacio
2244 2669 2327 2707 quod

1420 2731 1477 2760 pro
1500 2720 1704 2760 quadraginta
1726 2719 1839 2748 francis
1861 2718 1912 2747 isti
1933 2719 1993 2747 duo
2014 2717 2228 2757 fidejuberent,
2251 2727 2327 2756 pro-

1420 2770 1568 2799 mittendo
1589 2770 1625 2798 ad
1654 2768 1776 2807 longius
1799 2767 1867 2796 loco
1895 2767 1942 2796 sui
1968 2767 2144 2796 satisfacere
2169 2766 2246 2795 infra
2274 2775 2327 2795 sex

1421 2828 1554 2853 menses,
1572 2819 1673 2846 dando
1686 2824 1786 2846 tamen
1802 2816 1924 2845 nacioni
1936 2815 2159 2855 obligacionem
2178 2825 2246 2844 cum
2261 2814 2327 2843 lite-

1450 2899 1474 2921 4.
1507 2897 1563 2921 Fuit
1576 2899 1630 2920 nat.
1647 2896 1739 2919 Gallie.
1756 2896 1809 2919 Vid.
1825 2895 1954 2924 Chartul„
1968 2895 2014 2918 111.

1451 2934 1474 2955 5.
1510 2934 1601 2955 Postea
1614 2932 1735 2963 apuliam.

2627 1422 2632 1439 -.
2624 1330 2632 1407 ..um-sn.
2630 1315 2632 1318 .
