2632 3464
301 459 355 486 885

709 535 809 564 1404

362 606 434 647 (Fol.
479 607 555 648 76⁵)
595 607 844 638 Continuacio
887 607 1148 647 procuratoris

421 657 680 696 precedentis,
725 656 875 686 scilicet
919 656 1089 696 magistri

451 705 621 737 Ciinradi
646 705 772 746 Langh
799 705 842 734 de
871 703 1066 745 Esslinga.

340 783 434 814 Facta
476 785 724 826 congregacione
762 783 903 814 nacionis
943 784 1025 823 apud
1062 783 1207 814 Sanctum

299 832 488 863 Maturinum
515 843 597 863 anno
624 843 687 874 quo
712 842 820 874 supra,
851 833 904 862 23·
931 832 981 862 die
1015 832 1208 872 Septembris

299 891 396 922 super
416 881 478 912 25⁶·
502 882 653 913 articulis.
679 882 804 912 Primus
829 882 868 911 ad
891 881 1069 922 eligendum
1094 891 1207 911 novum

299 937 532 971 procuratorem
541 931 591 961 vel
608 931 847 961 continuandum
863 931 1033 970 antiquum.
1050 930 1092 960 Et
1106 931 1208 970 quoad

298 979 382 1010 istud
396 986 543 1020 punctum
558 980 754 1010 continuatus
766 980 822 1010 fuit
833 990 892 1020 per
905 979 1066 1009 nacionem
1080 989 1207 1009 concor-

297 1029 380 1059 diter
388 1029 548 1069 predictus
561 1029 710 1070 magister
720 1029 886 1059 Ci‘inradus
899 1035 957 1058 etc.
971 1028 1208 1068 Consequenter

297 1083 411 1108 tactum
439 1078 496 1108 fuit
521 1078 624 1118 quoad
654 1078 787 1118 primum
811 1077 974 1107 articulum
996 1078 1035 1107 de
1062 1084 1206 1117 computo

296 1127 399 1157 flendo
422 1127 548 1157 racione
573 1126 808 1167 procuracionis
832 1127 942 1156 domus
968 1127 1012 1155 ad
1036 1127 1206 1166 ymaginem

297 1183 395 1206 nostre
411 1177 549 1212 Domine,
573 1176 684 1206 situate
696 1176 735 1212 ,in
758 1176 828 1206 vico
846 1175 998 1210 Brunelli,
1020 1186 1037 1204 a
1055 1175 1206 1215 magistro

295 1224 412 1255 Jacobo
429 1226 468 1255 de
481 1225 607 1255 Harlem
624 1225 708 1265 quia,
728 1231 762 1255 ut
778 1230 862 1264 patet
874 1235 912 1254 ex
930 1225 1071 1264 proxima
1087 1224 1206 1254 delibe-

295 1273 421 1305 racione
455 1273 714 1314 congregacionis
750 1273 924 1303 immediate
959 1283 1055 1313 supra
1085 1279 1204 1308 notate,

295 1323 447 1353 remissus
463 1323 518 1353 fuit
531 1329 695 1363 computus
711 1332 810 1363 usque
830 1323 868 1352 ad
886 1322 1056 1362 proximam
1071 1332 1206 1362 congre·-

295 1371 455 1412 gacionem
479 1371 598 1402 scilicet
621 1371 671 1401 hic
689 1372 836 1411 scriptam
863 1378 921 1400 etc.
946 1371 986 1400 Et
1005 1371 1106 1411 quoad
1122 1371 1206 1401 istud

296 1426 442 1460 punctum
473 1420 660 1460 supplicavit
688 1420 847 1460 predictus
877 1420 1026 1459 magister
1053 1420 1203 1455 lacobus,

296 1469 440 1509 quatinus
453 1469 542 1499 nacio
551 1469 644 1499 vellet
651 1479 686 1499 se
698 1469 876 1504 informare,
885 1475 986 1498 utrum
1000 1469 1068 1508 ipse
1077 1468 1204 1498 haberet

297 1524 473 1558 computum
491 1519 530 1548 de
550 1518 691 1558 predicta
712 1519 804 1548 domo
822 1517 944 1547 nacioui
961 1518 1055 1553 serre,
1069 1524 1100 1547 et
1114 1517 1140 1547 si
1158 1517 1204 1547 sic

295 1567 498 1607 reperiretur,
520 1567 588 1607 ipse
609 1573 693 1597 esset
714 1573 877 1607 promptus
897 1573 928 1596 et
947 1573 1051 1606 presto
1073 1566 1204 1596 reddere

296 1622 492 1656 computum;
516 1616 543 1646 si
565 1626 640 1646 vero
661 1625 724 1645 non
751 1615 943 1655 reperiretur
964 1615 1041 1645 illud
1065 1615 1096 1644 in
1123 1615 1204 1645 libro

294 1665 435 1694 nacionis
450 1665 500 1695 vel
513 1664 621 1695 cedula
637 1665 740 1704 posita
754 1665 792 1694 ad
809 1664 932 1694 archam
948 1664 1101 1700 nacionis,
1120 1665 1204 1704 quod

295 1719 368 1744 tunc
393 1713 482 1743 nacio
508 1723 571 1743 non
592 1713 664 1754 plus
687 1713 782 1744 vellet
800 1719 908 1743 contra
933 1713 1034 1753 ipsum
1061 1713 1203 1753 rigorose

294 1763 476 1802 procedere,
490 1773 581 1803 quam
596 1769 703 1792 contra
716 1769 893 1792 extraneum
912 1761 1118 1802 suppositum.
1137 1761 1203 1799 Qua

295 1811 527 1851 supplicacione
539 1812 641 1842 audita
656 1817 687 1841 et
699 1812 776 1841 facta
788 1811 876 1840 nacio
886 1811 972 1840 dedit
988 1811 1152 1850 deputatos
1165 1811 1203 1840 ad

294 1869 328 1890 se
347 1860 574 1890 informandum
592 1870 687 1900 super
701 1861 773 1895 isto,
790 1860 910 1890 scilicet
924 1859 1115 1899 antiquiores
1138 1869 1203 1889 ma-

295 1909 413 1949 gistros
437 1915 469 1939 et
490 1909 604 1949 quibus
626 1909 737 1939 melius
758 1910 868 1939 factum
888 1908 966 1938 illud
987 1914 1153 1944 constaret,
1173 1915 1203 1938 et

295 1958 379 1998 quod
390 1963 458 1988 acta
470 1958 623 1988 referrent
635 1957 667 1987 in
680 1958 820 1988 nacione.

333 2006 380 2035 2-
391 2006 539 2037 articulus
551 2007 607 2037 fuit
619 2016 715 2047 super
724 2006 1009 2046 supplicacionibus
1021 2012 1051 2035 et
1066 2005 1200 2045 injuriis.

294 2054 336 2085 Et
348 2056 450 2095 quoad
468 2055 554 2086 illum
573 2055 735 2086 articulum
750 2062 935 2095 procurator
952 2055 1150 2095 supplicavit,
1170 2060 1202 2085 ut

294 2103 326 2134 in
341 2104 429 2134 sactis
450 2114 508 2144 per
530 2105 632 2144 ipsum
650 2105 727 2134 actis
743 2110 801 2134 etc.
818 2110 902 2134 esset
923 2104 1200 2139 recommendatus,

294 2159 402 2193 gratus
417 2159 475 2183 etc.
493 2153 533 2183 Et
545 2163 694 2183 concessa
711 2153 766 2183 suit
781 2154 819 2183 ab
834 2153 978 2183 omnibus
997 2152 1199 2192 supplicacio-

291 2201 325 2230 20
353 2201 539 2242 supplicavit
569 2202 650 2231 idem
679 2208 863 2241 procurator
884 2212 922 2231 ex
952 2208 1038 2241 parte
1061 2201 1201 2242 magistri

293 2249 381 2280 Pauli
393 2249 537 2280 Gloterer
549 2251 587 2280 de
598 2250 764 2291 Friburgo,
779 2251 862 2290 quod
876 2260 944 2280 cum
959 2250 1039 2280 idem
1055 2251 1202 2290 magister

293 2298 409 2329 Paulus
434 2305 573 2339 tempore
597 2309 659 2339 quo
682 2299 798 2339 incepit
819 2299 850 2328 in
876 2299 1006 2334 artibus,
1032 2309 1094 2328 non
1113 2298 1201 2338 jura-

291 2347 372 2377 verit
393 2347 588 2387 procuratori
603 2348 755 2383 nacionis,
772 2358 834 2377 non
850 2357 888 2377 ex
903 2347 1033 2383 malicia,
1048 2348 1103 2377 sed
1121 2348 1201 2377 dun-

292 2402 375 2426 taxat
398 2406 435 2426 ex
455 2396 634 2436 ignorancia
647 2396 816 2432 dimittens,
831 2402 862 2426 et
881 2406 960 2426 nunc
979 2396 1020 2426 sit
1037 2396 1094 2432 sic,
1117 2397 1200 2436 quod

288 2443 405 2485 juravit
426 2445 620 2485 procuratori
639 2445 778 2485 presenti
800 2444 930 2480 scilicet,
949 2444 1094 2484 quatinus
1112 2444 1200 2474 nacio

292 2493 368 2524 velit
382 2494 483 2534 ipsum
502 2494 615 2524 habere
637 2500 815 2524 excusatum
838 2500 868 2523 et
887 2494 1065 2533 permittere
1078 2499 1110 2523 ut
1127 2503 1201 2533 pre-

292 2541 394 2573 dictus
407 2543 556 2583 magister
568 2542 682 2573 Paulus
701 2542 801 2582 possit
818 2542 913 2572 scribi
930 2543 967 2571 ad
983 2542 1082 2572 locum
1098 2552 1198 2578 suum,

293 2600 327 2620 ac
352 2591 378 2621 si
397 2598 535 2632 tempore
553 2592 658 2621 debito
682 2591 875 2631 procuratori
891 2590 1041 2631 jurasset.
1062 2590 1101 2620 Et
1125 2601 1200 2630 sup-

294 2639 423 2679 plicacio
443 2639 496 2670 illa
513 2650 662 2670 concessa
681 2641 745 2670 suit.
769 2640 809 2670 Et
831 2640 903 2680 quia
922 2639 1126 2669 consimiliter
1142 2640 1198 2669 sac-

293 2693 356 2718 tum
383 2688 439 2718 suit
464 2690 502 2718 de
528 2689 676 2730 magistro
707 2688 924 2718 Bartholomeo
948 2689 986 2717 de
1011 2687 1147 2723 Harlem.
1170 2694 1200 2718 et

293 2737 379 2766 multi
398 2737 537 2778 magistri
553 2738 584 2767 in
599 2737 726 2767 nacione
741 2738 896 2772 dixerunt,
911 2737 980 2766 ideo
996 2737 1110 2776 placuit
1124 2736 1198 2766 illud

293 2785 374 2815 idem
394 2786 515 2816 nacioni
538 2787 620 2827 quod
636 2787 737 2827 prius,
754 2787 825 2816 dum
845 2793 945 2816 tamen
963 2785 1108 2826 perprius
1126 2795 1199 2825 pre-

292 2834 394 2864 dictus
410 2835 558 2875 magister
571 2835 807 2865 Bai-tholomeus
824 2835 1018 2875 procuratori
1027 2833 1156 2874 juraret.

333 2882 414 2913 Nota
442 2884 527 2923 quod
555 2884 606 2914 26·
633 2884 683 2914 die
713 2884 829 2914 mensis
859 2882 1051 2923 Septembris
1077 2882 1199 2923 suppli-

325 2983 348 3007 t.
386 2983 441 3008 Vid-
454 2991 533 3016 cupra
546 2991 574 3016 p.
586 2985 641 3013 835,
655 2987 707 3009 aot.
723 2984 747 3009 1.

807 459 920 486 LIBER
941 458 1252 486 PROCURATORUM
1272 458 1452 487 NATIONIS
1470 460 1715 488 ANGLICANAE

1245 982 1278 1007 10

1243 1226 1277 1253 15

1241 1471 1275 1498 2⁰

1240 1717 1274 1744 25

1239 1962 1273 1988 30

1238 2206 1272 2233 35

1238 2450 1270 2477 40

1236 2695 1269 2720 45

2163 466 2217 492 886

1316 536 1396 566 cavit
1425 537 1572 577 magister
1601 538 1780 569 Gerhardus
1815 539 1968 569 Tfimherr
1998 542 2058 571 duo
2083 554 2090 571 ι
2119 543 2221 582 primo

1315 586 1460 625 quatinus
1480 587 1568 616 nacio
1590 587 1682 617 vellet
1702 589 1870 628 regraciari
1892 590 2039 629 episcopo
2060 590 2219 621 Silvanec-

1315 635 1396 664 tensi
1417 636 1455 664 de
1480 635 1549 671 hoc,
1575 637 1658 675 quod
1675 637 1735 666 sibi
1758 638 1868 667 bursas
1890 639 2075 668 venerabilis
2097 640 2220 681 collegii

1316 683 1455 713 Sarbone
1469 685 1597 714 contulit
1622 685 1645 721 ⁴,
1662 686 1734 725 quia
1749 692 1838 716 antea
1856 687 1944 716 nacio
1960 687 2076 726 pluries
2089 690 2219 719 accessit

1315 732 1472 762 dominum
1511 734 1691 774 episcopum
1731 735 1882 775 prefatum
1918 736 2121 775 supplicando
2159 748 2217 778 pro

1316 782 1479 822 supposito
1494 783 1632 813 nacionis
1647 784 1800 823 predicto.
1814 785 1846 814 2⁰
1863 785 2049 824 supplicavit
2060 787 2218 825 predictus

1315 831 1473 870 magister,
1484 831 1628 871 quatinus
1642 833 1728 862 nacio
1745 833 1838 863 vellet
1852 834 1953 873 ipsum
1970 836 2217 866 recommendare

1315 889 1389 920 erga
1404 881 1559 910 dominum
1583 882 1691 911 ducem
1709 882 1976 912 Aurelionensem.
1997 883 2080 920 Quas
2097 885 2218 924 suppli-

1315 929 1457 959 caciones
1483 931 1588 960 ambas
1609 931 1698 961 nacio
1723 931 1890 967 concessit,
1917 938 1948 961 et
1972 932 2031 961 sibi
2057 933 2219 972 deputatos

1315 979 1353 1007 ad
1368 979 1507 1017 predicta
1521 980 1659 1009 facienda
1676 981 1771 1010 dedit.

1355 1026 1447 1057 Facta
1477 1028 1533 1058 fuit
1560 1029 1766 1069 congregacio
1796 1029 1935 1059 nacionis
1964 1030 1996 1059 2·
2022 1030 2072 1060 die
2102 1032 2218 1061 mensis

1315 1075 1461 1106 Octobris
1477 1077 1553 1106 hora
1563 1078 1596 1107 8²
1607 1084 1677 1108 ante
1690 1078 1852 1118 prandium
1864 1079 1946 1118 apud
1962 1079 2106 1109 Sanctum
2122 1080 2218 1110 Matu-

1314 1125 1426 1160 rinum,
1442 1136 1522 1155 anno
1537 1137 1597 1166 quo
1611 1137 1717 1167 supra,
1730 1137 1824 1167 super
1839 1127 1902 1157 2⁵¹¹·
1917 1128 2064 1158 articulis.
2081 1129 2217 1166 Quorum

1318 1174 1437 1213 primus
1455 1175 1516 1204 duo
1537 1176 1689 1205 continuit
1706 1183 1830 1216 puncta.
1849 1176 1986 1206 Primum
2007 1177 2062 1207 fuit
2080 1178 2117 1206 ad
2137 1179 2218 1207 rese-

1313 1223 1442 1253 rendum
1457 1234 1492 1253 ea
1507 1234 1567 1263 que
1581 1225 1701 1254 fuerant
1711 1225 1826 1255 avisata
1838 1236 1895 1265 per
1907 1226 2068 1265 deputatos
2079 1227 2217 1257 nacionis

1313 1282 1408 1311 super
1429 1280 1572 1313 computo
1589 1274 1690 1303 fiendo
1708 1274 1829 1304 nacioni
1849 1285 1904 1314 per
1922 1275 2101 1314 magistrum
2125 1276 2218 1306 Jaco-

1313 1321 1384 1350 bum
1408 1322 1446 1351 de
1471 1322 1595 1352 Harlem
1624 1323 1748 1352 racione
1771 1323 2010 1363 gubernacionis
2039 1325 2148 1354 domus
2174 1326 2218 1354 ad

1311 1372 1481 1410 ymaginem
1505 1379 1603 1400 nostre
1628 1374 1754 1401 Domine
1779 1372 1889 1402 situate
1911 1372 1943 1401 in
1970 1373 2040 1402 vico
2065 1373 2214 1404 Prunelli.

1313 1419 1354 1449 Et
1369 1421 1470 1459 quoad
1487 1419 1563 1450 illud
1579 1427 1726 1460 punctum
1741 1421 1836 1450 eciam
1853 1421 2040 1461 supplicavit
2058 1422 2215 1461 predictus

1313 1469 1460 1508 magister
1473 1469 1607 1499 Jacobus
1623 1480 1680 1509 pro
1697 1470 1848 1499 dilacione
1862 1470 2000 1500 habenda
2014 1471 2115 1510 quoad
2131 1481 2216 1501 com-

1310 1523 1428 1556 putum.
1462 1518 1501 1547 Et
1531 1528 1615 1548 suam
1642 1518 1903 1558 supplicacionem
1931 1519 2018 1548 nacio
2047 1521 2213 1550 concessit.

1311 1566 1368 1595 2⁰¹²·
1400 1573 1546 1606 punctum
1577 1567 1633 1597 suit
1662 1577 1758 1607 super
1784 1568 2036 1607 reparacionibus
2057 1567 2214 1608 cujusdam

1311 1616 1439 1655 parietis
1454 1615 1486 1645 in
1500 1617 1591 1646 domo
1606 1617 1649 1645 ad
1660 1627 1751 1646 cornu
1763 1618 1852 1646 cervi.
1866 1617 1905 1647 Et
1919 1618 2020 1657 quoad
2034 1617 2110 1647 illud
2126 1618 2215 1647 nacio

1311 1665 1396 1694 dedit
1409 1666 1584 1705 deputatos,
1597 1665 1650 1705 qui
1663 1665 1811 1695 haberent
1819 1666 1925 1695 videre
1937 1667 2091 1706 quomodo
2102 1673 2132 1696 et
2142 1677 2214 1707 qua—

1311 1713 1381 1743 liter
1390 1720 1520 1753 possent
1533 1714 1600 1743 fieri
1615 1713 1790 1754 hujusmodi
1805 1715 2032 1754 reparaciones.
2048 1715 2088 1745 Et
2101 1715 2215 1755 placuit

1311 1763 1432 1792 nacioni
1447 1764 1531 1803 quod
1550 1764 1587 1793 de
1610 1763 1730 1803 locagio
1745 1764 1854 1793 domus
1870 1764 1979 1793 fierent
1996 1765 2213 1803 reparaciones

1311 1811 1337 1840 si
1349 1822 1426 1851 quas
1438 1818 1610 1851 oporteret;
1625 1812 1695 1841 item
1706 1813 1788 1852 quod
1803 1811 1977 1852 hujusmodi
1991 1813 2208 1852 reparacioues

1310 1871 1372 1890 non
1396 1862 1581 1891 excederent
1611 1871 1756 1891 summam
1789 1860 1900 1901 locagii
1926 1862 2036 1891 domus
2069 1872 2127 1901 pro
2153 1862 2214 1892 isto

1310 1920 1401 1940 auno.

1350 1960 1396 1989 2¹·-
1407 1959 1554 1989 articulus
1566 1959 1621 1989 fuit
1635 1969 1730 1999 super
1744 1958 2026 1998 supplicacionibus
2038 1965 2067 1988 et
2077 1958 2211 1998 injuriis.

1310 2008 1382 2047 (Fol-
1414 2009 1460 2048 77)
1496 2008 1534 2038 Et
1572 2008 1674 2048 quoad
1705 2008 1796 2037 istum
1828 2007 1989 2037 articulum
2026 2007 2214 2047 supplicavit

1310 2057 1410 2097 primo
1422 2058 1569 2097 magister
1582 2057 1738 2086 lohannes
1756 2057 1794 2086 de
1810 2056 1946 2091 Ausci-ia,
1965 2057 2108 2095 quatinus
2125 2057 2212 2086 nacio

1308 2106 1400 2135 vellet
1417 2106 1476 2135 sibi
1492 2106 1638 2135 assistere
1657 2111 1687 2135 et
1703 2115 1772 2135 eum
1784 2104 1892 2145 juvare
1908 2104 2051 2134 omnibus
2067 2105 2167 2134 modis
2182 2111 2213 2135 et

1308 2154 1368 2184 viis
1390 2155 1604 2194 possibilibus,
1624 2161 1656 2184 ut
1673 2154 1802 2194 quedam
1821 2153 2013 2193 cappellania
2027 2153 2065 2182 de
2086 2153 2212 2193 cappel-

1310 2203 1399 2233 laniis
1414 2204 1563 2233 ordinatis
1579 2203 1700 2232 racione
1716 2202 1826 2243 injurie
1844 2202 1925 2232 illate
1939 2201 2140 2231 Universitati
2157 2211 2213 2241 per

1310 2252 1454 2282 Karolum
1479 2253 1517 2281 de
1540 2250 1711 2291 Schasasy²
1732 2258 1763 2281 et
1784 2250 1862 2280 alios
1888 2250 1948 2280 sibi
1969 2250 2155 2281 conseratur.
2173 2250 2212 2280 Et

1309 2300 1570 2341 supplicacionem
1588 2300 1668 2329 illam
1691 2300 1778 2329 nacio
1795 2299 1960 2329 concessit.
1980 2299 2011 2327 2⁰
2026 2299 2212 2338 supplicavit

1309 2350 1456 2390 magister
1469 2349 1626 2379 lohannes
1640 2349 1726 2388 Dorp
1744 2348 1887 2388 quatinus
1904 2348 1992 2377 nscio
2010 2347 2102 2377 vellet
2119 2347 2211 2377 inter-

1308 2399 1417 2428 cedere
1439 2408 1513 2438 erga
1530 2398 1622 2433 istos,
1643 2407 1746 2427 coram
1771 2397 1884 2437 quibus
1907 2396 2031 2426 materia
2055 2396 2210 2435 exigeret,

1307 2457 1365 2487 pro
1382 2447 1514 2486 quodam
1532 2446 1644 2476 scolari
1666 2445 1805 2475 nacionis
1829 2445 2016 2474 incarcerato
2036 2454 2093 2483 pro
2116 2444 2211 2474 certis

1308 2496 1395 2525 iactis
1417 2505 1476 2535 que
1501 2495 1561 2524 sibi
1587 2495 1796 2534 imponuntur.
1825 2492 1920 2534 Cujus
1948 2492 2209 2533 supplicacionem

1307 2544 1394 2574 nacio
1418 2544 1584 2574 concessit.
1618 2545 1650 2574 3⁰
1671 2542 1856 2583 supplicavit
1877 2542 2024 2581 magister
2052 2540 2210 2571 Arnoldus

1308 2593 1432 2628 Utwiic,
1459 2593 1542 2633 quod
1568 2592 1600 2622 in
1626 2602 1699 2622 casu
1724 2602 1785 2631 quo
1817 2591 1964 2630 magister
1992 2589 2147 2619 Johannes
2172 2590 2209 2620 de

1307 2642 1432 2672 Austria
1449 2653 1465 2671 a
1483 2651 1538 2671 sua
1551 2641 1780 2681 supplicacione
1795 2640 1969 2674 desisteret,
1986 2639 2024 2667 de
2039 2648 2099 2678 qua
2115 2648 2210 2678 supra

1307 2697 1355 2721 est
1375 2690 1494 2720 mencio
1512 2691 1599 2725 sacta,
1625 2689 1673 2720 vel
1697 2689 1819 2718 aliunde
1839 2694 1921 2718 esset
1945 2687 2127 2727 apparencia
2150 2697 2209 2727 pro

1306 2740 1455 2780 magistro
1468 2739 1606 2769 Arnoldo
1619 2745 1690 2774 etc.,
1707 2738 1779 2767 dum
1797 2744 1895 2767 tamen
1912 2736 1995 2765 nullo
2013 2736 2103 2765 modo
2121 2736 2208 2766 cede-

1307 2795 1354 2819 ret
1373 2789 1403 2818 in
1422 2787 1624 2828 prejudicium
1644 2786 1783 2827 magistri
1807 2785 1955 2815 lobannis
1977 2785 2014 2814 de
2038 2784 2164 2814 Austria
2178 2790 2209 2814 et

1306 2847 1361 2867 sue
1382 2836 1634 2877 supplicacionis,
1653 2835 1796 2875 quatinus
1819 2841 1890 2864 tunc
1916 2834 2003 2863 nacio
2030 2833 2120 2863 vellet
2147 2833 2207 2863 sibi

1306 2886 1453 2916 assistere
1467 2886 1567 2925 quoad
1578 2884 1775 2914 collacionem
1791 2883 1882 2912 unius
1895 2882 2097 2922 cappellanie.
2110 2881 2207 2921 Cujus

1336 2983 1360 3007 2.
1394 2983 1412 3007 1,
1426 2991 1447 3006 e.
1462 2981 1579 3013 Savoisy.
1594 2980 1637 3004 Ad
1649 2980 1711 3004 haec
1724 2980 1772 3003 vid.
1788 2987 1814 3011 p.
1829 2980 1882 3006 882.
1896 2981 1947 3003 nol.
1962 2979 1976 3002 3
1988 2979 2044 3002 «1¹1.
