2632 3464
445 427 476 452 51
990 423 1214 450 AUCTARIUM
1235 422 1495 450 CHARTULARII
1514 423 1687 450 UNIVERS.
1710 423 1828 450 PARIS.
2337 425 2371 451 52

485 503 608 532 Summa
625 511 829 541 expensarum
844 500 884 529 IX
898 500 976 529 libre
994 510 1062 529 eum
1075 499 1144 529 XVI
1159 499 1268 529 solidis
1282 510 1350 529 cum

446 552 487 582 VI
504 551 651 586 denariis,
667 557 697 580 et
711 550 756 579 sic
772 550 870 579 debeo
883 549 1006 578 nacioni
1021 549 1064 578 111
1078 549 1185 584 libras,
1200 559 1276 588 quas
1290 549 1350 578 sol-

442 612 510 631 vam
526 601 656 630 bedellis
670 600 838 629 secundum
851 598 1108 628 deliberacionem
1122 597 1271 626 nacionis.

483 651 606 680 Summa
623 649 801 678 defalcanda
818 649 855 677 de
873 658 991 677 summa
1005 647 1090 677 totali
1105 657 1160 686 pro
1174 646 1305 675 bedellis
1321 653 1351 675 et

441 699 584 729 luminari
598 699 624 727 V
637 699 715 727 libre
730 708 798 727 cum
810 697 851 726 Vl
866 697 986 726 solidis.

482 750 556 778 Item
573 749 769 782 monendum,
787 747 870 786 quod
886 746 974 774 nacio
992 746 1083 774 debet
1098 744 1219 773 bedello
1236 744 1349 783 princi-

442 799 505 839 pali
518 800 555 828 de
570 804 712 837 compoto
726 796 865 836 magistri
879 795 977 824 Ulrici
990 795 1017 823 X
1032 794 1161 823 solidos.

484 848 558 877 Item
575 847 719 886 Gylkyno
732 845 853 874 bedello
866 844 921 873 XV
934 844 1062 873 solidos.

481 898 555 927 Item
569 898 605 926 de
628 902 770 934 compoto
793 893 932 933 magistri
948 892 1122 931 J[ohannis]
1143 892 1214 921 Llll
1231 892 1349 921 solidos

440 947 585 977 Cunrado
603 945 735 974 bedello.

484 996 557 1025 Item
577 995 711 1034 Gylkino
730 992 826 1022 XXVI
843 992 961 1021 solidos
978 997 1007 1020 et
1021 991 1061 1020 Vl
1080 990 1236 1020 denarios.

479 1046 603 1075 Summa
615 1043 717 1073 totalis
731 1052 787 1081 pro
803 1042 949 1071 Cum-ado
963 1040 1062 1069 LXIII
1082 1040 1215 1075 solid0s;
1232 1049 1349 1068 summa

441 1095 543 1125 totalis
561 1104 619 1133 pro
638 1092 772 1131 Gilkyno
790 1091 858 1120 XLI
875 1090 993 1119 solidos
1009 1096 1038 1118 et
1053 1089 1093 1118 V1
1109 1089 1266 1118 denarios.

481 1144 668 1173 Monendum
687 1141 770 1180 quod
788 1141 865 1169 facto
884 1145 1027 1179 compoto
1048 1138 1131 1168 finali
1149 1140 1186 1167 de
1204 1139 1348 1167 omnibus

442 1193 575 1232 receptis
595 1198 624 1220 et
644 1190 790 1230 expensis
814 1188 954 1228 magistri
971 1188 1121 1217 Johannis
1142 1189 1179 1216 de
1199 1188 1348 1226 Kynnard

440 1242 523 1272 Scoti
538 1249 676 1280 tempore
692 1238 880 1277 receptionis
897 1247 951 1266 sue
967 1237 1016 1266 die
1027 1236 1129 1275 jovis⁴
1147 1243 1215 1265 ante
1238 1237 1348 1265 festum

441 1293 528 1321 beate
549 1289 730 1329 Magdalene
749 1294 779 1317 et
796 1287 879 1326 quod
897 1286 1040 1315 omnibus
1059 1285 1243 1325 computatis
1263 1295 1348 1314 com-

439 1340 584 1380 putandis
609 1345 638 1367 et
665 1338 754 1367 etiam
780 1336 937 1365 defalcatis
962 1335 1162 1369 defalcandis‚
1187 1335 1347 1373 predictus

440 1390 586 1429 magister
600 1389 627 1417 J.
645 1393 767 1417 tenetur
779 1386 942 1414 refundere
958 1384 1080 1413 nacioni
1098 1384 1141 1413 111
1158 1384 1253 1412 libras
1266 1384 1347 1423 pari-

439 1439 548 1473 siens.,
568 1448 645 1477 quas
665 1436 805 1475 magistri
827 1434 966 1463 nacionis
986 1440 1056 1462 tunc
1078 1433 1247 1462 existentes
1266 1433 1347 1462 assi-

439 1494 612 1528 gnaverunt
639 1485 770 1515 bedellis
802 1484 832 1512 in
866 1490 983 1523 partem
1018 1482 1188 1511 solucionis
1218 1482 1346 1521 pecunie

437 1538 539 1566 debite
565 1535 705 1569 bedellis,
731 1541 764 1563 ut
786 1533 930 1573 superius
953 1538 1091 1572 apparet.
1116 1532 1155 1560 Et
1179 1532 1237 1560 iste
1261 1542 1346 1560 com-

441 1593 533 1626 potus
551 1586 605 1614 suit
623 1585 789 1614 ratificatus
806 1593 861 1622 per
877 1582 1042 1621 magistros
1057 1587 1253 1610 memoratos.

843 1674 937 1703 1341

436 1752 512 1791 (Fol.
551 1752 586 1779 '12
602 1749 625 1788 b)
662 1748 818 1787 Tempus
853 1746 1137 1786 procuracionis
1174 1745 1345 1785 magistri

638 1797 793 1827 Henrici
825 1797 866 1824 de
899 1795 1003 1825 Unna
1035 1795 1142 1824 Daci.

476 1880 566 1909 Anno
589 1878 713 1908 Domini
736 1864 966 1910 accam,
992 1875 1021 1904 in
1040 1874 1167 1914 vigilia2
1186 1874 1346 1913 apost010-

434 1941 501 1959 rum
529 1928 613 1958 Petri
642 1934 670 1956 et
693 1927 791 1960 Pauli,
816 1925 995 1954 convocatis
1020 1925 1178 1963 magIStris
1206 1923 1345 1953 nacionis

436 1979 606 2018 Anglicane
623 1977 702 2016 apud
723 1976 867 2004 Sanctum
885 1975 1037 2003 Julianum
1056 1984 1221 2013 pauperem
1237 1975 1275 2002 ad
1292 1973 1344 2002 eli-

437 2029 569 2068 gendum
586 2024 953 2066 procuratorem,electus
969 2024 1022 2052 fuit
1032 2023 1228 2052 concorditer
1248 2023 1344 2062 magi-

433 2084 497 2107 ster
512 2077 549 2105 H.
567 2078 604 2105 de
620 2076 709 2104 Unna
722 2075 753 2103 in
767 2080 998 2113 procuratorem
1015 2073 1096 2101 dicte
1111 2072 1262 2101 nacionis.

475 2125 572 2165 Cujus
592 2132 730 2164 tempore
746 2130 810 2152 acta
829 2129 900 2151 sunt
917 2133 975 2161 que
992 2127 1147 2151 secuntur.

474 2176 580 2204 Primo
604 2173 721 2203 vocatis
746 2172 904 2211 magistris
931 2171 1111 2211 regentibus
1136 2171 1172 2199 ad
1199 2171 1343 2199 Sanctum

435 2225 621 2254 Maturinum
647 2224 684 2251 ad
708 2222 883 2261 eligendum
920 2227 1110 2259 receptores,
1143 2220 1259 2249 electus
1289 2221 1345 2249 suit

437 2274 585 2313 magister
615 2273 699 2301 Suno
729 2272 766 2300 de
796 2271 904 2299 Suecia
933 2270 963 2298 in
993 2276 1183 2308 receptorem
1212 2269 1343 2308 pecunie

433 2323 514 2352 dicte
537 2322 687 2355 nacionis,
713 2327 742 2349 et
765 2320 913 2359 magister
939 2319 1075 2348 Kinhard
1099 2318 1130 2347 in
1151 2325 1342 2357 receptorem

434 2372 605 2401 luminaris.

474 2422 548 2450 Item
580 2421 609 2449 in
639 2420 743 2448 eadem
773 2418 1014 2457 congregatione
1040 2416 1241 2445 deliberatum
1271 2417 1340 2451 fuit,

433 2471 515 2510 quod
531 2470 706 2509 quicunque
722 2469 808 2496 fieret
822 2473 974 2505 receptor,
984 2466 1102 2505 juraret
1115 2466 1246 2494 fideliter
1259 2467 1341 2505 quod

436 2521 472 2548 de
490 2519 588 2559 prima
605 2518 735 2557 pecunia
749 2527 839 2556 quam
856 2516 1009 2555 reciperet
1024 2516 1137 2544 faceret
1152 2515 1216 2544 lieri
1235 2515 1341 2543 cistam

434 2580 490 2608 pro
509 2568 638 2597 nacione
657 2578 724 2596 cum
742 2566 842 2595 tribus
866 2565 1018 2599 clavibus,
1042 2565 1071 2592 in
1095 2574 1154 2603 qua
1172 2574 1342 2603 reponere-

434 2625 483 2647 tur
506 2617 641 2656 sigillum
666 2615 805 2645 nacionis
827 2621 856 2644 et
875 2614 1005 2653 pecunia
1026 2613 1161 2653 ejusdem
1182 2623 1249 2642 cum
1273 2613 1342 2642 aliis

435 2668 543 2701 rebus,
560 2676 619 2705 que
638 2666 739 2695 omnia
757 2665 857 2693 dictus
874 2663 1020 2703 magister
1037 2664 1121 2691 Suno
1134 2662 1250 2701 juravit
1265 2663 1342 2691 fide-

432 2717 501 2745 liter
518 2716 697 2754 adimplere.

475 2766 547 2794 Item
573 2764 725 2793 licenciati
749 2764 871 2792 fuerunt
894 2762 974 2801 apud
1006 2761 1165 2790 Dominam
1196 2761 1340 2790 Nostram

433 2815 575 2843 dominus
594 2813 793 2842 Burchardus
818 2813 855 2840 de
881 2811 1079 2845 Constancia,
1097 2810 1226 2839 scolaris
1243 2809 1340 2848 magi-

463 2895 484 2919 1.
519 2895 549 2918 19
561 2893 631 2917 Iulii.

462 2931 485 2954 2.
520 2931 548 2953 28
563 2929 642 2952 lunii.

463 2967 485 2990 3.
521 2968 589 2989 Inter
602 2967 630 2988 28
641 2964 704 2988 Iulii
715 2967 739 2987 et
751 2965 780 2987 22
791 2963 916 2995 Septemb.

1387 945 1420 971 10

1387 1191 1420 1217 15

1385 1436 1418 1462 20

1384 1681 1417 1707 25

1383 1927 1416 1953 30

1382 2173 1415 2198 35

1381 2419 1414 2444 40

1380 2664 1413 2690 45

1460 499 1516 529 stri
1546 500 1681 529 Conradi
1713 501 1751 529 de
1782 500 1889 529 Monte
1927 499 2118 535 Puellarum,
2156 499 2243 539 cujus
2275 501 2370 530 bursa

1461 548 1504 578 Ill
1524 548 1628 578 solidi.

1500 597 1575 627 Item
1593 597 1749 627 Johannes
1765 599 1802 627 de
1818 598 1953 633 Missua,
1971 597 2058 637 cujus
2074 599 2169 627 bursa
2187 598 2292 627 nichil.

1865 691 1959 720 1341

1460 761 1634 792 Galterus
1659 763 1701 792 de
1724 762 1924 792 Wardlave
1947 763 2075 792 Scotus
2098 769 2322 802 procurator
2342 762 2368 794 ³.

1500 843 1535 872 In
1554 841 1640 882 cujus
1656 843 1880 882 procuracione
1897 849 1996 872 actum
2015 849 2081 872 erat
2095 842 2201 872 nichil.

1867 936 1961 964 1341

1483 1008 1642 1048 Tempus
1670 1007 1958 1047 procuracionis
1986 1007 2159 1048 magistri
2189 1006 2340 1036 Henrici

1819 1057 1862 1085 de
1886 1056 2005 1086 Unna.

1497 1138 1588 1167 Anno
1610 1137 1734 1166 Domini
1749 1124 1975 1172 neceam,
1993 1136 2024 1165 in
2039 1137 2089 1166 aie
2110 1137 2207 1166 sancti
2226 1136 2368 1165 Mauricii

1459 1187 1676 1225 sociorumque
1703 1185 1768 1226 ejus
1779 1185 1802 1221 ⁴,
1836 1186 2013 1215 convocatis
2041 1185 2200 1225 magistris
2228 1185 2368 1214 nacionis

1459 1236 1629 1276 Anglicane
1646 1237 1726 1275 apud
1744 1235 1888 1264 Sanctum
1903 1235 2056 1264 Julianum
2075 1244 2242 1274 pauperem
2258 1235 2295 1263 ad
2311 1234 2369 1263 eli-

1456 1286 1590 1325 gendum
1606 1291 1850 1324 procuratorem,
1868 1284 1983 1313 electus
1993 1283 2048 1313 suit
2062 1284 2258 1313 concorditer
2273 1283 2367 1323 magi-

1457 1341 1521 1364 ster
1536 1334 1690 1363 Henricus
1708 1335 1746 1362 de
1762 1333 1853 1363 Unna
1869 1333 1971 1362 Dacus
1989 1333 2021 1362 in
2035 1338 2269 1372 procuratorem
2286 1332 2367 1361 dicte

1456 1383 1606 1419 nacionis,
1625 1382 1711 1422 cujus
1729 1389 1867 1422 tempore
1883 1388 1950 1411 acta
1967 1388 2039 1411 sunt
2056 1391 2116 1421 que
2134 1387 2291 1411 secuntur.

1500 1433 1606 1462 Primo
1621 1432 1739 1462 vocatis
1754 1431 1912 1471 magistris
1930 1431 1968 1460 ad
1984 1430 2189 1463 ordinandum
2205 1437 2277 1465 etc.,
2296 1429 2369 1469 quia

1457 1481 1593 1521 sigillum
1609 1481 1821 1521 procuratoris
1837 1481 1917 1509 dicte
1937 1479 2077 1509 nacionis
2098 1480 2195 1509 fuerat
2213 1479 2368 1518 perditum

1455 1537 1484 1560 et
1503 1541 1560 1570 per
1577 1531 1691 1560 dictum
1712 1536 1945 1569 procuratorem
1961 1539 2054 1558 unum
2073 1539 2185 1558 novum
2207 1529 2318 1557 factum
2334 1527 2366 1556 in

1456 1581 1551 1609 forma
1569 1580 1722 1609 consimili
1743 1579 1823 1608 sicut
1845 1578 1933 1618 prius
1955 1579 2027 1613 fuit,
2047 1584 2194 1607 mutatum
2215 1584 2315 1606 tamen
2335 1577 2367 1605 in

1454 1629 1570 1668 aliquo,
1586 1629 1657 1668 quia
1671 1628 1814 1668 apposita
1830 1634 1894 1656 erat
1908 1637 1969 1656 una
1984 1626 2083 1662 stella,
2101 1626 2202 1656 dictus
2219 1635 2366 1665 procura-

1456 1685 1505 1707 tor
1523 1678 1627 1717 posuit
1646 1678 1676 1706 in
1694 1676 1922 1706 deliberacione
1938 1682 2039 1705 utrum
2055 1675 2191 1715 placeret
2207 1674 2366 1714 magistris

1457 1727 1537 1756 dicta
1551 1727 1692 1756 mutacio.
1710 1726 1769 1763 Qui
1783 1735 1890 1755 omnes
1904 1725 2101 1754 concorditer
2116 1724 2368 1754 deliberaverunt

1457 1777 1540 1816 quod
1558 1776 1695 1816 placeret
1712 1776 1773 1810 eis,
1793 1775 1876 1814 quod
1899 1774 1942 1803 ibi
1961 1780 2044 1803 esset
2063 1774 2095 1802 in
2111 1773 2260 1802 honorem
2277 1773 2365 1802 beate

1456 1826 1596 1865 Virginis
1615 1825 1708 1854 maris
1728 1824 1826 1854 stelle.

1496 1875 1570 1904 Item
1589 1874 1708 1904 vocatis
1727 1873 1885 1913 magistris
1900 1872 2081 1912 regentibus
2101 1878 2131 1901 et
2146 1882 2207 1900 non
2226 1871 2365 1910 regenti-

1454 1925 1512 1953 bus
1534 1925 1614 1953 dicte
1632 1923 1771 1952 nacionis
1792 1923 1829 1951 ad
1852 1922 2056 1951 ordinandum
2075 1927 2133 1950 etc.
2155 1927 2249 1960 prout
2268 1919 2364 1950 moris

1454 1980 1512 2008 est,
1537 1973 1609 2012 quia
1629 1973 1730 2001 littera
1755 1972 1885 2011 quedam
1908 1971 2078 1999 habebatur
2100 1969 2235 2009 sigillata
2260 1969 2368 2009 sigillo

1454 2022 1592 2051 nacionis
1615 2022 1767 2061 predicte,
1792 2021 1823 2049 in
1848 2030 1908 2060 qua
1935 2020 2161 2054 continebatur,
2183 2019 2364 2058 magistrum

1455 2072 1631 2101 Conradum
1652 2070 1749 2100 teneri
1768 2070 1890 2099 nacioni
1911 2069 1941 2098 in
1960 2069 2063 2108 aliqua
2082 2077 2199 2097 summa
2216 2067 2363 2107 pecunie,

1454 2120 1541 2160 cujus
1558 2120 1745 2149 contrarium
1765 2119 1935 2148 habebatur
1951 2119 1982 2146 in
2000 2117 2136 2157 registro
2156 2117 2238 2146 dicte
2257 2116 2364 2145 nacio-

1454 2170 1514 2204 nis,
1525 2176 1554 2199 et
1567 2170 1656 2198 etiam
1670 2169 1776 2208 plures
1788 2168 1928 2207 magistri
1944 2168 2156 2206 deposuerunt
2169 2166 2199 2194 in
2209 2165 2364 2205 juramen-

1453 2220 1493 2248 tis
1507 2219 1572 2248 suis
1581 2219 1696 2248 dictum
1708 2218 1887 2257 magistrum
1901 2217 2077 2246 Conradum
2091 2216 2122 2244 in
2141 2215 2221 2244 dicta
2232 2214 2364 2254 pecunia

1453 2279 1513 2297 non
1530 2268 1640 2302 teneri,
1656 2277 1751 2306 super
1768 2267 1825 2295 hoc
1842 2266 1945 2295 habita
1959 2265 2187 2294 deliberacione
2200 2264 2363 2303 magistro-

1452 2328 1518 2347 rum
1546 2327 1652 2346 omnes
1682 2316 1918 2345 declaraverunt
1944 2315 2046 2354 ipsum
2077 2324 2093 2342 a
2122 2314 2204 2342 dicta
2232 2312 2363 2352 pecunia

1452 2367 1597 2406 quittum,
1616 2365 1746 2395 liberum
1767 2371 1796 2394 et
1816 2365 1959 2394 solutum.
1982 2364 2021 2392 Et
2038 2363 2082 2392 sic
2102 2362 2243 2402 predicta
2261 2362 2363 2391 littera

1452 2426 1508 2455 per
1531 2421 1761 2454 procuratorem
1784 2414 1815 2442 in
1840 2413 2000 2453 presencia
2022 2412 2162 2441 nacionis
2181 2417 2273 2450 rupta
2295 2411 2360 2440 fuit.

1454 2465 1577 2494 Summa
1596 2474 1670 2494 vero
1692 2463 1820 2503 pecunie
1841 2469 1906 2491 erat
1925 2462 2010 2491 XVII
2029 2461 2178 2490 librarum
2193 2460 2359 2500 parisiens.

1493 2513 1590 2543 ltem²⁵
1618 2513 1649 2542 in
1679 2514 1784 2542 eadem
1819 2511 2061 2551 congregatione
2087 2509 2260 2539 ordinatum
2288 2508 2359 2543 suit,

1452 2564 1535 2602 quod
1553 2563 1655 2592 nullus
1676 2563 1713 2591 de
1732 2568 1836 2590 cetero
1851 2561 2064 2590 admitteretur
2081 2560 2119 2588 ad
2137 2558 2257 2597 aliquos
2276 2564 2361 2586 actus

1450 2612 1606 2651 legitimos
1630 2612 1660 2640 in
1685 2611 1767 2640 dicta
1788 2610 1928 2644 nacione,
1951 2609 2010 2638 nisi
2034 2609 2120 2647 prius
2139 2607 2258 2646 juraret
2278 2607 2361 2645 quod

1450 2662 1612 2695 revelaret,
1637 2661 1663 2689 si
1686 2660 1781 2689 sciret
1807 2659 1927 2698 aliquos
1957 2659 1994 2687 de
2025 2664 2110 2686 secta
2135 2656 2289 2686 Oceanica
2323 2656 2359 2684 ad

1451 2711 1580 2740 invicem
1598 2709 1797 2748 conspirasse
1821 2709 1857 2737 de
1879 2713 1962 2736 secta
1981 2707 2030 2736 vel
2051 2705 2252 2745 opinionibus
2271 2714 2360 2733 erro-

1450 2760 1518 2789 neis
1548 2759 1699 2793 fovendis,
1728 2758 1776 2787 vel
1801 2757 1891 2786 etiam
1916 2754 2093 2795 conjuratos
2119 2764 2188 2783 esse
2213 2753 2261 2783 vel
2284 2763 2360 2782 con-

1449 2809 1603 2838 venticula
1624 2807 1737 2836 habere
1758 2806 1891 2840 occulta,
1913 2805 2002 2833 aliter
2024 2804 2084 2833 nisi
2104 2802 2174 2843 jure
2197 2803 2315 2831 diceret
2333 2802 2359 2831 si

1480 2890 1502 2912 4.
1539 2888 1568 2911 22
1584 2886 1746 2918 Septembris.

1481 2927 1503 2948 5.
1537 2925 1565 2947 In
1580 2922 1695 2956 margine
1710 2922 1852 2945 statutum.
1871 2922 1960 2944 Totum
1969 2921 2060 2951 postea
2073 2917 2183 2942 deletum
2196 2921 2240 2941 est.
