2632 3464
434 426 485 451 111

434 502 573 541 predicte
587 500 739 529 facultatis
758 500 846 528 daret
858 498 1016 527 dimidiam
1033 499 1170 527 bursam.
1191 497 1231 526 Et
1246 498 1346 536 depu-

432 551 487 580 tati
512 551 636 579 fuerunt
657 555 790 588 quatuor
814 547 1008 582 collectores,
1035 557 1114 576 unus
1143 547 1181 576 de
1210 547 1347 586 qualibet

433 599 574 634 nacione,
595 599 632 627 ad
648 599 750 633 finem,
765 603 798 627 ut
812 598 850 626 de
867 597 948 626 dieta
961 596 1196 626 contribucione
1213 595 1294 624 irent
1308 595 1347 624 ad

433 649 550 678 curiam
566 647 673 677 nuncii
689 646 853 676 facultatis.
870 645 1014 675 Alleluia.

843 738 864 770 1
870 740 944 769 347

480 812 724 852 [procuratio
754 811 929 851 magistri
961 810 1116 839 Henrici
1145 810 1188 838 de
1216 809 1298 848 Os.]

472 893 564 923 Anno
576 892 701 922 Domini
713 890 983 926 M.CCC.XLVII,
995 890 1131 919 crastino
1142 889 1150 907 ⁴
1170 890 1250 919 beati
1262 889 1345 919 Luce

433 942 646 982 ewangeliste,
662 942 738 970 facta
754 939 1002 980 congregacione
1019 939 1159 968 nacionis
1171 938 1344 978 Anglicane

431 993 513 1031 apud
528 991 671 1020 Sanctum
685 990 851 1024 Julianum,
867 989 983 1018 electus
997 988 1053 1017 fuit
1066 988 1097 1016 in
1111 994 1344 1027 procuratorem

431 1041 569 1080 predicte
582 1039 721 1068 nacionis
738 1038 936 1068 concorditer
946 1037 1093 1076 nulloque
1110 1037 1233 1076 penitus
1248 1036 1344 1066 recla-

430 1096 530 1119 mante
554 1089 710 1118 Henricus
732 1088 771 1117 de
789 1087 845 1123 Os,
870 1086 902 1116 in
922 1086 1009 1126 cujus
1033 1086 1256 1125 procuracione
1278 1092 1344 1115 acta

431 1139 554 1168 fuerunt
570 1138 625 1167 hec
640 1147 699 1177 que
713 1142 897 1176 sequuntur.

469 1188 574 1216 Primo
595 1186 881 1216 determinaverunt
903 1184 1015 1214 solutis
1038 1184 1197 1213 solvendis
1220 1184 1342 1213 nobiles

427 1237 487 1266 viri
509 1236 625 1265 domini
644 1236 717 1264 Otto
736 1241 766 1264 et
784 1235 963 1264 Everardus
983 1234 1020 1262 de
1043 1234 1149 1262 Horne
1170 1234 1343 1263 confratres

428 1287 485 1315 sub
506 1285 648 1324 predicto
669 1289 874 1324 procuratore
898 1283 1035 1312 Henrico
1059 1283 1097 1312 de
1125 1282 1181 1318 Os,
1210 1292 1341 1322 quorum

427 1334 594 1374 cujuslibet
609 1335 704 1363 bursa
721 1333 748 1363 X
765 1333 870 1362 solidi.

838 1427 856 1455 1
861 1426 936 1456 347

428 1498 666 1537 [Procuratio
690 1499 863 1539 magistri
883 1498 1077 1528 Laurentii
1100 1498 1142 1527 de
1167 1497 1337 1536 Swecia.]

464 1579 556 1608 Anno
589 1580 714 1609 Domini
743 1579 1016 1614 M⁰CCC⁰XLVII‚
1042 1578 1117 1618 xvija
1143 1579 1193 1608 die
1222 1579 1338 1608 mensis

425 1629 622 1664 Novembris,
643 1629 720 1658 facta
740 1629 989 1668 congregacione
1006 1628 1146 1657 nacionis
1165 1628 1338 1667 Anglicane

424 1679 506 1717 apud
521 1678 665 1707 Sanctum
682 1678 870 1707 Maturinum
881 1701 888 1713 ,
906 1678 1021 1707 electus
1038 1677 1095 1706 fuit
1111 1677 1142 1706 in
1158 1683 1337 1716 procurato-

424 1737 488 1756 rem
505 1726 642 1766 ejusdem
658 1727 798 1756 nacionis
815 1726 1013 1756 concorditer
1031 1726 1180 1766 magister
1197 1726 1338 1755 Lauren-

424 1776 491 1805 cius
505 1777 542 1805 de
560 1776 680 1805 Suecia.

465 1826 499 1854 In
516 1824 602 1865 cujus
621 1825 844 1864 procuracione
858 1825 980 1854 fuerunt
993 1831 1060 1854 acta
1075 1835 1135 1864 que
1152 1831 1335 1864 sequuntur.

464 1875 586 1909 Primo,
618 1875 667 1903 die
697 1874 794 1904 sancti
827 1874 982 1903 Edmundi
994 1873 1006 1892 ²
1041 1873 1161 1903 scilicet
1199 1874 1231 1902 in
1259 1875 1337 1904 festo

422 1924 563 1953 nacionis
580 1924 764 1963 Anglicane,
785 1923 843 1952 fuit
858 1924 936 1952 facta
953 1924 1163 1963 congregacio
1177 1923 1337 1953 Universi-

423 1971 506 2006 tatis,
537 1971 656 2000 scilicet
679 1971 860 2010 regencium
888 1977 918 2000 et
946 1981 1008 1999 non
1034 1970 1226 2010 regencium,
1255 1971 1338 2010 apud

425 2020 568 2050 Sanctum
595 2020 782 2049 Maturinum
807 2020 845 2048 ad
868 2019 1053 2049 audiendum
1078 2019 1184 2048 literas
1208 2019 1337 2059 papales

423 2075 453 2098 et
468 2079 636 2108 processus
652 2079 747 2108 super
764 2069 949 2108 quibusdam
968 2069 1121 2104 articulis,
1139 2079 1218 2108 quos
1237 2069 1337 2108 magi-

424 2124 488 2147 ster
503 2118 670 2147 Nicholaus
689 2119 726 2146 de
737 2118 947 2156 U[l]tricuria,
967 2117 1162 2147 bachalarius
1178 2118 1209 2146 in
1221 2117 1337 2147 theolo-

423 2167 489 2207 gia,
507 2167 556 2196 die
575 2173 679 2196 sancte
704 2167 850 2196 Katarine
869 2167 1011 2206 proximo
1028 2166 1200 2206 sequente³
1219 2167 1250 2195 in
1269 2177 1338 2196 ser-

424 2227 513 2245 mone
533 2217 614 2255 apud
638 2216 855 2245 Predicatores
876 2216 1000 2255 publice
1020 2216 1193 2251 revocavit,
1215 2216 1337 2256 aliquos

424 2272 567 2304 tanquam
585 2265 690 2299 falsos,
712 2271 741 2294 et
758 2265 880 2304 aliquos
903 2271 1047 2304 tanquam
1063 2265 1169 2300 falsos,
1187 2275 1336 2294 erroneos

424 2321 454 2344 et
469 2314 635 2343 hereticos.
659 2314 697 2343 Et
718 2314 832 2343 ibidem
857 2314 888 2343 in
911 2324 1054 2343 sermone
1078 2314 1165 2354 ipsos
1189 2315 1337 2344 articulos

423 2374 484 2393 una
501 2373 568 2392 cum
585 2373 646 2392 uno
665 2369 794 2392 tractatu
811 2373 868 2392 suo
887 2364 1055 2392 secundum
1072 2364 1246 2392 mandatum
1260 2374 1337 2403 apo-

425 2413 565 2442 stolicum
582 2412 662 2441 idem
680 2413 830 2451 magister
846 2412 993 2441 Nicolaus
1009 2411 1242 2442 comburebaffl.

465 2462 540 2491 Item
554 2461 662 2501 vigilia
674 2461 686 2479 ⁵
712 2468 817 2490 sancte
836 2462 980 2490 Katarine
998 2462 1075 2490 facta
1088 2462 1336 2501 congregacione

423 2511 562 2540 nacionis
579 2511 659 2549 apud
677 2510 821 2539 Sanctum
840 2510 1039 2545 Maturinum,
1055 2511 1171 2540 electus
1190 2511 1246 2540 fuit
1261 2521 1336 2540 con-

423 2560 559 2589 corditer
579 2560 608 2588 in
629 2565 862 2598 procuratorem
890 2566 919 2588 et
941 2559 1086 2588 nuncium
1108 2561 1145 2588 ad
1164 2560 1278 2589 curiam
1299 2570 1336 2589 ex

422 2616 508 2647 parte
529 2615 558 2637 et
576 2609 607 2637 in
630 2608 777 2647 expensis
798 2608 929 2637 rectoris
949 2615 978 2637 et
997 2609 1148 2638 facultatis
1169 2609 1279 2638 artium
1297 2610 1336 2638 ad

422 2658 605 2697 litigandum
621 2664 731 2686 contra
746 2658 888 2686 dominos
907 2657 1071 2697 theologos
1085 2658 1233 2698 magister
1251 2658 1335 2688 Con-

423 2707 518 2735 radus
535 2707 573 2735 de
591 2706 712 2741 Suecia,
733 2706 901 2735 canonicus
915 2706 1084 2736 Aboensis.

454 2786 476 2809 1.
511 2786 541 2809 19
555 2785 678 2809 Octobris.

454 2822 476 2844 2.
512 2822 542 2844 20
554 2821 714 2844 Novembris.

454 2858 476 2879 3.
511 2858 540 2880 25
555 2857 712 2880 Novembris.

455 2893 477 2917 4.
516 2892 571 2916 Vid.
588 2892 708 2916 Churtul.
727 2892 848 2916 univers.
862 2893 956 2921 Paris„
972 2893 1005 2921 ll,
1018 2898 1046 2916 η’
1063 2893 1130 2921 1124,
1147 2896 1171 2916 et
1183 2895 1235 2916 not.
1249 2901 1275 2924 p.
1289 2894 1335 2917 526

422 2935 461 2958 sq.
477 2928 516 2958 Cf.
531 2928 608 2950 etiam
622 2928 749 2951 num1125.

455 2964 478 2986 5.
513 2963 542 2986 2!st
556 2963 712 2987 Novembris.

976 421 1200 448 AUCTARIUM
1222 420 1482 447 CHARTULARII
1502 421 1676 448 UNIVERS.
1699 421 1818 447 Palus.

1401 705 1417 731 5

1382 942 1416 968 10

1380 1189 1414 1214 15

1378 1435 1412 1462 20

1375 1686 1409 1712 25

1374 1931 1408 1957 30

1374 2177 1408 2204 35

1374 2423 1407 2451 40

1373 2674 1406 2700 45

2310 423 2364 449 112

1495 497 1567 537 (Fol.
1592 497 1646 538 4¹³)
1666 497 1741 527 Item
1762 497 1793 526 in
1811 496 1970 527 crastino⁶
1991 504 2096 527 sancte
2114 498 2261 528 Katerine
2287 500 2364 528 facta

1455 547 1701 587 congregacione
1723 547 1875 576 facultatis
1897 548 1935 576 ad
1954 547 2099 576 Sanctum
2119 547 2307 577 Maturinum
2325 548 2364 577 ad

1454 596 1587 625 dandum
1606 597 1768 636 deputatos
1785 607 1843 636 pro
1856 596 2099 626 determinandis
2116 596 2266 632 articulis,
2284 607 2363 636 quos

1449 643 1556 684 jurare
1577 646 1727 675 deberent
1743 645 1848 675 nuncii
1866 646 1904 674 ad
1922 645 2037 674 curiam
2048 644 2073 680 ⁷,
2097 651 2127 675 et
2152 646 2190 674 ad
2215 646 2364 675 ordinan-

1455 694 1538 729 dum,
1554 695 1709 733 quomodo
1725 695 1830 734 puniri
1848 701 1878 724 et
1896 694 1964 734 cogi
1981 695 2113 724 debeant
2128 705 2190 724 non
2206 695 2363 724 solventes

1453 743 1719 773 contribucionem
1737 744 1924 783 impositam,
1941 743 2046 773 nuncii
2060 743 2194 783 predicti
2209 743 2364 784 supplica-

1453 799 1565 822 verunt
1581 793 1727 828 facultati,
1749 794 1832 832 quod
1850 793 1981 833 quilibet
2000 803 2106 822 eorum
2127 793 2230 832 possit
2249 793 2364 822 habere

1453 851 1547 870 unum
1558 841 1766 871 bachalarium
1782 842 1814 871 in
1826 842 1928 882 primo
1938 842 2077 871 examine
2091 842 2129 871 ad
2139 843 2269 882 primam
2278 842 2362 871 audi-

1453 890 1574 919 cionem
1594 891 1632 919 ad
1657 890 1799 920 Sanctam
1820 891 2010 927 Genofefam,
2037 901 2096 931 que
2113 891 2364 931 supplicaciones

1454 939 1499 968 eis
1517 949 1665 969 concesse
1681 941 1805 969 fuerunt
1821 941 1859 969 ab
1875 940 2018 969 omnibus
2035 940 2121 970 nullo
2140 940 2335 970 reclamante.

1494 989 1529 1018 In
1552 989 1601 1018 die
1629 988 1700 1018 lune
1723 989 1886 1028 proximo⁸
1911 995 1982 1028 post
2004 989 2253 1029 Concepcionem
2274 990 2364 1019 beate

1452 1037 1592 1078 Virginis
1609 1038 1803 1078 supplicabat
1818 1038 1966 1078 magister
1982 1038 2139 1068 Johannes
2155 1039 2192 1067 de
2209 1038 2362 1074 Wesalia,

1453 1093 1619 1116 convocata
1650 1087 1780 1116 nacione
1809 1088 1891 1127 apud
1925 1087 2071 1117 Sanctum
2102 1087 2290 1117 Maturinum
2323 1088 2363 1117 ad

1452 1136 1658 1165 ordinandum
1686 1142 1716 1165 et
1742 1136 1991 1176 supplicandum,
2027 1137 2111 1176 quod
2134 1137 2166 1165 in
2189 1147 2273 1172 casu,
2300 1146 2364 1176 quo

1452 1185 1536 1214 bulla
1550 1195 1603 1214 seu
1617 1185 1717 1225 gratia
1728 1185 1789 1225 ipsi
1802 1185 1952 1225 magistro
1963 1185 2097 1214 Johanni
2109 1186 2186 1215 facta
2199 1186 2363 1215 occasione

1452 1234 1614 1263 electionis
1627 1234 1732 1264 nuncii
1751 1235 1789 1263 ad
1805 1235 1920 1264 curiam
1938 1244 1997 1274 per
2008 1235 2179 1270 nacionem‚
2192 1241 2225 1264 ut
2237 1235 2362 1274 premit-

1451 1284 1583 1319 tebatur,
1601 1284 1678 1312 facte
1695 1283 1725 1312 in
1741 1283 1826 1312 curia
1841 1283 1986 1323 impediri
2000 1293 2055 1313 seu
2069 1284 2220 1313 retardari
2239 1284 2363 1313 contin-

1450 1339 1539 1372 geret
1561 1332 1659 1372 (quod
1677 1333 1801 1373 absin),
1823 1343 1878 1362 seu
1900 1332 1995 1362 eciam
2017 1332 2044 1362 si
2061 1333 2162 1372 ipsum
2180 1333 2361 1373 magistrum

1450 1382 1465 1411 J
1470 1381 1621 1411 ohannem
1643 1382 1776 1421 dampna
1791 1388 1821 1411 et
1834 1392 1988 1421 expensas
2006 1381 2222 1411 occasionibus
2235 1382 2363 1421 predic-

1450 1431 1490 1460 tis
1509 1431 1669 1460 incurrere
1687 1431 1883 1471 contingeret
1896 1430 1990 1470 (quod
2003 1430 2124 1471 absitl),
2144 1432 2227 1470 quod
2245 1431 2361 1461 dictum

1449 1480 1631 1519 magistrum
1646 1480 1817 1509 Johannem
1833 1481 1871 1509 ab
1887 1479 2063 1520 hujusmodi
2076 1480 2230 1520 dampnis,
2248 1490 2360 1520 expen-

1449 1529 1493 1558 sis
1506 1535 1535 1559 et
1553 1529 1706 1558 interesse
1717 1529 1806 1558 nacio
1816 1529 1919 1565 vellet,
1937 1535 2083 1569 quantum
2097 1529 2129 1558 in
2141 1539 2175 1558 ea
2190 1535 2274 1558 esset
2286 1535 2316 1558 et
2328 1529 2361 1559 in

1448 1585 1595 1618 quantum
1620 1578 1783 1614 sufficeret,
1809 1579 1941 1608 reddere
1966 1578 2162 1618 indempnem
2187 1585 2218 1607 et
2239 1588 2298 1618 pro
2323 1588 2362 1608 eo

1447 1628 1638 1667 respondere
1649 1634 1793 1667 tanquam
1802 1633 1885 1657 tutor
1896 1633 1927 1657 et
1937 1637 2030 1657 verus
2041 1627 2279 1667 responsabilis.
2293 1627 2362 1665 Que

1447 1677 1639 1716 supplicacio
1661 1683 1805 1716 tanquam
1828 1677 1984 1716 rigorosa,
2008 1687 2076 1706 cum
2098 1683 2228 1716 propter
2248 1678 2360 1706 factum

1446 1726 1586 1755 nacionis
1604 1736 1666 1755 non
1684 1726 1783 1765 magis
1798 1736 1891 1755 unum
1910 1726 2107 1766 suppositum
2125 1726 2358 1766 quamvalterum

1446 1775 1659 1815 dampnificari
1673 1775 1794 1810 debeat,
1812 1775 1867 1804 fuit
1879 1785 1936 1814 per
1954 1775 2113 1804 nacionem
2130 1775 2190 1804 sihi
2209 1785 2358 1804 concessa

1446 1830 1476 1853 et
1492 1824 1637 1853 admissa.

1487 1873 1562 1902 Item
1587 1873 1637 1902 die
1655 1873 1802 1902 mercurii
1817 1873 1960 1913 proximo
1978 1872 2155 1912 sequenti⁹‚
2175 1883 2237 1912 quo
2253 1873 2358 1903 nuncii

1446 1922 1600 1952 facultatis
1619 1928 1817 1952 recesserunt
1832 1923 1869 1951 de
1882 1922 2022 1951 Parisius
2040 1923 2078 1951 ad
2094 1922 2209 1952 curiam
2222 1922 2261 1958 ⁴⁰,
2281 1923 2361 1952 facta

1446 1971 1695 2011 congregacione
1720 1971 1860 2001 nacionis
1885 1972 1923 2000 ad
1945 1971 2090 2001 Sanctum
2111 1971 2299 2000 Maturinum
2319 1972 2358 2001 ad

1446 2021 1653 2063 ordinandum
1682 2026 1712 2050 et
1741 2020 1979 2060 supplicandum
1990 2043 1996 2055 ,
2028 2020 2184 2050 concessit
2209 2020 2360 2060 magister

1447 2069 1611 2099 Conradus
1634 2070 1671 2099 de
1693 2069 1814 2105 Suecia,
1843 2069 2011 2099 canonicus
2033 2068 2200 2105 Aboensis‚
2232 2070 2359 2099 domino

1447 2118 1584 2148 Roberto
1609 2120 1647 2148 de
1668 2118 1866 2148 Extravillam
1888 2119 2030 2158 gratiam,
2052 2129 2142 2158 quam
2162 2119 2303 2158 magistri
2325 2125 2360 2149 ut

1447 2168 1592 2207 superius
1625 2167 1862 2207 premittebatur
1892 2167 1952 2197 sibi
1990 2168 2140 2203 fecerant,
2172 2169 2256 2207 quod
2289 2168 2359 2207 ipse

1447 2217 1604 2247 Robertus
1620 2217 1721 2256 possit
1738 2217 1835 2256 recipi
1854 2218 1934 2256 apud
1956 2216 2097 2246 Sanctam
2119 2216 2298 2246 Genofefam
2319 2217 2357 2246 ad

1446 2267 1575 2305 primam
1593 2266 1796 2302 auditionem,
1819 2272 1848 2295 et
1865 2276 1934 2295 eum
1957 2266 2079 2295 nacioni
2096 2266 2358 2295 recommendavit

1446 2322 1476 2344 et
1487 2315 1678 2355 presentavit
1693 2315 1885 2354 supplicans,
1901 2325 1968 2344 cum
1984 2324 2167 2344 recessurus
2179 2321 2254 2350 erat,
2272 2315 2356 2354 quod

1445 2364 1533 2393 nacio
1553 2364 1646 2394 vellet
1663 2374 1731 2393 eum
1754 2365 1792 2393 ad
1812 2363 1988 2403 hujusmodi
2005 2364 2193 2393 auditionem
2210 2364 2358 2403 optinen-

1445 2414 1514 2442 dam
1529 2413 1739 2443 favorabiliter
1753 2423 1938 2453 promovere
1950 2419 2089 2453 tempore
2102 2413 2246 2442 absencie
2260 2423 2315 2442 sue
2326 2419 2356 2442 et

1444 2463 1476 2491 in
1494 2462 1579 2491 nullo
1597 2462 1764 2501 impedire;
1787 2472 1877 2502 quam
1901 2462 2164 2502 supplicacionem
2184 2462 2272 2491 nacio
2295 2462 2356 2491 sibi

1444 2511 1610 2541 concessit.

1486 2561 1561 2589 Item
1577 2561 1720 2589 dominus
1737 2560 1921 2590 Thidericus
1936 2561 1974 2589 de
1990 2559 2154 2589 Hollandia
2167 2559 2283 2598 incepit
2296 2561 2356 2590 sub

1445 2610 1593 2649 magistro
1609 2609 1748 2639 Johanne
1768 2610 1806 2638 de
1825 2609 1975 2644 Wesalia,
1996 2607 2083 2647 cujus
2098 2609 2194 2638 bursa
2214 2609 2274 2638 1111
2293 2609 2352 2638 sol.

1486 2659 1561 2688 Item
1580 2659 1723 2688 dominus
1742 2658 1899 2688 Johannes
1917 2657 1996 2688 Litle
2017 2658 2121 2687 Dacus
2140 2657 2357 2687 determinavit

1445 2709 1502 2737 sub
1519 2708 1668 2747 magistro
1688 2707 1858 2737 Laurencio
1877 2708 1914 2736 de
1930 2707 2038 2743 Dacia,
2060 2705 2147 2746 cujus
2168 2707 2261 2736 bursa
2277 2707 2306 2736 X
2324 2717 2349 2736 s.

1474 2788 1498 2811 6.
1533 2788 1563 2810 26
1575 2786 1732 2811 Novembris.

1475 2823 1498 2846 7.
1538 2822 1591 2846 Vici.
1604 2822 1723 2846 Chai-tul.
1739 2822 1872 2851 univers„
1886 2822 1916 2850 ll,
1929 2830 1955 2854 p.
1969 2823 2024 2846 682.

1475 2859 1498 2882 8.
1534 2859 1563 2881 10
1580 2858 1733 2881 Decembris.

1475 2895 1499 2917 9.
1534 2894 1563 2917 12
1574 2893 1725 2917 Decembris.

1475 2929 1513 2952 10.
1549 2931 1655 2960 Propter
1664 2930 1763 2960 sactum
1776 2928 1959 2961 theologorum.
