2632 3464
426 452 474 476 531

468 527 541 555 Item
568 535 648 554 anno
672 523 795 553 Domini
828 532 888 561 quo
916 531 1021 560 supra,
1051 520 1105 548 111*
1136 519 1185 548 die
1214 519 1330 547 mensis

428 573 600 608 Februarii,
620 574 695 602 facta
722 571 966 611 congregacione
995 569 1134 598 nacionis
1160 567 1331 607 Anglicane

427 623 694 663 perjuramentum
709 621 785 650 hora
796 621 964 659 primarum
980 619 1065 647 beate
1079 617 1176 646 Marie
1191 616 1331 656 Virginis

441 684 460 701 n
479 674 569 701 domo
589 670 749 710 capitulari
765 670 891 698 fratrum
912 667 1143 696 Predicatorum
1166 675 1260 704 super
1279 665 1331 694 tri-

428 723 486 751 bus
511 720 660 754 articulis,
690 728 820 758 quorum
844 717 1042 746 articulorum
1067 716 1184 754 primus
1210 714 1266 743 fuit
1294 715 1332 743 ad

427 771 599 799 habendum
615 767 777 797 consilium
796 768 832 795 de
848 767 937 805 virga
950 765 1099 798 nacionis,
1117 770 1217 792 utrum
1234 763 1332 802 magis

428 819 587 859 expediret
604 819 682 846 infra
696 816 814 855 virgam
827 824 942 854 ponere
963 815 1075 842 ferrum
1088 813 1137 842 vel
1150 813 1267 852 lignum
1284 812 1333 842 vel

429 879 535 903 cornu,
561 867 608 896 vel
634 866 708 905 quid
737 865 854 903 [aliud].
884 863 984 902 Super
1009 873 1069 901 quo
1092 861 1221 890 articulo
1246 867 1334 890 erant

429 918 491 947 dati
508 915 643 955 deputati
662 916 699 943 ad
719 914 944 943 terminandum
967 922 1034 940 cum
1057 911 1211 940 aurifabro
1234 920 1333 950 nego-

428 967 517 1000 cium,
536 965 653 994 scilicet
671 969 812 1002 receptor
830 961 979 995 nacionis,
1000 960 1146 999 magister
1165 959 1276 999 Hugho
1295 960 1332 988 de

429 1015 595 1048 Hervorst‚
634 1013 781 1051 magister
812 1011 967 1039 Johannes
1003 1009 1146 1044 Luberti,
1186 1009 1333 1048 magister

430 1064 584 1093 Johannes
602 1061 806 1099 Levenhagen
823 1060 861 1088 de
878 1059 1034 1098 Wolgast.

469 1114 514 1141 2¹¹s
531 1111 677 1140 articulus
698 1115 763 1138 erat
789 1110 825 1137 de
856 1109 945 1136 modo
976 1107 1107 1136 habendi
1135 1108 1270 1135 francum
1295 1107 1333 1135 de

429 1161 584 1201 magistris
602 1160 722 1188 noviter
735 1157 919 1187 intrantibus
942 1156 1219 1196 congregacionem
1235 1155 1334 1195 magi—

429 1218 573 1243 strorum,
587 1216 616 1238 et
625 1209 661 1237 ab
678 1207 740 1236 illis
754 1207 806 1246 qui
823 1207 909 1245 prius
922 1216 984 1234 11011
1000 1211 1087 1234 erant
1101 1211 1331 1244 procuratores.

431 1261 531 1298 Super
549 1269 609 1297 quo
634 1257 763 1286 articulo
786 1261 850 1284 erat
874 1255 1070 1283 concorditer
1092 1254 1282 1288 conclusum,
1303 1259 1335 1282 ut

430 1308 569 1347 magistri
600 1305 710 1334 novicii
734 1303 992 1343 compellerentur
1017 1302 1137 1331 solvere
1166 1301 1334 1341 jocundum

430 1357 587 1386 introitum
603 1365 707 1384 eorum
721 1363 777 1392 per
794 1362 904 1392 penam
920 1351 1096 1380 amissionis
1111 1351 1197 1380 vocis
1211 1351 1242 1379 in
1257 1350 1336 1379 deli-

429 1405 645 1435 beracionibus
662 1410 690 1432 et
708 1402 803 1431 eciam
823 1401 992 1430 carenciam
1008 1401 1283 1436 emolumentorum
1305 1399 1336 1428 in

429 1453 567 1487 nacione,
580 1458 609 1480 et
622 1451 704 1490 quod
717 1450 748 1478 in
761 1449 910 1478 electione
928 1448 1139 1487 procuratoris
1152 1453 1337 1476 vocarentur

434 1513 487 1541 per
497 1501 701 1542 juramentum
718 1499 868 1537 ipsorum,
888 1504 917 1526 et
932 1503 1004 1526 tunc
1022 1496 1281 1535 compellerentur
1298 1496 1338 1524 ad

430 1551 618 1581 solucionem
633 1548 760 1578 secundi
777 1547 883 1575 franci.

470 1602 515 1629 3⁰⁹
533 1598 679 1628 articulus
705 1603 769 1625 erat
786 1606 880 1634 super
901 1595 1195 1634 supplicacionibus‚
1220 1594 1251 1622 in
1276 1604 1337 1633 quo

431 1649 558 1679 articulo
586 1646 756 1685 comparuit
783 1645 931 1684 magister
953 1643 1112 1673 Walterus
1137 1643 1336 1682 Ghyselberti

431 1707 624 1737 conquerens
643 1695 773 1735 qualiter
793 1694 950 1723 Johannes
974 1694 1011 1722 de
1030 1693 1175 1722 Treveris
1198 1693 1337 1722 bedellus

432 1747 570 1777 nacionis
583 1745 751 1784 Anglicane
763 1743 924 1783 injuriatus
941 1749 1023 1771 esset
1036 1743 1063 1771 ei
1077 1743 1114 1770 de
1130 1743 1259 1781 quadam
1269 1752 1337 1770 can-

433 1797 499 1825 dela
513 1796 543 1824 in
556 1795 604 1824 die
616 1793 842 1823 purificationis
858 1791 996 1831 Virginis
1008 1791 1157 1830 gloriose,
1175 1791 1338 1830 requirens

433 1846 590 1874 nacionem
609 1850 638 1872 et
665 1842 805 1881 singulos
830 1841 995 1880 magistros
1020 1841 1169 1875 nacionis,
1187 1847 1338 1879 quatenus

433 1905 500 1924 eum
514 1893 656 1933 juvarent
674 1892 786 1920 habere
800 1891 957 1919 emendam
973 1890 1157 1929 condignam
1176 1891 1213 1918 de
1231 1889 1339 1929 hujus-

433 1944 515 1972 modi
533 1941 644 1981 injuria
659 1941 717 1970 sibi
741 1940 827 1969 facta.
852 1940 952 1978 Super
975 1949 1035 1978 quo
1057 1940 1135 1967 sacto
1153 1939 1220 1977 ipse
1240 1939 1339 1978 magi-

434 1999 497 2021 ster
524 1991 682 2031 predictus
710 1989 855 2021 ⁴submisit
886 1999 919 2017 se
948 1988 1122 2017 omnimode
1153 1988 1339 2016 determina—

434 2041 514 2071 cioni
526 2040 664 2069 nacionis
672 2045 701 2067 et
711 2038 913 2067 ordinacioni.
926 2037 1055 2066 Etdedit
1066 2037 1154 2066 nacio
1163 2038 1338 2076 deputatos,

435 2090 553 2119 50111081
572 2088 750 2127 magistrum
768 2087 936 2116 Jordanum
956 2087 993 2114 de
1013 2086 1130 2125 Clyvis,
1150 2092 1222 2115 tunc
1237 2092 1340 2115 recto-

434 2149 498 2168 rem
513 2137 742 2170 Universitatis,
759 2136 939 2174 magistrum
953 2134 1123 2163 Arnoldum
1139 2136 1177 2164 de
1194 2135 1340 2174 Lochgen

385 2214 392 2220 ,
435 2195 465 2217 81
490 2187 669 2226 magistrum
690 2185 862 2214 Walterum
882 2185 918 2213 de
942 2184 1034 2219 Delft,
1057 2191 1128 2213 tunc
1148 2190 1340 2223 receptorem

435 2236 585 2270 nacionis,
604 2235 656 2274 qui
672 2234 846 2263 convocatis
863 2240 892 2262 et
909 2233 1021 2262 auditis
1036 2233 1175 2272 partibus
1194 2239 1223 2261 et
1236 2233 1340 2272 cogni-

436 2287 475 2314 tis
502 2284 619 2314 meritis
642 2293 732 2312 cause
762 2282 924 2321 negocium
946 2282 1005 2310 fine
1023 2282 1126 2310 debito
1146 2282 1342 2311 desciderent

437 2341 466 2363 et
481 2334 692 2367 terminarent,
710 2338 768 2360 etc.

843 2425 940 2453 1378

438 2498 683 2527 Continuacio
725 2496 896 2535 magistri
931 2495 1113 2524 Johannis
1155 2496 1341 2525 Levenha-

518 2547 613 2586 ghen
642 2547 683 2575 de
715 2545 887 2585 Wolgast
922 2545 957 2573 in
988 2545 1259 2583 procuratoria.

478 2626 567 2655 Anno
588 2625 712 2655 Domini
730 2636 791 2664 quo
808 2635 913 2664 supra,
930 2624 969 2653 Χ*ι
987 2625 1035 2653 die
1053 2624 1168 2653 mensis
1183 2624 1344 2654 Februarii

440 2676 515 2703 sacta
533 2675 779 2713 congregacione
799 2674 937 2702 nacionis
959 2672 1130 2712 Anglicane
1150 2674 1230 2712 apud
1247 2674 1344 2703 Sanc-

440 2729 501 2752 tum
517 2724 668 2752 Iulianum
686 2733 850 2762 pauperem
866 2722 942 2751 hora
956 2722 1124 2761 primarum
1142 2723 1229 2751 beate
1247 2723 1344 2752 Marie

441 2772 577 2810 Virginis
595 2773 632 2800 ad
652 2772 825 2811 eligendum
849 2777 1090 2810 procuratorem,
1113 2777 1143 2799 et
1166 2772 1204 2799 ad
1221 2772 1344 2800 audien-

441 2821 510 2848 dum
553 2827 725 2859 compotum
760 2820 942 2859 receptoris‚
970 2820 1050 2849 unde
1084 2820 1162 2849 facto
1200 2827 1344 2862 computo

443 2869 610 2907 receptorIs
634 2876 662 2897 et
689 2871 725 2898 ab
752 2869 893 2898 omnibus
916 2869 1098 2907 approbato,
1125 2869 1236 2898 mansit
1257 2870 1344 2898 nacio

443 2918 558 2946 debens
580 2918 732 2956 receptori
758 2918 816 2946 IIII
839 2918 945 2953 libras,
963 2917 990 2946 ΙΙ
1010 2917 1126 2946 50111105
1145 2924 1174 2946 81
1190 2918 1233 2946 ΙΙΙ
1250 2919 1345 2947 118113-

443 2966 518 2994 rios.
534 2966 572 2994 Et
586 2967 778 2995 continuatus
792 2967 847 2995 fuit
861 2966 996 2995 unanimi
1009 2976 1084 2995 voce
1100 2967 1234 2995 omnium
1250 2967 1345 3006 magi-

958 443 1178 470 AUCTARIUM
1207 442 1466 468 CHARTULARII
1492 443 1664 470 UNIVERS.
1691 445 1809 470 PARIS.

1370 965 1403 990 10

1372 1209 1405 1235 15

1374 1454 1407 1480 20

1375 1699 1408 1725 25

1376 1944 1410 1969 30

1377 2187 1411 2213 35

1379 2432 1413 2458 40

1383 2922 1416 2948 50

2052 0 2137 25 ’vtem
2146 0 2317 27 *we-offic,
2325 5 2334 15 2
2342 20 2347 25 ,

2293 445 2345 470 532

1440 524 1575 548 strorum
1589 520 1621 548 in
1637 527 1868 559 procuratorem
1886 520 2034 560 magister
2051 520 2206 549 Johannes
2229 520 2346 550 Leven-

1439 568 1561 608 haghen
1579 570 1616 598 de
1632 569 1787 609 Wolgast.
1811 569 1845 598 ln
1863 568 1950 608 cujus
1968 569 2181 608 procuratoria
2195 575 2261 598 acta
2274 576 2346 599 sunt

1439 617 1495 647 hec
1506 628 1566 657 que
1582 625 1764 658 sequuntur.

1480 667 1515 696 In
1538 668 1637 706 primo
1660 668 1855 697 concorditer
1876 667 1931 697 fuit
1951 667 2064 696 ibidem
2085 667 2298 702 deliberatum,
2314 673 2348 697 ut

1440 716 1581 755 magistri
1603 717 1741 746 nacionis
1766 717 1917 746 intrarent
1936 717 2092 745 tabernam
2119 717 2163 744 ad
2177 718 2347 756 ymaginem

1439 767 1537 794 sancti
1566 766 1713 795 Iohannis
1742 776 1841 805 prope
1871 772 1992 805 portam
2029 765 2133 794 Sancti
2167 765 2275 794 Jacobi
2309 765 2347 794 ad

1440 815 1619 853 potandum,
1639 821 1669 843 et
1683 815 1798 844 ibidem
1816 820 2077 853 consumpserunt
2092 813 2210 843 XXIIII
2229 813 2348 843 solidos

1440 863 1606 902 parisiens.
1626 864 1658 892 111
1674 864 1818 903 prandio,
1835 865 1872 892 de
1891 863 2004 903 quibus
2022 863 2171 902 magister
2187 862 2348 892 Walterus

1441 913 1479 941 de
1498 912 1572 941 Delf
1591 919 1734 951 receptor
1751 913 1892 941 nacionis
1922 912 2013 942 solvit
2037 922 2129 941 unum
2151 912 2299 947 francum,
2319 918 2350 941 et

1441 962 1589 1001 magister
1600 961 1615 990 J
1621 961 1757 990 ohannes
1774 961 1999 1000 Levenhaghen
2011 962 2047 990 de
2059 960 2206 1000 Wolgast
2220 960 2293 989 VIII
2307 970 2347 995 s.,

1441 1010 1513 1050 quia
1524 1011 1612 1049 pauci
1627 1011 1749 1039 fuerunt
1763 1010 1948 1049 disputaturi
1964 1010 2130 1039 bachalarii
2146 1019 2202 1048 per
2214 1009 2348 1046 Quadra-

1440 1061 1599 1100 gesimam.

1482 1110 1557 1138 Item
1580 1118 1660 1137 anno
1688 1108 1813 1137 Domini
1839 1118 1900 1147 quo
1927 1118 2032 1147 supra,
2056 1108 2139 1137 XXIa
2160 1108 2208 1136 die
2235 1107 2350 1136 mensis

1442 1157 1614 1192 Februarii,
1641 1167 1700 1196 que
1718 1163 1783 1186 erat
1805 1157 1871 1186 dies
1891 1156 2054 1192 dominica,
2074 1157 2152 1186 facta
2176 1165 2350 1196 congrega-

1443 1208 1530 1236 cione
1554 1206 1694 1235 nacionis
1717 1205 1887 1245 Anglicane
1905 1212 1977 1245 post
1999 1215 2172 1234 sermonem
2189 1215 2247 1244 per
2263 1203 2351 1243 jura-

1444 1263 1578 1285 mentum
1596 1255 1628 1284 in
1648 1256 1739 1284 domo
1767 1254 1927 1293 capitulari
1952 1254 2056 1283 Sancti
2071 1254 2217 1283 Maturini
2233 1254 2271 1283 ad
2294 1253 2351 1282 eli-

1444 1306 1578 1345 gendum
1599 1304 1824 1333 examinatores
1846 1303 2120 1332 determinancium
2146 1302 2236 1342 hujus
2263 1302 2350 1337 anni,

1445 1361 1474 1384 et
1499 1355 1537 1383 ad
1561 1354 1734 1382 habendum
1758 1352 1922 1382 officiarios
1947 1363 2004 1391 pro
2027 1352 2211 1381 baehalariis
2235 1352 2266 1381 in
2292 1352 2352 1381 isto

1445 1414 1525 1433 anno
1550 1403 1631 1442 apud
1658 1402 1799 1431 Sanctam
1816 1401 2013 1431 Genoveflam
2035 1401 2248 1436 licenciandis‚
2263 1400 2352 1430 electi

1445 1453 1541 1492 igitur
1557 1453 1679 1481 fuerunt
1694 1451 1726 1479 in
1744 1450 1968 1480 examinatores
1985 1450 2270 1485 determinancium,
2291 1449 2353 1478 sci-

1446 1502 1518 1531 licet
1539 1501 1686 1540 magister
1699 1499 1860 1529 Walterus
1879 1499 2089 1538 Ghyselberti,
2105 1499 2253 1538 magister
2268 1497 2353 1527 Ghe-

1446 1552 1556 1580 rardus
1579 1551 1616 1579 de
1647 1549 1759 1579 Calker
1783 1556 1813 1578 et
1840 1548 1989 1588 magister
2012 1548 2103 1588 Hugo
2127 1549 2165 1577 de
2190 1548 2352 1577 Hervorst.

1447 1600 1522 1629 Item
1541 1599 1629 1628 electi
1647 1599 1769 1627 fuerunt
1790 1598 1821 1626 111
1846 1597 2070 1626 examinatores
2093 1607 2151 1636 pro
2170 1596 2353 1625 bachalariis

1446 1649 1527 1688 apud
1552 1648 1693 1677 Sanctam
1714 1646 1913 1676 Genoveffam
1930 1646 2141 1680 licenciandis,
2159 1645 2278 1674 scilicet
2297 1654 2353 1684 pro

1446 1698 1546 1737 primo
1575 1707 1680 1726 mense
1712 1696 1861 1735 magister
1894 1695 2104 1724 Theodericus
2138 1695 2176 1723 de
2209 1693 2352 1734 Kempis,

1445 1757 1504 1786 pro
1523 1747 1658 1776 secundo
1677 1755 1781 1774 mense
1799 1745 1947 1784 magister
1965 1744 2112 1772 Hinricus
2133 1743 2277 1778 Rossem‚
2297 1752 2354 1781 pro

1446 1796 1542 1825 tercio
1567 1805 1671 1824 mense
1692 1794 1839 1834 magister
1856 1793 2012 1822 Johannes
2033 1794 2070 1821 de
2089 1792 2258 1826 Hoekelem‚
2281 1801 2354 1831 quo-

1447 1855 1514 1874 rum
1529 1844 1621 1873 trium
1639 1843 1769 1883 quilibet
1793 1842 1887 1872 solvit
1904 1851 1996 1870 unum
2015 1842 2152 1870 francum
2174 1841 2307 1875 nacioni,
2326 1846 2357 1869 et

1447 1894 1539 1933 primi
1558 1894 1618 1922 duo
1635 1892 1794 1921 solverunt
1805 1891 2016 1930 kaffiegorice,
2032 1891 2087 1919 sed
2099 1889 2227 1924 tercius,
2237 1889 2356 1918 scilicet

1447 1941 1596 1981 magister
1613 1941 1768 1970 Johannes
1788 1941 1826 1969 de
1847 1939 2026 1973 Hoekelem,
2051 1938 2144 1967 solvit
2166 1937 2354 1977 ypothetice‚

1448 1991 1567 2021 scilicet
1586 1991 1612 2019 si
1633 1990 1664 2019 in
1683 1989 1780 2018 tercio
1800 1998 1904 2017 11181158
1934 1988 2043 2016 fierent
2071 1988 2132 2016 duo
2163 1986 2354 2021 audiciones,

1448 2040 1631 2080 simpliciter
1658 2038 1793 2068 solveret
1811 2048 1904 2066 unum
1925 2038 2061 2065 francum
2069 2048 2077 2072 3
2101 2036 2127 2065 si
2149 2041 2249 2065 autem
2269 2035 2358 2064 fieret

1448 2089 1509 2118 nisi
1526 2099 1586 2118 una
1599 2088 1731 2122 audicio,
1751 2093 1783 2116 ut
1802 2097 1875 2126 sepe
1892 2085 2054 2125 contingit,
2073 2084 2162 2113 nacio
2179 2084 2357 2113 restitueret

1449 2139 1508 2167 sibi
1536 2137 1695 2166 dimidium
1726 2137 1872 2164 francum.
1904 2134 1945 2164 Et
1971 2134 2029 2163 hoc
2058 2133 2146 2162 nacio
2175 2132 2357 2171 simpliciter

1448 2187 1641 2226 approbavit.
1665 2185 1785 2214 Extunc
1807 2184 1895 2213 nacio
1915 2183 2098 2212 deliberavit
2119 2182 2234 2211 intrare
2253 2181 2357 2210 taber-

1448 2246 1518 2265 nam
1545 2236 1588 2264 ad
1613 2236 1784 2273 ymaginem
1812 2234 1910 2261 sancti
1939 2233 2086 2262 Iohannis
2110 2241 2208 2270 prope
2237 2236 2357 2269 portam

1451 2285 1554 2314 Sancti
1578 2283 1697 2318 Jacobi,
1721 2289 1751 2312 et
1772 2282 1886 2311 ibidem
1909 2280 2102 2320 consumpsit
2117 2279 2275 2319 predictos
2294 2285 2358 2308 tres

1450 2335 1572 2363 francos
1604 2338 1634 2362 et
1659 2342 1751 2362 unum
1781 2331 1934 2366 francum,
1967 2339 2057 2369 quem
2091 2327 2185 2358 solvit
2210 2327 2358 2368 magister

1451 2383 1563 2412 Petrus
1586 2382 1624 2410 de
1649 2381 1826 2410 Bacharaco
1848 2389 1906 2418 pro
1916 2377 2053 2418 jocundo
2071 2377 2198 2407 introitu
2218 2386 2286 2411 suo,
2306 2375 2359 2415 qui

1450 2432 1586 2461 nondum
1601 2436 1666 2459 erat
1678 2429 1710 2458 in
1720 2428 1918 2459 societatibus
1933 2427 2151 2466 magistrorum
2164 2435 2222 2465 per
2234 2426 2358 2454 modum

1450 2480 1590 2510 nacionis
1613 2484 1886 2518 congregatorum,
1913 2482 1971 2505 etc.
1997 2476 2071 2504 Item
2094 2484 2162 2503 cum
2188 2474 2302 2502 ibidem
2327 2473 2359 2502 in

1450 2528 1582 2569 prandio
1593 2532 1786 2566 compareret
1796 2525 1944 2565 magister
1957 2524 2137 2554 Conrardus
2149 2524 2186 2552 de
2196 2522 2358 2562 Hagnoya,

1451 2577 1616 2617 requisivit
1633 2586 1700 2605 eum
1724 2580 1868 2614 receptor
1890 2580 1923 2603 ut
1944 2574 2092 2607 francum,
2116 2581 2207 2611 quem
2230 2571 2362 2600 debebat

1451 2626 1585 2662 nacioni,
1614 2625 1727 2654 ibidem
1755 2623 1900 2658 solveret,
1931 2622 1983 2661 qui
2009 2621 2157 2660 magister
2179 2620 2360 2650 Conrardus

1452 2676 1559 2704 dicens
1578 2684 1611 2703 se
1631 2680 1762 2712 protunc
1782 2682 1844 2701 non
1865 2671 2042 2700 habundare
2061 2670 2092 2698 in
2109 2669 2251 2708 pecunia,
2269 2668 2362 2697 solvit

1453 2724 1566 2753 ibidem
1581 2723 1718 2762 quinque
1734 2721 1864 2756 solidos,
1884 2725 1914 2748 et
1929 2719 2006 2748 alios
2021 2718 2062 2747 XI
2080 2718 2223 2757 promisit
2240 2717 2360 2747 solvere

1454 2772 1667 2812 quantocicius
1681 2776 1799 2809 posset,
1815 2775 1873 2798 etc.

1495 2821 1570 2850 Item
1593 2829 1672 2848 anno
1700 2818 1825 2848 Domini
1851 2827 1912 2856 quo
1928 2826 2033 2855 supra,
2051 2815 2155 2844 ultima
2176 2815 2225 2843 die
2245 2813 2361 2843 mensis

1455 2869 1626 2902 Februarii,
1653 2869 1729 2896 facta
1759 2865 2004 2906 congregacione
2029 2863 2249 2893 Universitatis
2280 2863 2362 2902 apud
2411 2884 2413 2886 .

1456 2918 1600 2947 Sanctum
1616 2915 1814 2950 Maturinum,
1831 2915 1912 2943 unde
1925 2923 1992 2943 cum
2009 2913 2096 2941 nacio
2112 2912 2257 2941 traxisset
2275 2921 2308 2940 se
2324 2911 2362 2940 ad

1456 2972 1572 3005 partem
1592 2971 1625 2994 ut
1647 2964 1833 2993 deliberaret
1857 2972 1951 3002 super
1972 2961 2108 2990 articulis
2133 2970 2189 2999 per
2210 2966 2363 2989 rectorem
