2632 3464
407 448 460 473 459

449 524 523 552 Item
544 523 729 562 supplicavit
753 523 900 562 magister
926 523 1079 551 Jordanus
1099 521 1243 561 VVanghe
1275 522 1313 550 de

408 572 515 611 Clyvis
532 582 588 611 pro
608 572 757 611 magistro
777 571 915 600 Arnoldo
932 572 969 600 de
989 571 1097 605 Nucia,
1117 577 1189 599 tunc
1206 570 1314 599 nonin

408 621 654 660 congregacione
683 621 844 655 existente,
880 620 1021 649 similiter
1049 620 1136 648 sicud
1166 619 1315 658 magister

409 670 616 704 Hermannus,
636 679 695 708 que
709 669 898 708 supplicacio
917 669 972 697 fuit
987 668 1045 697 sibi
1060 677 1218 697 concessa.

450 718 524 747 Item
538 718 723 758 supplicavit
742 719 821 746 idem
842 717 989 757 magister
1004 717 1212 752 Hermannus‚
1231 717 1315 756 quod

409 767 440 796 in
454 767 555 796 rotulo
575 778 654 796 anno
678 767 826 806 preterito
847 766 1004 801 concluso,
1026 766 1052 795 si
1073 766 1150 794 etin
1168 772 1314 805 quantum

410 826 478 846 eum
504 816 582 845 mitti
602 816 806 855 contingeret,
836 825 967 855 presens
990 821 1196 855 reputaretur,
1232 815 1315 854 quod

410 865 465 894 fuit
481 875 672 894 concessum.

451 912 544 942 ltem⁴
563 914 640 942 facta
656 913 901 953 congregacione
913 913 1051 942 nacionis
1063 913 1234 952 Anglicane
1245 913 1315 952 ipso

411 962 459 991 die
489 962 649 991 Michaelis
660 961 673 980 ²
708 962 783 991 hora
815 962 914 1001 prime
952 962 983 990 in
1018 962 1130 991 Sancto
1159 962 1314 991 Maturino

410 1011 586 1050 regencium
611 1017 641 1040 et
667 1021 728 1040 non
754 1011 931 1050 regencium
959 1021 1017 1050 per
1042 1010 1249 1050 juramentum
1277 1011 1315 1039 ad

410 1060 613 1088 ordinandum
636 1061 673 1088 de
696 1059 801 1094 scolis,
826 1060 1026 1089 deliberatum
1046 1060 1100 1089 fuit
1118 1060 1314 1089 concorditer

411 1109 493 1147 quod
502 1108 632 1147 quilibet
646 1109 823 1148 regencium
838 1119 896 1148 pro
910 1115 981 1138 tunc
999 1109 1150 1148 inciperet
1165 1109 1195 1137 in
1207 1109 1313 1144 scolis,

410 1157 442 1185 in
458 1157 569 1196 quibus
584 1158 746 1186 consuevit
761 1157 876 1197 legere,
894 1164 923 1186 et
936 1158 1082 1197 magister
1099 1158 1258 1187 Marcilius
1276 1159 1314 1187 de

411 1205 528 1245 Inghen
558 1206 708 1245 inciperet
737 1207 767 1235 in
795 1206 888 1236 scolis
917 1207 1057 1246 magistri
1086 1207 1248 1236 Wilhelmi
1276 1208 1315 1236 de

409 1254 606 1294 Wadenoy³,
623 1255 671 1284 vel
687 1255 718 1284 in
733 1255 802 1284 aliis
822 1255 874 1284 ubi
891 1256 994 1290 vellet,
1007 1256 1171 1285 dummodo
1185 1262 1316 1296 poneret

410 1303 452 1332 ibi
471 1303 562 1332 alium
580 1304 718 1333 nacionis
733 1304 882 1343 predicte.
902 1305 941 1333 Et
958 1305 983 1333 si
1006 1305 1211 1344 contingeret,
1231 1306 1315 1344 quod

409 1352 509 1381 dictus
525 1353 672 1392 magister
688 1352 846 1382 Marcilius
861 1359 906 1382 tot
923 1353 1049 1383 haberet
1067 1354 1213 1389 scolares,
1231 1355 1315 1394 quod

410 1402 567 1430 commode
587 1411 648 1430 non
673 1408 802 1440 possent
826 1403 934 1431 sedere
957 1402 987 1431 in
1019 1403 1112 1432 scolis
1135 1403 1227 1432 dictis
1254 1403 1314 1432 sibi

409 1450 574 1488 deputatis,
594 1456 623 1479 et
636 1450 747 1489 aliquis
761 1450 901 1486 aliorum,
916 1451 948 1480 in
966 1450 1053 1490 cujus
1066 1452 1160 1481 scolis
1177 1452 1314 1482 scolares

409 1498 482 1527 dicti
502 1499 634 1528 Marcilii
651 1500 810 1528 commode
828 1500 942 1529 intrare
962 1507 1100 1539 possent,
1117 1501 1159 1530 ita
1175 1501 1314 1531 modicos

410 1547 535 1576 haberet
552 1548 699 1583 scolares,
721 1549 803 1587 quod
821 1550 979 1578 commode
994 1549 1108 1578 intrare
1129 1556 1260 1589 possent
1283 1551 1314 1580 in

409 1596 510 1625 scolas
526 1596 705 1635 Wadenoy:
716 1604 787 1626 tunc
805 1597 953 1637 magister
968 1598 1125 1628 Marcilius
1141 1600 1179 1628 de
1195 1599 1314 1639 Inghen

410 1645 586 1684 sepedictus
609 1645 798 1684 supplicaret
822 1646 866 1675 illi
891 1647 1014 1676 habenti
1032 1658 1146 1686 paucos
1163 1649 1312 1685 scolares,

409 1700 441 1722 ut
455 1694 514 1722 sibi
528 1704 599 1723 suas
608 1694 708 1723 scolas
723 1696 891 1724 concedere
905 1696 1096 1735 dignaretur,
1106 1703 1135 1726 et
1146 1697 1232 1733 alter,
1244 1698 1315 1737 qui-

410 1753 539 1781 cumque
555 1750 648 1778 esset,
669 1754 753 1772 suam
772 1744 1033 1783 supplicacionem
1050 1746 1265 1776 concederet⁴.

450 1791 549 1820 Nota5
580 1793 617 1820 ad
644 1793 773 1821 futuram
798 1793 843 1822 rei
870 1794 1057 1829 memoriam,
1083 1796 1166 1834 quod
1190 1796 1221 1824 in
1245 1806 1314 1825 cra-

410 1840 512 1870 stino⁶
529 1841 626 1870 sancti
641 1842 784 1880 Dyonisii
794 1841 883 1881 hujus
899 1843 970 1872 anni
987 1843 1074 1873 electi
1091 1851 1178 1874 erant
1193 1855 1313 1875 succes-

410 1890 474 1918 sive
496 1890 522 1918 V
540 1896 677 1919 rectores
701 1900 707 1917 ε
734 1891 794 1919 duo
813 1891 933 1926 Gallici,
956 1902 1034 1921 unus
1051 1892 1213 1928 Picardus,
1234 1904 1314 1923 unus

410 1939 617 1973 Normannus,
638 1945 668 1968 et
694 1949 773 1968 unus
798 1940 936 1969 nacionis
956 1947 1073 1976 nostre,
1102 1953 1232 1981 quorum
1253 1943 1313 1972 llll

409 1988 501 2027 primi
514 1989 686 2017 recusando
698 1998 751 2017 seu
767 1999 828 2017 non
840 1991 1028 2028 acceptando
1039 1990 1168 2020 officium
1182 1993 1314 2022 rectorie

410 2047 443 2065 se
459 2043 691 2071 excusaverunt,
704 2043 734 2066 et
748 2037 873 2067 ultimus
890 2048 943 2067 seu
957 2039 1094 2078 quintus,
1110 2040 1161 2079 qui
1177 2040 1313 2070 Gallicus

411 2086 506 2120 erat7,
530 2086 710 2125 acceptavit.

817 2179 914 2209 1374

411 2248 482 2288 (F'ol.
514 2249 560 2289 43)
610 2249 881 2280 Procuratoria
920 2252 1093 2291 magistri
1141 2253 1313 2293 Hugonis

730 2300 771 2328 de
806 2299 1002 2329 Hervorst.

449 2377 539 2406 Anno
561 2378 686 2407 Domini
707 2379 751 2408 Μο
769 2379 862 2409 CCC⁰
879 2380 1034 2416 LXX1111,
1050 2381 1134 2410 XXl²
1151 2382 1200 2411 die
1217 2383 1313 2412 Octo-

410 2427 474 2456 bris
491 2427 568 2456 facta
586 2428 831 2467 congregacione
849 2430 930 2468 apud
949 2429 1092 2459 Sanctum
1105 2431 1258 2461 Julianum
1276 2433 1314 2462 ad

410 2476 593 2504 audiendum
615 2483 790 2515 computum
814 2478 997 2516 receptoris,
1022 2485 1052 2507 et
1077 2480 1114 2507 ad
1138 2480 1312 2519 eligendum

411 2531 641 2562 procuratorem
666 2525 714 2554 vel
742 2526 780 2554 ad
803 2526 937 2564 priorem
958 2527 1208 2564 continuandum,
1228 2529 1314 2559 affuit

410 2579 552 2611 receptor
566 2584 721 2609 asserens,
739 2584 772 2603 se
787 2584 849 2603 non
869 2575 981 2604 habere
1001 2576 1117 2615 aliquid
1133 2585 1315 2617 computan-

411 2622 492 2650 dum.
511 2622 572 2651 Sed
590 2622 705 2652 electus
726 2623 780 2652 fuit
805 2624 1000 2653 concorditer
1021 2626 1105 2654 nullo
1130 2627 1314 2656 reclamante

411 2671 557 2709 magister
587 2671 678 2710 Hugo
702 2672 740 2700 de
770 2672 922 2702 Hervorst
951 2673 983 2702 in
1008 2681 1249 2712 procuratorem.
1279 2676 1313 2705 In

409 2718 496 2757 cujus
513 2720 723 2758 procuratoria
740 2727 812 2750 sunt
826 2727 891 2750 acta
907 2732 965 2761 que
980 2730 1161 2762 sequuntur.

451 2767 490 2796 Et
510 2768 609 2806 primo
632 2769 708 2798 facta
733 2770 978 2810 congregacione
1000 2772 1138 2801 nacionis
1159 2773 1246 2802 Vlll²
1264 2774 1314 2804 die

442 2859 465 2882 1.
500 2860 570 2889 Quae
580 2864 726 2891 sequuntur,
741 2861 843 2885 minime
851 2870 927 2885 manu
941 2863 1054 2887 Manilii
1062 2864 1157 2895 scripta
1169 2867 1235 2888 suut.

442 2894 462 2916 2.
499 2895 528 2917 29
545 2895 704 2925 Septembris.

442 2930 466 2952 3.
504 2930 557 2953 Vid.
568 2938 646 2961 supra
659 2939 684 2961 p.
694 2932 749 2959 415,
765 2933 787 2955 G.

441 2965 465 2987 4.
499 2967 565 2988 Haec
578 2966 702 2996 probant,
719 2967 862 2990 Mamilium
880 2968 993 2992 maxima
1009 2969 1082 3000 sama
1105 2970 1130 2993 in
1149 2971 1315 2995 Universitate

955 445 1177 472 AUCTARIUM
1198 444 1458 471 CHARTULARII
1477 446 1652 474 UNIVERS.
1674 447 1793 474 PARIS.

1356 966 1386 991 10

1353 1210 1386 1236 15

1352 1455 1386 1481 20

1352 1700 1386 1727 25

1352 1946 1386 1972 30

1351 2191 1385 2217 35

1351 2436 1385 2462 40

1351 2680 1385 2706 45

2276 450 2335 477 460

1422 522 1607 552 Novembris
1627 523 1659 552 in
1687 524 1801 553 ambitu
1830 523 1960 553 ecclesie
1990 524 2094 554 Sancti
2121 525 2268 556 Maturini
2291 527 2331 556 ad

1423 571 1670 611 supplicandum,
1706 573 1892 612 supplicavit
1925 573 2074 613 magister
2107 574 2264 605 ,lohannes
2292 576 2337 605 de

1423 619 1537 656 Berka,
1565 622 1649 660 quod
1679 632 1717 651 ex
1748 632 1809 661 quo
1831 623 1869 651 ad
1901 622 2093 662 expedienda
2120 624 2251 663 quedam
2275 634 2331 654 sua

1423 669 1551 709 negocia
1563 676 1692 709 propter
1701 672 1852 710 quandam
1866 671 2006 700 beneficii
2015 672 2219 702 ecclesiastici
2230 673 2333 712 provi-

1423 718 1542 747 sionem
1556 719 1616 748 sibi
1631 720 1750 755 saetam,
1763 720 1842 750 sicut
1859 721 1996 760 speravit
2007 727 2151 760 protunc,
2161 722 2337 761 repatriare

1422 773 1623 807 proponeret,
1634 768 1798 798 intendens
1810 769 1924 799 reverti
1935 770 1975 799 ad
1987 770 2121 799 studium
2132 777 2225 809 prout
2235 771 2339 801 cicius

1423 822 1542 855 posset,
1562 817 1663 846 rotulo
1679 823 1811 856 protunc
1828 817 1952 857 incepto
1969 825 2079 858 posset
2095 825 2248 859 tamquam
2262 830 2339 860 pre-

1424 874 1497 894 sens
1509 864 1637 904 imponi,
1655 876 1723 895 cum
1740 873 1771 896 et
1788 866 1857 905 ipse
1874 877 1946 896 vere
1962 877 2094 906 presens
2112 875 2196 898 esset
2212 869 2245 898 in
2257 875 2331 899 tem-

1423 924 1511 953 pore,
1526 915 1610 953 quod
1622 915 1771 954 prefixum
1789 921 1855 945 erat
1875 916 1913 945 ad
1930 916 2152 956 porrigendum
2175 917 2339 957 supplica-

1424 963 1540 992 ciones.
1553 963 1592 992 Et
1605 963 1794 1003 supplicacio
1811 963 1877 1003 ejus
1893 965 1950 994 fuit
1961 965 2157 996 concorditer
2170 976 2330 997 concessa.

1464 1012 1539 1041 Item
1573 1013 1651 1042 facta
1683 1014 1929 1054 congregacione
1968 1014 2109 1044 nacionis
2143 1015 2247 1045 xun-
2282 1016 2339 1046 die

1424 1061 1608 1091 Novembris
1630 1062 1662 1090 in
1689 1061 1803 1091 Sancto
1825 1062 1980 1092 Maturino
1998 1064 2036 1093 ad
2053 1065 2279 1103 providendum
2294 1065 2337 1095 de

1424 1110 1536 1139 nuncio
1546 1119 1603 1149 pro
1618 1110 1732 1146 rotulo,
1749 1117 1779 1140 et
1790 1111 1828 1140 ad
1840 1111 2044 1142 ordinandum
2060 1118 2090 1141 et
2104 1112 2333 1152 disponendum

1424 1159 1462 1188 de
1482 1160 1559 1188 sesto
1578 1159 1676 1189 sancti
1692 1159 1876 1196 Eadmundi‚
1893 1160 2038 1190 videlicet
2052 1167 2198 1201 quantum
2215 1163 2253 1192 ad
2268 1163 2339 1193 sol-

1423 1208 1618 1247 lempnitates
1636 1208 1790 1238 faciendas
1805 1209 1838 1238 in
1853 1209 1984 1239 ecclesia
2002 1216 2032 1239 et
2046 1210 2078 1239 in
2093 1210 2202 1240 officiis
2219 1211 2337 1242 divinis

1424 1257 1494 1297 ipso
1527 1257 1576 1286 die
1610 1257 1747 1298 ejusdem
1779 1259 1893 1294 sancti,
1923 1265 1953 1288 et
1981 1265 2127 1299 quantum
2164 1261 2204 1289 ad
2237 1270 2334 1300 pran-

1424 1307 1507 1336 dium
1528 1307 1700 1336 faciendum
1718 1316 1776 1346 pro
1800 1307 1958 1347 magistris
1974 1308 2124 1344 nacionis,
2141 1315 2175 1338 ut
2192 1309 2219 1338 si
2238 1319 2339 1349 pran-

1423 1355 1507 1385 dium
1520 1356 1586 1384 fieri
1602 1356 1729 1385 deberet
1743 1356 1961 1396 provideretur
1976 1357 2173 1387 concorditer
2188 1358 2226 1387 de
2241 1360 2333 1389 modo

1424 1405 1554 1434 faciendi
1568 1405 1682 1444 ipsum,
1701 1411 1731 1434 et
1748 1406 1896 1435 darentur
1913 1405 1978 1436 sive
1996 1407 2218 1445 deputarentur
2237 1407 2335 1448 aliqui

1423 1454 1564 1494 magistri
1580 1455 1618 1483 ad
1636 1455 1865 1493 procurandum
1881 1461 2044 1494 oportuna.
2065 1456 2106 1486 Et
2119 1462 2186 1486 erat
2202 1467 2339 1486 concor—

1424 1503 1504 1532 diter
1523 1503 1703 1532 conclusum
1718 1509 1752 1532 ut
1773 1504 1861 1533 fieret
1880 1505 2054 1534 condecens
2073 1505 2286 1544 sollempnitas
2300 1505 2334 1536 in

1423 1552 1554 1581 ecclesia
1571 1552 1602 1580 in
1629 1551 1743 1582 divinis
1770 1552 1890 1588 officiis,
1915 1559 1945 1582 et
1969 1559 2002 1583 ut
2025 1553 2213 1584 haberentur
2241 1554 2333 1584 alieni

1423 1607 1565 1630 cantores
1593 1602 1650 1630 sub
1679 1602 1826 1641 expensis
1854 1602 2005 1632 nacionis.
2039 1602 2178 1633 Ulterius
2210 1604 2338 1633 tandem-

1423 1650 1621 1679 concorditer
1650 1650 1907 1686 concludebatur,
1938 1652 2022 1690 quod
2051 1652 2139 1682 fieret
2169 1653 2333 1692 prandium

1423 1699 1586 1729 honestum
1594 1709 1652 1738 pro
1663 1699 1821 1739 magistris
1833 1700 1973 1730 nacionis
1981 1700 2157 1731 volentibus
2168 1701 2337 1738 interesse,

1423 1748 1464 1778 ita
1476 1754 1588 1783 tamen,
1601 1749 1685 1787 quod
1704 1748 1835 1788 quilibet
1849 1759 1952 1779 eorum
1970 1750 2057 1779 daret
2069 1757 2158 1780 antea
2171 1750 2199 1779 V
2213 1751 2339 1781 solidos

1422 1797 1588 1837 parisiens.
1615 1803 1645 1826 et
1670 1798 1758 1826 nacio
1785 1797 1920 1828 solveret
1942 1798 2112 1828 residuum.
2140 1799 2180 1829 Et
2203 1800 2339 1840 deputa·

1423 1847 1535 1876 bantur
1556 1847 1595 1875 ad
1612 1847 1839 1886 procurandum
1859 1847 2008 1887 magister
2023 1847 2178 1878 Henricus
2193 1849 2231 1878 de
2249 1849 2335 1879 The-

1423 1895 1472 1925 nis
1488 1901 1632 1935 receptor
1646 1902 1790 1935 tanquam
1805 1906 1843 1925 ex
1853 1896 1963 1932 officio,
1977 1902 2007 1926 et
2021 1897 2162 1937 magistri
2172 1897 2339 1928 Mat-silius

1423 1945 1461 1974 de
1476 1944 1596 1984 Inghen
1621 1951 1651 1974 et
1667 1944 1800 1974 Thomas
1825 1945 1863 1974 de
1888 1945 2024 1975 Harlem.
2042 1946 2089 1975 De
2111 1946 2213 1989 primo
2232 1953 2333 1976 autem

1423 1993 1568 2029 articulo,
1595 1993 1714 2023 scilicet
1735 1994 1774 2023 de
1798 1994 1979 2034 provisione
2004 1995 2110 2024 nuncii
2131 2005 2188 2035 pro
2217 1996 2335 2032 rotulo,

1422 2042 1536 2072 dictum
1558 2048 1624 2071 erat
1645 2049 1678 2072 ut
1697 2049 1912 2082 expectaretur
1938 2054 2037 2083 usque
2065 2044 2103 2073 ad
2129 2054 2219 2074 unam
2243 2044 2331 2074 aliam

1422 2092 1700 2131 congregacionem
1717 2102 1775 2131 per
1789 2091 1996 2131 juramentum
2012 2093 2192 2128 faciendam,
2208 2099 2242 2123 ut
2259 2099 2337 2123 tunc

1422 2141 1528 2180 plures
1544 2141 1703 2170 convocati
1717 2141 1822 2171 sanius
1838 2141 2012 2171 deliberare
2026 2141 2176 2172 valerent.

1464 2238 1538 2267 Item
1569 2239 1647 2268 facta
1679 2238 1928 2279 congregacione
1964 2240 2105 2269 nacionis
2134 2239 2249 2269 XV111=
2281 2240 2337 2270 die—

1422 2287 1607 2317 Novembris
1636 2287 1667 2316 in
1687 2288 1818 2317 ecclesia
1842 2287 1945 2317 Sancti
1971 2288 2084 2318 Juliani
2114 2289 2261 2328 pauperis
2290 2289 2332 2318 ad

1422 2336 1607 2365 audiendum
1633 2343 1808 2376 computum
1834 2337 2006 2376 receptoris
2022 2343 2063 2367 et
2086 2338 2125 2366 ad
2155 2338 2332 2377 eligendum

1421 2391 1655 2424 procuratorem
1681 2386 1730 2415 vel
1754 2386 1793 2415 ad
1819 2385 1955 2425 priorem
1974 2386 2223 2422 continuandum,
2243 2392 2274 2416 et
2292 2387 2331 2416 ad

1423 2434 1670 2474 supplicandum,
1685 2435 1786 2474 primo
1807 2435 1920 2464 absens
1943 2434 2000 2464 ruit
2017 2441 2171 2475 receptor.
2200 2435 2333 2464 Demum

1422 2483 1618 2512 concorditer
1638 2483 1694 2512 fuit
1715 2483 1911 2513 continuatus
1929 2483 1961 2512 in
1985 2490 2216 2523 procuratorem
2245 2484 2336 2514 nullo—

1422 2532 1605 2561 reclamante
1632 2532 1780 2572 magister
1802 2532 1894 2572 Hugo
1917 2533 1955 2562 de
1972 2532 2134 2562 Hervorst.
2154 2532 2194 2562 Et
2208 2533 2336 2572 suppli-

1422 2581 1502 2610 cavit
1524 2581 1604 2610 idem
1633 2587 1666 2610 ut
1695 2581 1726 2610 in
1757 2591 1841 2617 casu,
1872 2591 1933 2620 quo
1961 2587 2181 2620 procuratores
2202 2581 2330 2611 aliarum

1422 2630 1584 2659 nacionum
1610 2640 1669 2669 pro
1686 2639 1790 2659 mense
1818 2630 1998 2669 precedenti
2030 2629 2204 2659 immediate
2229 2641 2331 2670 pone-

1422 2684 1530 2707 rentur
1561 2678 1592 2707 in
1611 2678 1712 2707 rotulo
1733 2684 1866 2717 protunc
1886 2678 2032 2708 concluso
2051 2684 2196 2718 tanquam
2215 2689 2333 2718 procu—

1422 2732 1554 2762 ratores,
1576 2726 1644 2765 ipse
1666 2726 1760 2755 eciam
1779 2726 1860 2756 inter
1875 2726 2042 2766 magistros
2062 2727 2201 2756 nacionis
2219 2727 2336 2767 Angli-1

1423 2785 1497 2804 cane
1511 2775 1542 2804 in
1558 2775 1665 2804 eodem
1678 2775 1796 2810 rotulo,
1814 2775 1841 2805 si
1855 2775 2076 2814 imponeretur,
2091 2782 2200 2815 posset
2211 2776 2331 2816 imponi

1421 2867 1538 2899 gavisum
1551 2875 1612 2890 ease.

1454 2904 1477 2926 5.
1511 2904 1604 2926 Iterum
1617 2903 1671 2926 alio
1681 2903 1838 2927 charactere.

1454 2939 1477 2961 6.
1514 2938 1543 2961 10
1555 2938 1680 2962 Octobris.

1455 2974 1478 2996 7.
1511 2973 1570 2997 Scil.
1581 2974 1703 2997 Nicolaus
1714 2974 1746 2998 de
1757 2974 1935 3006 Cussangeyo.
1953 2974 2005 2998 Vid.
2025 2974 2205 3003 Chartu1,111,
2219 2979 2246 2998 ne
2258 2975 2324 2998 1395
