2632 3464
853 0 1558 34 WfflgssfrWffZ-beuffesswfffflrwas«
1573 0 1639 22 ,ἕν’-ζμ,
1673 1 1694 14 *v
1707 0 1726 7 η.
1739 0 1755 15 w-
1776 0 1933 24 xlm-*rvrgffv—qu
1958 0 1963 11 1
1983 7 1987 14 Ι
2008 0 2026 16 ’Ἴ
2055 15 2056 18 ¹
2075 0 2094 15 ff&
2115 10 2120 21 Ἰ

974 23 1062 47 plur..
1104 22 1287 43 *⁷2·-,·'‘›s
1318 35 1340 46 ,Η
1367 21 1381 37 ,Α
1463 26 1466 27 ⁷
1676 25 1678 27 a

912 452 1184 480 MEMORABILIA
1202 452 1288 479 NAT.
1309 451 1555 478 ANGLICANAE
2127 461 2201 477 xxvu

274 534 381 570 natio
394 532 608 582 Anglicana
625 530 804 582 perderet
819 531 882 580 jus
902 538 941 567 et
954 530 1231 579 proprietatem
1252 540 1359 564 suam
1380 527 1419 563 in
1439 526 1515 562 illis
1532 526 1675 562 scholis
1697 541 1716 582 1³-
1736 527 1832 573 (683,
1854 527 1922 573 12).
1948 528 2101 563 Frustra
2122 529 2202 576 pri-

276 615 379 638 mum
403 600 572 638 Picardis
599 614 617 635 α
640 612 778 649 parvas
801 598 954 636 scholas
974 610 1108 635 versus
1130 599 1347 648 Sequanam
1369 612 1386 633 1>
1409 596 1551 634 obtulit
1572 598 1678 634 natio
1696 603 1829 633 nostra
1845 597 1942 643 (686,
1967 597 2033 643 10).
2062 598 2203 634 lterum

277 672 427 707 ruinam
448 668 735 719 impendentem
756 681 817 704 an.
846 668 940 704 1396
962 666 1109 703 Picardi
1134 675 1298 716 arguunt
1312 668 1410 714 (728,
1440 668 1513 714 21),
1537 668 1602 716 qui
1626 665 1782 703 tandem
1803 667 2013 715 propositis
2035 668 2201 704 nationis

273 739 425 789 Anglic.
450 738 618 775 libenter
640 750 700 773 an.
725 737 818 773 1398
838 743 1056 773 annuerunt
1081 737 1179 782 (755,
1204 737 1252 783 9).
1277 737 1389 773 Anno
1409 736 1563 772 demum
1591 736 1698 779 1402,
1721 742 1810 784 post
1833 736 2015 771 maximas
2035 735 2201 772 difficul-

274 815 388 851 tates,
410 808 564 858 penitus
584 805 807 842 aedificatae
827 813 918 842 sunt
937 805 1156 855 sumptibus
1173 806 1340 841 nationis
1359 818 1428 842 eae
1450 804 1607 842 scholae
1623 805 1720 851 (848,
1740 805 1812 851 33),
1837 805 1874 840 in
1896 817 2057 853 quarum
2077 805 2202 842 fronte

276 890 336 914 an.
358 877 451 913 1406
467 882 752 925 repraesentata
773 882 863 911 sunt
881 887 984 911 arma
1005 875 1251 924 Imperatoris
1270 887 1354 910 cum
1380 874 1493 911 titulo
1517 889 1524 910 :
1551 888 1567 910 α
1588 875 1665 910 Han
1684 887 1773 910 suwr
1790 887 1898 910 soom
1915 887 2050 910 SEPTEM
2070 888 2201 910 Annum

274 958 489 982 masmim(
511 958 528 985 n
552 944 652 991 (930,
673 945 745 990 36).
769 946 859 981 Jure
878 945 983 980 natio
1002 943 1240 992 gloriabatur
1261 942 1310 979 de
1329 943 1389 980 his
1410 943 1566 985 scholis,
1592 955 1680 979 nam
1706 957 1723 978 α
1749 955 1826 979 non
1848 950 1908 979 est
1930 943 2053 978 visum
2077 943 2201 980 simile

276 1027 374 1065 opus
389 1027 410 1051 a
422 1015 578 1051 natione
595 1013 832 1062 completum
849 1027 867 1048 n
884 1014 981 1059 (848,
996 1014 1068 1058 35).

289 1108 290 1111 =
327 1085 385 1120 De
397 1084 595 1132 emptione
609 1083 860 1131 antiquarum
876 1081 1094 1118 scholarum
1110 1090 1150 1118 et
1164 1081 1212 1118 de
1228 1095 1357 1118 earum
1375 1083 1618 1132 reparatione
1634 1095 1693 1118 an.
1715 1082 1808 1118 1369
1825 1081 2008 1117 docemur
2019 1081 2116 1127 (324,
2138 1082 2201 1124 37;

281 1151 367 1195 330,
388 1152 471 1199 35);
493 1164 572 1188 non
590 1150 703 1188 facile
722 1151 867 1188 latomo
892 1151 961 1188 150
980 1150 1098 1187 libras
1121 1153 1359 1188 necessarias
1383 1152 1508 1189 tribus
1529 1150 1787 1188 solutionibus
1808 1150 1936 1194 dedit3
1966 1158 2005 1187 at
2024 1151 2205 1200 perfectis

273 1220 471 1257 laboribus
492 1233 682 1270 nusquam
704 1235 721 1255 (ι
745 1221 924 1270 antiquae
947 1234 964 1255 1>
986 1227 1172 1256 vocantur
1192 1220 1350 1257 eaedem
1376 1221 1544 1265 scholae,
1568 1220 1638 1258 sed
1658 1234 1786 1258 novae.
1812 1221 1907 1257 Cum
1926 1221 2002 1269 jam
2024 1233 2084 1256 an.
2111 1220 2205 1256 1370

277 1304 296 1327 α
318 1302 406 1327 area
428 1289 654 1326 scholarum
677 1302 862 1326 novarum
884 1296 990 1326 esset
1016 1289 1178 1326 multum
1203 1289 1437 1339 pulverizata
1462 1298 1501 1327 et
1523 1303 1696 1332 arenosa,
1726 1290 1763 1325 in
1791 1297 1940 1326 tantum
1965 1289 2068 1338 quod
2095 1291 2203 1339 quasi

275 1359 532 1397 abominabile
560 1366 664 1396 esset
694 1359 933 1396 scholaribus
961 1372 1003 1396 se
1032 1372 1176 1409 ponere
1204 1361 1242 1396 in
1272 1367 1380 1397 tanto
1410 1357 1655 1395 multitudine
1682 1356 1851 1406 pulveris
1882 1370 1915 1399 »,
1945 1358 2205 1406 pavimentum

273 1430 418 1466 factum
441 1419 502 1466 est
526 1430 690 1479 pecunia
714 1441 735 1465 a
757 1436 1006 1478 procuratore
1030 1429 1198 1466 Jordano
1222 1429 1270 1466 de
1291 1429 1409 1466 Clivis
1423 1428 1622 1477 praestita.
1647 1429 1730 1464 Jam
1756 1439 1832 1463 non
1852 1439 1937 1462 raro
1958 1427 2205 1463 nominantur

274 1499 428 1535 scholae
445 1511 562 1535 novae
579 1498 862 1535 Almannorum
884 1511 1000 1547 super
1023 1508 1166 1535 terram
1188 1499 1248 1536 vel
1271 1502 1474 1549 inferiores
1496 1501 1594 1548 (430,
1617 1500 1770 1543 9;*504,
1794 1500 1838 1543 3;
1861 1500 1946 1543 593,
1970 1500 2026 1545 3),
2049 1501 2205 1537 scholae

273 1580 389 1604 novae
410 1567 661 1618 Anglc'eorum
684 1580 801 1615 super
823 1575 967 1603 tet-ram
988 1567 1085 1613 (449,
1114 1569 1188 1614 45),
1211 1582 1310 1618 quae
1336 1571 1452 1606 etiam
1476 1569 1706 1606 dicebantur
1730 1581 1890 1620 magnae
1913 1569 2067 1605 scholae
2087 1583 2204 1606 novae

274 1637 441 1673 nationis
455 1649 573 1685 super
592 1645 749 1679 terram,
773 1650 790 1672 c<
808 1637 848 1672 in
866 1636 1007 1686 quibus
1023 1637 1214 1674 Jordanus
1231 1638 1280 1675 de
1295 1639 1412 1676 Clivis
1431 1639 1562 1676 multis
1579 1639 1689 1675 annis
1705 1638 1836 1688 legere
1848 1640 2048 1675 consuevit
2066 1653 2083 1674 1>
2105 1640 2202 1685 (593,

275 1706 318 1750 3;
339 1706 424 1748 611,
447 1705 517 1753 10),
540 1713 579 1742 et
598 1705 755 1755 quidem
771 1706 851 1754 J'am
870 1705 918 1742 ab
939 1719 1000 1743 an.
1028 1707 1121 1744 1369
1139 1708 1237 1753 (339,
1260 1709 1307 1744 42
1327 1711 1442 1758 sqq.).
1458 1729 1506 1736 —-
1521 1709 1643 1745 Partis
1665 1715 1792 1744 autem
1815 1709 2025 1758 superioris
2047 1709 2205 1745 eaedem

272 1783 459 1812 vocantur
477 1775 634 1812 scholae
648 1788 764 1812 novae
783 1775 1067 1812 Almannorum
1085 1778 1303 1825 superiores
1322 1778 1382 1814 vel
1400 1778 1556 1814 scholae
1574 1791 1734 1829 magnae
1749 1778 2075 1826 superiores(593,
2099 1778 2150 1828 5),
2167 1780 2205 1815 in

275 1844 416 1895 quibus
439 1846 627 1882 Henricus
650 1844 838 1895 Langhals
858 1844 923 1881 diu
947 1845 1042 1895 legit
1063 1846 1161 1892 (339,
1187 1846 1260 1893 45).
1281 1847 1446 1884 Eaedem
1475 1855 1663 1884 vocantur
1682 1847 1838 1884 scholae
1858 1860 2019 1898 magnae
2037 1857 2072 1883 et
2091 1862 2206 1884 novae

275 1914 561 1951 Almannorum
575 1915 614 1950 in
629 1927 724 1950 cono
741 1915 814 1950 vici
824 1914 1032 1950 straminis
1049 1928 1178 1951 versus
1194 1916 1413 1965 Sequanam
1427 1917 1525 1964 (448,
1544 1917 1614 1963 10).

325 1985 541 2021 Occurrunt
561 1984 678 2020 etiam
706 1983 862 2019 scholae
883 1997 1030 2032 parvae
1052 1984 1334 2021 Almanam-am
1360 1999 1488 2021 versus
1514 1985 1735 2033 Sequanam
1763 1986 2007 2033 superiores¹
2034 1993 2072 2022 et
2091 1999 2207 2034 super

278 2061 422 2089 terram
444 2053 541 2099 (504,
562 2053 584 2088 8
605 2065 680 2102 sq.,
694 2052 767 2099 28).

325 2122 536 2160 Obscurius
557 2121 810 2172 designantur
834 2122 989 2159 scholae
1018 2123 1229 2160 wilhelmo
1254 2123 1302 2159 de
1323 2123 1527 2173 Wadenoy
1556 2136 1782 2167 concessae,
1809 2125 1904 2160 sitae
1932 2125 1969 2160 ιή
1992 2126 2068 2174 fine
2093 2126 2207 2160 seleo—

277 2191 405 2228 larum
431 2193 616 2235 omnium,
641 2205 740 2241 quae
767 2199 896 2228 tamen
918 2199 1050 2228 vastae
1073 2192 1191 2229 fuisse
1213 2191 1391 2229 videntur
1418 2206 1503 2229 cum
1527 2206 1595 2230 eae
1616 2193 1784 2229 Marsilio
1810 2193 1858 2229 de
1875 2193 2019 2243 Inghen
2041 2194 2208 2231 tributae

276 2261 418 2298 fuerint
429 2261 526 2308 (415,
542 2262 578 2305 5;
596 2261 681 2304 430,
699 2261 773 2308 25).
792 2263 904 2298 Anno
921 2262 1013 2298 1373
1028 2263 1179 2312 Hugoni
1197 2261 1245 2298 de
1263 2263 1445 2299 Hervorst
1461 2261 1727 2299 conceduntur
1740 2262 1895 2299 scholae
1914 2264 2078 2299 situatae
2093 2277 2210 2312 super

274 2331 434 2367 scholas
452 2343 552 2382 mag.
580 2330 776 2368 Willzelmi
794 2331 839 2367 de
867 2331 1074 2379 Wadenoy,
1099 2333 1194 2367 sitae
1209 2345 1334 2380 prope
1352 2331 1572 2380 Sequanam
1593 2331 1690 2378 (432,
1713 2331 1787 2379 43).

323 2401 436 2436 Anno
453 2401 547 2437 1372
562 2402 730 2449 quinque
747 2399 903 2437 scholae
925 2400 1154 2450 spectabant
1171 2400 1217 2436 ad
1234 2402 1428 2437 nationem
1448 2400 1547 2448 (414,
1565 2401 1638 2448 40),
1659 2385 1808 2437 scilicet
1823 2414 1891 2437 eae
1912 2415 2007 2451 quas
2027 2401 2205 2438 diximus.

277 2470 327 2506 At
344 2483 429 2506 cum
448 2482 509 2506 an.
536 2470 643 2512 1378,
661 2469 710 2506 de
727 2469 1035 2519 reparationibus
1057 2469 1274 2506 scholarum
1295 2468 1517 2506 inferiorum
1538 2482 1672 2506 versus
1694 2471 1909 2520 Sequanam
1930 2478 2106 2520 receptor
2120 2471 2204 2507 Joh.

277 2539 427 2576 Stralen
458 2551 546 2575 cum
577 2552 677 2589 mag.
719 2538 890 2576 Gilberto
921 2538 986 2589 (de
1018 2538 1184 2582 Celseto‚
1227 2539 1377 2576 medico
1418 2540 1520 2589 regis
1560 2541 1751 2586 Franciae)
1789 2553 1918 2576 earum
1953 2542 2207 2589 proprietario

278 2615 477 2652 tractaret,
504 2609 535 2644 is
560 2609 738 2658 promisit
759 2610 906 2645 nationi
931 2621 1000 2658 pro
1027 2621 1093 2645 sex
1118 2608 1226 2644 libris
1250 2609 1387 2645 annuis
1413 2621 1454 2644 se
1482 2607 1671 2645 facturum
1702 2618 1777 2644 tres
1811 2609 1931 2645 bonas
1959 2609 2134 2645 scholas?
2160 2609 2208 2646 de

279 2677 423 2714 scholis
439 2676 648 2727 praedictis
666 2678 763 2724 (565,
787 2678 851 2720 3ος
870 2677 918 2714 cf.
937 2678 1023 2720 611,
1047 2679 1119 2724 30),
1138 2685 1176 2714 et
1191 2690 1323 2714 revera
1340 2677 1444 2714 fecit.
1469 2679 1639 2727 Namque
1656 2691 1742 2714 mox
1757 2679 2003 2714 nominantur
2020 2693 2036 2713 «
2053 2677 2208 2715 scholae

321 2835 348 2863 1.
393 2833 506 2863 Earum
524 2834 747 2874 proprietatem
765 2844 814 2864 an.
831 2835 908 2864 1376
923 2835 1007 2864 natio
1023 2845 1084 2864 non
1101 2834 1190 2864 habe·
1340 2835 1369 2863 2.
1414 2834 1466 2864 Sic
1487 2845 1602 2864 morem
1625 2836 1754 2875 gerebat
1773 2835 1888 2864 nationi
1914 2835 2101 2875 Anglicanae
2120 2835 2208 2865 dives

279 2883 345 2918 bat;
362 2883 465 2922 itaque
481 2883 694 2922 reparationes
709 2894 726 2912 a
744 2884 893 2923 magistro
908 2883 977 2913 Joh.
997 2884 1060 2913 Coc
1079 2883 1190 2923 petitas
1301 2883 1351 2913 ille
1382 2884 1519 2914 medicus
1549 2885 1601 2923 qui
1631 2884 1819 2913 aedificando
1849 2885 1972 2913 domum
2000 2895 2084 2913 suam
2116 2885 2146 2923 (i.
2178 2896 2205 2913 e.

281 2931 380 2961 faeere
408 2933 570 2961 recusabat
594 2933 674 2971 (505,
701 2933 749 2972 23)
777 2939 939 2972 antequam
964 2932 1191 2972 proprietarius
1301 2933 1422 2962 scholas
1443 2933 1621 2973 medicinae)
1638 2933 1802 2973 plurimum
1824 2933 1912 2963 novis
1936 2933 2052 2963 scholis
2073 2934 2207 2963 nationis

281 2981 317 3010 ad
334 2990 386 3010 eas
395 2979 550 3020 jubendas
564 2981 757 3011 invitaretur.
1300 2989 1445 3012 nocuerat
1463 2983 1542 3021 (456,
1563 2983 1613 3018 18;
1634 2984 1702 3017 467,
1719 2984 1773 3017 36;
1793 2984 1862 3018 565,
1880 2984 1918 3012 39
1931 2983 2003 3022 sq.).
