2632 3464
297 456 350 483 517

298 532 400 572 ipsum
413 531 571 566 nuncium,
590 537 621 560 et
632 530 741 571 petivit
756 539 794 560 ex
809 539 871 570 quo
886 528 947 558 sibi
962 527 1152 557 deberentur
1165 525 1204 554 de

298 579 362 610 illis
374 580 399 610 L
413 580 528 610 francis
539 579 675 619 receptis
691 589 749 619 per
764 584 956 618 receptorem
968 575 1038 606 XLI
1052 575 1102 605 vel
1117 574 1207 605 circi·

298 635 348 659 ter
359 629 526 669 (quomodo
543 635 574 659 et
585 628 719 668 qualiter
734 633 851 657 tantum
865 627 903 656 de
913 626 996 655 dicta
1013 634 1131 655 summa
1145 623 1206 653 sibi

299 678 421 709 dicebat
437 679 476 708 de
490 677 562 718 jure
581 683 767 717 competere,
790 675 912 706 dimitto
930 684 1023 704 causa
1044 673 1207 703 brevitatis

299 726 371 767 quia
385 733 469 757 esset
487 726 580 756 nimis
601 725 779 766 prolixum),
800 725 885 765 quod
903 724 964 754 sibi
982 723 1057 753 dicti
1076 722 1145 753 XLI
1167 723 1204 751 sr.

299 775 556 811 deliberat-entur,
572 775 644 815 quia
662 773 824 815 pecuniam
843 773 992 804 mutuavit
1010 779 1042 802 et
1058 771 1130 812 quia
1146 771 1208 800 itu-

299 834 353 855 rus
371 832 455 855 esset
474 823 600 854 indilate
614 824 652 853 ad
670 823 797 853 curiam.
816 822 905 853 Ultra
925 820 1111 862 supplicavit
1130 830 1208 860 qua-

299 879 389 903 tenus
411 874 499 903 nacio
522 874 635 903 faceret
655 873 716 903 sibi
735 878 849 902 tantam
869 871 1014 911 graciam,
1032 871 1116 910 quod
1136 869 1207 899 illos

300 922 342 952 IX
370 923 492 952 francos
517 922 598 952 ultra
622 921 763 962 recipere
789 926 908 961 posset,
929 926 959 950 et
980 925 1208 959 consequenter

300 971 371 1000 illos
389 970 414 1000 L
434 971 558 1000 francos
579 970 727 1005 totaliter,
748 975 779 999 et
799 979 853 999 eos
873 974 1036 1008 expectare
1057 967 1150 997 vellet
1169 967 1207 996 de

299 1019 532 1050 contribucione
547 1019 628 1050 ultra
643 1019 754 1054 fienda,
767 1018 840 1058 quia
857 1018 956 1048 iturus
977 1023 1025 1047 est
1044 1017 1082 1046 ad
1102 1023 1207 1057 partes

298 1067 519 1108 longinquas⁴‚
538 1074 569 1098 et
582 1067 671 1098 nacio
686 1067 796 1097 melius
813 1073 976 1107 expectare
990 1072 1100 1106 posset
1116 1075 1206 1106 quam

299 1117 379 1157 ipse.
404 1116 506 1157 Super
528 1127 590 1157 quo
606 1116 737 1146 articulo
756 1115 959 1146 deliberatum
982 1115 1039 1145 suit
1057 1125 1118 1145 una
1139 1124 1206 1144 cum

299 1165 530 1206 supplicacione
544 1165 619 1195 dicti
633 1165 767 1195 Marsilii
784 1165 981 1195 concorditer
997 1165 1036 1194 ab
1049 1164 1205 1199 omnibus,

298 1215 383 1254 quod
403 1215 504 1244 dictus
528 1215 677 1255 mag-ister
699 1214 859 1244 Mersilius
882 1214 1038 1254 reciperet
1061 1213 1162 1243 dictos
1182 1213 1207 1242 L

298 1263 421 1294 francos
431 1263 566 1293 totaliter
577 1276 585 1300 ;
598 1263 686 1293 multi
701 1269 802 1293 tamen
817 1263 973 1298 dixerunt,
991 1263 1044 1302 qui
1056 1262 1207 1292 minorem

298 1318 417 1352 partem
437 1319 599 1348 secuntur,
616 1313 700 1352 quod
714 1312 783 1342 XLI
799 1311 913 1348 franci,
930 1322 1010 1352 quos
1030 1312 1154 1351 petebat
1169 1311 1207 1340 de

293 1360 377 1402 jure,
389 1371 451 1391 non
467 1361 659 1391 debebantur
676 1361 735 1391 sibi
751 1362 789 1391 de
802 1361 863 1391 ista
876 1371 993 1391 summa
1011 1360 1138 1401 dejure,
1151 1361 1207 1390 sed

299 1410 398 1440 solum
422 1410 477 1440 XX
496 1409 546 1440 vel
564 1410 635 1440 XXI
657 1410 755 1440 franci
781 1409 841 1439 sibi
867 1410 1071 1439 debebantur.
1091 1408 1207 1438 Tamen

299 1469 406 1488 omnes
428 1459 636 1495 concorditer,
659 1458 724 1489 sive
751 1459 790 1488 de
805 1458 877 1499 jure
902 1459 962 1488 sibi
983 1464 1205 1498 competerent,

299 1508 366 1538 sive
383 1518 457 1543 non,
474 1508 684 1538 favorabiliter
694 1508 754 1538 sibi
770 1514 1003 1538 concesserunt.

339 1557 385 1586 2-
408 1557 557 1587 articulus
578 1557 634 1587 suit
655 1558 693 1586 ad
717 1557 923 1592 statuendum,
945 1557 972 1586 si
993 1557 1093 1587 visum
1116 1557 1208 1586 suerit

299 1606 479 1646 expediens,
502 1606 585 1646 quod
607 1605 832 1636 examinatores
858 1606 969 1636 Sancte
989 1606 1144 1636 Genovefe
1168 1606 1206 1635 de

297 1661 402 1685 cetero
418 1655 554 1695 eligendi
569 1655 664 1685 nichil
680 1656 790 1685 darent
806 1665 864 1695 pro
878 1655 978 1685 officio
987 1667 995 1691 ς
1016 1655 1053 1684 ad
1067 1661 1207 1684 statuen-

298 1704 370 1734 dum
398 1704 493 1734 eciam
525 1705 608 1744 quod
634 1704 738 1735 nullus
759 1705 884 1745 aliquod
914 1704 1046 1734 officium
1065 1705 1206 1734 nacionis

298 1759 459 1793 acceptare
478 1760 598 1794 posset,
617 1753 678 1783 nisi
704 1753 791 1794 prius
815 1754 949 1783 officium
970 1753 1206 1793 procuracionis

298 1802 482 1832 exercuerit.
504 1803 613 1840 Quoad
635 1802 767 1843 primum
785 1803 867 1833 illius
885 1803 1006 1832 articuli
1018 1802 1116 1843 major
1131 1812 1206 1842 pars

299 1851 387 1887 dixit,
406 1853 490 1891 quod
508 1861 571 1881 non
593 1858 677 1882 esset
700 1852 870 1892 expediens
897 1851 955 1882 hoc
979 1858 1126 1886 statuere,
1150 1852 1205 1881 sed

298 1900 414 1940 placuit
427 1900 535 1941 majori
552 1901 632 1940 parti
651 1901 735 1941 quod
755 1900 807 1930 illa
826 1902 1030 1936 consuetudo,
1049 1911 1110 1941 qua
1129 1900 1206 1931 voli-

298 1955 362 1979 tum
382 1955 430 1979 est
453 1949 536 1989 quod
557 1949 630 1979 dicti
654 1950 879 1980 examinatores
901 1950 946 1980 sic
976 1950 1065 1980 electi
1089 1950 1207 1990 aliquid

298 1998 383 2033 dant,
404 1997 588 2038 simpliciter
605 2005 781 2029 amoveatur
801 2005 832 2029 et
850 1999 1034 2039 deponatur,
1058 2000 1102 2029 sic
1122 2000 1206 2039 quod

298 2046 336 2076 de
352 2053 455 2076 cetero
470 2047 574 2077 nullus
588 2048 635 2077 sic
656 2047 773 2078 electus
792 2048 911 2088 aliquid
926 2049 1012 2078 dabit
1031 2059 1087 2088 pro
1105 2048 1206 2078 officio

297 2096 528 2126 examinatoris.
548 2096 657 2134 Quoad
677 2098 717 2126 2¹¹
736 2097 820 2126 illius
840 2097 974 2132 articuli,
999 2097 1107 2137 majori
1126 2098 1205 2137 parti

298 2144 414 2184 placuit
435 2146 519 2184 quod
540 2145 592 2175 illa
613 2145 738 2186 antiqua
757 2147 951 2176 consuetudo
973 2147 1204 2182 observaretur,

299 2193 418 2223 scilicet
427 2195 510 2234 quod
518 2196 618 2223 nullus
627 2195 754 2234 aliquod
761 2197 887 2233 officium
900 2197 1035 2224 nacionis
1045 2204 1206 2236 acceptare

295 2243 402 2282 ροιοίι,
419 2244 479 2272 nisi
490 2244 578 2282 prius
587 2251 770 2283 procurator
783 2246 925 2274 estiterit.

339 2291 386 2320 3⁸·
401 2291 550 2322 articulus
565 2292 621 2322 suit
634 2293 673 2322 ad
687 2292 891 2322 ordinandum
908 2293 946 2322 de
959 2293 1091 2333 pecunia
1104 2294 1206 2323 nacio-

299 2340 359 2370 nis.
380 2339 563 2371 Ordinatum
578 2341 634 2371 fuit
648 2341 750 2381 primo
766 2342 804 2371 de
820 2342 951 2381 pecunia
970 2342 1040 2372 data
1057 2343 1207 2382 magistro

300 2388 457 2425 Mersilio,
480 2389 518 2419 de
544 2399 604 2429 qua
628 2389 727 2429 prius.
753 2389 792 2419 Et
813 2390 845 2419 2⁰
869 2389 1071 2420 deliberatum
1097 2390 1153 2420 suit
1177 2397 1207 2420 et

300 2437 474 2468 ordinatum
492 2448 548 2478 per
569 2438 729 2468 nacionem
748 2439 831 2478 quod
851 2439 950 2478 priori
969 2439 1073 2469 Sancti
1091 2439 1205 2469 Juliani

301 2487 447 2527 pauperis
464 2487 612 2517 darentur
629 2487 766 2527 quinque
785 2487 879 2517 franci
899 2497 959 2527 pro
976 2488 1155 2518 elemosinis
1175 2489 1206 2518 in

301 2536 474 2567 subsidium
491 2536 700 2566 edificacionis
721 2536 851 2567 ecclesie
867 2547 936 2572 sue,
954 2537 985 2566 in
1003 2548 1063 2578 qua
1080 2538 1206 2568 facultas

301 2585 415 2615 arcium
434 2595 506 2615 suas
523 2585 712 2624 consue[vi]t
732 2585 831 2615 facere
847 2586 1126 2626 congregaciones,
1146 2594 1204 2617 etc.

340 2634 386 2663 4-
414 2634 470 2664 fuit
497 2644 592 2675 super
622 2634 918 2674 supplicacionibus.
951 2634 991 2665 Et
1020 2635 1207 2675 supplicavit

301 2682 450 2722 magister
469 2682 629 2713 Mersilius
654 2689 687 2712 ut
706 2682 806 2723 prius,
830 2690 902 2718 etc.,
927 2690 957 2713 et
982 2683 1038 2714 fuit
1059 2694 1208 2714 concessa

302 2740 357 2760 sua
381 2731 582 2771 supplicacio‚
610 2738 643 2762 ut
665 2732 771 2772 prius,
802 2738 832 2762 et
858 2731 1027 2772 injunctum
1055 2732 1110 2763 fuit
1136 2739 1207 2762 tunc

302 2779 456 2819 receptori
481 2780 620 2810 nacionis
642 2786 750 2810 nostre
775 2791 833 2821 per
854 2781 1026 2816 nacionem,
1056 2788 1208 2821 quatenus

301 2827 370 2868 ipse
383 2834 522 2858 moneret
538 2828 609 2858 illos
626 2839 684 2869 pro
697 2829 810 2870 quibus
826 2830 894 2870 ipse
909 2829 984 2860 alias
1000 2830 1038 2860 de
1053 2840 1208 2861 consensu

334 2943 356 2966 1.
391 2943 476 2967 Primo
497 2943 669 2971 avenionem.
685 2946 775 2976 ponera
793 2945 894 2968 ltaliam
912 2953 979 2976 quae
996 2945 1148 2978 intelllgieur
1161 2954 1209 2978 per

302 2981 391 3010 parcen
407 2978 570 3010 longinquae.
589 2979 618 3003 id
638 2982 674 3003 ul
696 2979 802 3004 Romam
827 2980 883 3012 (ubi
900 2982 960 3004 que
974 2981 1046 3004 curia
1063 2981 1207 3013 existebat),

801 452 914 480 LIBER
940 448 1253 478 PROCURATORUM
1276 448 1457 475 NATIONIS
1478 450 1723 476 ANGLICANAE

1245 971 1279 997 10

1245 1215 1278 1241 15

1244 1461 1279 1487 20

1243 1707 1277 1733 25

2170 452 2221 478 518

1314 525 1454 554 nacionis
1478 525 1600 554 francos
1623 525 1744 554 debitos
1763 536 1820 564 pro
1842 533 2042 565 procuratore
2064 529 2219 567 exposuit,

1314 573 1386 613 quia
1397 573 1435 602 ab
1450 573 1606 613 aliquibus
1619 573 1662 604 sui
1679 574 1848 614 requisitus
1859 581 1929 604 ante
1941 577 2218 615 congregacionem

1315 628 1467 662 quatenus
1482 623 1520 652 de
1538 622 1596 652 boc
1610 623 1802 652 mencionem
1818 623 1961 659 facerem,
1980 631 2038 654 etc.

1411 728 1477 759 lsti
1505 735 1590 758 sunt
1618 729 1682 769 qui
1715 729 1938 769 inceperunt
1966 731 2002 760 in
2028 731 2127 760 dicta

1626 779 1906 818 procuratoria.

1357 867 1463 897 Primo
1487 868 1604 908 incepit
1624 868 1768 898 dominus
1795 868 1944 899 Hinricus
1971 870 2008 899 de
2035 869 2221 910 Ysenborgh

1317 917 1374 947 sub
1389 917 1540 957 magistro
1552 917 1693 947 Gerardo
1709 917 1874 954 Peelchen,
1887 917 1974 958 cujus
1985 919 2080 948 bursa
2091 919 2150 948 1111
2162 919 2221 948 sol.

1317 965 1428 996 Solvit.

1358 1015 1432 1045 Item
1445 1015 1562 1055 incepit
1571 1016 1714 1045 dominus
1724 1015 1936 1046 Theodericus
1950 1017 1988 1045 de
1998 1015 2152 1046 Alcmaria
2165 1018 2223 1047 sub

1316 1064 1466 1104 magistro
1483 1063 1624 1094 Gerardo
1643 1066 1682 1094 de
1701 1064 1825 1100 Calker,
1849 1064 1937 1105 cujus
1952 1066 2048 1095 bursa
2066 1065 2093 1095 V
2114 1067 2219 1096 solidi.

1316 1113 1426 1143 Solvit.

1356 1162 1431 1192 Item
1453 1162 1570 1203 incepit
1588 1163 1731 1193 dominus
1751 1162 1940 1194 Colmannus
1961 1164 1999 1193 de
2018 1164 2144 1194 Austria
2164 1167 2221 1195 sub

1315 1212 1465 1252 magistro
1477 1212 1616 1242 Johanne
1634 1213 1672 1241 de
1689 1212 1833 1248 Saxonia‚
1849 1212 1937 1252 cujus
1952 1213 2046 1243 bursa
2058 1213 2098 1243 V1
2111 1213 2214 1243 solidi.

1316 1260 1427 1290 Posuit
1442 1261 1558 1301 pignus
1575 1267 1606 1291 et
1620 1271 1677 1300 pro
1695 1262 1946 1291 determinancia.

1357 1309 1431 1339 Item
1449 1310 1565 1350 incepit
1579 1311 1723 1340 dominus
1742 1310 1853 1340 Petrus
1865 1311 1903 1340 de
1917 1311 2044 1341 Austria
2057 1312 2115 1341 sub
2128 1313 2222 1353 magi-

1315 1365 1382 1389 stro
1407 1359 1546 1389 Johanne
1573 1360 1612 1388 de
1641 1359 1790 1394 Saxonia,
1819 1359 1906 1399 cujus
1930 1360 2024 1390 bursa
2049 1360 2089 1390 VI
2115 1361 2220 1391 solidi.

1316 1407 1426 1438 Posuit
1438 1408 1554 1448 pignus
1571 1415 1601 1438 et
1618 1419 1677 1448 pro
1690 1409 1942 1439 determinancia.

1356 1457 1429 1496 (F'ol.
1449 1460 1476 1497 7)
1495 1457 1570 1487 Item
1591 1459 1668 1487 facta
1685 1458 1932 1498 congregacione
1947 1459 2087 1488 nacionis
2106 1459 2221 1489 XXlll²

1315 1506 1365 1535 die
1382 1506 1502 1546 Aprilis
1518 1507 1550 1536 in
1573 1506 1748 1536 Carmelitis
1768 1506 1844 1536 hora
1861 1507 2030 1547 primarum
2048 1508 2085 1537 ad
2100 1509 2224 1549 suppli-

1315 1555 1457 1591 candum,
1467 1555 1721 1595 supplicaverunt
1729 1556 1876 1596 magister
1885 1555 2102 1586 Ghiselbertus
2115 1556 2221 1592 Scout,

1315 1603 1463 1643 magister
1485 1604 1667 1645 Nyc[olaus]
1687 1605 1762 1634 Piec
1782 1604 1993 1645 repatriaturi‚
2014 1612 2165 1645 quatenus
2195 1607 2221 1636 si

1315 1652 1346 1682 in
1362 1663 1467 1683 eorum
1483 1653 1627 1683 absencia
1639 1663 1749 1693 papam
1761 1654 1927 1694 contigerit
1937 1654 2014 1684 mori
2027 1654 2075 1684 vel
2088 1655 2219 1685 rotulum

1314 1702 1380 1732 fieri
1398 1703 1437 1731 ad
1451 1704 1594 1738 eundem,
1609 1703 1693 1742 quod
1703 1702 1802 1732 eidem
1818 1703 1920 1732 rotulo
1931 1709 2074 1743 tanquam
2090 1714 2223 1744 presen-

1314 1758 1361 1781 tes
1376 1757 1507 1792 possent
1521 1751 1656 1791 imponi;
1675 1762 1805 1791 quorum
1824 1752 2014 1792 supplicacio
2030 1763 2114 1782 more
2131 1754 2223 1783 solito

1314 1801 1384 1830 aliis
1413 1801 1689 1840 predecessoribus
1718 1801 1784 1831 suis
1818 1801 2064 1841 supplicantibus
2094 1803 2221 1832 concedi

1315 1850 1372 1880 fuit
1396 1860 1556 1880 concessa.
1590 1850 1665 1880 Item
1695 1850 1882 1890 supplicavit
1907 1851 2051 1880 dominus
2078 1851 2222 1881 Andreas

1264 1927 1266 1929 ,
1315 1899 1547 1934 Leda-damme,
1578 1909 1646 1929 cum
1674 1905 1758 1929 esset
1787 1906 1912 1939 paratus
1936 1898 2043 1938 jurare
2077 1907 2221 1930 statutum

1243 1953 1277 1979 30

1243 2197 1277 2224 35

1243 2442 1278 2469 40

1244 2685 1278 2712 45

1314 1949 1516 1988 paupertatis,
1531 1949 1676 1988 quatinus
1699 1949 1787 1978 nacio
1810 1949 1870 1978 sibi
1894 1949 2005 1978 bursas
2022 1960 2076 1978 sue
2094 1950 2223 1979 licencie

1315 2003 1344 2027 et
1359 1997 1530 2038 magisterii
1546 1997 1716 2028 remitteret
1728 2004 1758 2027 et
1767 1997 1918 2037 quitaret;
1931 1997 2018 2038 cujus
2032 1999 2223 2038 supplicacio

1315 2047 1371 2076 suit
1399 2056 1559 2082 concessa,
1587 2047 1667 2076 sicut
1695 2053 1726 2076 et
1753 2046 1822 2076 aliis
1854 2053 2000 2076 statutum
2033 2048 2222 2087 paupertatis

1310 2094 1486 2135 jurantibus
1501 2096 1580 2125 solet
1596 2096 1735 2125 concedi.

1356 2145 1430 2175 Item
1453 2145 1530 2174 facta
1553 2145 1800 2185 congregacione
1823 2145 1963 2174 nacionis
1990 2144 2046 2174 Ill·
2076 2145 2125 2174 die
2149 2144 2220 2184 Maij

1315 2193 1390 2224 hora
1407 2203 1606 2234 vesperarum
1623 2195 1705 2234 apud
1723 2194 1868 2223 Sanctum
1888 2194 2074 2223 Maturinum
2092 2195 2128 2223 ad
2147 2204 2223 2233 sup-

1314 2244 1502 2284 plicandum,
1526 2242 1713 2282 supplicavit
1728 2243 1876 2283 magister
1896 2243 2053 2272 Johannes
2071 2243 2109 2272 de
2125 2243 2223 2272 Saxo-

1315 2292 1366 2322 nia
1381 2292 1512 2327 Parvus,
1529 2292 1566 2321 ad
1581 2291 1711 2332 patriam
1727 2291 1839 2327 iturus,
1854 2298 2005 2332 quatenus
2017 2292 2043 2321 si
2059 2292 2223 2331 contigerit

1314 2341 1447 2371 rotulum
1472 2340 1537 2371 fieri
1565 2351 1619 2371 seu
1641 2351 1751 2381 papam
1778 2341 1855 2370 mori
1881 2341 1911 2370 in
1935 2340 2079 2370 absencia
2099 2351 2164 2374 sua,
2186 2351 2222 2369 ex

1315 2401 1377 2430 quo
1399 2397 1482 2420 esset
1509 2390 1588 2420 firmi
1618 2390 1773 2430 propositi
1799 2390 1974 2420 revertendi
2003 2390 2099 2419 cicius
2130 2400 2219 2429 quam

1316 2446 1433 2479 posset,
1453 2439 1525 2479 quia
1540 2449 1592 2469 res
1611 2449 1682 2470 suas
1697 2439 1876 2473 dimitteret,
1891 2445 1963 2474 etc.,
1978 2439 2061 2478 quod
2078 2445 2221 2477 tanquam

1315 2498 1447 2528 presens
1466 2488 1567 2518 rotulo
1584 2494 1691 2528 posset
1711 2488 1838 2527 imponi.
1861 2487 1957 2527 Cujus
1978 2487 2168 2526 supplicacio
2186 2498 2222 2516 eo

1315 2538 1406 2567 modo
1430 2547 1492 2577 quo
1516 2545 1695 2567 consuetum
1723 2544 1771 2567 est
1796 2537 1973 2567 consimiles
2005 2536 2142 2569 concedi,
2169 2535 2223 2565 suit

1315 2596 1474 2616 concessa.

1357 2635 1431 2665 Item
1458 2636 1535 2665 facta
1565 2635 1812 2675 congregacione
1845 2634 1983 2663 nacionis
2009 2633 2046 2661 v·
2073 2634 2122 2662 die
2150 2633 2221 2662 Maii

1316 2684 1392 2714 hora
1414 2685 1580 2724 primarum
1601 2685 1681 2724 apud
1711 2685 1854 2713 Sanctum
1876 2683 2028 2712 lulianum
2055 2692 2221 2722 pauperem

1316 2734 1353 2763 ad
1375 2733 1559 2763 audiendum
1580 2739 1754 2773 compotum
1779 2731 1962 2771 receptoris,
1987 2731 2023 2760 ad
2046 2731 2221 2770 eligendum

1317 2789 1547 2822 procuratorem
1562 2789 1591 2811 et
1606 2783 1644 2811 ad
1658 2774 1904 2821 supplicandum,
1922 2781 2022 2820 primo
2037 2780 2223 2820 computavit

1316 2831 1459 2861 dominus
1480 2837 1634 2871 receptor,
1649 2837 1679 2860 et
1695 2830 1853 2859 defalcatis
1868 2829 2018 2869 expositis
2032 2838 2090 2868 per
2113 2838 2179 2858 eum
2205 2838 2221 2858 a

1316 2954 1392 2978 qnam
1403 2946 1488 2970 urbem
1498 2954 1539 2969 an.
1550 2946 1618 2972 2³77,
1627 2947 1734 2968 Ianuar.
1748 2945 1783 2972 17,
1795 2943 1930 2975 Gan-gorius
1936 2943 2122 2967 Xleolemm'eer
2130 2943 2223 2974 ingra-

1316 2990 1358 3005 ιω
1365 2983 1411 3005 eu.
