2632 3464
440 412 503 428 inv
1171 412 1177 423 ³
1283 409 1557 437 INTRODUCTIO·
1605 416 1619 426 ⁴¹
1662 413 1665 418 ‘

439 480 534 527 (cap.
556 479 590 525 4)
607 479 656 515 de
671 479 836 528 quodam
851 481 966 518 horto
985 482 1033 518 ad
1052 483 1210 519 domum
1228 485 1499 534 'Upsalierisem
1511 489 1741 536 ‘pertinente
1753 497 1793 527 et
1808 490 1860 527 de
1875 491 1997 528 tribus
2016 491 2195 531 domibus
2213 499 2373 535 mentio-

439 560 528 584 nem
545 548 699 585 brevem
717 550 935 598 injecimus;
953 551 1021 588 sed
1041 552 1167 602 aliqua
1191 553 1391 590 addemus.
1668 561 1670 568 '
2035 564 2037 566 ’

490 618 631 654 Hortus
657 618 721 655 ille
746 620 784 654 in
811 621 896 656 vico
919 622 1117 670 Serpentis
1139 623 1237 658 situs
1259 623 1429 660 Th'omae
1452 624 1654 669 Graffardi,
1678 626 1853 664 nationis·
1871 630 2139 674 Normanniae,
2164 635 2371 671 secretario

440 688 541 736 regis
560 688 755 730 Franciae,
786 702 846 725 an.
868 690 974 733 1373,
996 691 1162 739 placuit,
1179 705 1266 727 cum
1285 692 1442 731 domum
1463 694 1496 730 ei
1525 696 1747 745 contiguam
1763 697 1971 742 habitaret,
1989 699 2156 736 Thomas
2177 700 2369 752 loca'gium

438 756 539 792 horti
561 770 581 792 a
601 758 756 795 natione
775 760 933 808 optimis
951 760 1246 797 condicionibus
1262 763 1408 810 petivit.
1430 763 1524 800 Inde
1541 763 1788 803 difficultates
1806 774 1914 804 ortae
1933 776 2026 805 sunt
2045 769 2148 818 quod
2164 771 2301 808 Petrus
2321 772 2370 809 de

438 827 539 862 Luca
569 826 616 862 ab
653 827 924 864 archidiacono
953 829 1119 878 quodam
1150 830 1199 866 de
1234 832 1384 874 Suecia,
1416 836 1517 869 tunc·
1540 833 1735 879 defuncto,
1755 838 2069 885 *procurationem
2095 839 2229 877 multis
2259 842 2370 878 annis

438 902 550 931 antea
578 904 780 945 acceperat
808 910 933 947 neque
955 899 1033 946 jam
1062 911 1103 935 se
1128 908 1418 948 procuratorem
1442 902 1545 939 illius
1569 903 1753 940 horti²vel
1776 904 1934 954 plateae
1956 906 2172 956 reputabat.
2199 909 2369 948 Tandem

438 978 497 1000 an.
512 965 616 1008 1374,
631 965 741 1001 Febr.
758 967 813 1009 17,
832 968 1168 1005 consentientibus
1185 969 1427 1007 scholaribus
1439 974 1659 1021 provinciae
1672 974 1844 1017 Sueciae,
1858 975 2064 1012 conclusus
2074 985 2134 1013 est
2147 974 2369 1017 contractus

437 1052 512 1087 quo
533 1039 667 1075 hortus
691 1052 762 1088 pro
789 1040 838 1076 40
858 1040 929 1076 sol.
954 1042 1070 1090 paris.
1093 1044 1208 1078 annui
1231 1043 1391 1080 census¹
1419 1044 1588 1079 Thomae
1610 1043 1771 1092 ejusque
1789 1040 2057 1082 heredibus—et
2079 1048 2369 1086 successoribus

436 1116 622 1158 perpetuu
630 1122 664 1143 m
682 1110 719 1144 in
734 1109 1017 1159 emphyteosim
1030 1112 1329 1155 concedebatur,
1348 1113 1465 1149 salvis
1475 1112 1626 1162 juribus
1648 1113 1816 1149 nationis
1835 1112 2073 1163 Anglicanae
2088 1123 2127 1152 et
2147 1117 2368 1166 praedictae

435 1178 655 1227 provinciae
682 1190 749 1214 seu
781 1178 970 1215 ecclesiae
991 1180 1217 1229 Upsalensis
1237 1183 1335 1228 (443,
1357 1183 1429 1229 35).
1454 1182 1856 1231 Posteriusepiscopo
1879 1183 2080 1232 Bajocensi
2103 1183 2368 1224 idem2'h0rtus

435 1247 582 1283 locatus
603 1247 674 1284 fuit
693 1248 792 1295 (681,
814 1249 878 1291 15;
898 1250 984 1293 684,
1003 1251 1076 1297 40).
1796 1250 1811 1253 γ’

483 1317 612 1352 Trium
637 1316 821 1353 domuum
849 1318 946 1364 (882,
969 1319 1005 1362 6,
1030 1333 1047 1354 α
1071 1320 1142 1355 tria
1163 1320 1328 1370 collegia
1349 1335 1367 1356 >³
1393 1322 1675 1369 nominantur-²)
1694 1327 1805 1371 quae,
1828 1325 1955 1359 uffan.
1974 1320 2077 1360 ’1392
2099 1324 2241 1362 dicitur
2266 1327 2364 1372 (661,

434 1387 506 1431 28),
522 1386 599 1434 jam
618 1394 777 1436 propter
797 1386 1012 1424 absentiam
1033 1388 1266 1425 scholarium
1290 1389 1440 1427 illarum
1456 1391 1739 1440 provinc-iarum
1755 1390 1803 1427 ad
1815 1404 1950 1428 manus
1970 1395 2138 1430 nationis
2153 1389 2200 1431 ei<
2219 1391 2364 1434 delibe-

434 1456 582 1492 ratione
603 1457 874 1492 Universitatis
899 1464 939 1493 et
965 1460 1158 1495 sententia
1182 1461 1345 1495 rectoris
1364 1459 1525 1509 pacifice
1545 1460 1796 1503 devenerant,
1818 1469 2089 1510 procuratores
2116 1471 2154 1500 et
2173 1464 2367 1514 guberna-

432 1532 537 1561 tores
551 1527 655 1561 natio
672 1525 916 1576 designabat,
935 1527 999 1576 qui
1013 1526 1061 1564 de
1081 1527 1241 1577 locagiis
1254 1530 1639 1579 reparationibusque
1655 1543 1784 1566 curam
1803 1530 2003 1575 haberent,
2017 1532 2056 1569 'et
2067 1532 2194 1583 om‘nia
2209 1526 2367 1584 recepta

432 1596 471 1630 in
494 1595 594 1631 libro
615 1595 830 1632 scriberent
847 1604 891 1632 ut
905 1604 1111 1646 computus
1126 1597 1204 1634 illis
1221 1597 1269 1634 ad
1290 1611 1388 1648 quos
1402 1606 1635 1649 spectarent,
1652 1599 1684 1636 si
1705 1611 1866 1636 necesse
1888 1586 2153 1650 foret,'posset
2178 1601 2363 1640 declarari

432 1665 529 1711 (662,
548 1665 620 1711 21).
641 1666 720 1701 Hae
742 1664 892 1708 domus,
914 1665 962 1702 de
982 1666 1212 1716 quibusjam
1236 1681 1320 1717 cap.
1342 1669 1379 1711 4,
1403 1676 1493 1705 sunt
1512 1677 1721 1718 sequentes
1741 1682 1749 1704 :

479 1734 624 1770 Domus
638 1734 792 1779 Daciae,
807 1735 915 1783 juxta
933 1735 1147 1785 Collegium
1164 1736 1417 1774 Laudunense
1436 1737 1507 1774 fuit
1522 1745 1560 1774 et
1580 1750 1701 1787 prope
1716 1738 1954 1782 Cal-melitas,
1975 1740 2039 1788 qui
2056 1739 2212 1776 domum
2233 1743 2365 1791 acqui-2

432 1816 515 1840 rere
528 1810 788 1846 tentaverunt,
803 1811 842 1840 et
858 1817 990 1840 revera
1007 1818 1027 1840 a
1043 1818 1134 1854 rege
1150 1807 1300 1855 copiam
1316 1806 1567 1844 obtinuerunt
1578 1808 1604 1843 ³.
1623 1806 1697 1843 Sed
1713 1807 1870 1851 frustra;
1889 1815 1998 1857 parte
2012 1809 2177 1858 quadam
2190 1811 2364 1847 contenti
2413 1847 2416 1850 ,

431 1885 517 1909 esse
546 1871 783 1916 debuerunt;
816 1874 937 1922 major
968 1887 1057 1922 pars
1085 1874 1222 1911 domus
1255 1875 1302 1911 ad
1330 1889 1440 1912 usum
1466 1876 1620 1926 collegii
1647 1876 1912 1913 Laudunensis
1937 1879 2088 1923 serviit,
2114 1892 2200 1915 cum
2226 1879 2362 1916 saltem

431 1955 490 1977 an.
515 1942 606 1978 1393
624 1955 644 1978 a
661 1943 847 1992 magistro
862 1943 1031 1980 Gerardo
1048 1943 1097 1980 de
1112 1945 1379 1994 Vel-signiaco,
1398 1946 1565 1981 nationis
1586 1945 1794 1989 picardiae,
1814 1939 1998 1996 magistro
2019 1946 2189 1996 ejusdem
2209 1947 2363 1998 collegii

430 2013 670 2061 computatio
686 2013 831 2048 nationi
856 2012 1005 2049 reddita
1022 2013 1135 2049 fuerit
1149 2014 1247 2061 (676,
1266 2014 1337 2061 20).
1363 2016 1471 2050 Saec.
1494 2028 1539 2050 xv
1557 2014 1761 2065 collegium
1781 2015 2035 2052 Laudunense
2054 2015 2210 2053 domum
2232 2018 2363 2067 acqui-

430 2081 553 2117 siv'it4.

479 2152 623 2186 Domus
639 2150 694 2186 ad
710 2163 830 2186 cornu
847 2152 957 2192 cervi,
977 2152 1015 2186 in
1028 2152 1114 2187 vico
1126 2152 1235 2194 Jude,
1251 2153 1358 2201 juxta
1377 2155 1415 2190 S.
1436 2154 1635 2197 Hilarium,
1651 2150 1916 2203 reparationes
1937 2162 2144 2204 perpetuas
2165 2155 2359 2205 exigebat.

428 2221 500 2256 An.
526 2221 618 2256 1392
635 2233 723 2269 pars
745 2221 837 2256 tecti
854 2220 1048 2258 ceciderat
1065 2229 1104 2258 et
1125 2222 1344 2258 inhabitans
1357 2222 1537 2259 recedere
1551 2222 1726 2260 voluerat
1741 2219 1838 2270 (706,
1855 2224 1914 2270 38)
1926 2230 2030 2268 ,tum
2047 2231 2226 2274 receptor
2243 2225 2361 2274 Aegi—

429 2290 515 2326 dius
536 2289 584 2326 de
602 2289 748 2325 Jutfaes
772 2291 836 2325 161
863 2290 1014 2326 francos
1039 2292 1083 2328 10
1107 2291 1178 2327 sol.
1210 2291 1233 2327 6
1258 2290 1345 2328 den.
1372 2304 1393 2328 e
1414 2305 1484 2328 suo
1512 2293 1699 2329 mutuavit
1725 2300 1766 2329 ut
1788 2292 1926 2329 domus
1954 2292 2183 2330 reficeretur.
2212 2294 2360 2331 Deinde

428 2359 584 2396 domum
606 2359 770 2394 locatam
792 2359 910 2396 fuisse
927 2360 1090 2396 Johanni
1116 2360 1294 2397 Bonrode
1315 2362 1412 2407 (717,
1436 2361 1509 2408 45),
1532 2361 1701 2398 Thomae
1729 2362 1958 2406 Marescalli,
1977 2364 2143 2399 nationis
2163 2363 2359 2400 picardiae

427 2429 524 2475 (761,
562 2429 619 2474 38)
647 2429 768 2477 (cujus
793 2430 989 2466 nationem
1014 2431 1204 2479 paenituit
1233 2444 1250 2465 ι(
1278 2431 1366 2479 quia
1386 2443 1456 2479 per
1482 2429 1580 2466 tales
1604 2430 1852 2480 paedagogos
1882 2430 2020 2467 domus
2052 2431 2316 2468 destrueretur
2338 2447 2356 2467 »

427 2499 511 2540 778,
540 2499 610 2544 11),
634 2498 786 2534 cuidam
819 2498 1020 2535 lumbardo
1045 2500 1142 2545 (800,
1170 2501 1243 2547 26),
1265 2500 1495 2549 quibusdam
1518 2501 1644 2536 Scotis
1665 2501 1729 2550 qui
1753 2508 1912 2550 propter
1931 2500 2161 2550 epidemiam
2182 2501 2358 2538 abierunt

427 2567 528 2616 (803,
558 2570 630 2614 33),
661 2567 825 2603 Johanni
862 2569 964 2617 Dorp
999 2570 1096 2614 (851,
1132 2569 1205 2615 32),
1231 2569 1392 2605 Johanni
1418 2568 1590 2606 Piccardi
1622 2571 1720 2617 (860,
1751 2570 1823 2617 28),
1854 2569 2020 2619 denique
2045 2583 2105 2606 an.
2145 2571 2357 2607 1404-1406

425 2638 616 2685 receptori
644 2636 848 2673 Guillelmo
877 2636 967 2673 Bloc
993 2638 1089 2683 (882,
1119 2638 1188 2684 24).
1216 2637 1325 2674 Adeo
1348 2639 1612 2688 reparationes
1638 2639 1832 2675 nationem
1863 2638 2075 2675 onerabant
2103 2646 2146 2675 ut
2167 2638 2216 2675 de
2241 2638 2356 2675 domo

467 2748 493 2774 1.
540 2746 618 2775 Num
631 2752 776 2785 quattuor
787 2756 906 2775 annuos
919 2746 1079 2781 terminos,
1093 2757 1172 2786 quos
1186 2747 1337 2786 promise-
1488 2748 1517 2776 2.
1562 2748 1681 2777 Domus
1698 2748 1810 2777 Daciae
1828 2748 1898 2784 731,
1915 2748 1970 2784 44;
1988 2748 2058 2783 732,
2072 2748 2106 2783 83
2124 2748 2195 2783 921,
2212 2749 2242 2783 9,
2259 2747 2356 2777 colle-

425 2802 487 2830 rat,
516 2795 646 2824 solverit
671 2805 686 2824 e
719 2795 799 2823 libro
831 2795 1044 2834 procuratoris
1072 2795 1253 2835 ignoramus
1281 2797 1337 2826 sed
1446 2796 1531 2836 gium
1546 2803 1682 2826 vocatur.

424 2845 530 2874 saltem
551 2855 619 2874 ann.
648 2846 725 2874 1376
745 2851 775 2874 et
799 2845 875 2874 1377
895 2845 926 2873 in
950 2845 999 2874 die
1021 2845 1053 2874 S.
1072 2845 1228 2874 Edmundi
1242 2856 1336 2875 unum
1486 2846 1515 2874 3.
1560 2845 1630 2875 Vid.
1654 2847 1804 2882 Char-tul„
1823 2846 1879 2881 III,
1897 2849 1931 2874 n⁰
1947 2846 2035 2875 1481.

423 2894 524 2923 album
559 2894 771 2923 numeravisse
806 2893 953 2923 ‘rhomam
983 2894 1123 2923 videmus
1160 2894 1240 2933 (509,
1279 2895 1333 2930 29;
1485 2895 1514 2924 4.
1559 2894 1630 2923 vid.
1652 2895 1801 2930 himo-r,
1827 2895 2027 2930 Becher-cheir,
2050 2900 2107 2924 etc.
2131 2893 2183 2930 1V,
2208 2894 2354 2932 Quartier

420 2945 492 2978 528,
509 2943 569 2983 36).
1445 2943 1599 2978 Maubert,
1619 2954 1650 2982 p.
1669 2944 1707 2972 62
1724 2954 1772 2984 sq.
