2632 3464
315 438 369 464 509

315 513 472 543 Johannes
501 513 575 544 Coc.
610 514 649 543 Et
682 513 769 544 nacio
802 514 959 543 concessit
989 523 1042 542 eas
1072 513 1222 553 magistro

312 562 447 592 Johanni
479 564 518 593 de
545 563 706 592 Hocklem.
743 562 781 592 Et
815 562 1064 602 supplicaciones
1092 562 1221 592 aliorum

315 618 403 641 erant
415 612 608 651 interempte.

720 664 818 694 18⁷6

354 731 445 761 Acta
476 731 694 771 procurat-ic
732 731 903 770 magistri
941 730 1180 761 Ghiselberti

555 780 669 810 Scout
695 780 738 809 de
770 779 960 811 Hokelem.

355 856 390 886 ln
416 867 497 886 anno
527 856 651 887 Domini
678 855 724 885 Μο
747 855 842 886 000ο
869 856 1099 896 septuagesimo
1120 863 1219 893 sexto,

313 906 433 936 decima
446 912 552 935 octava
572 905 622 935 die
642 905 760 934 mensis
778 905 976 940 Novembris,
993 905 1070 935 sacta
1088 916 1222 946 congre-

313 955 444 995 gacione
457 954 596 984 nacionis
605 953 776 994 Anglicane
791 954 822 983 in
834 954 945 994 primis
961 954 1074 984 Nostre
1090 954 1221 985 Domine

313 1005 353 1033 ad
381 1003 526 1034 Sanctum
550 1002 738 1032 Maturinum
766 1003 805 1032 ad
831 1003 1016 1032 audiendum
1047 1010 1221 1043 computum

315 1052 487 1092 recepturis
508 1058 539 1081 et
562 1052 601 1081 ad
627 1052 802 1092 eligendum
830 1058 1079 1090 procuratorem,
1105 1052 1222 1083 electus

315 1101 370 1131 fuit
395 1101 427 1130 in
448 1106 681 1141 procuratorem
706 1100 854 1140 magister
881 1099 1098 1130 Ghiselbertus
1127 1101 1223 1131 Scout

312 1160 371 1191 per
388 1150 547 1180 unanimes
562 1159 734 1179 consensus
750 1149 968 1189 magistrorum
984 1149 1065 1180 dicte
1083 1151 1222 1180 nacionis

313 1206 387 1229 tunc
411 1199 622 1238 presencium,
642 1198 727 1228 nullo
753 1208 860 1228 eorum
879 1198 1002 1238 penitus
1026 1199 1220 1229 reclamante.

317 1247 352 1278 ln
367 1247 455 1288 cujus
471 1248 650 1288 procui-aria
666 1253 734 1277 acta
746 1253 819 1276 sunt
833 1247 1040 1287 infrascripta.

354 1297 460 1327 Primo
482 1296 684 1326 deliberatum
712 1296 767 1326 suit
788 1296 819 1325 in
844 1297 949 1325 eadem
975 1297 1222 1337 congregacione

312 1346 397 1386 quod
413 1346 514 1375 dictus
528 1351 713 1385 procurator
726 1345 861 1374 solveret
875 1355 967 1374 unum
986 1346 1134 1382 francum,
1151 1347 1223 1386 quia

313 1395 450 1424 nondum
476 1394 565 1434 prius
593 1394 724 1424 officium
749 1394 984 1434 procuracionis
1012 1402 1222 1431 excercuerat‚

314 1453 406 1483 quem
424 1443 580 1479 solvebam
601 1444 656 1472 sed
675 1449 808 1483 protunc
825 1453 886 1472 non
901 1444 1133 1483 perpotabatur‚
1151 1445 1223 1484 quia

315 1493 403 1522 nacio
432 1492 518 1521 illum
549 1493 685 1522 francum
711 1492 885 1522 reservavit
914 1502 1012 1532 usque
1045 1493 1082 1522 ad
1112 1494 1222 1523 festum

312 1541 412 1572 sancti
430 1541 602 1571 Eadmundi
620 1541 716 1581 regis,
732 1541 763 1570 in
783 1540 870 1580 cujus
893 1542 970 1570 sesto
989 1541 1092 1572 dictus
1108 1552 1222 1582 procu-

315 1596 400 1620 rator
415 1590 638 1630 perpotabatur
652 1590 683 1619 in
701 1600 762 1619 uno
780 1590 884 1620 franco
900 1590 931 1619 in
943 1590 1012 1620 vico
1028 1591 1163 1630 Cythare
1179 1593 1224 1621 ad

312 1640 486 1679 epitogium.
509 1639 583 1668 ltem
600 1639 632 1668 in
652 1639 757 1668 eadem
775 1639 1021 1679 congregacione
1038 1639 1152 1670 dilatus
1168 1641 1223 1671 suit

316 1693 479 1728 computus
491 1687 664 1728 receptoria
676 1688 714 1717 ad
727 1687 810 1717 aliud
825 1694 945 1728 tempus
961 1698 1019 1728 per
1035 1689 1221 1719 voluntatem

314 1736 464 1767 nacionis.

355 1786 431 1816 Item
458 1786 489 1815 in
515 1786 593 1816 festo
615 1786 714 1815 sancti
734 1785 907 1816 Eadmundi
926 1786 1012 1826 regis
1036 1787 1068 1816 in
1091 1787 1223 1818 ecclesia

311 1841 491 1865 sanctorum
504 1835 662 1865 martirum
673 1835 786 1865 Cosme
797 1842 828 1865 et
838 1835 979 1866 Damiani
996 1836 1074 1866 infra
1089 1836 1221 1866 officium

313 1884 408 1914 misse
422 1884 526 1924 recepi
535 1893 628 1914 unum
639 1883 741 1914 album
751 1894 769 1914 a
778 1885 928 1925 magistro
939 1885 1054 1915 Thoma
1067 1885 1222 1916 Graffardi

318 1933 357 1962 de
372 1933 467 1963 fundo
478 1938 561 1962 terre
577 1932 642 1962 sive
657 1933 695 1962 de
710 1933 841 1973 gardino
857 1935 989 1974 quodam
999 1933 1023 1964 ⁴.

354 1982 430 2012 ltem
443 1980 571 2011 xxvu·
588 1981 639 2011 die
659 1982 774 2012 mensis
789 1982 974 2013 Novembris
997 1984 1074 2013 sacta
1092 1994 1221 2024 congre-

311 2030 442 2071 gacione
457 2030 598 2060 nacionis
614 2029 784 2071 Anglicane
801 2032 882 2072 apud
903 2032 1048 2062 Sanctum
1067 2032 1221 2062 sulianum

314 2079 389 2109 hora
406 2079 575 2119 primarum
593 2080 631 2109 ad
649 2079 898 2120 supplicandum,
919 2081 1107 2122 supplicavit
1124 2082 1221 2122 magi-

317 2133 383 2158 ster
401 2127 559 2158 Amoldus
575 2128 614 2158 de
629 2127 749 2164 Ghiise,
764 2129 836 2169 quia
848 2129 916 2170 ipse
933 2136 1018 2160 esset
1033 2129 1221 2160 intencionis

312 2176 407 2207 eundi
431 2178 469 2206 ad
498 2183 602 2217 partes
623 2187 708 2213 suas,
732 2187 863 2218 sperans
891 2185 992 2208 tamen
1023 2179 1062 2208 ad
1086 2180 1220 2209 studium

315 2226 456 2256 Pax-isius
483 2236 517 2256 se
545 2226 682 2256 breviter
713 2236 926 2263 reversurum,
949 2234 1102 2268 quatenus
1131 2229 1221 2259 nacio

313 2274 407 2305 vellet
427 2275 529 2315 ipsum
550 2275 713 2305 admittere
730 2276 768 2305 ad
787 2276 1016 2310 inrotulandum
1033 2287 1068 2307 ac
1088 2277 1115 2307 si
1137 2285 1222 2308 esset

313 2332 455 2362 presens,
476 2323 508 2352 in
523 2332 597 2353 casu
616 2333 678 2364 quo
693 2324 859 2365 contigerit
873 2324 1006 2355 rotulum
1025 2326 1149 2355 formari
1165 2336 1220 2356 seu

311 2371 456 2401 concludi
466 2377 497 2401 et
510 2371 689 2402 conclusum
700 2373 738 2402 ad
750 2372 866 2403 curiam
876 2373 1044 2403 Romanam
1057 2374 1217 2404 destinari.

316 2420 357 2450 Et
369 2420 559 2460 supplicacio
570 2420 636 2461 ejus
649 2422 706 2452 fuit
717 2422 914 2452 concorditer
922 2432 979 2462 pro
990 2429 1062 2453 tunc
1071 2424 1218 2460 admissa,

313 2469 480 2499 dummodo
498 2469 633 2500 solveret
645 2470 804 2501 solvenda.

334 2517 430 2556 vltem
447 2518 549 2558 prima
566 2518 617 2549 die
643 2520 759 2550 mensis
779 2520 962 2551 Decembris
982 2521 1060 2551 sacta
1078 2521 1134 2551 suit
1147 2532 1219 2551 con-

312 2567 462 2607 gregacio
494 2567 634 2598 nacionis
668 2569 707 2598 ad
738 2568 882 2599 Sanctum
919 2569 1106 2600 Maturinum
1144 2570 1219 2600 hora

312 2625 461 2645 nonarum
482 2616 596 2646 Nostre
619 2617 750 2647 Domine
769 2618 807 2647 ad
824 2618 1070 2658 supplicandum.
1092 2618 1131 2649 Et
1147 2630 1218 2659 sup-

311 2663 438 2703 plicavit
451 2665 594 2695 dominus
604 2665 811 2696 Hartmannus
822 2667 860 2697 de
873 2667 983 2697 Zittert
996 2677 1052 2707 pro
1067 2667 1219 2698 dilacione

313 2712 475 2743 bursarum
504 2723 559 2743 sue
588 2714 778 2754 incepcionis
807 2716 845 2745 ad
874 2722 938 2746 tres
961 2727 1095 2747 menses.
1123 2716 1219 2757 Cujus

311 2761 504 2801 supplicacio
538 2763 595 2793 cuit
628 2764 824 2794 concorditer
859 2775 1019 2802 concessa,
1053 2766 1219 2796 dummodo

314 2815 444 2849 poneret
454 2811 586 2851 pignora
601 2811 791 2843 sufficientia.

347 2924 367 2949 l.
407 2925 460 2949 rid.
470 2933 549 2957 cupra
561 2934 588 2958 p.
601 2926 656 2955 4²9.
672 2927 700 2951 ¹6
713 2935 770 2960 sqq.

346 2961 368 2985 2.
400 2961 414 2984 Io
426 2960 547 2984 Ianuaria·
559 2962 629 2987 1³77.

826 438 936 464 LIBER
958 438 1271 464 PROCURATORUM
1291 438 1470 465 NATIONIS
1490 440 1735 467 ANGLICANAE

1259 957 1292 984 ¹0

1261 1204 1294 1230 15

1260 1449 1294 1475 20

1259 1694 1293 1720 25

1258 1939 1292 1965 30

1258 2182 1292 2208 35

1257 2427 1291 2454 40

1257 2671 1290 2698 45

2189 447 2242 471 510

1374 514 1448 544 Item
1460 516 1555 544 tercia
1572 516 1621 545 die
1638 517 1753 546 mensis
1772 517 1950 546 Decembris
1967 519 2081 558 incepit
2097 521 2240 550 dominus

1332 562 1542 594 Hartmannus
1574 566 1612 594 de
1639 566 1750 595 Zittert
1775 567 1833 595 sub
1859 568 2006 606 magistro
2033 568 2172 598 Jolianne
2202 571 2240 599 de

1331 611 1476 648 Saxonia,
1492 613 1579 653 cujus
1593 615 1685 643 bursa
1701 614 1740 643 Vl
1755 614 1859 644 solidi.
1878 616 1987 645 Posuit
2006 617 2149 656 pignora.

1376 663 1448 702 (F'ol.
1468 663 1496 703 5)
1517 664 1591 693 Item
1605 663 1689 692 xvl·
1703 663 1753 692 die
1772 664 1953 693 Decembris
1972 666 2047 694 facta
2067 676 2240 706 congrega-

1330 714 1420 743 cione
1450 712 1591 742 nacionis
1614 713 1652 741 ad
1680 712 1854 752 eligendum
1885 721 2117 752 procuratorem
2148 722 2177 744 et
2203 717 2238 744 ad

1330 763 1515 792 audiendum
1531 767 1706 801 computum
1724 762 1907 801 receptoris‚
1926 764 2112 802 computavit
2131 775 2240 804 recep-

1329 822 1390 848 tor,
1406 819 1436 841 et
1450 811 1593 841 omnibus
1607 811 1677 840 hinc
1693 811 1764 840 inde
1778 813 1973 851 computatis,
1989 813 2100 842 mansit
2118 814 2238 842 nacioni

1329 861 1485 900 obligatus
1503 860 1534 889 in
1550 859 1590 888 Vl
1609 859 1710 895 libris,
1727 859 1798 889 xlx
1819 860 1928 890 solidis
1949 867 1977 890 et
1996 861 2069 890 Vlll
2089 862 2235 891 denariis.

1736 950 1836 982 1376

1351 1023 1441 1054 Acta
1472 1023 1728 1062 procuratorie
1763 1023 1935 1062 magistri
1963 1023 2146 1053 lobannis
2178 1026 2219 1054 de

1700 1071 1863 1111 Leyden.

1370 1153 1461 1182 Anno
1478 1153 1602 1182 Domini
1626 1152 1671 1181 ΜΟ
1691 1152 1787 1182 CCC⁹
1804 1152 1951 1187 LXXVP,
1971 1153 2087 1182 mensis
2108 1154 2239 1183 Decem-

1332 1202 1398 1231 bris
1412 1201 1495 1231 xvl=
1507 1201 1558 1230 die
1572 1202 1649 1230 sacta
1662 1202 1908 1241 congregacione
1925 1202 2076 1231 facultatis
2090 1203 2128 1231 ad
2147 1202 2238 1232 Sanc-

1331 1257 1393 1280 tum
1408 1250 1562 1280 Julianum
1577 1250 1615 1279 ad
1628 1249 1804 1289 eligendum
1818 1257 1980 1286 rectorem,
1997 1251 2086 1280 etiam
2100 1251 2238 1280 nacionis

1331 1298 1516 1339 Anglicane,
1532 1299 1570 1328 ad
1585 1298 1769 1328 audiendum
1783 1305 1957 1339 compotum
1974 1300 2146 1338 receptoris
2157 1306 2186 1329 et
2201 1301 2238 1329 ad

1331 1348 1507 1388 eligendum
1516 1353 1759 1386 procuratorem,
1772 1347 1888 1377 electus
1900 1348 1955 1377 fuit
1965 1348 1995 1377 in
2007 1355 2238 1387 procuratorem

1332 1397 1479 1436 magister
1501 1396 1658 1426 Johannes
1682 1397 1720 1426 de
1743 1397 1868 1436 Leyden
1898 1407 1954 1436 per
1970 1407 2142 1427 consensus
2163 1408 2238 1427 una-

1331 1446 1430 1475 nimes
1450 1445 1680 1485 magistrorum,
1697 1445 1782 1475 nullo
1796 1445 1991 1475 reclamante.
2014 1446 2047 1475 ln
2065 1445 2152 1486 cujus
2169 1457 2237 1486 pro-

1331 1495 1485 1524 curatoria
1501 1500 1567 1523 acta
1580 1501 1652 1524 sunt
1664 1495 1870 1534 infrascripta.

1371 1543 1476 1573 Primo
1495 1543 1609 1572 ibidem
1631 1544 1828 1573 concorditer
1853 1543 1909 1573 suit
1931 1544 2130 1574 deliberatum
2155 1546 2236 1584 quod

1329 1599 1514 1632 procurator
1536 1593 1694 1632 predictus
1720 1593 1855 1622 solveret
1876 1603 1969 1622 unum
1989 1594 2135 1629 francum,
2166 1594 2238 1634 quia

1330 1641 1419 1682 prius
1441 1641 1572 1671 officium
1596 1641 1672 1671 illud
1694 1651 1756 1670 non
1781 1642 1934 1677 exercuit;
1959 1642 2071 1671 deinde
2091 1643 2238 1683 magister

1331 1691 1540 1720 Hartmannus
1559 1691 1598 1720 de
1615 1691 1724 1720 Zittert
1738 1701 1795 1730 pro
1806 1689 1943 1730 jocundo
1959 1701 2015 1720 suo
2035 1691 2161 1721 introitu
2178 1691 2236 1721 sol—

1329 1746 1417 1770 veret
1431 1740 1574 1769 similiter
1592 1749 1685 1770 unum
1700 1740 1847 1775 francum,
1868 1750 1946 1780 quos
1966 1746 2077 1770 extunc
2097 1741 2236 1781 magistri

1329 1795 1582 1829 pel-potaverunt,
1599 1789 1732 1828 demptis
1748 1799 1857 1819 novem
1874 1789 1983 1818 solidis
1999 1789 2052 1829 qui
2068 1791 2235 1825 restabant,

1329 1839 1368 1868 de
1383 1838 1497 1878 quibus
1521 1837 1668 1878 magister
1686 1838 1894 1868 Hartmannus
1918 1844 1948 1868 et
1965 1845 2108 1878 receptor
2125 1838 2237 1869 habent

1330 1879 1533 1927 respondere.

1371 1935 1445 1965 Item
1467 1935 1643 1965 dominica²
1666 1942 1739 1976 post
1760 1936 2035 1966 Circumcisionem
2058 1934 2236 1977 pervulgata

1331 1985 1388 2015 suit
1404 1985 1610 2025 congregacio
1626 1986 1706 2024 apud
1725 1985 1942 2015 Predicatores
1961 1992 2033 2025 post
2051 1996 2234 2022 sermonem,

1329 2035 1385 2064 sed
1400 2040 1531 2074 propter
1548 2034 1722 2063 absenciam
1740 2033 1930 2064 bedellorum
1952 2035 2007 2064 suit
2024 2035 2116 2064 dilata
2138 2046 2236 2075 usque

1329 2084 1368 2112 ad
1390 2083 1558 2123 profestum
1571 2082 1583 2101 ³
1600 2082 1802 2123 Epyphanye,
1818 2090 1847 2112 et
1863 2084 1918 2113 suit
1933 2084 2041 2114 iterato
2065 2085 2140 2113 sacta
2155 2086 2235 2124 apud

1331 2131 1475 2162 Sanctum
1496 2131 1723 2166 Julianum.ubi
1743 2132 1799 2161 suit
1817 2132 2019 2162 deliberatum
2039 2133 2121 2172 quod
2147 2143 2235 2172 cxpe-

1329 2181 1411 2210 diret
1433 2181 1518 2210 adire
1536 2181 1691 2210 dominum
1707 2181 1888 2220 episcopum
1906 2182 1944 2210 de
1967 2181 2071 2211 Scotia
2083 2181 2105 2217 ⁴,
2124 2182 2182 2211 sibi
2199 2193 2235 2211 ex

1330 2236 1416 2269 parte
1443 2229 1583 2259 nacionis
1602 2229 1735 2269 aliquam
1757 2230 1966 2259 reverenciam
1992 2230 2176 2260 exhibendo.
2198 2231 2237 2260 Et

1329 2279 1490 2319 elegerunt
1504 2279 1684 2319 magistrum
1704 2278 1891 2318 Heynricum
1911 2280 1948 2309 de
1965 2279 2075 2308 Hassia
2090 2290 2147 2319 pro
2166 2290 2234 2319 pro-

1328 2334 1473 2367 ponente.

1734 2421 1831 2451 1377

1401 2491 1491 2522 Acta
1516 2492 1778 2532 procuratorie
1809 2492 1982 2532 magistri
2005 2491 2160 2521 Gisonis

1545 2540 1692 2580 Duysse
1720 2541 1762 2570 de
1792 2539 2018 2579 Ratinghen.

1368 2619 1458 2650 Anno
1479 2619 1603 2650 Domini
1622 2622 1664 2650 M⁰
1682 2620 1776 2650 CCC⁰
1800 2619 1922 2649 LXXVl
1944 2620 2110 2648 secundum
2129 2619 2231 2649 stilum

1327 2668 1524 2709 gallicanum,
1541 2668 1629 2698 Xlll·
1646 2669 1696 2698 die
1716 2669 1831 2698 mensis
1846 2668 1994 2702 Januarii,
2011 2678 2070 2707 que
2091 2668 2147 2697 fuit
2165 2668 2233 2697 dies

1328 2718 1408 2747 beati
1425 2717 1565 2753 Firmini,
1576 2718 1653 2747 sacta
1668 2717 1913 2757 congregacione
1926 2717 2064 2746 nacionis
2078 2717 2109 2746 in
2121 2717 2233 2746 Sancto

1328 2766 1495 2802 Maturino,
1516 2773 1586 2806 post
1606 2776 1778 2796 sermonem
1801 2766 1837 2795 ad
1860 2766 2034 2805 eligendum
2056 2772 2232 2805 procurato-

1328 2825 1392 2845 rem
1410 2821 1440 2845 et
1461 2816 1498 2844 ad
1521 2815 1705 2845 audiendum
1724 2821 1897 2854 computum
1915 2814 2097 2853 receptoria,
2121 2814 2234 2844 dilatus

1357 2932 1381 2990 Ξ.
1414 2931 1557 2989 {Villtzztaiin
1573 2964 1604 2988 dc
1619 2964 1774 2988 Wardclnw.
1793 2964 1846 2988 Vid.
1858 2964 1933 2987 etiam
1945 2972 2023 2995 cupra
2034 2972 2061 2996 p.
2075 2965 2128 2993 357,
2142 2968 2194 2988 not.
2207 2966 2231 2989 2.
