2632 3464
298 411 351 438 613

341 487 454 516 Postea
479 495 554 515 vero
579 485 753 514 accedendo
781 484 819 513 ad
842 483 883 511 2¹¹³
904 482 1064 511 articulum
1086 480 1206 510 delibe-

299 541 397 565 ratum
414 534 480 570 fuit,
493 534 577 574 quod
587 534 625 563 ad
637 533 726 562 aliam
737 532 917 562 electionem
934 537 1018 560 esset
1032 530 1206 569 proceden-

299 584 382 613 dum.
403 583 471 621 Quo
486 583 563 612 facto
579 582 680 612 statim
695 588 857 620 antequam
868 579 997 609 ulterius
1011 578 1067 608 fuit
1082 588 1205 618 proces-

299 642 367 662 sum
384 638 514 672 propter
533 631 696 671 aliqualem
711 629 956 669 discrepanciam
974 628 1203 668 magistrorum,

299 681 496 711 concorditer
522 681 578 710 fuit
600 680 790 713 ordinatum,
816 678 899 718 quod
926 677 1031 707 senior
1058 677 1206 716 magister

298 729 432 764 illorum,
454 729 506 769 qui
527 729 662 758 nondum
679 733 884 757 exercuerunt
901 726 1034 756 officium
1054 735 1205 765 procura-

299 779 389 814 torie,
403 778 465 808 nisi
482 778 648 808 notabilem
662 787 784 807 causam
797 775 1006 806 recusacionis
1021 775 1114 804 officii
1130 774 1205 803 alle-

299 834 396 868 garet.
424 827 557 857 officium
590 826 802 866 supradictum
829 825 920 854 simul
952 825 1088 854 francum
1115 833 1203 853 suum

299 876 506 917 persolvendo
535 881 720 915 acceptaret,
747 875 796 904 vel
817 874 924 904 saltem
951 874 978 903 si
1007 883 1086 902 onus
1111 872 1205 902 officii

298 935 442 956 recusare
459 925 562 960 vellet,
580 925 663 964 quod
680 925 718 953 de
736 934 793 953 suo
813 923 917 952 franco
935 923 1137 957 satisfaceret,
1155 922 1205 951 vel

298 976 335 1004 ad
356 973 604 1004 satisfaciendum
625 983 658 1003 se
677 972 846 1014 obligaret,
867 979 897 1002 et
920 973 1003 1011 quod
1027 972 1067 1001 ita
1092 981 1205 1001 conse-

298 1030 444 1064 quenter,
472 1023 534 1052 uisi
559 1022 673 1062 aliquis
697 1022 750 1061 qui
773 1022 907 1051 officium
931 1027 1091 1060 acceptare
1112 1020 1206 1050 vellet

297 1072 500 1112 reperiretur,
530 1081 629 1111 usque
652 1072 691 1100 ad
719 1070 862 1100 similiter
885 1069 1041 1110 juniorem
1073 1070 1205 1099 descen-

297 1122 432 1152 deretur.
458 1120 533 1150 Item
553 1121 638 1160 quod
657 1119 708 1149 illa
727 1119 858 1160 pecunia
880 1119 910 1148 in
930 1120 1008 1149 festo
1031 1118 1204 1148 Eadmundi

297 1180 335 1200 ex
354 1169 497 1211 proximo
519 1169 638 1199 scilicet
666 1169 697 1198 in
726 1168 966 1209 postcrastinum
995 1174 1067 1197 tunc
1090 1169 1203 1201 futuro.

296 1219 365 1249 loco
382 1218 627 1248 contribucionis
642 1218 710 1248 fieri
727 1217 818 1247 solite
841 1227 895 1257 per
914 1217 1080 1257 magistros
1100 1227 1204 1246 reser-

295 1274 365 1298 vata
392 1274 423 1297 et
452 1267 581 1298 collecta
617 1267 742 1296 cederet
770 1267 801 1296 in
833 1266 902 1295 festi
934 1266 1201 1305 complementum.

298 1317 418 1355 Quibus
440 1316 542 1346 taliter
563 1316 715 1346 ordinatis
735 1315 883 1355 magister
899 1315 1069 1355 Nycolaus,
1086 1315 1124 1344 de
1143 1325 1204 1354 quo

297 1375 408 1406 supra,
427 1366 465 1395 de
489 1366 594 1395 franco
611 1375 668 1395 suo
686 1365 836 1395 satisfecit
853 1363 1067 1394 incontinenti.
1092 1364 1204 1394 Postea

296 1424 372 1444 vero
402 1415 570 1444 secundum
602 1413 742 1444 ordinem
773 1414 970 1453 procedendo
1001 1413 1117 1442 electus
1149 1413 1205 1443 fuit

297 1463 494 1493 concorditer
522 1462 670 1503 magister
699 1462 856 1492 Johannes
882 1461 992 1497 Gholt,
1024 1462 1077 1502 qui
1108 1462 1203 1492 eciam

296 1512 428 1542 officium
446 1513 617 1542 recusando
636 1512 674 1542 de
693 1512 797 1541 franco
815 1521 872 1541 suo
894 1511 1097 1541 incontinenti
1110 1511 1204 1541 satis-

296 1561 378 1591 fecit.
404 1561 555 1591 Similiter
578 1571 654 1590 vero
683 1561 754 1590 fecit
779 1560 927 1600 magister
954 1560 1134 1599 Ny[colaus]
1165 1561 1203 1590 de

298 1610 402 1640 Dacia.
423 1609 572 1640 Finaliter
588 1619 663 1639 vero
683 1616 814 1649 protunc
831 1609 948 1639 electus
969 1609 1025 1639 fuit
1041 1609 1073 1638 in
1088 1619 1203 1650 procu-

295 1666 428 1689 ratorem
458 1659 598 1688 nacionis
628 1659 804 1698 supradicte
833 1659 1030 1688 concorditer
1056 1659 1204 1699 magister

295 1707 408 1738 Petrus
429 1709 467 1738 de
490 1707 720 1743 Aemsterdam,
742 1708 773 1737 in
797 1706 885 1748 cujus
908 1707 1120 1747 procuratoria
1137 1714 1203 1738 acta

295 1763 368 1787 sunt
383 1767 418 1787 ea
433 1767 493 1797 que
511 1763 695 1797 sequuntur.

335 1806 441 1836 Primo
457 1806 549 1836 solvit
565 1805 666 1836 dictus
682 1811 866 1846 procurator
883 1815 976 1835 unum
994 1807 1129 1835 francum
1143 1816 1202 1846 pro

294 1855 394 1895 prima
415 1865 471 1885 sua
498 1855 723 1895 procuratoria.
750 1855 811 1892 Qui
833 1855 957 1895 quidem
985 1856 1107 1884 francus
1134 1865 1202 1885 cum

294 1904 364 1933 aliis
382 1903 494 1939 tribus,
517 1905 556 1933 de
579 1904 692 1943 quibus
710 1914 816 1944 supra,
834 1904 983 1934 reservati
1004 1904 1126 1934 suerunt
1145 1915 1202 1944 pro

294 1952 518 1992 complemento
535 1953 603 1982 festi
618 1953 716 1983 sancti
734 1953 919 1983 Eadmundi.

336 2002 410 2031 ltem
422 2001 480 2031 alia
495 2001 588 2031 multa
604 2002 748 2042 expedita
764 2003 886 2032 fuerunt
899 2002 929 2031 in
949 2002 1157 2032 Universitate
1173 2009 1203 2032 et

294 2050 446 2086 facultate,
473 2061 532 2091 que
558 2061 619 2080 non
644 2050 769 2091 scripsi,
790 2061 856 2080 cum
879 2061 940 2081 non
961 2051 1002 2081 sit
1022 2058 1201 2082 consuetum

293 2099 366 2129 talia
382 2099 463 2128 libro
478 2099 618 2129 nacionis
633 2099 773 2129 inscribi.
787 2099 912 2130 Fuimus
928 2106 1039 2134 tamen,
1059 2101 1202 2130 dominus

293 2147 417 2178 rector¹
441 2155 471 2178 et
488 2159 546 2178 nos
560 2149 611 2178 alii
629 2148 778 2188 deputati,
798 2159 893 2189 super
911 2150 989 2178 facto
1004 2149 1144 2179 taliarum
1165 2161 1201 2180 ex

294 2203 381 2238 parte
402 2197 622 2227 Universitatis
638 2198 676 2227 ad
691 2197 848 2228 dominum
868 2208 971 2238 regem
994 2198 1138 2238 delegati.
1165 2199 1203 2229 Et

294 2246 396 2286 primo
413 2246 516 2276 villam
535 2246 632 2276 sancti
651 2246 805 2286 Dyonisii,
826 2246 877 2276 ubi
892 2253 964 2276 tunc
981 2257 1036 2277 rex
1053 2255 1119 2278 erat
1134 2259 1200 2278 cum

294 2301 359 2325 toto
373 2294 506 2325 consilio
521 2306 589 2330 sue,
602 2302 732 2335 excepto
742 2296 820 2325 duce
832 2295 1023 2335 Andegavie,
1040 2304 1202 2336 equestres

294 2344 462 2379 adivimus,
492 2351 523 2374 et
549 2351 678 2384 propter
706 2345 880 2374 absenciam
909 2345 995 2374 ducis
1023 2346 1202 2386 Andegavie

295 2393 363 2423 sine
400 2403 527 2423 accessu
559 2393 757 2423 recessimus.
787 2393 900 2423 Postea
931 2404 1042 2424 versus
1075 2396 1201 2425 eandem

294 2441 398 2472 villam
415 2442 536 2482 equites
552 2442 733 2478 redivimus,
757 2449 787 2472 et
804 2442 835 2472 in
857 2443 958 2472 medio
977 2443 1025 2473 vie
1045 2444 1201 2474 dominum

295 2500 399 2531 regem
416 2491 461 2521 ire
479 2501 589 2521 versus
610 2501 719 2521 nemus
732 2490 919 2521 Viciniarum
937 2492 1144 2532 percepimus.
1164 2493 1203 2523 Et

295 2540 397 2570 statim
418 2539 522 2570 habito
546 2540 677 2570 consilio
700 2550 756 2570 nos
780 2550 891 2570 versus
914 2540 1015 2581 ipsum
1041 2547 1070 2571 et
1094 2551 1202 2571 nemus

295 2588 467 2628 predictum
486 2588 710 2624 transtulimus.
729 2589 782 2619 ubi
799 2599 926 2619 accessu
949 2589 1064 2625 habito.
1083 2601 1202 2630 respon-

294 2647 358 2666 sum
386 2638 612 2678 reportavimus
636 2640 696 2667 eale
719 2640 820 2678 quale,
847 2638 966 2668 scilicet
991 2650 1056 2668 cum
1085 2640 1204 2669 duabus

293 2686 440 2724 foetebat.

338 2734 411 2764 ltem
430 2734 461 2764 in
480 2736 611 2775 quadam
636 2736 882 2776 congregacione
901 2736 1052 2766 facultatis
1075 2738 1202 2768 nacione

328 2822 349 2847 ¹.
383 2823 475 2848 Petrus
484 2823 630 2855 Regin-idi,
638 2826 720 2848 ructor
730 2825 818 2849 Oelob.
830 2825 982 2849 to-onemh.
993 2826 1030 2849 18.
1047 2825 1101 2850 vid.
1111 2826 1200 2851 Cli-rt.

296 2857 371 2917 'nin
384 2858 502 2918 &gna
518 2894 537 2918 V
547 2894 687 2926 (cnut-11..
701 2895 746 2923 ΙΙΙ,
764 2903 787 2928 p.
804 2896 859 2926 111⁵)
871 2896 904 2920 de
916 2896 964 2919 lim-
977 2904 1027 2920 non
1040 2896 1160 2929 loquitur.
1173 2897 1202 2921 id

294 2931 341 2957 eet,
354 2929 420 2953 nilne
431 2929 599 2954 ‘annuatim
611 2929 646 2954 ab
661 2930 755 2955 abbate
767 2931 946 2959 instituendus.
958 2939 1044 2956 necne.

798 407 911 434 LIBER
937 403 1249 432 PROCURATORUM
1274 403 1453 430 NATIONIS
1475 403 1718 428 ANGLICANAE

1260 680 1276 706 5

1243 925 1276 951 10

1242 1174 1276 1201 15

1241 1418 1275 1444 20

1240 1663 1274 1689 25

1239 1908 1274 1934 30

1239 2153 1273 2178 35

1240 2396 1274 2423 40

1240 2642 1274 2669 45

2166 402 2218 427 614

1315 479 1517 518 solempniter
1533 484 1719 518 congregata
1738 478 1939 507 deliberatum
1958 478 2013 507 fuit
2030 479 2112 517 quod
2131 479 2222 507 insti-

1313 534 1399 558 tuere
1427 527 1476 557 vel
1508 534 1667 567 acceptare
1696 527 1827 566 aliquem
1862 537 1974 555 novum
2004 527 2218 556 cancellarium

1313 576 1444 606 ecclesie
1457 587 1510 606 seu
1523 576 1730 615 temptaminis
1743 576 1853 605 Sancte
1870 576 2037 610 Genovefe,
2052 576 2221 606 collacione

1313 626 1391 655 facta
1400 627 1438 655 ab
1449 627 1569 660 abbate,
1582 636 1637 655 seu
1647 625 1759 654 virtute
1773 624 1952 654 collacionis
1962 625 2037 654 facte
2049 626 2086 654 ab
2098 626 2219 660 abbate,

1313 681 1466 715 repugnat
1497 674 1617 704 cuidam
1654 673 1818 714 privilegio
1857 673 2006 702 facultatis
2040 674 2154 703 arcium
2183 676 2221 703 ab

1314 723 1441 754 Urbano
1463 723 1571 764 quinto
1597 722 1786 758 coucesso²;
1818 729 1916 752 stante
1943 729 1972 752 et
1998 729 2112 752 attento
2139 725 2221 762 quod

1309 771 1371 813 jam
1394 773 1474 802 idem
1497 773 1592 802 abbas
1614 773 1782 802 secundum
1804 778 1942 801 tenorem
1966 771 2048 801 illius
2064 772 2219 812 privilegii

1313 822 1405 851 alium
1430 821 1615 856 instituerit,
1643 821 1696 860 qui
1724 827 1900 860 acceptatus
1929 827 1958 849 et
1986 822 2175 860 approbatus
2202 833 2218 850 a

1314 870 1454 900 facultate
1482 870 1660 910 supradicta
1689 880 1778 899 suum
1806 870 1939 899 officium
1970 869 2103 899 fideliter
2131 881 2221 900 exer-

1313 919 1410 955 cuit⁸‚
1443 920 1610 949 secundum
1645 920 1728 958 quod
1756 919 1862 948 debuit
1895 925 1925 948 et
1955 919 2073 954 decuit;
2105 926 2219 949 attento

1313 969 1408 998 eciam
1431 969 1514 1008 quod
1541 968 1572 997 iu
1601 968 1708 997 eodem
1729 978 1790 997 non
1813 974 1960 1007 appareat
1984 968 2087 1007 aliqua
2111 979 2218 1003 causa,

1313 1018 1438 1047 racione
1453 1016 1540 1057 cujus
1553 1018 1590 1046 ab
1609 1018 1715 1046 eodem
1731 1016 1830 1046 officio
1844 1017 1978 1046 resecari
1990 1018 2100 1047 debeat
2110 1024 2139 1047 et
2154 1018 2220 1057 pri-

1312 1076 1389 1096 vari.

1719 1159 1817 1189 1382

1313 1231 1385 1266 (Vol.
1413 1233 1453 1262 33
1466 1231 1490 1271 b)
1516 1231 1605 1260 Acta
1630 1232 1778 1260 fuerunt
1804 1231 1867 1260 hec
1897 1231 1931 1260 in
1958 1233 2219 1271 procuratoria

1446 1280 1616 1320 magistri
1650 1280 1818 1320 Hugonis
1850 1281 1892 1309 de
1924 1280 2088 1311 Landafi.

1354 1361 1428 1390 ltem
1444 1362 1521 1390 facta
1536 1361 1781 1401 congregacione
1797 1361 1936 1391 nacionis
1952 1361 2121 1401 Anglicane
2137 1364 2218 1402 apud

1313 1414 1457 1444 Sanctum
1470 1414 1655 1444 Maturinum
1669 1425 1749 1443 anno
1766 1414 1889 1443 Domini
1906 1402 1936 1444 lvi
1949 1415 2043 1445 CCC⁰
2055 1416 2217 1452 Lxxxw,

1312 1463 1428 1493 mensis
1443 1463 1579 1493 Januarii
1599 1463 1649 1492 die
1669 1464 1845 1498 terdecima,
1858 1465 1895 1492 ad
1911 1464 2086 1504 eligendum
2104 1476 2218 1505 procu-

1313 1519 1456 1547 ratorem,
1475 1512 1591 1542 electus
1611 1512 1666 1542 fuit
1685 1512 1716 1541 in
1732 1519 1963 1552 procuratorem
1981 1514 2060 1543 dicte
2078 1515 2216 1544 nacionis

1312 1561 1460 1602 magister
1479 1562 1569 1601 Hugo
1585 1562 1623 1590 de
1637 1561 1762 1591 Landad
1772 1563 1810 1590 ab
1821 1562 1964 1591 omnibus
1977 1563 2134 1603 magistris
2147 1570 2218 1593 tunc

1312 1611 1510 1650 presentibus
1532 1611 1563 1639 in
1581 1611 1686 1640 eadem
1705 1611 1961 1650 congregacione.

1354 1660 1427 1689 ltem
1444 1660 1474 1689 in
1491 1661 1596 1689 eadem
1607 1660 1854 1700 congregacione
1870 1668 2031 1700 computus
2047 1663 2218 1702 receptoris

1312 1719 1372 1738 non
1387 1709 1442 1738 fuit
1456 1709 1579 1738 auditus
1597 1715 1727 1748 propter
1741 1709 1860 1748 aliquas
1878 1719 1996 1739 causas.

1353 1758 1426 1787 ltem
1440 1758 1583 1788 dominus
1598 1764 1780 1798 procurator
1797 1758 1889 1787 solvit
1900 1769 1991 1788 unum
2009 1759 2143 1789 francum
2160 1771 2217 1800 pro

1310 1807 1411 1846 prima
1425 1807 1652 1847 procuratoria.

1353 1856 1427 1886 ltem
1449 1857 1556 1885 eodem
1577 1856 1626 1885 die
1645 1855 1806 1886 electionis
1830 1857 2041 1895 procuratoris
2063 1858 2135 1887 hora
2153 1859 2219 1897 pri-

1311 1915 1428 1934 marum
1449 1906 1570 1935 fuerunt
1589 1905 1677 1934 electi
1700 1905 1924 1935 examinatores
1945 1906 2216 1936 determinant-ium

1311 1954 1459 1994 magister
1482 1954 1638 1983 Johannes
1662 1955 1700 1983 de
1728 1954 1893 1988 Hokelem,
1918 1955 2064 1994 magister
2090 1956 2218 1986 Stanze-

1311 2003 1377 2032 laus
1389 2002 1399 2021 ⁴
1421 2004 1459 2032 de
1476 2003 1616 2038 Polonia,
1634 2010 1663 2032 et
1678 2003 1825 2043 magister
1843 2003 1996 2033 Henricus
2012 2005 2112 2033 VVise.

1353 2052 1426 2082 ltem
1456 2052 1486 2081 in
1514 2053 1618 2081 eadem
1647 2053 1893 2092 congregacione
1921 2053 2042 2082 fuerunt
2072 2054 2159 2083 electi
2187 2054 2216 2083 in

1311 2101 1535 2131 examinatores
1558 2101 1817 2131 licenciandorum
1842 2101 1952 2130 Sancte
1981 2102 2135 2131 Genovefe
2161 2113 2217 2142 pro

1311 2150 1412 2189 primo
1440 2160 1545 2180 mense
1572 2151 1720 2189 magister
1749 2150 1906 2180 Arnoldus
1940 2151 1977 2179 de
2010 2154 2135 2185 Arnenn,
2165 2152 2217 2191 qui

1311 2199 1396 2228 dedit
1430 2199 1562 2229 medium
1599 2200 1734 2228 francum
1772 2200 1828 2228 sub
1863 2199 1995 2233 cautela,
2036 2211 2094 2239 qua
2133 2201 2217 2230 fleret

1310 2253 1507 2288 temptamen,
1537 2254 1567 2278 et
1596 2248 1627 2278 in
1652 2259 1724 2278 casu
1756 2259 1817 2287 quo
1844 2248 1984 2277 nullum⁵
2012 2250 2216 2289 contingeret,

1311 2297 1399 2327 nacio
1428 2297 1488 2326 sibi
1522 2297 1684 2327 restituere
1713 2298 1866 2337 promisit.
1899 2298 1937 2327 Et
1966 2308 2023 2337 pro
2051 2299 2081 2326 2⁰
2114 2309 2218 2327 mense

1311 2346 1459 2386 magister
1494 2346 1674 2385 Reynoldus
1710 2347 1747 2376 de
1782 2346 1888 2380 Vinea,
1923 2347 1974 2386 qui
2009 2347 2102 2376 eciam
2134 2348 2218 2379 dedit

1312 2396 1444 2425 medium
1459 2396 1593 2425 francum
1612 2397 1670 2425 sub
1685 2397 1789 2425 eadem
1804 2395 1931 2430 cautela,
1949 2402 1979 2425 et
1995 2406 2051 2435 pro
2067 2398 2097 2424 3⁰
2114 2407 2217 2426 mense

1312 2450 1444 2484 protunc
1457 2444 1559 2474 nullus
1575 2445 1630 2474 fuit
1645 2445 1770 2474 electus.

1353 2493 1426 2523 ltem
1448 2494 1477 2523 in
1503 2494 1607 2523 eadem
1636 2494 1882 2534 congregacione
1910 2494 2057 2533 magister
2083 2494 2216 2523 Thomas

1313 2542 1494 2582 Stramiglot
1516 2543 1626 2572 Scotus
1650 2543 1741 2572 solvit
1765 2543 1899 2572 francum
1926 2543 2047 2571 racione
2068 2553 2217 2582 procura-

1313 2591 1390 2621 torie
1405 2592 1572 2621 secundum
1590 2592 1819 2621 ordinacionem
1836 2592 1941 2620 factam
1961 2591 1989 2620 in
2005 2592 2217 2631 procuratoria

1312 2640 1451 2680 magistri
1473 2640 1555 2670 Petri
1574 2641 1611 2669 dc
1631 2641 1835 2670 Amsterdam.
1861 2640 1896 2669 Et
1918 2641 2022 2668 eadem
2043 2650 2216 2680 congrega—

1311 2689 1399 2718 cione
1420 2690 1567 2729 magister
1589 2689 1782 2718 Heu-mannus
1804 2690 1841 2717 ‹lt-
1863 2689 1981 2717 chcia
2006 2689 2097 2718 solvit
2123 2699 2214 2718 unum

1313 2739 1461 2767 francum.

1341 2827 1364 2850 3.
1398 2826 1514 2850 Juducun
1532 2827 1667 2851 Gbinilius.
1695 2826 1747 2849 ΙίἰΙ,
1767 2826 1894 2852 Chai-tul..
1914 2826 1957 2851 ΙΙΙ,
1977 2830 2003 2848 n·
2024 2826 2090 2852 11188.
2107 2829 2130 2849 et
2146 2827 2216 2857 infre

1376 2863 1384 2880 Ι

1309 2862 1366 2922 611ῗῖ
1381 2862 1416 2922 ¹¹l.
1431 2907 1453 2921 e.
1469 2898 1616 2921 Stnnintuu-
1629 2897 1660 2920 ‹¹2-
1674 2898 1811 2928 Mylnnow.

1342 2935 1365 2957 f).
1399 2935 1446 2957 Me.
1459 2934 1543 2965 polim
1558 2934 1693 2957 omi-unm.
