2632 3464
0 1030 9 1083 τ»

0 1099 9 1181 ἰ

0 1185 8 1229 Ξ

163 4 202 29 ὡ·
225 0 693 32 ἪΠΨκΨΝΨᾋΕ-τπτ
707 0 765 12 ὢν
783 0 890 16 wmzw
908 0 953 13 ’ψ
969 0 995 11 ’··”
1012 0 1212 26 »svessa—⁴
1243 10 1245 12 -
1289 0 1293 14 ³
1318 0 1323 2 ’
1342 0 1348 2 ·

269 434 320 460 9³7
769 433 883 460 LIBER
909 433 1224 460 PROCURATORUM
1250 433 1430 460 NATIONIS
1449 435 1694 461 ANGLlCANAE
2142 437 2195 463 938

270 523 514 554 Continuatio
537 523 709 564 magistri
729 522 911 553 Johannis
934 522 1064 558 Aveze,
1084 522 1178 552 alias

570 573 613 602 de
644 572 862 603 Daventria.

309 657 402 689 Facta
409 658 657 699 congregacione
665 657 806 688 nacionis
817 657 990 697 Anglicane
1000 662 1074 697 aput
1085 655 1178 686 Sanc·

269 714 332 737 tum
354 707 542 738 Maturinum
558 717 639 738 anno
657 717 719 747 quo
737 716 847 746 supra,
867 706 950 736 XVI·
973 706 1023 736 die
1047 706 1179 735 Decem-

268 757 346 793 bris,
364 766 460 797 super
477 757 601 787 duobus
614 756 765 787 articulis.
782 755 907 786 Primus
922 762 988 785 erat
1002 756 1040 784 ad
1058 755 1179 795 eligen-

269 806 341 836 dum
357 815 470 836 novum
484 811 718 846 procuratorem
730 804 780 835 vel
793 805 831 835 ad
847 804 1087 834 continuandum
1103 804 1179 834 anti-

269 865 374 894 quum.
391 855 554 886 Secundus
566 861 632 885 erat
646 864 742 895 super
753 853 1040 894 supplicacionibus
1053 859 1082 883 et
1097 852 1179 893 inju-

269 903 336 934 riis.
354 903 507 942 Quantum
522 904 562 934 ad
575 903 707 943 primum
720 903 842 933 nemine
854 903 1086 933 contradicente
1102 912 1180 932 con-

267 953 404 984 tinuatus
418 959 486 983 erat
498 953 648 993 magister
660 952 819 983 lohannes
833 951 935 982 Aveze
950 952 982 981 in
995 958 1179 991 procurato-

268 1012 333 1032 rem
350 1001 432 1032 dicte
446 1001 598 1032 nacionis.
613 1001 767 1040 Quantum
782 1003 819 1031 ad
838 1002 1007 1031 secundum
1020 1001 1178 1041 supplica-

267 1052 312 1082 vit
327 1056 522 1091 procurator,
538 1057 572 1081 ut
590 1050 622 1080 in
637 1050 698 1081 hiis
715 1061 776 1091 que
795 1051 860 1091 egit
874 1050 1040 1080 haberetur
1057 1057 1176 1090 gratuS,

267 1106 394 1131 avoatus
421 1106 452 1130 et
480 1100 759 1131 recommendatus.
791 1099 888 1140 Cujus
920 1100 1112 1140 supplicacio
1139 1101 1178 1129 ab

267 1149 412 1180 omnibus
438 1159 590 1179 concessa
615 1149 680 1179 suit.
710 1148 786 1179 Item
817 1149 1005 1190 supplicavit
1030 1149 1179 1189 magister

268 1198 423 1228 Henricus
452 1198 491 1227 de
518 1198 667 1234 Herwen,
694 1199 840 1238 quatinus
863 1198 891 1228 si
916 1208 953 1228 ex
977 1204 1061 1228 certa
1086 1208 1179 1228 causa

268 1247 463 1288 contingeret
486 1257 554 1277 eum
577 1247 615 1277 ab
637 1247 699 1277 isto
720 1254 859 1287 tempore
881 1248 1036 1277 dimittere
1055 1247 1087 1276 in
1108 1247 1178 1277 vico

266 1296 414 1327 lecturam
425 1306 511 1326 suam
523 1296 711 1326 ordinariam
724 1296 796 1326 anni
816 1297 983 1336 presentis,
995 1307 1056 1326 non
1076 1296 1178 1326 minus

267 1351 368 1375 tamen
389 1345 556 1375 haberetur
578 1355 692 1386 regens
718 1352 750 1375 et
777 1355 835 1386 pro
858 1346 912 1375 tali
935 1352 1176 1385 computaretur,

268 1395 349 1425 sicut
369 1401 516 1435 regentes
542 1394 649 1424 ceteri.
680 1393 777 1434 Cujus
804 1394 996 1435 supplicacio
1020 1395 1115 1424 eciam
1139 1395 1178 1424 ab

267 1444 412 1474 omuibus
428 1444 483 1474 fuit
500 1453 649 1474 concessa
660 1442 684 1473 ⁴.

309 1493 401 1523 Facta
417 1493 665 1533 congregacione
686 1492 838 1532 solempni
858 1503 916 1532 per
925 1491 1133 1533 juramentum
1149 1499 1179 1523 et

268 1543 326 1572 sub
355 1541 438 1571 omni
466 1551 546 1581 pena
571 1541 716 1581 possibili
736 1542 929 1581 singulorum
959 1542 1177 1582 magistrorum

268 1591 408 1621 nacionis
424 1590 597 1631 Anglicane
617 1591 649 1620 in
666 1590 735 1620 loco
750 1591 924 1631 capittulari
939 1592 1050 1620 domus
1066 1591 1179 1622 Predi-

268 1646 404 1670 catorum
427 1649 483 1670 seu
499 1639 708 1670 Jacobitarum
729 1649 811 1669 anno
828 1650 890 1679 quo
906 1650 1011 1679 supra,
1028 1640 1112 1670 ΧΧΡι
1129 1641 1178 1670 die

266 1689 384 1719 mensis
404 1688 598 1724 Decembris,
619 1698 713 1726 super
733 1689 855 1718 duobus
879 1689 1028 1718 articulis.
1054 1689 1178 1719 Primus

268 1744 333 1768 erat
347 1744 382 1768 ut
395 1737 485 1768 nacio
502 1737 690 1768 deliberaret
701 1743 732 1767 et
743 1738 921 1768 consuleret
935 1738 996 1767 sibi
1012 1748 1108 1778 super
1121 1739 1178 1768 ali-

268 1787 381 1828 quibus
403 1786 603 1827 tangentibus
621 1796 710 1817 suum
729 1793 840 1816 statum
864 1797 899 1816 ac
921 1786 1082 1823 honorem.
1099 1798 1179 1827 quo-

268 1836 350 1866 niam
383 1835 580 1866 Universitas
610 1835 800 1866 parisiensis
826 1846 926 1876 nuper
958 1836 1142 1866 deliberavit
1151 1836 1175 1873 ²,

267 1891 432 1925 utrumque
453 1884 709 1915 contendencium
733 1885 772 1914 de
798 1891 911 1925 papatu
933 1895 1004 1915 esse
1026 1885 1177 1916 scismati-

270 1944 338 1964 cum
355 1940 386 1964 et
398 1933 599 1964 vehementer
614 1942 792 1974 suspectum
805 1935 843 1963 de
858 1933 974 1970 heresi,
991 1941 1022 1964 et
1037 1945 1092 1974 per
1106 1945 1178 1965 con-

269 1993 404 2023 sequens
421 1982 498 2013 nulli
515 1982 672 2013 hominum
688 1982 782 2012 licere
797 1982 888 2012 alicui
907 1993 1012 2013 eorum
1027 1984 1178 2014 obedien-

267 2033 345 2062 ciam
357 2038 510 2072 prestare,
527 2038 558 2061 et
571 2031 614 2061 ita
628 2032 745 2062 notavit
761 2032 918 2062 dominum
936 2032 1153 2062 Innocencium
1165 2032 1177 2052 ³

269 2091 378 2122 papam
394 2082 564 2111 Romanum
582 2090 653 2110 esse
672 2080 879 2110 scismaticum
897 2087 927 2110 et
946 2087 1124 2121 suspectum
1139 2083 1178 2112 de

268 2130 383 2166 heresi,
402 2136 436 2160 et
451 2129 513 2160 sibi
531 2139 594 2159 non
616 2139 686 2160 esse
704 2129 928 2166 obediendum;
948 2147 986 2152 —
1005 2130 1055 2160 cui
1077 2137 1177 2161 tamen

267 2178 489 2210 deliberacioni
501 2178 640 2218 predicta
651 2179 741 2208 nacio
753 2178 925 2218 Anglicana
938 2189 1093 2219 nunquam
1106 2190 1177 2210 con·

267 2228 377 2258 sensit.
393 2228 555 2258 Secundus
572 2227 720 2258 articulus
740 2234 807 2257 erat
823 2238 919 2268 super
934 2229 1178 2268 supplicacioni-

268 2278 326 2308 bus
343 2283 374 2307 et
388 2275 523 2317 injuriis.

308 2326 461 2364 Quantum
489 2326 526 2355 ad
545 2325 679 2365 primum
701 2325 884 2356 deliberavit
905 2326 993 2356 nscio
1013 2327 1178 2357 concordi-

267 2382 325 2411 ter.
349 2375 427 2405 solis
445 2375 546 2405 tribus
566 2374 615 2404 vel
637 2381 770 2414 quatuor
793 2375 943 2414 exceptis,
967 2375 1068 2415 primo
1094 2377 1177 2415 quod

270 2424 340 2464 ipss
362 2434 425 2454 non
449 2430 572 2464 reputat
589 2433 646 2453 nec
669 2423 825 2463 reputavit
850 2433 992 2463 umquam
1020 2425 1176 2455 dominum

269 2473 487 2504 innocencium
515 2482 586 2502 esse
617 2472 823 2502 scismaticum
854 2472 903 2502 vel
935 2479 1112 2513 suspectum
1139 2475 1178 2503 de

268 2521 382 2558 heresi,
401 2532 504 2562 ymmo
521 2527 644 2561 reputat
664 2531 732 2551 eum
754 2531 861 2551 verum
878 2521 1027 2552 vicarium
1045 2521 1175 2559 Christi,

267 2580 481 2602 successorem
497 2570 583 2601 Petri
596 2577 627 2600 et
639 2580 746 2600 verum
763 2570 927 2600 zelatorem
943 2570 1013 2600 fidei
1029 2570 1177 2602 catholice

299 2681 322 2707 ¹.
356 2683 426 2706 Inter
437 2681 520 2706 linea:
537 2689 628 2705 manua
641 2681 770 2713 poster-for
781 2680 904 2712 adjunxit
917 2689 922 2705 2
934 2681 1058 2706 Germani
1072 2689 1178 2714 semper

267 2720 427 2746 eon-tanuen.
439 2717 509 2749 quod
519 2717 557 2740 ad
568 2717 700 2749 nequenn'a
714 2718 832 2748 refertur,
846 2719 870 2740 σι
879 2717 1022 2750 generace'm
1038 2717 1075 2741 ad
1085 2725 1176 2749 perno-

266 2760 337 2781 ιω,
355 2761 432 2785 quam
451 2752 590 2777 Alemanni
605 2752 718 2776 nationis
732 2752 891 2784 Anglicanae
905 2752 1047 2777 &hiemato
1066 2753 1177 2777 durante

265 2791 408 2822 genuerunt.

299 2825 323 2848 1.
361 2823 416 2847 rid.
430 2823 509 2855 infra.

298 2860 322 2884 ⁸⁷
356 2859 503 2883 Innocentio
521 2858 624 2891 Vlljom
637 2858 775 2883 Novembri
786 2860 801 2882 8
814 2858 944 2890 defuncto.
957 2861 982 2882 el
995 2858 1118 2889 Gregorio
1129 2860 1178 2883 ΧΙΙ

267 2894 405 2919 Novembri
419 2895 450 2918 30
467 2895 561 2918 Romae
581 2894 606 2918 in
622 2902 718 2926 popam
735 2894 827 2920 eleeto.
841 2902 892 2918 nun
900 2894 950 2918 tius
969 2895 1057 2918 morti·
1073 2899 1098 2919 et
1114 2894 1177 2918 elec-

268 2930 346 2954 tionis
354 2932 414 2962 pont
426 2930 540 2954 Decemb.
556 2930 585 2953 27
598 2932 696 2953 uatum
711 2929 825 2953 Parisios
836 2930 960 2961 pervenit.

1217 955 1250 981 10

1217 1199 1249 1226 15

1216 1428 1250 1471 ‘20

1216 1690 1250 1716 25

1215 1935 1249 1962 30

1215 2181 1249 2207 35

1215 2425 1249 2451 40

1287 516 1317 539 et
1331 510 1473 545 ecclesie,
1490 517 1520 540 et
1537 511 1581 540 sic
1596 511 1872 552 proportionaliter
1887 514 1925 542 de
1944 512 2010 542 suis
2030 512 2196 542 cardinali-

1286 559 1356 588 bus.
1374 560 1406 588 2θ
1425 559 1515 596 Quod
1535 570 1596 589 non
1615 567 1678 595 est,
1694 571 1751 590 nec
1773 571 1916 601 umquam
1936 562 1992 591 fuit
2010 562 2196 591 intencionis

1287 618 1342 638 sue
1364 609 1510 638 recedere
1532 610 1570 637 ab
1590 608 1655 648 ejus
1678 610 1869 646 obediencia,
1886 621 1988 650 ymmo
2007 621 2130 650 semper
2147 611 2196 640 in-

1286 657 1432 686 tendebat
1451 664 1481 687 et
1502 658 1595 687 rebus
1612 659 1764 688 stantibus
1780 666 1813 689 ut
1830 670 1911 689 nunc
1929 670 2052 699 semper
2066 661 2197 690 intendit

1288 706 1347 735 sibi
1372 713 1402 736 et
1425 717 1481 736 suo
1506 708 1682 737 successori
1706 708 1833 738 obedire
1855 715 2007 748 tamquam
2025 719 2098 738 vero
2118 719 2196 749 pape

1287 755 1404 786 vicario
1431 755 1549 786 Christi
1572 766 1606 786 ac
1638 757 1723 786 Petri
1746 758 1932 787 successori.
1961 759 1992 786 3⁰
2019 758 2108 795 Quod
2134 768 2196 788 non

1287 805 1419 835 intendit
1428 805 1578 835 adherere
1593 805 1684 835 alicui
1697 806 1900 846 appellacioni
1914 807 1994 836 dicte
2006 806 2196 837 Universita-

1288 853 1340 890 tis,
1365 864 1426 894 qua
1451 854 1644 894 appellaret⁴
1668 855 1759 885 simul
1783 856 1821 884 ab
1845 862 1976 895 utroque
2005 857 2196 885 contenden-

1288 903 1366 932 cium
1387 903 1425 932 de
1447 910 1571 943 papatu,
1591 904 1663 944 quia
1679 904 1768 933 nacio
1786 905 1880 934 rebus
1896 905 2050 934 stantibus
2066 911 2098 934 ut
2115 915 2196 934 nunc

1287 962 1349 981 non
1371 952 1504 982 intendit
1522 952 1719 993 aliquomodo
1740 953 1897 993 appellare
1918 964 1934 982 a
1956 954 2082 983 domino
2103 954 2196 983 Inno-

1287 1001 1394 1031 cencio
1415 1008 1466 1031 aut
1490 1001 1556 1042 ejus
1579 1012 1777 1038 successore,
1803 1013 1892 1042 quem
1917 1009 2040 1042 reputat
2061 1009 2090 1032 et
2114 1009 2197 1032 tenet

1286 1060 1345 1090 pro
1364 1061 1438 1081 vero
1458 1062 1547 1090 papa.
1569 1051 1601 1080 4⁰
1619 1051 1708 1089 Quod
1730 1051 1814 1081 nullo
1834 1052 1926 1081 modo
1946 1052 1976 1081 in
1996 1051 2125 1091 alicujus
2145 1052 2197 1082 lit-

1287 1106 1351 1130 tere
1363 1099 1375 1118 ³
1390 1100 1627 1140 sigillacionem‚
1646 1100 1677 1130 in
1700 1110 1760 1141 qua
1776 1101 1914 1140 prefatus
1931 1101 2074 1131 dominus
2090 1108 2198 1131 noster

1288 1149 1492 1179 Innocencius
1515 1156 1566 1179 aut
1587 1149 1652 1189 ejus
1671 1159 1836 1179 successor
1856 1160 1950 1189 super
1978 1150 2120 1180 scismate
2145 1157 2197 1180 aut

1287 1199 1324 1227 de
1347 1198 1449 1228 heresi
1479 1204 1643 1238 suspectus
1667 1199 1783 1228 directe
1806 1199 1855 1229 vel
1882 1199 2031 1229 indirecte
2058 1206 2193 1235 notetur,

1287 1248 1380 1277 rebus
1396 1253 1426 1277 et
1443 1247 1708 1287 disposicionibus
1729 1254 1837 1278 contra
1856 1248 1957 1288 ipsum
1975 1255 2026 1278 aut
2041 1247 2107 1288 ejus
2128 1259 2195 1278 suc-

1286 1306 1443 1326 cessorem
1461 1303 1494 1326 ut
1510 1307 1592 1326 nunc
1609 1297 1806 1327 currentibus
1824 1297 1978 1327 consentit
1995 1304 2047 1327 aut
2061 1307 2195 1327 eonsen-

1286 1346 1344 1375 tire
1366 1346 1509 1382 intendit,
1535 1346 1610 1385 quin
1635 1356 1737 1385 ymmo
1763 1346 1876 1376 talibus
1900 1346 2011 1376 litteris
2037 1352 2068 1376 et
2091 1357 2194 1376 earum

1287 1394 1473 1435 sigillacioni
1497 1395 1621 1434 penitus
1642 1395 1787 1425 dissentit
1802 1396 2031 1435 dissentireque
2051 1396 2192 1426 intendit.

1287 1444 1327 1473 Et
1349 1454 1444 1483 super
1466 1444 1524 1473 ista
1549 1444 1776 1473 deliberacione
1801 1444 1941 1474 nacionis
1966 1445 2083 1483 prefate
2104 1451 2194 1484 atque

1286 1493 1499 1523 declaracione
1515 1503 1569 1523 sue
1586 1493 1783 1528 intencionis,
1798 1499 1982 1533 procurator
1997 1492 2062 1533 ejus
2077 1503 2112 1523 ac
2128 1494 2194 1534 ipsa

1286 1548 1350 1571 tota
1372 1542 1460 1571 nacio
1484 1542 1561 1572 solis
1583 1548 1715 1581 quatuor
1738 1542 1876 1582 exceptis
1899 1542 1988 1582 petiit
2007 1553 2024 1571 a
2046 1543 2194 1583 magistro

1286 1591 1301 1620 J
1306 1590 1426 1620 ohanne
1433 1590 1600 1620 Goberstat
1607 1591 1673 1620 ficri
1683 1591 1839 1630 publicum
1846 1591 2093 1626 instrumentum,
2102 1602 2194 1621 unum

1286 1639 1336 1669 vel
1352 1639 1451 1679 plura,
1467 1640 1498 1669 in
1513 1640 1652 1679 generali
1667 1640 1741 1670 etin
1755 1640 1882 1679 speciali
1896 1650 1954 1679 pro
1968 1640 2107 1680 quolibet
2119 1651 2195 1670 con-

1287 1689 1455 1724 sentiente,
1474 1689 1513 1718 ad
1530 1689 1620 1718 finem
1636 1689 1719 1728 quod
1735 1689 1837 1728 possit
1853 1689 2016 1719 efficaciter
2029 1691 2194 1719 ostendere

1286 1744 1426 1778 tempore
1444 1744 1474 1768 et
1491 1738 1559 1767 loco
1573 1748 1606 1768 se
1622 1748 1787 1778 numquam
1802 1738 1943 1768 deviasse
1961 1739 1999 1767 ab
2013 1739 2194 1769 obediencia

1287 1787 1403 1816 domini
1429 1787 1617 1822 innocencii,
1639 1797 1696 1816 nec
1721 1797 1863 1826 umquam
1886 1788 2097 1826 prenominate
2119 1799 2195 1818 con-

1287 1835 1419 1866 clusioni
1430 1835 1650 1866 Universitatis
1661 1836 1698 1865 de
1710 1836 1946 1866 scismaticando
1957 1843 1986 1866 et
1997 1837 2194 1867 hereticando

1286 1885 1444 1915 dominum
1463 1885 1680 1914 Innocencium
1696 1894 1770 1924 sepe
1785 1885 1899 1914 dictum
1918 1891 1969 1915 aut
1985 1884 2050 1925 ejus
2067 1896 2194 1916 succes-

1287 1945 1389 1965 sorem
1407 1934 1618 1968 concensisse,
1635 1935 1688 1963 sed
1707 1934 1804 1963 eidem
1823 1934 1947 1973 penitus
1965 1935 2165 1965 dissensisse.

1325 1983 1479 2020 Quantum
1497 1983 1535 2012 ad
1555 1983 1723 2012 secundum
1739 1982 1849 2018 nichil,
1865 1982 1937 2023 quia
1954 1983 2057 2013 nullus
2072 1984 2194 2023 suppli-

1286 2032 1367 2062 cavit
1376 2031 1399 2061 ⁶.

1326 2081 1399 2121 (Fal.
1419 2084 1436 2111 5
1451 2080 1475 2119 ¹²)
1492 2080 1583 2110 Facta
1605 2081 1850 2120 congregacione
1868 2081 2008 2111 nacionis
2023 2080 2193 2121 Anglicane

1286 2136 1360 2170 aput
1381 2130 1526 2159 Sanctum
1552 2129 1739 2159 Maturinum
1762 2139 1844 2159 anno
1871 2140 1932 2169 quo
1957 2140 2062 2169 supra,
2082 2130 2194 2161 XXVI·

1286 2179 1336 2210 die
1351 2179 1468 2208 mensis
1485 2178 1680 2213 Decembris,
1697 2188 1792 2218 super
1812 2179 1933 2208 duobus
1951 2179 2100 2209 articulis.
2122 2179 2193 2210 Pri-

1286 2238 1353 2258 mus
1375 2234 1441 2257 erat
1457 2228 1495 2257 ad
1517 2227 1702 2257 audiendum
1724 2227 1869 2257 minutam
1886 2227 2042 2267 cujusdam
2056 2228 2191 2264 littere⁷.

1286 2287 1376 2317 quam
1404 2276 1600 2306 Universitas
1630 2276 1707 2306 alias
1740 2276 1893 2307 conclusit
1920 2277 2034 2306 debere
2060 2277 2192 2317 sigillari

1286 2325 1390 2366 sigillo
1415 2324 1634 2356 Universitatis
1658 2335 1693 2355 ac
1712 2325 1807 2355 eciam
1831 2325 1944 2365 sigillis
1969 2326 2140 2355 facultatum
2164 2334 2193 2356 ct

1287 2375 1448 2405 nacionum
1482 2374 1689 2414 singularum,
1718 2375 1749 2404 in
1780 2385 1838 2414 qua
1866 2381 1964 2404 tamen
1994 2374 2193 2405 conclusione

1286 2424 1374 2454 nacio
1398 2423 1569 2463 Anglicana
1597 2424 1733 2453 nundum
1759 2423 1929 2459 consensit,
1955 2434 1991 2453 eo
2013 2424 2096 2463 quod
2122 2425 2193 2454 talis

1286 2473 1386 2502 littere
1405 2473 1522 2502 minuta
1542 2482 1598 2502 nec
1620 2482 1676 2512 per
1697 2483 1730 2502 se
1749 2483 1848 2512 neque
1863 2482 1918 2512 per
1938 2482 2011 2502 suos
2028 2473 2192 2512 deputatos

1285 2521 1384 2551 adhuc
1397 2531 1562 2561 numquam
1573 2527 1639 2551 erat
1650 2521 1829 2551 examinata.
1846 2521 2007 2551 Secundus
2021 2528 2085 2551 erat
2098 2532 2194 2562 super

1286 2570 1572 2610 supplicacionibus
1590 2575 1619 2599 et
1634 2569 1767 2610 injuriis.

1316 2682 1338 2705 b.
1374 2681 1415 2704 Ad
1432 2680 1573 2705 Concilium
1592 2680 1712 2713 generale
1731 2680 1783 2704 u'us
1803 2680 1931 2704 Ecclesiae
1949 2680 2107 2705 uniuenalis.
2134 2681 2191 2706 Vid.

1283 2719 1344 2742 lom.
1359 2717 1392 2741 lv
1405 2716 1524 2740 Chai-tul.

1315 2754 1339 2776 δ.
1372 2753 1408 2776 De
1420 2760 1471 2784 qua
1485 2761 1497 2775 ι
1511 2751 1597 2775 liuere
1614 2760 1626 2775 ι»
1640 2760 1698 2775 mos
1710 2752 1804 2783 agitur.

1315 2789 1338 2811 Oi.
1373 2789 1466 2811 Manu·
1477 2787 1606 2819 posterior
1621 2787 1743 2819 adsumi!
1759 2787 1869 2811 scisma.
1890 2788 1944 2811 nuo
1957 2795 2025 2819 pape
2038 2796 2043 2811 ι
2065 2788 2192 2812 innocen-

1284 2823 1347 2851 tius.
1359 2823 1510 2847 Dominicu·
1525 2823 1556 2855 (Ξ)

1316 2860 1339 2883 7.
1372 2858 1418 2882 mc
1439 2859 1525 2891 agitur
1548 2858 1580 2882 de
1599 2858 1706 2890 epistola
1730 2858 1906 2882 eninr-itaci·
1932 2858 2014 2882 Pario.
2038 2859 2074 2882 ad
2099 2867 2190 2891 regom,

1284 2902 1351 2926 quoe
1368 2894 1457 2926 incipit
1474 2902 1479 2918 t
1494 2894 1682 2926 Sperabam-as,
1698 2897 1722 2916 el
1735 2893 1857 2917 Ianuarii
1870 2895 1884 2917 3
1897 2893 1953 2926 regi
1965 2898 2131 2925 praesentata
2143 2898 2191 2920 eal.

1284 2931 1377 2954 Emtae
1391 2930 1417 2953 in
1431 2930 1493 2954 eod.
1518 2931 1572 2955 Vae.
1592 2931 1650 2961 neq.
1670 2930 1737 2953 mot.
1758 2929 1805 2960 sol.
1822 2930 1879 2957 189ς
1898 2929 1960 2953 eod.
1975 2930 2089 2954 Rochom.
2106 2930 2137 2954 Ο.
2151 2931 2191 2958 20.

1284 2968 1303 2989 t.
1318 2965 1501 2997 11(¹350).s01.
1515 2966 1554 2993 ⁴¹,
1569 2965 1692 2997 alibique,
1706 2968 1729 2989 et
1744 2964 1818 2992 Bm...
1835 2965 1862 2993 V,
1878 2965 1931 2989 1³4.
