2632 3464
307 452 364 480 845
821 451 935 484 LIBER
955 450 1269 478 PROCURATORUM
1289 449 1470 476 NATIONIS
1487 451 1734 477 ANGLICANAE
2181 454 2235 480 846

309 529 460 569 magister
481 528 639 558 lohannes
660 529 699 558 de
717 527 921 568 Zuysphania,
943 527 1092 567 magister
1113 526 1220 556 Goed-

308 577 432 608 scalcus
446 577 555 614 Vrese,
566 578 606 608 ad
619 577 800 607 avisandum
815 577 925 606 modos
940 575 1103 605 edificandi
1117 575 1218 606 scolas

310 626 466 666 predictas
486 633 517 656 et
529 627 568 656 ad
583 626 779 662 audiendum,
796 626 836 655 ad
853 631 999 665 quantum
1017 635 1051 655 se
1070 625 1219 654 extende-

306 682 359 706 ret
375 685 493 706 summa
506 676 759 716 exponendorum
776 685 835 715 pro
846 674 976 709 eisdem,
994 680 1024 704 et
1037 674 1095 704 hoc
1110 683 1218 703 secun-

306 725 382 754 dum
407 724 636 754 estimacionem
658 723 923 764 carpentariorum
945 729 976 752 et
1001 723 1216 753 lathomorum.

311 773 351 803 Et
361 779 449 803 erant
461 773 524 803 dati
540 773 679 812 prescise
694 773 733 802 ad
745 772 951 803 referendum.
965 772 1119 809 Quantum
1130 773 1169 801 ad
1179 772 1218 801 3“ι

306 822 471 852 articulum
486 822 610 852 habitus
625 828 691 852 erat
704 827 890 862 procurator
905 822 1077 861 precedens
1097 828 1216 861 gratus,

309 872 578 903 recommendatus
595 877 625 901 et
642 876 780 900 avoatus.

350 920 444 950 Facta
457 920 705 960 congregacione
717 919 858 949 nacionis
867 929 959 954 anno,
973 929 1091 954 mense,
1105 919 1219 959 quibus

310 979 417 1009 supra,
436 969 487 999 die
503 969 589 999 xxl·
603 967 752 1008 ejusdem,
769 969 851 1008 apud
869 968 1013 998 Sanctum
1031 968 1219 998 Maturinum

308 1017 387 1048 hora
401 1018 490 1058 quasi
505 1027 587 1048 nona
605 1024 675 1048 ante
695 1018 858 1057 prandium
874 1027 970 1057 super
990 1017 1052 1046 2¹³⁰·
1066 1017 1216 1047 articulis.

309 1067 436 1097 Primus
450 1067 598 1097 articulus
614 1067 670 1096 suit
687 1076 782 1106 super
798 1067 876 1096 sacto
891 1066 1044 1096 scolarum
1062 1066 1219 1107 predicta-

307 1125 389 1146 rum.
411 1115 452 1146 Et
467 1116 644 1145 continebat
659 1115 761 1156 aliqua
777 1122 900 1155 puncta.
917 1115 1054 1146 Primum
1072 1122 1218 1156 punctum

306 1174 405 1205 super
416 1164 571 1194 relacione
582 1164 705 1194 illorum
714 1174 774 1204 que
787 1164 924 1204 deputati
935 1165 997 1194 dati
1007 1164 1039 1194 in
1049 1174 1218 1204 congrega-

307 1214 398 1244 cione
421 1214 601 1253 precedenti
629 1214 765 1243 fecerant
785 1223 853 1243 cum
876 1213 1019 1243 lathomis
1036 1220 1067 1244 et
1086 1223 1219 1253 carpen-

309 1263 408 1299 tariis.
424 1263 464 1292 2¹·
477 1269 682 1302 punctum,an
698 1263 786 1292 nacio
798 1262 891 1292 vellet
904 1262 1048 1292 edificare
1062 1263 1123 1292 isto
1139 1272 1219 1292 anno

306 1311 412 1342 scolas
428 1318 682 1351 prememoratus,
708 1311 810 1341 audita
832 1311 1003 1346 relacione,
1024 1311 1073 1341 vel
1094 1312 1219 1341 diflerre

309 1369 409 1400 usque
428 1361 466 1390 ad
487 1361 662 1400 proximum
679 1370 803 1390 annum.
821 1362 860 1390 3-
878 1367 1026 1400 punctum
1041 1367 1109 1390 erat
1124 1370 1220 1400 super

306 1409 466 1449 aliquibus
479 1409 710 1439 continentibus
725 1409 808 1439 istud
825 1410 933 1439 factum
947 1409 1166 1440 edificacionis.
1181 1409 1220 1439 Et

308 1458 382 1488 fecit
390 1464 577 1498 procurator
591 1458 776 1488 relacionem
787 1459 826 1487 de
838 1458 999 1498 predictis.
1012 1459 1059 1487 2¹¹·
1070 1458 1218 1488 articulus

310 1507 367 1537 suit
384 1517 480 1547 super
497 1507 783 1547 supplicacionibus
804 1513 835 1537 et
855 1506 989 1547 injuriis.
1012 1507 1164 1545 Quantum
1180 1508 1219 1537 ad

308 1556 441 1596 primum
456 1555 619 1585 articulum
632 1555 739 1586 habuit
750 1556 840 1586 nacio
855 1562 975 1596 gratum
986 1562 1016 1586 et
1025 1562 1124 1586 ratum
1135 1557 1219 1596 quod

304 1605 445 1644 deputati
462 1605 611 1640 fecerunt,
628 1611 658 1634 et
673 1605 758 1634 dedit
771 1605 860 1634 nacio
875 1605 1039 1645 deputatos
1055 1605 1219 1635 nominan-

304 1654 366 1683 dos
380 1663 438 1693 per
450 1659 694 1693 procuratorem,
706 1659 770 1683 tres
782 1653 927 1683 videlicet
940 1664 1001 1683 una
1014 1664 1082 1684 cum
1096 1654 1218 1684 bedello

307 1702 460 1738 nacionis,
484 1702 537 1742 qui
567 1702 716 1732 haberent
741 1709 926 1742 potestatem
952 1703 1161 1733 concordandi
1188 1710 1219 1734 et

302 1752 513 1791 componendi
540 1761 609 1781 cum
633 1752 787 1791 operariis
819 1758 850 1782 et
875 1752 1006 1782 faciendi
1031 1753 1146 1788 sorum,
1176 1753 1218 1782 ita

306 1807 408 1831 tamen
421 1801 505 1840 quod
520 1801 557 1830 ad
571 1800 673 1830 minus
691 1807 755 1831 tres
769 1801 918 1831 haberent
930 1801 1019 1831 istam
1033 1808 1217 1841 potestatem

307 1850 339 1879 in
363 1849 509 1879 absencia
532 1849 645 1889 quarti.
676 1849 815 1879 Ulterius
838 1850 935 1886 voluit
960 1850 1048 1880 nacio
1074 1851 1216 1881 edificare

308 1898 464 1938 predictas
486 1898 588 1928 scolas
612 1899 643 1928 in
665 1899 803 1938 presenti
820 1909 901 1928 anno
920 1899 1022 1929 audita
1045 1899 1214 1936 relacione,

304 1953 339 1977 et
364 1957 425 1976 non
449 1953 612 1986 expectare
641 1948 679 1976 ad
708 1957 821 1977 annum
850 1954 1040 1987 sequentem.
1071 1948 1216 1978 Preterea

307 1996 395 2026 nacio
415 1996 645 2035 regraciabatur
667 1996 828 2026 Bomondo
851 1996 972 2026 bedello
993 1997 1143 2032 nacionis,
1163 1998 1216 2037 qui

307 2045 450 2085 promisit
472 2046 643 2075 concedere
668 2045 789 2075 nacioni
809 2046 833 2076 C
860 2047 981 2075 francos
1010 2056 1067 2086 pro
1091 2047 1216 2076 edifica-

303 2094 395 2124 cione
413 2093 563 2133 predicta,
578 2093 742 2124 intendens
762 2094 872 2124 sactum
891 2094 973 2125 istud
994 2094 1107 2124 habere
1127 2096 1215 2125 cordi

303 2142 382 2173 alias
397 2153 455 2182 per
467 2142 524 2172 Dei
538 2142 684 2182 graciam,
701 2153 769 2172 cum
786 2143 907 2173 nacioni
925 2144 1045 2173 fortuna
1060 2144 1212 2174 arriserit.

307 2191 455 2221 Preterea
467 2191 554 2221 nacio
570 2192 740 2231 acceptavit
763 2191 834 2222 illos
850 2192 874 2222 C
899 2193 1020 2222 francos
1040 2193 1091 2222 tali
1111 2199 1212 2233 pact0,

304 2241 390 2280 quod
406 2240 494 2270 nacio
507 2239 606 2269 solvet
618 2240 758 2280 quolibet
767 2251 848 2270 anno
862 2251 960 2280 usque
973 2241 1011 2270 ad
1025 2242 1214 2280 pei-solucio-

305 2299 375 2319 nem
407 2289 491 2319 illius
519 2299 637 2319 summe
665 2289 765 2319 eidem
788 2289 950 2320 Bomondo
979 2290 1062 2320 XXV
1091 2291 1214 2321 francos

305 2338 338 2368 in
357 2338 489 2368 termino
507 2337 697 2378 assignando
715 2344 744 2368 et
761 2348 829 2367 cum
844 2338 1034 2378 obligatione
1049 2339 1087 2368 ad
1105 2349 1212 2379 penam

303 2387 332 2417 X
350 2388 538 2422 francorum,
556 2387 582 2416 si
601 2397 663 2416 non
681 2386 876 2416 solverentur
893 2387 923 2416 in
939 2387 1071 2417 termino
1085 2388 1133 2417 vel
1149 2394 1213 2418 ter-

305 2435 398 2466 minis
433 2435 623 2475 assignando
651 2435 700 2466 vel
729 2435 939 2475 assignandis.
967 2436 1040 2466 ltem
1067 2438 1213 2477 deposuit

303 2494 428 2515 exnunc
445 2485 534 2514 nacio
558 2485 721 2524 prandium
740 2485 770 2514 in
790 2486 867 2514 sesto
886 2485 1068 2521 Eadmondi,
1095 2496 1214 2525 quous·

305 2543 366 2573 que
374 2533 551 2573 persolucio
561 2533 698 2572 predicta
706 2533 797 2563 suerit
807 2533 942 2573 impleta,
951 2533 992 2564 ita
1003 2533 1121 2564 scilicet
1129 2535 1211 2574 quod

305 2591 368 2613 non
389 2582 441 2612 fiat
455 2582 603 2622 expensis
617 2582 767 2612 nacionis.
787 2582 918 2622 Insuper
932 2582 1018 2612 dedit
1034 2583 1122 2613 nacio
1137 2594 1213 2613 con-

302 2640 431 2661 sensum
449 2630 625 2661 invadiandi
641 2631 781 2661 clenodia
797 2631 949 2666 nacionis,
962 2637 1067 2671 utpote
1080 2632 1210 2671 virgam,

305 2678 442 2715 missale,
458 2679 584 2709 calicem
603 2686 633 2710 et
648 2680 719 2714 alia,
737 2680 764 2709 si
779 2690 839 2719 que
857 2680 981 2715 suerint,
998 2681 1024 2709 si
1044 2681 1212 2711 necessitas

306 2734 483 2768 perurgeat.
507 2728 640 2768 Insuper
655 2728 753 2759 voluit
770 2730 852 2769 quod
875 2739 936 2759 non
954 2729 1079 2759 daretur
1091 2730 1213 2760 debito-

305 2777 406 2812 ribus,
423 2776 476 2817 qui
488 2784 661 2817 posuerunt
675 2778 776 2814 vadia,
793 2777 906 2818 aliquis
919 2778 1050 2818 amplior
1062 2779 1212 2808 terminus

306 2825 387 2856 ultra
411 2826 522 2856 festum
546 2826 644 2856 sancti
671 2826 822 2857 «lobannis
853 2826 1003 2867 Baptiste,
1031 2837 1087 2856 nec
1116 2827 1211 2857 eciam

302 2874 387 2910 aliis,
406 2874 433 2904 si
457 2884 516 2914 que
538 2882 691 2915 ponerent
710 2876 816 2911 vadia;
844 2882 874 2905 et
897 2876 923 2905 si
947 2882 1018 2905 tunc
1043 2886 1104 2905 non
1127 2877 1212 2906 redi-

306 2928 399 2958 mant,
416 2924 500 2963 quod
516 2924 690 2954 vendantur
711 2925 828 2965 absque
851 2924 943 2964 pluri.
964 2924 1067 2954 Voluit
1084 2924 1212 2965 insuper

305 2972 395 3002 nscio
407 2972 490 3012 quod
501 2972 589 3002 fleret
600 2973 766 3013 diligencia
778 2983 835 3013 pro
850 2973 991 3003 babendo
1006 2973 1055 3003 illa
1069 2973 1212 3004 ΧΧΙΙΙΙ*π

1255 971 1290 998 10

1256 1220 1290 1247 15

1255 1464 1290 1491 20

1254 1709 1288 1736 25

1253 1953 1287 1980 30

1329 532 1426 561 scuta,
1443 536 1502 565 que
1523 527 1614 556 debet
1632 527 1827 558 Universitas
1846 529 1978 563 nacioni,
1997 528 2039 558 ita
2056 531 2139 568 quod
2159 540 2235 570 sup-

1327 574 1459 613 plicetur
1478 575 1510 604 in
1528 575 1747 606 Universitate.
1771 577 1809 606 Et
1824 577 1865 606 ita
1878 587 1936 616 ego
1956 585 2139 616 procurator
2158 589 2235 608 con-

1327 623 1405 652 clusi
1420 624 1544 653 nomine
1561 624 1663 654 officii.

1368 672 1521 709 Quantum
1547 673 1586 702 ad
1611 673 1652 701 2¹¹¹
1676 674 1836 703 articulum
1863 675 2115 714 supplicaverunt
2140 676 2235 716 aliqui

1327 721 1468 761 magistri
1480 732 1539 761 pro
1551 721 1650 751 literis
1661 723 1920 753 testimonialibus
1932 724 1963 752 in
1977 725 2129 754 communi
2138 726 2234 754 forma

1327 770 1466 810 scriptis,
1481 781 1611 810 quorum
1627 772 1851 811 supplicacioni
1868 773 1941 802 favit
1954 773 2052 802 nacio.

1367 819 1440 859 (Fol-
1456 819 1503 858 65)
1521 820 1612 849 Facta
1625 821 1872 861 congregacione
1889 822 2029 851 nacionis
2044 823 2126 861 apud
2142 823 2235 852 Sanc-

1326 875 1390 898 tum
1408 868 1593 898 Maturinum
1610 879 1690 899 anno
1707 876 1737 900 et
1752 880 1857 899 mense
1871 871 1984 910 quibus
1998 881 2103 911 supra,
2119 872 2234 901 xxlll·

1327 917 1476 956 ejusdem,
1493 918 1598 947 eadem
1615 918 1690 947 hora
1708 929 1766 958 qua
1783 926 1854 948 tunc
1870 920 2085 949 celebrabatur
2101 931 2235 960 congre-

1327 966 1416 1006 gacio
1430 966 1661 1002 Universitatis,
1679 978 1774 1007 super
1792 969 1853 997 2¹²³·
1870 969 2020 998 articulis.
2042 970 2163 999 Primus
2179 970 2235 1000 suit

1326 1016 1364 1045 ad
1386 1015 1570 1045 audiendum
1595 1016 1823 1046 conclusionem
1846 1017 1979 1047 habitam
2002 1018 2033 1047 in
2054 1019 2234 1058 precedenti

1326 1065 1573 1105 congregacione
1599 1065 1749 1101 nacionis,
1779 1072 1809 1095 et
1832 1067 1870 1095 ad
1893 1067 2135 1097 confirmandum
2159 1078 2234 1097 ean-

1327 1114 1396 1143 dem
1417 1124 1480 1143 non
1498 1115 1692 1144 retractando
1709 1114 1888 1144 deliberata.
1908 1116 1953 1144 2¹¹·
1971 1116 2118 1146 articulus
2139 1127 2235 1156 super

1327 1162 1612 1203 supplicacionibus
1635 1170 1665 1193 et
1691 1163 1823 1203 injuriis,
1847 1171 1904 1194 etc.
1928 1164 2081 1202 Quantum
2105 1166 2143 1195 ad
2166 1166 2234 1205 pri-

1327 1222 1408 1242 mum
1425 1211 1587 1242 articulum
1600 1212 1679 1242 lecta
1690 1219 1756 1242 erat
1770 1213 1883 1242 ibidem
1899 1214 2058 1243 conclusio
2074 1215 2191 1254 prefata
2205 1221 2235 1244 et

1327 1261 1505 1290 confirmata
1517 1267 1547 1291 et
1563 1263 1742 1301 approbata.
1763 1262 1809 1291 De
1824 1263 1856 1291 2⁰
1870 1263 1999 1292 articulo
2016 1263 2122 1293 nichil.

1367 1309 1460 1340 Facta
1471 1311 1718 1350 congregacione
1736 1312 1874 1341 nacionis
1885 1313 1966 1351 apud
1980 1312 2123 1342 Sanctum
2138 1313 2235 1342 Matu-

1327 1359 1427 1389 rinum
1445 1369 1537 1394 anno,
1561 1370 1677 1395 mense,
1701 1360 1814 1399 quibus
1837 1371 1943 1400 supra,
1959 1361 2064 1390 ultima
2088 1362 2137 1391 die
2156 1361 2235 1402 ejus-

1327 1409 1396 1438 dem
1413 1408 1541 1443 mensis,
1555 1408 1631 1438 hora
1646 1415 1752 1438 octava
1769 1409 1817 1439 vel
1833 1410 1921 1449 quasi
1935 1420 2030 1449 super
2044 1410 2107 1439 2¹³⁰·
2125 1411 2235 1440 articu-

1327 1457 1377 1487 lis.
1400 1457 1524 1486 Primus
1544 1458 1581 1486 ad
1605 1458 1790 1487 audiendum
1813 1458 1959 1488 minutam
1975 1459 2127 1488 Bomondi
2152 1465 2182 1488 et
2196 1460 2234 1488 ad

1327 1506 1544 1546 corrigendum
1562 1516 1639 1541 eam,
1652 1506 1679 1535 si
1694 1506 1769 1545 quid
1778 1507 1996 1546 corrigendum
2011 1513 2104 1536 esset.
2119 1507 2232 1537 Secun-

1326 1556 1385 1585 dus
1398 1565 1494 1594 super
1507 1554 1792 1594 supplicacionibus
1807 1562 1837 1585 et
1855 1555 1989 1595 injuriis,
2004 1562 2062 1585 etc.
2080 1556 2232 1594 Quantum

1326 1605 1364 1634 ad
1380 1604 1511 1643 primum
1527 1604 1643 1634 audivit
1660 1604 1748 1634 nacio
1768 1605 1925 1639 minutam,
1940 1611 1970 1634 et
1987 1605 2112 1644 placuit,
2129 1605 2233 1635 dimit-

1325 1653 1419 1683 tendo
1434 1659 1534 1682 tamen
1549 1653 1631 1682 illam
1642 1653 1834 1692 particulam,
1853 1653 1972 1683 scilicet
1984 1655 2022 1683 de
2039 1654 2233 1694 obligacione

1325 1702 1477 1732 bonorum
1507 1701 1664 1731 mobilium
1697 1702 1848 1738 nacionis,
1877 1702 1996 1732 scilicet
2021 1703 2232 1742 depositorum

1325 1757 1432 1791 utpote
1444 1751 1543 1790 virge,
1563 1751 1668 1780 calicis
1683 1758 1713 1780 et
1730 1751 1876 1786 missalis,
1896 1762 1956 1791 que
1974 1752 2124 1791 particula
2137 1752 2231 1781 eciam

1326 1806 1458 1839 protunc
1472 1800 1529 1829 suit
1543 1800 1684 1839 deposita
1702 1810 1769 1829 cum
1788 1810 1942 1829 consensu
1963 1799 2124 1830 Bomondi.
2144 1800 2232 1830 Deli·-

1325 1849 1446 1878 beravit
1461 1848 1556 1878 eciam
1577 1849 1665 1878 nacio
1684 1850 1766 1888 quod
1788 1855 1970 1888 procurator
1990 1855 2019 1878 et
2034 1855 2177 1888 receptor
2197 1859 2230 1879 se

1325 1897 1500 1938 obligarent
1521 1898 1644 1927 nomine
1665 1898 1795 1937 proprio
1815 1908 1872 1937 pro
1895 1908 2011 1927 summa
2034 1904 2177 1928 contenta
2199 1898 2229 1927 in

1324 1946 1439 1976 minuta
1458 1947 1626 1976 secundum
1643 1947 1768 1979 sormam
1790 1947 1915 1981 minute,
1932 1948 2015 1986 quod
2032 1954 2062 1976 et
2079 1948 2226 1977 fecerunt.

1325 1996 1365 2026 Et
1383 1995 1471 2026 nacio
1493 1996 1636 2035 promisit
1658 1996 1756 2035 ipsos,
1780 1995 1923 2025 videlicet
1944 2002 2175 2035 procuratorem
2200 2003 2230 2026 et

1323 2051 1515 2084 receptorem
1551 2045 1796 2084 prenominatos,
1826 2050 1932 2074 tenere
1963 2045 2156 2085 indempnes.
2191 2046 2230 2075 Et

1323 2093 1432 2133 petivit
1452 2100 1596 2133 receptor
1618 2095 1655 2123 de
1674 2094 1743 2123 istis
1766 2094 2000 2123 instrumentum
2020 2094 2050 2123 in
2069 2094 2227 2133 presencia

1323 2142 1473 2172 nacionis.
1494 2143 1541 2172 De
1555 2144 1586 2172 2⁰
1601 2142 1706 2172 nichil.

1251 2197 1331 2225 ³51

1250 2440 1284 2467 40

1250 2686 1284 2712 45

1248 2930 1283 2956 50

1716 2235 1812 2264 1402

1352 2305 1602 2336 Continuacio
1629 2305 1795 2345 ejusdem
1822 2306 1995 2346 magistri
2021 2306 2200 2336 Johannis

1621 2355 1664 2384 de
1697 2355 1926 2395 Galencoep.

1363 2436 1481 2466 lndicta
1512 2436 1758 2476 congregacione
1791 2436 1930 2466 nacionis
1962 2436 2042 2475 apud
2081 2436 2225 2466 Sanctum

1322 2485 1507 2515 Maturinum
1525 2495 1605 2515 anno
1621 2496 1682 2524 quo
1698 2495 1804 2525 supra,
1821 2485 1926 2524 quinta
1939 2485 1988 2514 die
2009 2485 2123 2514 mensis
2139 2485 2223 2521 Maii,

1322 2534 1397 2564 hora
1413 2534 1501 2573 quasi
1518 2544 1599 2563 nona
1613 2544 1708 2573 super
1728 2534 1789 2563 31’11·
1803 2534 1949 2565 articulis.
1971 2534 2092 2563 Primus
2116 2534 2171 2563 suit
2187 2535 2225 2564 ad

1321 2583 1496 2622 eligendum
1513 2589 1762 2622 procuratore1n;
1780 2585 1825 2612 2¹·-
1839 2584 1876 2612 ad
1894 2582 2089 2621 sigillandum
2106 2582 2223 2612 literam

1322 2631 1486 2665 Bomondi.
1504 2632 1541 2661 de
1558 2642 1616 2671 qua
1637 2632 1667 2661 in
1683 2632 1860 2671 precedenti
1878 2632 2123 2670 congregacione
2139 2642 2226 2661 incn-

1321 2681 1386 2717 sio;
1405 2682 1452 2710 3²·-
1473 2691 1568 2720 super
1582 2681 1866 2721 supplicacionibus
1891 2687 1920 2709 et
1938 2679 2069 2719 injuriis.
2091 2680 2130 2710 Et
2150 2691 2226 2721 sup-

1321 2729 1446 2770 plicavit
1472 2736 1655 2769 procurator
1688 2730 1832 2769 quatinus
1864 2729 2028 2759 haberetur
2058 2735 2164 2769 gratus
2196 2736 2227 2759 et

1320 2779 1585 2808 recommendatus
1608 2779 1638 2807 in
1655 2779 1731 2808 actis
1754 2789 1808 2817 per
1826 2788 1892 2808 euin
1916 2784 2053 2818 tempore
2076 2788 2226 2817 procura-

1320 2827 1419 2857 cionis
1438 2827 1643 2867 precedentis.
1660 2828 1811 2864 Quantum
1828 2827 1865 2856 ad
1883 2827 2013 2866 primum
2029 2827 2224 2857 continuatus

1321 2877 1376 2906 ruit
1400 2876 1430 2905 in
1454 2883 1684 2916 procuratorem
1704 2877 1850 2914 magister
1873 2875 2029 2905 lohannes
2051 2876 2089 2905 de
2114 2876 2223 2905 Galen·

1320 2935 1408 2965 coep,
1423 2931 1605 2965 procurator
1624 2925 1803 2964 precedens
1825 2926 1976 2962 Quantum
1995 2925 2031 2953 ad
2050 2926 2090 2954 2¹¹²
2107 2925 2223 2965 sigilla·

1321 2980 1349 3004 ta
1366 2980 1430 3003 erat
1445 2974 1533 3003 litera
1551 2973 1612 3003 illa.
1633 2973 1669 3003 Et
1689 2983 1860 3003 consensus
1882 2979 1930 3003 est
1952 2973 2130 3003 Bomondus
2150 2983 2223 3014 qua-
