2632 3464
289 429 323 455 97

288 505 422 544 gendum
437 515 494 535 nec
508 515 571 535 11011
584 506 790 540 statuendum,
805 505 1002 535 concorditer
1015 511 1044 534 et
1060 505 1198 534 unanimi

287 563 444 584 consensu
462 554 635 595 eligebatur
654 560 799 594 receptor
818 554 966 594 magister
985 553 1196 583 Theodericus

287 603 326 632 de
349 603 431 633 Foro
453 603 611 634 nascionis
635 603 828 643 supradicte,
851 603 904 643 qui
927 603 1017 632 etiam
1041 602 1196 643 corporali

287 652 418 691 prestito
430 650 606 692 juramento
621 652 756 682 asseruit
773 661 807 681 se
827 661 951 691 semper
964 650 1044 681 velle
1064 652 1102 680 ad
1120 661 1197 691 pro-

287 701 397 730 fectum
431 707 462 730 et
489 700 638 731 honorem
671 700 829 730 nascionis
864 699 1036 741 Anglieane
1065 700 1196 730 officium

285 750 460 789 receptorie
474 755 613 790 tempore
627 759 683 780 suo
693 748 780 790 juxta
795 749 934 780 ultimum
951 749 998 779 sui
1013 759 1108 789 posse
1124 750 1196 779 fide-

285 797 357 828 liter
374 808 531 828 exercere.

326 846 399 887 (801.
418 848 494 888 55¹³)
511 847 605 877 Item*
628 847 679 877 die
694 854 725 877 et
739 848 987 888 congregacione
1002 848 1108 877 eadem
1124 857 1196 877 una-

285 896 359 926 nimi
375 906 530 926 consensu
542 897 638 926 totius
653 897 811 926 nascionis
827 907 1010 926 concessum
1026 897 1081 926 fuit
1096 903 1126 926 et
1141 906 1198 936 per

284 952 533 985 procuratorem,
572 946 625 986 qui
658 946 689 975 in
727 946 955 975 deliberacione
993 946 1050 975 hoc
1090 946 1197 985 posuit

283 994 475 1030 conclusum,
496 995 580 1034 quod
601 996 639 1024 ab
661 995 715 1024 illo
734 1001 807 1025 tunc
831 995 862 1024 in
886 996 1020 1025 futurum
1043 1002 1196 1035 perpetuo

283 1049 422 1083 tempore
434 1042 523 1083 juxta
537 1043 711 1084 receptorie
726 1044 859 1074 officium
877 1045 1107 1080 observaretur,
1121 1051 1196 1084 puta

283 1093 367 1132 quod
396 1092 573 1133 quicunque
600 1103 659 1133 pro
687 1099 827 1132 tempore
853 1099 998 1133 receptor
1021 1093 1191 1130 exstiterit,

282 1141 444 1181 pecuniam
463 1151 519 1171 seu
533 1142 638 1178 vadia,
654 1152 715 1182 que
729 1142 809 1171 infra
826 1152 962 1171 mensem
979 1143 1194 1182 procuratoris

281 1191 448 1232 cujuslibet
459 1193 631 1233 collegerit,
646 1199 717 1223 ante
730 1193 822 1223 finem
838 1194 954 1223 mensis
968 1193 1105 1234 ejusdem
1120 1205 1194 1234 per-

282 1241 432 1271 sonaliter
443 1242 644 1282 presentibus
658 1242 818 1283 magistris
833 1242 936 1272 claves
950 1243 1041 1272 arche
1057 1243 1192 1283 gerenti-

281 1290 340 1320 bus
359 1300 416 1320 nec
436 1301 499 1320 non
517 1291 706 1320 sufficienter
719 1292 837 1321 vocatis
858 1293 895 1321 ad
916 1292 1017 1322 minus
1033 1292 1194 1332 magistris

280 1339 462 1379 regentibus
477 1347 608 1380 reponat
622 1340 654 1370 in
669 1340 803 1375 archam,
817 1341 877 1370 fide
894 1341 1022 1380 prestita
1037 1342 1194 1372 nascionis

281 1387 470 1429 Angficane,
487 1389 529 1419 ita
547 1390 631 1429 quod
649 1389 676 1419 si
693 1389 795 1419 dictus
817 1397 961 1430 receptor
978 1391 1115 1421 existens
1135 1401 1193 1431 pro

281 1443 420 1477 tempore
435 1438 561 1478 aliquod
577 1439 788 1478 predictorum
806 1439 982 1475 obmiserit,
1000 1440 1072 1469 fidei
1089 1446 1193 1470 trans-

281 1496 411 1526 gressor
426 1494 598 1527 reputetur.

321 1535 397 1565 ltem
421 1536 472 1565 die
498 1542 528 1565 et
553 1537 802 1577 congregacione
831 1538 936 1566 eadem
962 1544 1108 1567 statutum
1138 1538 1194 1568 fuit

280 1585 363 1624 quod
393 1585 570 1625 quicunque
594 1592 740 1625 receptor
764 1596 824 1626 pro
854 1592 994 1626 tempore
1021 1587 1191 1624 exstiterit,

279 1633 393 1663 nullam
408 1635 568 1674 pecuniam
585 1645 686 1675 neque
697 1635 788 1664 vadia
803 1636 841 1665 de
858 1636 940 1665 dicta
954 1636 1046 1665 archa
1063 1637 1194 1676 recipiat

280 1692 333 1712 seu
358 1683 515 1723 disponat,
538 1684 599 1713 nisi
620 1683 820 1724 presentibus
842 1690 872 1714 et
895 1685 1012 1715 vocatis
1034 1686 1193 1726 magistris

279 1732 467 1772 supradietis
477 1755 484 1768 ,
496 1743 557 1773 que
571 1733 673 1763 omnia
686 1733 908 1763 inviolabiliter
922 1735 1089 1764 observare
1104 1745 1193 1765 rece-

279 1787 351 1820 ptor
372 1781 488 1811 electus
514 1782 574 1811 fide
598 1782 728 1822 prestita
751 1783 926 1819 roboravit,
948 1784 1039 1813 sicuti
1062 1784 1193 1824 quilibet

278 1836 474 1870 receptorum
501 1831 682 1861 auctoritate
706 1831 780 1861 dicti
804 1832 909 1862 statuti
932 1832 963 1862 in
987 1833 1085 1872 prima
1103 1843 1193 1863 crea-

278 1878 368 1908 cione
381 1879 429 1909 sui
446 1879 552 1909 eadem
568 1881 637 1910 data
652 1880 712 1910 fide
728 1881 884 1911 tenebitur
899 1881 1092 1911 confirmare.

319 1927 394 1957 Item
412 1928 461 1958 die
484 1935 515 1958 et
535 1929 783 1970 congregacione
800 1931 917 1965 eadem,
941 1931 1024 1960 dicto
1047 1930 1192 1971 injunge-

278 1977 391 2007 bantur
405 1978 561 2017 receptori
576 1977 636 2008 fide
653 1979 801 2018 prestita,
821 1985 914 2018 prout
931 1989 1037 2019 supra,
1054 1980 1191 2010 unanimi

278 2035 434 2056 concensu
449 2026 680 2067 magistrorum,
692 2037 731 2058 ne
743 2027 846 2068 aliqua
858 2028 948 2058 vadia
960 2039 1086 2069 quoquo
1099 2030 1191 2060 modo

278 2074 433 2115 reciperet
447 2075 536 2105 etiam
552 2086 569 2105 a
584 2086 782 2117 quocunque,
798 2077 859 2107 nisi
878 2077 1006 2117 speciali
1022 2088 1117 2118 super
1132 2078 1190 2109 hoc

278 2123 440 2163 prehabita
456 2124 697 2164 dispensacione
713 2125 883 2156 nascionis.

319 2172 394 2202 Item
415 2173 476 2203 fide
499 2174 630 2214 prestita
648 2174 733 2204 nulla
753 2175 884 2215 recipiat
902 2176 1002 2211 vadia,
1023 2176 1085 2206 nisi
1105 2176 1191 2206 suffi-

277 2221 378 2252 cienta
393 2222 612 2263 omniquaque.

278 2282 280 2284 ·
319 2270 394 2301 Item
415 2271 584 2312 injunctum
603 2279 670 2302 erat
691 2273 751 2302 sibi
775 2279 808 2303 ut
826 2273 960 2303 budellis
981 2274 1044 2315 (sic)
1065 2275 1095 2304 in
1115 2275 1188 2311 hiis,

277 2329 338 2359 que
352 2320 391 2349 ad
405 2320 493 2360 ipsos
511 2321 734 2360 spectaverint,
753 2321 785 2351 in
800 2322 860 2351 fine
877 2323 994 2352 mensis
1012 2323 1190 2354 satisfacere

277 2375 340 2395 non
357 2367 508 2397 obmittat.

319 2415 394 2445 Item
422 2415 472 2445 die
500 2422 530 2446 et
555 2417 802 2457 congregacione
829 2418 934 2447 eadem
962 2425 1108 2449 statutum
1135 2420 1191 2450 fuit

278 2464 412 2493 unanimi
427 2475 583 2495 consensu
600 2466 836 2505 magistrorum,
855 2477 893 2496 ne
911 2467 1039 2507 aliquis,
1058 2469 1190 2508 quibus-

277 2523 399 2553 cunque
420 2513 469 2543 vel
487 2523 672 2554 quocunque
697 2515 757 2544 sibi
778 2516 960 2546 adveniente
977 2517 1089 2552 officio,
1113 2518 1190 2547 duas

277 2561 380 2592 claves
393 2569 569 2602 spectantes
584 2564 622 2592 ad
637 2563 760 2593 archam
776 2565 836 2594 sibi
848 2565 946 2595 valeat
959 2576 1121 2606 usurpare,
1135 2567 1190 2596 sed

277 2610 379 2640 statim
396 2611 492 2641 altera
507 2612 689 2642 adveniente
704 2613 788 2643 clave
805 2614 886 2643 dicte
902 2615 1059 2645 nascionis
1074 2615 1189 2645 delibe-

277 2659 402 2690 racione
417 2660 577 2700 prehabita
591 2671 654 2691 non
669 2662 790 2692 desinat
803 2662 975 2703 resignare,
987 2663 1076 2703 juxta
1088 2671 1188 2694 tamen

277 2709 530 2738 consuetudinem
549 2709 708 2750 hucusque
725 2710 846 2750 plenius
862 2713 1066 2742 observatam.

319 2757 394 2787 118111
414 2758 602 2788 sufficienter
616 2766 784 2790 convocata
804 2761 950 2791 nascione
970 2761 1143 2802 Anglicana
1159 2763 1190 2792 7·

310 2849 332 2873 ¹.
366 2851 395 2874 Ιιι
410 2850 526 2883 margine
540 2854 679 2876 statutum.

309 2885 332 2908 2.
366 2885 547 2910 Christianum
558 2886 591 2911 de
604 2887 670 2917 Em,
683 2887 709 2911 in
723 2889 794 2912 Rom.
808 2888 891 2913 σηπία.

309 2920 332 2944 8.
367 2921 397 2944 12
406 2921 486 2946 lunii.

309 2956 332 2979 Ιι.
367 2957 394 2980 In
408 2957 523 2990 margine
533 2957 596 2982 add.
611 2965 618 2982 ι
632 2958 712 2982 solvit.
727 2960 865 2991 receptori.

360 3001 474 3022 Auctarium
485 3002 608 3023 chartularii
621 3003 707 3024 L'aiwn.
717 3004 785 3024 Parin.
796 3015 823 3020 —
839 3004 848 3024 l

792 429 907 455 LIBER
931 428 1246 455 PROCURATORUM
1270 429 1451 455 NATIONIS
1474 429 1719 457 ANGLICANAE

1234 951 1268 976 10

1232 1197 1266 1223 15

1231 1442 1265 1468 20

1230 1686 1264 1712 25

1229 1931 1264 1958 3⁰

1228 2177 1262 2203 35

1227 2422 1262 2449 40

1227 2667 1262 2694 45

2186 434 2221 460 98

1305 505 1355 534 die
1377 504 1514 544 ejusdem
1537 506 1664 542 mensis,
1687 517 1868 537 concessum
1892 508 1947 537 suit
1970 510 2167 539 concorditer
2188 510 2219 539 in

1305 555 1452 584 nascione
1465 555 1614 595 magistro
1625 555 1758 585 Johanni
1775 557 1813 586 de
1828 557 1969 596 Zyberch
1985 557 2086 587 littera
2101 559 2220 588 nascio-

1305 604 1355 633 nis
1373 604 1410 632 ad
1429 604 1610 644 magistrum
1630 605 1826 635 Kerstianum
1836 605 1861 641 ²,
1878 612 1912 635 ut
1929 607 2097 636 dimitteret
2116 614 2221 637 trans-

1305 652 1360 682 118ἱ
1373 653 1474 682 bullas
1499 652 1637 693 ejusdem
1664 655 1748 683 omni
1774 655 1994 694 impedimento
2022 662 2139 690 amoto,
2167 658 2220 696 qui

1306 702 1455 742 magister
1473 702 1630 732 Johannes
1648 703 1680 732 in
1700 713 1933 743 recompensam
1954 704 2038 734 illius
2058 706 2139 734 bona
2160 706 2219 735 fide

1305 751 1450 790 promisit
1463 752 1544 781 dicte
1559 753 1710 787 nascioni,
1725 753 1809 792 quod
1822 754 1971 793 magistro
1983 753 2148 783 Kerstiano
2161 765 2221 794 pro

1305 799 1411 830 labore
1436 811 1493 830 suo
1520 807 1550 830 81
1571 811 1651 841 pena
1677 802 1856 831 satisfacere
1877 813 1939 831 non
1962 803 2139 832 obmitteret
2162 805 2220 833 sub

1306 859 1385 889 pena
1402 850 1492 879 etiam
1510 850 1733 890 qualicunque,
1749 851 1844 880 veluti
1864 851 1896 880 in
1918 852 2064 881 nascione
2082 853 2220 882 rationa-

1306 898 1410 927 biliter
1426 899 1517 928 suerit
1531 899 1719 929 ordinatum.

1347 947 1422 977 Item
1436 949 1455 977 9
1475 948 1524 978 die
1544 947 1682 988 ejusdem
1700 949 1816 978 mensis
1835 949 2041 989 prolongatus
2061 957 2127 980 erat
2146 950 2221 980 ulti-

1304 1003 1383 1026 mate
1396 998 1546 1027 terminus
1560 998 1759 1037 persolvendi
1774 999 1936 1038 pecuniam
1950 999 2074 1028 illorum
2091 1001 2220 1029 fratrum

1304 1046 1342 1075 (18
1361 1046 1499 1076 Kathnes
1516 1056 1554 1075 ex
1570 1053 1658 1086 parte
1676 1046 1834 1086 cujusdam
1853 1047 2004 1077 ,Iohannis
2024 1049 2062 1078 de
2083 1049 2165 1083 Ros,
2186 1049 2218 1078 in

1303 1105 1364 1134 qua
1392 1095 1445 1124 diu
1474 1095 1596 1125 solvere
1627 1097 1822 1131 tenebantur,
1850 1096 1893 1126 ita
1924 1098 2007 1136 quod
2035 1098 2141 1126 eadem
2169 1098 2220 1127 die

1303 1143 1441 1184 ejusdem
1460 1145 1576 1174 mensis
1590 1155 1670 1174 unus
1687 1146 1814 1174 fratrum
1829 1145 1952 1175 illorum
1969 1147 2100 1186 prestita
2114 1147 2173 1176 fide
2186 1147 2218 1176 in

1303 1194 1450 1223 nascione
1471 1194 1680 1233 promissione
1705 1194 1806 1224 debita
1830 1195 2023 1225 confirmavit
2047 1197 2131 1235 quod
2156 1196 2218 1236 ipsi

1302 1243 1414 1272 dictam
1426 1243 1598 1282 pecuniam,
1610 1243 1637 1272 si
1652 1243 1774 1273 interim
1788 1254 1853 1273 eam
1869 1244 1983 1274 habere
1996 1255 2059 1274 non
2074 1252 2216 1284 possent,

1302 1292 1334 1321 in
1356 1293 1435 1321 festo
1458 1291 1697 1332 Assumpcionis
1720 1293 1817 1322 Marie
1841 1303 1923 1322 nunc
1947 1294 2118 1323 adventuro
2136 1294 2219 1324 dicte

1302 1341 1443 1370 nascioni
1462 1341 1620 1371 solverent
1639 1341 1781 1377 indilate,
1799 1342 1839 1371 ita
1861 1343 1945 1382 quod
1963 1343 2069 1372 eadem
2089 1344 2217 1382 prestita

1301 1389 1362 1419 fide
1385 1400 1442 1419 nec
1471 1399 1528 1429 per
1550 1400 1584 1420 se
1607 1400 1664 1419 1180
1691 1400 1747 1430 per
1769 1390 1860 1420 alium
1885 1397 1937 1420 aut
1963 1401 2018 1430 per
2041 1391 2133 1427 alios,
2161 1401 2219 1420 1180

1302 1439 1419 1468 directe
1434 1449 1490 1468 nec
1503 1439 1664 1474 indirecte,
1684 1445 1736 1468 aut
1752 1449 1878 1479 quoquo
1896 1439 1956 1468 alio
1975 1441 2066 1469 modo
2085 1440 2217 1469 solucio-

1301 1488 1351 1517 nis
1368 1488 1521 1517 antedicte
1540 1488 1719 1518 ulteriorem
1740 1489 1904 1518 terminum
1922 1490 2144 1528 procurabunt,
2161 1490 2215 1518 sed

1303 1537 1486 1576 simpliciter
1503 1543 1533 1567 et
1551 1537 1692 1567 absolute
1715 1538 1754 1566 ad
1775 1537 1900 1578 longius
1922 1538 2034 1567 dictam
2054 1538 2218 1578 persolve-

1301 1592 1372 1615 rent
1386 1587 1558 1626 pecuniam,
1576 1593 1669 1626 prout
1683 1587 1829 1626 superius
1843 1593 1890 1616 est
1906 1597 2102 1626 expressum.

1342 1635 1418 1664 Item
1431 1635 1463 1664 in
1479 1634 1637 1665 crastino³
1652 1635 1814 1665 Trinitatis
1829 1636 1946 1675 incepit
1967 1636 2110 1666 dominus
2126 1637 2216 1666 Nico-

1301 1683 1368 1713 laus
1386 1684 1644 1714 Mortunowanus
1667 1685 1725 1714 suh
1743 1684 1894 1724 magistro
1913 1685 2032 1714 Joanne
2048 1686 2086 1714 de
2101 1685 2218 1715 Wesa-

1301 1733 1353 1769 lia,
1369 1732 1457 1773 cujus
1472 1734 1568 1763 bursa
1585 1733 1692 1763 nichil.

1342 1782 1440 1812 Item⁴
1467 1783 1584 1822 incepit
1616 1783 1760 1813 dominus
1792 1782 1947 1813 Henricus
1974 1784 2012 1812 de
2042 1783 2099 1819 Os,
2129 1783 2218 1823 cujus

1300 1831 1396 1861 bursa
1412 1841 1467 1861 sex
1483 1831 1588 1861 solidi.

1342 1880 1441 1910 Item⁸
1458 1880 1639 1910 licenciatus
1659 1881 1714 1910 suit
1732 1881 1763 1910 in
1784 1881 1899 1911 Nostra
1917 1880 2049 1911 Domina
2072 1882 2217 1912 dominus

1300 1929 1490 1960 Wilhelmus
1518 1929 1676 1965 Surmunt,
1705 1930 1793 1971 cujus
1821 1931 1916 1960 bursa
1944 1931 1963 1959 3
1994 1931 2087 1960 solidi
2115 1937 2144 1960 et
2174 1930 2215 1960 VI

1301 1979 1432 2008 denarii.

1342 2028 1416 2057 Item
1439 2029 1583 2058 dominus
1606 2027 1740 2057 Thomas
1764 2028 1949 2058 licenciatus
1972 2028 2028 2058 suit
2050 2029 2082 2058 in
2101 2029 2216 2059 Nostra

1301 2077 1444 2113 Domina,
1462 2076 1550 2118 cujus
1564 2078 1658 2107 bursa
1673 2077 1700 2106 V
1715 2077 1819 2107 solidi.

1341 2126 1416 2156 Item
1438 2126 1582 2156 dominus
1602 2125 1750 2156 Albertus
1770 2127 1808 2156 de
1831 2126 1990 2163 Bohemia,
2015 2126 2102 2167 cujus
2121 2128 2216 2156 bursa

1299 2175 1406 2205 nichil.

1340 2224 1414 2254 Item
1429 2224 1460 2253 in
1473 2223 1631 2254 crastino⁸
1643 2224 1742 2254 sancti
1758 2224 1911 2254 Bernardi
1929 2224 2030 2254 soluta
2046 2225 2102 2254 fuit
2123 2235 2216 2265 pecu-

1299 2273 1360 2308 nia,
1378 2273 1410 2302 in
1425 2283 1486 2313 qua
1502 2274 1687 2302 tenebantur
1702 2273 1812 2303 fratres
1825 2273 1899 2303 dicti
1921 2274 1959 2303 de
1976 2273 2113 2303 Catnes⁷
2131 2274 2216 2303 Scoti

1299 2322 1448 2362 magistro
1459 2322 1635 2351 Theodrico
1646 2323 1684 2351 de
1695 2322 1788 2357 Foro,
1799 2322 1880 2352 dicte
1891 2322 2033 2352 nacionis
2045 2323 2213 2362 receptori.

1340 2371 1415 2401 ltem
1439 2371 1620 2401 licenciatus
1643 2371 1699 2401 fuit
1723 2371 1754 2401 in
1778 2371 1892 2402 Nostra
1916 2372 2049 2402 Domina
2069 2372 2214 2402 dominus

1298 2420 1467 2450 Bertoldus
1498 2420 1629 2450 scolaris
1658 2420 1799 2461 magistri
1827 2421 2013 2451 Theoderici
2047 2422 2084 2450 de
2119 2421 2213 2456 Foro,

1299 2468 1386 2509 cujus
1402 2470 1496 2499 bursa
1513 2469 1619 2498 nichil.

1339 2517 1415 2547 ltem
1428 2518 1608 2548 licenciatus
1620 2518 1676 2548 suit
1688 2519 1832 2548 dominus
1847 2518 2006 2548 Johannes
2025 2519 2218 2548 Kinnemont

1298 2567 1380 2606 apud
1404 2567 1549 2596 Nostram
1576 2567 1737 2597 Dominam
1761 2569 1819 2597 sub
1846 2568 1996 2608 magistro
2024 2568 2151 2597 Galtero
2177 2568 2215 2597 de

1298 2614 1480 2650 Wardelau,
1500 2614 1587 2655 cujus
1609 2616 1704 2645 bursa
1726 2616 1863 2656 quinque
1883 2616 1987 2645 solidi.
2008 2615 2104 2646 Nacio
2123 2616 2216 2646 habet

1298 2663 1428 2704 pignera
1446 2674 1504 2704 pro
1520 2664 1783 2694 determinacione
1801 2671 1831 2694 et
1849 2665 1989 2694 licencia.

1339 2713 1412 2753 (Fal.
1430 2713 1478 2753 56)
1495 2714 1571 2743 ltem
1587 2720 1754 2743 convocata
1770 2714 1894 2753 quidem
1912 2714 2041 2743 nacione
2057 2714 2216 2744 sufficien-

1298 2768 1356 2798 ter,
1376 2761 1464 2802 cujus
1483 2762 1614 2792 interest
1634 2763 1665 2792 in
1681 2763 1738 2792 hac
1760 2769 1858 2802 parte,
1876 2763 1907 2792 in
1931 2762 2059 2792 octava⁸
2080 2762 2215 2793 Assum-

1330 2857 1354 2879 15,
1388 2856 1416 2879 In
1428 2855 1543 2888 margine
1556 2855 1618 2880 add.
1631 2864 1639 2879 :
1654 2855 1733 2879 solvit
1743 2855 1882 2887 receptori.

1329 2892 1353 2915 6.
1389 2891 1417 2914 2¹
1429 2893 1549 2924 Augusti.

1330 2927 1354 2951 7.
1388 2926 1504 2950 Ketenifl.

1331 2963 1352 2985 8.
1389 2962 1419 2985 22
1427 2962 1547 2995 Augunlt'.
