2632 3464
399 452 451 479 647
942 446 1164 473 AUCTARIUM
1185 443 1443 470 CHARTULARII
1464 443 1638 470 UNIVERS.
1660 442 1778 469 PARIS.
2270 443 2322 469 648

399 527 646 567 congregacione
673 524 890 555 Universitatis
917 533 972 563 per
992 522 1199 562 juramentum
1226 520 1307 560 apud

402 577 618 605 Predicatores
633 581 705 614 post
715 574 839 603 missam
851 571 1072 602 Universitatis
1087 581 1143 610 pro
1155 569 1308 599 defunctis

401 626 432 654 in
455 624 675 658 Universitate‚
699 622 842 652 dominus
863 620 983 650 rector⁴
1010 621 1122 649 ibidem
1147 618 1310 658 requisivit

401 680 633 714 procuratorem
650 671 790 701 nacionis
809 670 991 710 Anglicane,
1012 669 1156 708 quatinus
1174 668 1310 697 traderet

400 722 691 752 determinacionem
709 720 848 749 nacionis
867 719 1003 759 ejusdem
1023 728 1079 757 pro
1098 717 1222 746 domino
1241 716 1308 745 Cle-

402 778 502 801 mente
523 772 559 800 ad
581 770 754 799 habendum
772 769 803 798 in
826 768 970 797 Flandria
994 777 1051 806 pro
1075 766 1309 795 determinando

402 821 516 850 ibidem
538 820 633 849 eciam
656 829 712 858 pro
734 818 891 848 Clemente
915 824 945 846 et
964 817 1059 845 eciam
1082 825 1138 854 pro
1161 815 1310 844 mittendo

400 871 440 899 ad
465 879 573 909 papam
585 867 609 897 ².
635 868 736 907 Super
753 877 814 906 quo
837 865 1021 895 deliberavit
1039 864 1127 894 nacio
1151 864 1207 899 sic,
1227 864 1310 903 quod

402 917 621 948 determinacio
637 916 857 946 Universitatis
873 925 941 944 cum
957 924 1068 954 magno
1082 913 1185 953 sigillo
1201 913 1310 942 merito

401 967 566 1001 sufficeret,
583 972 613 995 et
628 966 710 1005 quod
733 966 770 993 ad
786 964 857 994 talia
877 964 964 992 nacio
985 969 1092 992 nostra
1109 973 1171 991 non
1189 962 1311 1001 specia—

403 1016 472 1045 liter
485 1017 612 1044 deberet
627 1014 758 1053 astringi
769 1013 792 1042 ³.
811 1013 912 1052 Super
927 1012 1154 1041 acceleracione
1173 1011 1267 1040 rotuli
1282 1017 1312 1040 et

400 1063 468 1104 ejus
490 1064 684 1104 sigillacione
705 1063 819 1102 placuit
836 1061 971 1096 naeioni,
989 1062 1071 1100 quod
1087 1060 1312 1090 acceleraretur

400 1120 433 1143 et
448 1113 647 1152 sigillaretur.

443 1162 518 1191 Item
541 1162 589 1190 die
615 1161 721 1200 quinta
742 1160 878 1199 ejusdem
901 1159 1017 1188 mensis
1042 1159 1119 1188 sacta
1138 1169 1312 1198 congrega-

402 1212 490 1241 cione
507 1210 726 1240 Universitatis
747 1211 785 1238 ad
804 1209 948 1238 Sanctum
967 1208 1154 1237 Maturinum
1172 1208 1203 1236 in
1220 1208 1312 1236 nonis

403 1261 516 1290 Nostre
531 1259 662 1288 Domine
678 1265 707 1288 et
725 1259 820 1287 eciam
837 1258 987 1292 nacionis,
1006 1258 1043 1286 de
1061 1257 1174 1292 rotulo,
1194 1263 1224 1286 et
1241 1256 1313 1296 quia

403 1309 491 1348 pauci
511 1308 651 1348 magistri
673 1309 796 1337 fuerunt
817 1313 889 1336 tunc
912 1312 1086 1346 presentes,
1104 1305 1200 1335 nichil
1218 1316 1313 1345 expe-

400 1359 544 1387 diebatur
563 1358 600 1386 de
616 1357 676 1386 isto
691 1363 833 1396 protunc.
851 1356 891 1385 Et
906 1355 936 1384 in
949 1356 1053 1384 eadem
1066 1355 1313 1395 congregacione

399 1407 545 1436 dominus
569 1406 737 1441 Johannes,
761 1405 901 1434 bedellus
926 1404 1078 1439 nacionis,
1104 1404 1208 1433 retulit
1234 1414 1314 1443 quo-

403 1457 493 1485 modo
505 1456 599 1495 aliqui
611 1455 763 1484 licenciati
775 1460 955 1483 tenerentur
965 1453 1099 1489 nacioni,
1111 1454 1164 1492 qui
1177 1453 1314 1482 nondum

401 1505 571 1534 solvissent
592 1515 648 1533 nec
665 1504 847 1543 posuissent
862 1503 1002 1543 pignera.
1025 1502 1115 1539 Quod
1131 1508 1314 1541 procurator

404 1564 462 1593 pro
494 1561 633 1592 tempore
661 1553 802 1587 audiens,
837 1552 941 1591 posuit
971 1551 1003 1580 in
1032 1551 1314 1580 deliberacionibus

404 1603 634 1642 magistrorum.
658 1602 759 1641 Super
783 1611 844 1640 quo
870 1600 1073 1630 deliberatum
1095 1601 1150 1630 suit
1169 1601 1252 1640 quod
1268 1600 1314 1629 eis

404 1662 460 1691 per
482 1651 636 1680 bedellum
657 1651 850 1680 intimaretur
867 1651 950 1689 quod
971 1650 1185 1679 satisfacerent
1204 1659 1314 1688 recep-

403 1700 479 1735 tori,
501 1707 531 1729 et
550 1700 611 1729 nisi
636 1701 785 1735 facerent,
805 1699 893 1728 nacio
916 1699 1009 1728 vellet
1030 1705 1136 1728 contra
1163 1708 1216 1727 eos
1239 1708 1314 1737 pro-

402 1750 523 1779 cedere.
549 1749 588 1778 Et
611 1759 668 1789 ego
691 1754 876 1788 procurator
898 1748 997 1777 eidem
1020 1747 1142 1777 bedello
1169 1758 1206 1776 ex
1228 1753 1314 1786 parte

404 1798 543 1827 nacionis
562 1798 619 1827 hoc
635 1798 774 1837 precepi.

445 1848 518 1876 Item
542 1854 647 1876 octava
672 1847 721 1875 die
743 1847 821 1876 facta
843 1846 1088 1886 congregacione
1111 1846 1149 1874 ad
1170 1845 1314 1874 Sanctum

403 1896 589 1925 Maturinum
616 1906 711 1935 super
733 1895 959 1924 acceleracione
983 1895 1075 1924 rotuli
1101 1901 1131 1924 et
1153 1895 1315 1934 ingrossa-

403 1946 503 1979 cione,
527 1951 556 1974 et
581 1945 636 1974 fuit
657 1945 857 1974 deliberatum
879 1955 936 1984 per
955 1944 1113 1973 nacionem
1131 1945 1215 1983 quod
1236 1943 1316 1972 infra

403 1995 484 2023 diem
511 1993 680 2023 mercurii⁴
709 1994 942 2033 ingrossaretur
966 1999 995 2022 et
1019 1993 1068 2022 die
1089 1992 1173 2033 jovis
1196 1992 1315 2032 sigilla-

403 2050 491 2072 retur
502 2043 523 2071 ⁵.

466 2145 533 2174 lsti
565 2151 650 2174 sunt
680 2145 972 2174 determinantes
1004 2144 1119 2173 istius
1153 2143 1253 2178 anni,

404 2194 554 2223 scilicet
593 2195 628 2222 in
667 2204 760 2223 anno
801 2194 947 2222 Domini
981 2192 1312 2223 MCCCLXXXIII.

446 2287 551 2315 Primo
561 2287 703 2316 dominus
718 2287 830 2316 Petrus
844 2287 881 2315 de
894 2287 1082 2315 Oudewater
1097 2287 1154 2315 sub
1166 2286 1314 2325 magistro

403 2336 543 2364 Johanne
573 2337 610 2364 de
641 2336 798 2370 Hoeclem,
825 2335 912 2375 cujus
937 2336 1030 2364 bursa
1058 2335 1084 2363 V
1111 2335 1214 2369 solidi,
1242 2334 1314 2363 VIII

405 2389 536 2418 denarii.
556 2389 664 2418 Solvit.

448 2437 521 2466 Item
539 2438 752 2466 determinavit
774 2437 916 2466 dominus
933 2436 1063 2466 Mathias
1087 2437 1124 2465 de
1147 2436 1241 2465 Herle
1258 2436 1315 2465 sub

407 2486 555 2525 magistro
575 2486 713 2515 Johanne
729 2487 766 2514 de
783 2486 940 2520 Hoeclem,
961 2484 1048 2525 cujus
1062 2486 1156 2514 bursa
1167 2484 1194 2513 V
1210 2484 1313 2519 solidi,

408 2534 479 2563 VIII
494 2535 624 2564 denarii.
644 2535 752 2564 Solvit.

449 2584 523 2613 Item
542 2584 755 2613 determinavit
775 2584 917 2613 dominus
933 2583 1088 2622 Nycolaus
1108 2584 1146 2612 de
1166 2583 1313 2616 Huxaria‚

409 2631 494 2671 cujus
511 2634 603 2662 bursa
621 2633 647 2660 V
662 2633 754 2662 solidi
769 2639 798 2662 et
812 2633 884 2661 VIII
900 2632 1017 2661 denarii
1032 2632 1156 2671 (solvit),
1173 2631 1314 2660 determi-

410 2682 491 2710 navit
507 2683 564 2710 sub
579 2683 727 2721 magistro
745 2682 884 2711 Johanne
900 2681 1058 2710 Hoeclem,

451 2730 524 2758 Item
539 2731 754 2760 determinavit
768 2731 910 2759 dominus
924 2730 1080 2759 Johannes
1097 2730 1134 2758 de
1149 2729 1317 2768 Hoenberg

442 2836 463 2859 1.
498 2835 556 2858 Scit.
573 2836 704 2867 Aegydius
715 2836 746 2859 de
762 2837 958 2867 Asperomonte.

441 2872 462 2893 2.
497 2871 590 2893 Eodem
609 2880 661 2900 am,
674 2872 771 2899 Octob„
783 2872 911 2895 comernci
926 2871 1059 2894 concilium
1073 2870 1132 2902 fuit.
1150 2870 1205 2894 Vid.
1216 2872 1315 2902 praete-

408 2914 452 2929 rea
465 2906 592 2934 Chartul.,
606 2908 650 2935 111,
661 2908 767 2933 n⁰1586.
783 2910 834 2931 not.
846 2908 869 2935 (Δ,
883 2909 907 2930 et
918 2909 953 2930 De
961 2906 1111 2930 schismate.

442 2943 464 2965 3.
497 2942 547 2964 Sed
564 2942 741 2966 determinatio
765 2943 941 2966 Uniuersitatis
956 2944 1048 2973 postea
1065 2941 1091 2964 in
1110 2941 1248 2965 breuiorem
1262 2942 1317 2972 sor-

409 2985 476 2999 mam
491 2978 594 3000 redacta
608 2981 644 3000 est
660 2978 805 3009 (Februarii
815 2979 853 3007 26,
870 2978 998 3005 chartul..
1016 2977 1060 3005 111,
1077 2976 1093 3000 l.
1108 2977 1154 3009 cn),
1170 2979 1197 3000 ut
1211 2978 1319 3008 apparet

1349 965 1382 991 10

1350 1211 1383 1236 15

1351 1457 1385 1483 20

1352 1703 1386 1729 25

1353 1949 1386 1974 30

1353 2194 1386 2220 35

1353 2439 1386 2465 40

1353 2685 1387 2710 45

1417 521 1475 549 sub
1490 519 1640 559 magistro
1654 519 1794 548 Johanne
1815 518 1974 554 Hoeclem,
1994 518 2080 558 cujus
2093 519 2188 549 bursa
2203 519 2247 550 111
2266 519 2325 549 sol.

1418 568 1527 598 Solvit.

1458 617 1533 647 Item
1558 617 1773 647 determinavit
1797 616 1941 646 dominus
1969 616 2157 646 Allexander
2175 617 2329 647 Wardlau

1418 667 1475 696 sub
1488 667 1637 706 magistro
1648 665 1808 696 Willelmo
1819 666 2000 704 Treb[r]on,
2012 665 2099 706 cujus
2109 666 2204 696 bursa
2214 665 2287 695 VIII
2299 677 2326 696 s.

1419 715 1528 745 Solvit.

1459 765 1534 794 Item
1549 764 1765 794 determinavit
1778 764 1922 793 dominus
1937 764 2091 793 Henricus
2105 764 2256 794 Wardlau
2271 764 2329 794 sub

1419 813 1568 853 magistro
1586 813 1745 843 Willelmo
1763 813 1942 852 Treb[r]on,
1962 812 2049 853 cujus
2067 814 2162 843 bursa
2176 812 2249 842 VIII
2268 813 2327 843 sol.

1420 862 1528 892 Solvit.

1460 912 1535 940 Item
1554 911 1768 941 determinavit
1785 911 1929 941 dominus
1945 910 2182 940 Bartholomeus
2195 911 2233 940 de
2251 911 2330 941 Tre-

1419 961 1502 990 veris
1519 961 1576 990 sub
1591 961 1742 1000 magistro
1759 960 1900 990 Johanne
1918 961 1956 990 de
1971 960 2110 995 Austria,
2131 959 2218 1000 cujus
2234 961 2330 990 bursa

1419 1009 1476 1039 Vll
1491 1009 1594 1039 solidi.
1615 1009 1726 1039 Solvit.

1462 1059 1536 1088 Item
1550 1069 1630 1087 nona
1643 1058 1693 1087 die
1706 1057 1844 1098 ejusdem
1859 1058 1975 1088 mensis
1990 1058 2151 1088 Februarii
2166 1059 2244 1088 facta
2258 1068 2330 1087 con-

1421 1107 1608 1147 gregacione
1626 1107 1848 1137 Universitatis
1869 1107 1950 1146 apud
1966 1107 2110 1136 Sanctum
2129 1106 2329 1142 Maturinum,

1421 1158 1497 1186 facta
1515 1157 1571 1186 suit
1583 1156 1679 1186 eciam
1696 1156 1901 1196 congregacio
1917 1156 2056 1185 nacionis
2071 1157 2108 1185 ad
2126 1156 2330 1185 ordinandum

1421 1207 1458 1235 de
1475 1206 1736 1235 examinatoribus
1754 1215 1812 1244 pro
1829 1205 2026 1245 temptamine
2047 1205 2159 1234 Sancte
2175 1205 2331 1235 Genofeve

1422 1261 1452 1284 et
1473 1255 1511 1284 ad
1529 1254 1777 1294 supplicandum.
1800 1254 1841 1283 Et
1862 1254 2049 1294 supplicavit
2065 1254 2167 1294 primo
2187 1253 2331 1283 dominus

1422 1304 1619 1334 Christianus
1640 1304 1721 1333 Nodi
1740 1304 1779 1332 de
1795 1303 1905 1333 Zittart
1920 1313 1978 1342 pro
1998 1303 2150 1332 dilacione
2167 1303 2331 1332 bursarum

1421 1363 1480 1393 pro
1509 1352 1760 1388 determinancia,
1795 1363 1854 1392 pro
1884 1362 1946 1392 quo
1976 1352 2121 1392 promisit
2153 1352 2332 1381 satisfacere

1423 1402 1547 1431 domino
1579 1402 1735 1441 receptori
1767 1402 1915 1441 magister
1936 1401 2094 1431 Johannes
2118 1402 2156 1430 de
2184 1401 2330 1430 Hoeclem

1423 1451 1501 1480 infra
1527 1451 1598 1480 hinc
1626 1457 1656 1480 et
1682 1451 1793 1480 festum
1816 1450 2003 1485 Palmarum,
2035 1456 2065 1479 et
2088 1449 2146 1479 hoc
2175 1449 2202 1479 si
2229 1450 2332 1479 dictus

1423 1500 1621 1530 Christianus
1633 1500 1756 1529 interim
1770 1509 1832 1528 non
1848 1499 2034 1528 satisfecerit
2043 1498 2181 1538 plenarie
2196 1498 2331 1528 nacioni.

1424 1549 1499 1578 ltem
1524 1548 1711 1589 supplicavit
1734 1549 1890 1584 bedellus,
1918 1549 2002 1588 quod
2030 1548 2120 1577 nacio
2150 1558 2213 1577 non
2246 1548 2334 1577 daret

1423 1598 1700 1627 determinantibus
1729 1598 1913 1626 dilacionem
1945 1597 2123 1637 specialiter
2159 1598 2197 1626 de
2226 1596 2332 1626 bursis

1422 1648 1547 1682 bedelli,
1569 1648 1641 1687 quia
1657 1657 1739 1676 nunc
1757 1647 1910 1686 indigeret
1926 1646 2079 1686 pecuniis,
2097 1647 2152 1675 sed
2170 1647 2254 1686 quod
2271 1645 2333 1675 sibi

1424 1697 1637 1727 satisfacerent
1650 1707 1707 1735 pro
1721 1703 1860 1735 tempore
1875 1695 2024 1735 presenti.

1464 1746 1535 1786 (Fol.
1554 1748 1589 1775 41
1606 1745 1629 1786 ¹³)
1646 1746 1720 1774 Item
1739 1745 1993 1784 supplicaverunt
2008 1754 2065 1784 pro
2081 1743 2234 1773 dilacione
2254 1745 2332 1773 bur-

1425 1806 1527 1825 sarum
1544 1795 1783 1824 determinancie
1798 1794 1941 1823 dominus
1955 1793 2110 1833 Nycolaus
2126 1793 2164 1822 de
2177 1792 2333 1822 Aemster-

1424 1846 1553 1879 damme,
1589 1844 1732 1873 dominus
1759 1843 1893 1872 Thomas
1927 1843 1976 1881 [de
2011 1842 2156 1882 Cargyl]‚
2189 1842 2334 1871 dominus

1424 1894 1601 1924 Winandus
1621 1894 1659 1922 de
1683 1892 1807 1932 Ghyeze
1825 1891 1849 1921 ⁶.
1873 1892 1975 1931 Super
1995 1891 2108 1930 quibus
2124 1890 2334 1930 supplicacio-

1424 1944 1516 1972 nibus
1534 1943 1621 1971 nacio
1640 1942 1685 1971 sic
1701 1941 1883 1971 deliberavit
1900 1941 1983 1980 quod
2002 1940 2102 1980 primo
2121 1946 2279 1979 peteretur
2294 1940 2332 1968 ab

1424 1993 1481 2027 eis,
1502 1998 1647 2031 quantum
1667 1990 1817 2030 temporis
1837 1996 1993 2030 peterent,
2014 1995 2044 2018 et
2062 1988 2121 2018 hoc
2145 1988 2249 2017 audito
2272 1988 2333 2027 ipsi

1420 2040 1561 2081 jurarent
1577 2040 1689 2069 ibidem
1706 2040 1737 2068 in
1753 2039 1917 2079 presencia
1932 2038 2072 2068 nacionis
2086 2038 2169 2077 quod
2185 2047 2241 2076 pro
2254 2043 2333 2066 tem-

1424 2100 1499 2129 pore
1516 2088 1654 2128 presenti
1669 2095 1774 2118 essent
1787 2088 1971 2127 impotentes
1984 2087 2023 2116 ad
2034 2086 2215 2116 solvendum
2228 2084 2333 2125 hujus-

1425 2139 1507 2168 modi
1542 2140 1664 2168 bursas.
1705 2137 1780 2167 Item
1811 2138 1895 2176 quod
1928 2137 2011 2165 istud
2045 2135 2214 2165 concedere
2251 2140 2334 2164 esset

1424 2187 1549 2217 omnino
1565 2187 1740 2226 graciosum
1761 2192 1791 2215 et
1807 2195 1887 2215 unus
1910 2185 1995 2214 solus
2016 2190 2123 2224 posset
2142 2183 2330 2213 interimere.

1425 2237 1500 2266 Item
1519 2236 1602 2275 quod
1623 2246 1686 2265 non
1709 2236 1931 2264 concederetur
1947 2234 2050 2273 aliquo
2070 2233 2161 2262 modo
2178 2232 2240 2261 nisi
2254 2232 2332 2261 infra

1425 2286 1562 2325 spacium
1584 2285 1677 2314 trium
1698 2284 1860 2313 mensium.
1884 2283 1958 2312 Item
1983 2282 2066 2322 quod
2087 2288 2225 2320 tempore
2244 2281 2333 2320 lapso

1424 2334 1590 2374 peticionis
1615 2343 1720 2363 eorum
1740 2332 1916 2372 hujusmodi
1939 2331 2068 2371 pignera
2090 2330 2160 2370 (que
2184 2330 2334 2359 deberent

1425 2394 1540 2423 ponere
1565 2382 1806 2412 determinantes
1835 2380 1984 2410 debencia
2017 2380 2165 2409 excedere
2195 2379 2332 2408 valorem

1424 2434 1587 2462 bursarum
1619 2432 1651 2460 in
1675 2430 1884 2471 proporcione
1909 2428 2132 2468 sexquialtera‚
2162 2438 2233 2466 ymo
2260 2427 2332 2466 plus

1424 2492 1514 2522 quam
1530 2480 1667 2520 duplum)
1689 2481 1755 2509 sine
1774 2479 1921 2509 ulteriore
1941 2477 2150 2517 requisicione
2170 2486 2186 2505 a
2203 2476 2334 2505 nacione

1423 2531 1472 2560 vel
1497 2530 1640 2570 jussione
1667 2539 1722 2568 per
1752 2534 1943 2567 receptorem
1966 2532 2096 2566 possent
2122 2525 2226 2555 vendi.
2257 2525 2332 2554 Item

1424 2581 1507 2620 quod
1531 2579 1592 2608 nisi
1613 2578 1819 2608 satisfecerint
1842 2576 1921 2605 infra
1940 2575 2115 2609 terminum,
2137 2574 2198 2614 ipsi
2216 2584 2334 2603 renun-

1424 2630 1542 2658 ciarent
1565 2628 1648 2657 omni
1668 2626 1732 2667 juri
1757 2626 1840 2665 quod
1867 2625 1912 2654 eis
1939 2630 2114 2663 competere
2140 2623 2257 2663 poterit
2278 2633 2333 2652 seu

1424 2678 1526 2717 possit
1550 2676 1713 2706 occasione
1737 2675 1889 2703 dictorum
1911 2673 2076 2712 pignerum
2102 2678 2132 2701 et
2154 2672 2221 2701 sine
2246 2681 2333 2700 mora

1425 2736 1607 2766 quacunque
1622 2723 1798 2754 vendicioni
1817 2722 1942 2762 exponi.

1425 2841 1438 2856 e
1450 2830 1634 2855 deliberatione
1644 2829 1757 2853 nationis
1766 2828 1838 2852 Febr.
1852 2828 1890 2855 25,
1906 2835 1931 2858 p.
1947 2827 2001 2854 654.
2014 2827 2052 2850 27.

1456 2868 1479 2890 4.
1515 2867 1541 2890 11
1556 2865 1698 2890 Februarii.

1457 2905 1479 2926 5.
1498 2902 1610 2926 Rubrica
1628 2901 1668 2923 Ιιίι·
1686 2901 1795 2923 iteratur
1813 2908 1820 2923 :
1838 2899 1867 2922 In
1885 2897 2068 2930 procuratoria
2086 2896 2208 2928 magistri
2229 2895 2335 2919 Hem-ici

1427 2939 1550 2962 Poelman
1569 2937 1600 2960 de
1620 2937 1743 2960 Arnhcm.

1457 2975 1480 2997 6.
1513 2975 1605 2997 Postea
1617 2972 1736 3003 spatium.

2623 2701 2632 2776 ..;.,»,«,·.
2623 2500 2632 2687 „affl--⁶1.¹.,....
2629 2480 2632 2481 .
2630 2453 2632 2467 u
