2632 3464
905 461 1175 488 MEMORABILIA
1194 461 1279 487 NAT.
1299 461 1546 487 ANGLICANAE
2130 474 2195 490 xxxi

320 540 418 574 Raro
434 539 575 581 evenit,
594 545 636 574 ut
648 537 787 587 aliquis
802 538 942 586 partim
958 538 996 572 in
1012 536 1086 572 alia
1099 537 1371 581 Universitate,
1389 538 1528 586 partim
1545 539 1699 573 Parisiis
1718 537 2042 575 determinaverit.
2057 540 2115 575 Ad
2132 553 2193 577 an.

272 608 365 644 1354
382 615 511 644 tamen
525 606 719 648 scribitur,
736 605 950 642 Arnoldum
968 605 1016 642 de
1035 605 1153 643 Clivis
1173 613 1281 642 actus
1296 606 1615 643 determinantiae
1635 608 1794 644 Oxoniis
1822 608 2013 657 incepisse
2036 617 2075 645 et
2096 611 2196 645 Pari-

264 678 335 713 siis
350 676 606 726 complevisse
617 676 641 712 ¹.

318 745 557 795 Quandoque
578 745 732 781 Parisiis
750 743 1102 780 determinaverunt
1116 751 1283 787 tantum,
1311 752 1350 781 et
1372 746 1411 780 in
1433 744 1507 780 alia
1529 746 1785 782 Universitate
1809 745 1952 795 gradus
1977 746 2072 782 alios
2095 760 2197 784 rece-

269 821 421 865 perunt.
446 815 507 851 Sic
528 826 589 850 an.
618 814 711 850 1396
733 812 976 850 Bernhardus
1004 812 1172 862 Eykhoff
1192 814 1230 848 in
1253 815 1510 850 Universitate
1530 813 1665 850 Colon.
1691 822 1732 851 ut·
1753 814 1860 851 bace.
1882 816 2000 851 Paris.
2023 817 2195 853 inscribi-

266 884 372 926 tur23
409 896 469 919 an.
512 883 603 919 1387
639 881 934 932 Heidelbergam
956 881 1150 919 Johannes
1178 882 1358 932 Spenghe
1391 882 1440 920 de
1463 883 1672 927 Yselstein,
1703 884 1906 920 Bertoldus
1940 884 1989 921 de
2026 885 2194 922 Visbeke

267 951 531 989 Theodericus
551 951 600 988 de
613 952 787 1001 Asperen
801 959 840 988 et
857 951 930 988 Job
944 950 993 988 de
1007 952 1218 1001 Argentina
1232 959 1274 988 ut
1293 951 1506 989 baccalarei
1523 954 1560 988 in
1580 961 1650 990 art.
1670 954 1787 990 Paris.
1809 953 2047 990 advenerunt
2065 954 2194 1004 ibique

267 1021 449 1058 intitulati
467 1022 592 1065 sunt³,
614 1022 679 1070 qui
699 1028 834 1070 postea
850 1020 1128 1069 Heidelbergae
1149 1034 1283 1057 cursus
1299 1034 1389 1058 suos
1407 1022 1710 1071 compleverunt.

316 1090 659 1126 Determinantiam
675 1089 831 1126 licentia
851 1089 1097 1139 sequebatur.
1120 1089 1349 1140 Plerumque
1365 1091 1437 1127 sub
1459 1091 1595 1128 eodem
1617 1093 1802 1141 magistro
1821 1105 1897 1142 quo
1917 1092 2193 1130 determinave-
2213 1102 2364 1129 Licentiati

266 1166 353 1196 rant
371 1159 565 1196 licentiam
587 1158 783 1195 subibant.
804 1160 1025 1195 Juramenta
1046 1159 1278 1208 praestanda
1291 1160 1304 1183 4
1327 1173 1371 1196 ac
1395 1160 1535 1198 bursae
1561 1161 1768 1198 solvendae
1787 1169 1908 1198 erant.
1932 1163 2195 1199 Commuuiter

267 1228 424 1265 licentia
441 1227 541 1278 apud
563 1228 602 1264 S.
624 1227 878 1264 Genovefam⁵
898 1228 1166 1277 quaerebatur,
1188 1242 1276 1265 nam
1296 1242 1468 1268 examem
1489 1243 1558 1280 pro
1578 1231 1734 1268 licentia
1749 1231 1959 1268 obtinenda
1980 1232 2081 1281 apud
2103 1234 2195 1269 Nos-

266 1305 365 1334 tram
385 1298 587 1334 Dominam
603 1298 761 1334 omnino
775 1298 813 1333 in
827 1305 1022 1346 potestate
1038 1298 1258 1349 cancellarii
1279 1300 1397 1335 Paris.
1418 1307 1457 1336 et
1476 1307 1640 1349 quatuor
1661 1300 1708 1337 ab
1723 1302 1807 1350 ipso
1823 1313 1844 1337 e
1860 1301 2080 1337 nationibus
2097 1301 2195 1338 elec-

267 1374 395 1404 torum
419 1367 722 1403 examinatorum
741 1373 836 1408 erat,
863 1366 954 1402 dum
975 1373 1102 1403 tamen
1123 1367 1225 1416 apud
1253 1369 1291 1404 S.
1315 1368 1545 1405 Genovefam
1572 1369 1768 1418 quaelibet
1786 1371 1890 1407 natio
1920 1383 1990 1420 pro
2022 1370 2193 1408 secundo

264 1437 442 1473 examine
470 1447 561 1472 suos
592 1436 872 1472 examinatores
899 1435 1030 1485 elegit,
1064 1435 1155 1472 licet
1179 1438 1344 1486 primum
1364 1451 1523 1474 examen
1546 1438 1690 1475 ibidem
1713 1440 1830 1476 etiam
1857 1453 1879 1476 e
1902 1440 2134 1477 cancellario
2155 1447 2194 1477 et

262 1512 429 1556 quatuor
445 1504 493 1541 ab
509 1505 594 1554 ipso
610 1504 745 1542 electis
763 1504 1088 1541 examinatoribus
1113 1505 1308 1554 pendebat
1321 1508 1346 1542 ⁶.
1371 1507 1535 1544 Perinde
1558 1521 1602 1544 ac
1623 1507 1938 1552 determinantes,
1958 1509 2191 1546 auditionem

265 1574 449 1610 librorum
465 1574 789 1623 praescriptorum
801 1574 813 1596 7
830 1574 1040 1623 perfectam
1061 1586 1148 1611 esse
1164 1574 1388 1612 licentiandi
1404 1576 1569 1626 probare
1584 1577 1779 1614 debebant
1790 1579 1816 1614 ⁸.

0 1623 12 1680 i
315 1645 438 1693 Saepe
451 1643 640 1693 imprimis
656 1642 848 1692 prioribus
869 1642 1067 1679 decenniis
1086 1643 1222 1680 eodem
1243 1657 1343 1682 anno
1363 1645 1550 1683 licentiati
1571 1655 1660 1684 sunt
1680 1655 1719 1684 et
1734 1649 1962 1697 inceperunt
1977 1661 2053 1698 quo
2064 1648 2192 1685 deter-

0 1691 7 1760 ζ
267 1713 517 1750 minaverant.
541 1713 679 1748 Postea
700 1713 815 1748 etiam
833 1711 1008 1761 exempla
1033 1711 1176 1762 ubique
1198 1713 1352 1758 adsunt,
1374 1729 1410 1751 v.
1436 1729 1475 1765 g.
1499 1718 1687 1753 Henricus
1709 1716 1757 1753 de
1778 1717 1948 1754 Embeke
1969 1720 2042 1764 (an.
2073 1719 2190 1765 1356),

0 1765 11 1822 ij
262 1780 470 1818 Godfridus
502 1780 550 1817 de
580 1782 733 1818 Prussia
765 1781 901 1829 (1361),
930 1781 1125 1818 Johannes
1153 1781 1201 1819 de
1222 1783 1418 1827 Priswalk‚
1445 1785 1612 1821 Jacobus
1633 1786 1818 1822 Johannis
1839 1787 1975 1833 (1373),
1997 1787 2192 1824 Johannes

0 1823 10 1918 ἰ
266 1852 369 1900 Dorp
391 1850 439 1887 de
459 1849 597 1901 Leydis
614 1851 750 1898 (1393),
769 1849 1003 1888 Wilhelmus
1023 1850 1071 1887 de
1089 1851 1254 1887 Lochem
1271 1853 1405 1900 (1405),
1426 1861 1498 1890 etc.
1527 1856 1670 1891 Rursus
1687 1856 1787 1891 inter
1800 1855 2135 1893 determinantiam
2153 1865 2192 1894 et

265 1919 459 1957 licentiam
478 1919 719 1957 intervallum
736 1919 852 1956 solito
868 1921 1003 1969 majus,
1017 1933 1103 1956 cum
1123 1920 1316 1958 Johannes
1335 1922 1469 1959 Ubach
1487 1936 1547 1959 an.
1572 1924 1664 1959 1352
1682 1923 2007 1968 determinaverit,
2021 1939 2081 1962 an.
2100 1927 2191 1962 1385

264 1991 485 2028 licentiatus
503 1990 630 2028 fuerit.
652 1990 779 2041 Vulgo
798 1990 875 2028 duo
890 1991 951 2028 vel
969 1999 1049 2028 tres
1067 1993 1155 2028 anni
1171 1993 1271 2029 inter
1285 1991 1382 2028 duos
1397 1992 1540 2042 gradus
1555 1993 1895 2030 consumebantur.

316 2061 492 2110 Incipere
521 2060 592 2097 fuit
615 2061 778 2110 primam
794 2060 1000 2097 lectionem
1019 2061 1280 2111 magistralem
1296 2061 1438 2112 legere.
1461 2061 1577 2099 Velut
1592 2062 1639 2098 ad
1654 2062 1749 2099 alios
1764 2063 1908 2113 gradus
1926 2057 2188 2108 tendentibus,
2211 2072 2384 2108 Incipientes

0 2117 7 2173 1
265 2131 475 2179 incepturis
499 2130 736 2179 juramenta⁰
764 2130 993 2180 praestanda
1023 2144 1176 2180 quoque
1202 2140 1241 2168 et
1265 2131 1404 2168 bursae
1427 2131 1648 2168 solvendae.
1681 2133 1917 2170 Generaliter
1943 2135 2072 2171 statim
2103 2142 2191 2184 post

0 2174 8 2242 i
262 2199 457 2236 licentiam
488 2206 680 2249 receptam
714 2200 952 2249 inceperunt.
985 2200 1139 2238 Accidit
1166 2209 1295 2237 tamen
1326 2209 1368 2237 ut
1400 2200 1520 2237 multo
1548 2201 1707 2245 tardius,
1742 2203 1858 2238 etiam
1890 2211 1978 2252 post
2005 2203 2189 2240 nonnulla

0 2244 8 2327 ἶ
261 2267 462 2311 decennia,
486 2269 712 2318 inciperent.
737 2270 799 2305 Sic
819 2268 1019 2319 Adolphus
1040 2269 1088 2306 de
1108 2271 1348 2320 Angermont
1374 2271 1625 2320 (1333-1352),
1653 2271 1851 2308 Conradus
1875 2272 1924 2309 de
1945 2273 2187 2310 Gelnhausen

0 2358 6 2401 ἰ
260 2338 512 2384 (1344-1378),
540 2339 764 2374 Reinmarus
789 2337 837 2375 de
862 2338 975 2375 Brula
998 2340 1247 2386 (1344-1352)‚
1270 2339 1508 2377 Wernherus
1529 2339 1577 2376 de
1601 2339 1810 2377 Pforzheim
1833 2342 2081 2388 (1357-1371),
2103 2342 2187 2378 Joh.

0 2404 8 2454 ἰ
266 2407 365 2456 Gray
381 2407 520 2443 Scotus
539 2407 792 2453 (1374-1392).

0 2483 8 2516 t
312 2477 361 2512 Ut
379 2475 574 2526 singulare
592 2475 805 2519 referimus,
825 2476 1037 2513 Johannem
1054 2476 1102 2514 dc
1115 2478 1286 2527 Angusia
1302 2478 1541 2515 licentiatum
1558 2492 1645 2516 esse
1666 2487 1705 2515 et
1726 2480 1932 2529 incepisse,
1957 2480 2094 2516 solutis
2113 2480 2191 2517 sol-

0 2531 4 2549 ⁵
260 2544 412 2588 vendis,
429 2546 512 2582 sine
533 2545 828 2582 determinantia
848 2547 946 2592 (343,
970 2547 1029 2590 16;
1049 2547 1132 2588 345,
1158 2548 1204 2593 7).

305 2696 331 2724 1.
377 2694 470 2730 Infra,
485 2705 516 2735 p.
534 2696 600 2731 169,
617 2695 666 2725 32.
1278 2697 1422 2726 Nostram
1436 2697 1600 2727 Dominam
1614 2697 1699 2726 ibant
1712 2698 1783 2737 (vid.
1805 2708 1903 2726 annos
1919 2698 2119 2737 1344-1348);
2137 2700 2190 2727 sed

0 2736 6 2779 ‚l
303 2744 332 2773 2.
378 2743 535 2780 Ksussnn,
552 2746 705 2780 Maerikel,
725 2755 756 2785 p.
774 2745 823 2774 47.
1278 2746 1435 2786 posterius
1457 2745 1489 2776 S.
1508 2746 1682 2776 Genovesae
1703 2757 1828 2775 examen
1852 2747 2078 2786 frequentiores
2111 2749 2192 2777 adie-

301 2793 331 2822 3.
372 2792 442 2822 Vid.
463 2793 603 2828 Toarxa,
616 2795 769 2830 Mau-ilfa,
786 2805 818 2834 p.
834 2795 938 2823 19-23.
955 2794 1086 2824 Parisiis
1100 2801 1171 2834 post
1280 2802 1363 2826 runt.

258 2851 311 2871 an.
327 2842 404 2871 1383
421 2842 714 2872 determinaverunt.
1319 2846 1348 2874 6.
1393 2844 1463 2875 Vid.
1482 2846 1630 2880 Char-ml„
1648 2845 1703 2878 111,
1718 2856 1747 2884 p.
1765 2845 1833 2874 307.

303 2891 332 2920 4.
374 2890 440 2920 Jam
454 2891 485 2920 in
503 2897 576 2921 tom.
591 2891 602 2921 l
621 2893 756 2922 Chartul.
776 2892 896 2922 articuli
916 2903 975 2933 pro
993 2892 1168 2923 licentiatis.
1321 2895 1348 2923 7.
1397 2895 1548 2929 Char-tul„
1568 2893 1608 2929 11,
1627 2895 1686 2923 676
1704 2894 1842 2933 (10)-679
1857 2894 1927 2933 (15).

259 2938 438 2969 sur-amenta
451 2940 534 2975 vide,
550 2947 571 2970 t.
592 2941 632 2976 ll,
646 2942 705 2971 675
719 2941 769 2981 (7).
1318 2944 1347 2972 8.
1394 2943 1440 2972 De
1457 2942 1581 2972 lieentia
1595 2943 1626 2972 in
1643 2942 1675 2972 S.
1691 2942 1847 2971 Genovesa
1867 2943 1931 2972 vid.
1956 2953 2022 2982 cap.
2039 2945 2068 2972 5.

303 2989 333 3018 5.
376 2988 480 3018 Medio
496 2999 576 3019 saec.
595 2993 662 3019 xiv⁰
683 2991 762 3019 bona
778 3000 852 3031 pars
873 2990 1097 3021 licentiatorum
1119 3002 1168 3031 ap.
1319 2993 1348 3021 9.
1393 2991 1462 3021 Vid.
1486 2993 1635 3027 (Μαι-ται,
1657 2992 1696 3027 11,
1711 3003 1741 3031 p.
1760 2991 1902 3032 680(16);
1920 2993 1976 3021 681
1993 2993 2051 3031 (17)
2069 2999 2098 3022 et
2118 2992 2189 3032 (19).
