2632 3464
302 447 355 473 493

302 523 427 563 plicavit
455 523 535 552 idem
573 523 754 562 Philippus,
790 522 862 562 quia
891 528 964 561 post
993 521 1205 561 magisterium

300 578 386 602 esset
404 571 590 601 intencionis
612 571 812 611 repatriandi,
830 577 982 611 quatenus
1000 570 1027 600 si
1047 570 1204 599 dominum

300 627 440 650 nostrum
459 631 568 661 papam
584 620 779 660 contingeret
795 620 884 655 mori,
898 620 982 659 quod
997 619 1098 659 ipsum
1116 618 1204 648 nacio

300 669 394 699 vellet
417 669 531 699 habere
552 669 761 699 inrotulatum.
787 669 826 699 Et
846 669 950 698 habita
977 668 1204 698 deliberacione

300 719 388 748 uacio
401 729 456 748 sue
469 718 693 758 supplicacioni
704 718 858 758 acquievit
868 718 926 747 sub
938 718 996 747 ista
1009 717 1203 752 condicione,

301 767 403 797 soluto
414 766 553 807 jocundo
566 777 623 797 suo
637 767 775 803 introitu,
788 767 826 796 de
839 766 926 807 cujus
941 766 1101 796 solucione
1117 765 1205 795 nacio

299 817 360 846 sibi
386 817 567 846 dilacionem
594 826 693 856 usque
716 817 755 846 ad
776 826 935 845 reversum
954 814 1020 855 ejus
1044 816 1082 844 de
1105 815 1206 855 patria

300 865 465 901 concessit,
485 871 519 895 ut
535 872 608 895 tunc
625 865 770 895 solveret.

341 914 416 944 Item
434 915 539 944 eadem
560 914 806 954 congregacione
824 920 854 944 et
871 914 903 943 ἰη
921 914 1026 943 eadem
1042 913 1118 943 hora
1133 923 1205 953 sup-

298 963 425 1003 plicavit
444 963 592 1003 magister
611 962 821 992 Theodericus
848 963 886 992 de
909 962 1057 998 Heswiic,
1083 973 1120 992 ex
1143 972 1205 1002 quo

300 1012 402 1052 ipsum
424 1018 548 1051 oportet
566 1012 736 1052 repatriare
757 1018 887 1052 propter
910 1018 1011 1042 certas
1034 1022 1155 1046 causas,
1178 1012 1204 1041 si

299 1061 495 1101 contingeret
511 1061 668 1090 dominum
686 1067 826 1090 nostrum
842 1071 950 1100 papam
971 1061 1049 1090 mori
1066 1067 1205 1101 tempore

303 1119 358 1139 sue
375 1109 530 1144 absencie,
555 1110 626 1149 quia
643 1109 830 1139 intencionis
848 1116 895 1139 est
913 1109 1105 1145 reveniendi,
1129 1120 1206 1149 qua-

298 1165 389 1188 tenus
415 1158 503 1188 nacio
534 1159 635 1198 ipsum
664 1158 757 1188 vellet
789 1158 902 1188 habere
932 1158 1141 1188 inrotulatum.
1167 1158 1206 1188 Et

300 1207 401 1237 habita
414 1207 642 1237 deliberacione
657 1208 746 1237 nacio
765 1208 826 1237 sibi
848 1207 1109 1247 supplicacionem
1129 1217 1205 1237 con-

299 1256 396 1286 cessit
404 1255 494 1296 juxta
507 1257 774 1286 consuetudinem.

341 1305 416 1335 Item
430 1305 546 1345 incepit
555 1305 698 1335 dominus
712 1305 877 1346 Philippus
892 1305 1015 1346 Pinghe
1031 1306 1088 1336 sub
1106 1305 1206 1346 magi-

300 1361 366 1385 stro
389 1354 521 1394 Hugone
541 1355 580 1384 de
602 1354 757 1384 Hervorst
778 1361 917 1394 regente,
934 1354 1022 1395 cujus
1044 1355 1139 1385 bursa
1160 1354 1204 1385 111

300 1403 393 1434 solidi
412 1413 480 1433 cum
503 1403 576 1433 VIII
596 1403 744 1433 denariis.
770 1403 810 1433 Et
826 1403 977 1434 satisfecit
997 1404 1153 1444 receptori
1173 1403 1205 1433 in

291 1452 440 1493 pecunia,
466 1462 528 1482 non
554 1452 696 1482 obstante
723 1452 954 1492 supplicacione
981 1453 1019 1482 de
1053 1452 1205 1482 dilacione

299 1501 429 1541 pecunie
445 1501 505 1530 sibi
521 1501 724 1531 communiter
741 1507 770 1531 et
785 1501 983 1531 concorditer
1000 1511 1158 1531 concessa.

339 1550 414 1580 ltem
431 1549 439 1568 ⁶
472 1549 651 1579 licenciatus
678 1550 733 1580 suit
762 1551 906 1580 domiuus
932 1550 1139 1590 Tyelmannus
1166 1551 1204 1581 de

299 1598 503 1629 Lutselborch
522 1599 580 1628 sub
595 1599 744 1639 magistro
759 1599 921 1629 Gherardo
939 1600 976 1629 de
993 1599 1118 1635 Calker‚
1135 1609 1205 1629 rec-

298 1654 366 1678 tore
387 1647 608 1678 Universitatis
626 1647 828 1684 Parisiensis,
847 1647 934 1688 cujus
957 1649 1052 1678 bursa
1068 1648 1125 1678 Vll
1144 1649 1202 1679 sol.

300 1697 341 1727 Et
357 1697 506 1726 satisfecit
517 1697 673 1736 receptori
688 1697 719 1726 in
736 1697 889 1737 pecuniis.

338 1745 414 1775 ltem
446 1745 563 1785 incepit
593 1745 736 1776 dominus
768 1746 883 1776 Paulus
914 1747 953 1776 de
982 1746 1109 1776 Ghelria
1146 1748 1203 1777 sub

298 1794 448 1835 magistro
461 1793 602 1824 Johanne
615 1795 653 1824 de
667 1794 801 1831 Stralen,
814 1794 901 1835 cujus
916 1796 1011 1825 bursa
1024 1795 1083 1825 1111
1098 1796 1200 1825 solidi.

299 1843 339 1874 Et
356 1843 506 1874 satisfecit
521 1843 676 1883 receptori
696 1844 727 1873 in
742 1844 893 1884 pecuniis.

337 1892 429 1923 Anno
440 1892 565 1922 Domini
578 1902 640 1932 quo
651 1902 745 1932 supra
756 1893 832 1923 sacta
845 1889 1091 1933 congregacione
1102 1894 1203 1924 nacio-

298 1941 348 1971 nis
378 1941 410 1971 in
441 1941 532 1971 nonis
556 1941 668 1971 Nosti-e
687 1941 830 1977 Domine,
858 1942 990 1972 xxllll·
1012 1943 1062 1972 die
1087 1944 1203 1974 mensis

297 1989 428 2030 Aprilis,
441 1990 480 2019 ad
497 1989 733 2030 supplicandum
749 1991 831 2031 apud
845 1991 989 2022 Sanctum
1003 1991 1201 2029 Maturinum,

296 2039 484 2079 supplicavit
500 2039 649 2079 magister
663 2038 873 2070 Theodericus
888 2041 926 2070 de
946 2040 1114 2076 Heeswiic,
1132 2042 1203 2082 quia

297 2094 366 2118 actu
380 2094 429 2118 est
443 2097 556 2128 regens
573 2087 605 2117 in
625 2088 766 2118 facultate
785 2089 913 2125 arcium,
935 2091 1018 2129 quod
1039 2091 1066 2120 si
1081 2091 1203 2120 coutin-

295 2143 386 2178 geret
403 2137 560 2167 dominum
577 2143 716 2167 nostrum
746 2146 855 2178 papam
879 2139 958 2168 mori
987 2145 1125 2179 tempore
1148 2150 1202 2170 sue

297 2186 452 2220 absencie.
487 2186 560 2225 quia
588 2185 690 2226 ipsum
719 2193 843 2226 oportet
869 2188 1040 2227 repatriare
1073 2195 1204 2229 propter

295 2241 397 2264 certas
421 2244 541 2270 causas,
565 2241 717 2275 quatenus
739 2235 826 2265 nacio
850 2235 952 2276 ipsum
973 2236 1067 2267 vellet
1089 2237 1202 2268 habere

295 2283 494 2313 inrotulatum
514 2289 657 2323 tanquam
678 2290 847 2324 regentem.
870 2284 910 2314 Et
927 2285 1029 2316 habita
1048 2286 1203 2316 delibera-

296 2332 384 2362 cione
407 2331 547 2362 nacionis
574 2332 711 2372 predicta
742 2333 830 2363 nacio
857 2333 916 2363 sibi
941 2334 1202 2374 supplicacionem

297 2380 481 2411 unanimiter
490 2381 656 2416 concessit,
670 2392 730 2410 non
741 2383 883 2412 obstante
892 2382 1123 2423 supplicacione
1134 2394 1202 2424 pre-

294 2429 436 2464 cedente,
454 2440 513 2470 qua
530 2430 618 2459 nacio
633 2430 693 2460 sibi
712 2430 868 2460 concessit
881 2432 964 2471 quod
982 2438 1066 2462 esset
1083 2432 1203 2463 inrotu-

296 2477 376 2508 latus
391 2484 535 2518 tanquam
550 2489 612 2508 non
625 2489 751 2519 regens,
769 2479 841 2519 quia
854 2480 990 2510 nundum
1007 2487 1078 2510 tunc
1094 2491 1202 2522 regen-

295 2526 372 2556 ciam
390 2527 570 2566 acceptavit.
596 2527 658 2557 Sed
674 2528 704 2557 in
724 2534 882 2568 posterum
902 2538 959 2568 per
975 2529 1054 2559 duos
1073 2536 1124 2560 aut
1138 2536 1202 2561 tres

295 2575 364 2605 dies
377 2576 522 2616 regencie
537 2586 616 2606 onus
631 2577 762 2616 adeptus
775 2577 840 2606 suit.

336 2623 409 2664 (Fol.
427 2623 500 2663 52)ι
517 2625 608 2655 Αηηο
629 2625 753 2655 Domini
780 2636 841 2665 quo
857 2636 951 2666 supra
972 2627 1048 2657 sacta
1069 2637 1202 2668 congre-

295 2672 424 2712 gacione
440 2673 590 2709 nacionis,
601 2673 765 2713 penultima
782 2674 831 2704 die
847 2675 963 2705 mensis
980 2675 1111 2715 Aprilis,
1121 2677 1202 2717 apud

296 2720 440 2751 Sanctum
451 2721 603 2752 lulianum
615 2722 690 2752 bora
706 2723 869 2753 terciarum
884 2725 921 2753 ad
937 2724 1113 2764 eligendum
1129 2735 1203 2755 exa-

297 2769 475 2800 minatorem
487 2771 711 2801 baculariorum
729 2772 759 2801 in
773 2772 885 2802 Sancta
897 2773 1054 2803 Genovesa
1070 2783 1127 2813 pro
1142 2780 1202 2804 ter-

295 2818 345 2848 cio
363 2828 479 2854 mense,
496 2819 611 2850 electus
630 2820 686 2850 suit
705 2821 852 2861 magister
871 2821 1059 2861 Meynardus
1080 2822 1202 2853 Rodolfi

326 2932 349 2957 ¹.
385 2933 456 2964 Quae
471 2935 612 2966 aequantur
628 2934 654 2959 in
675 2934 725 2959 liae
736 2936 928 2968 procuratorio,
948 2937 1044 2970 ncripca
1066 2941 1126 2962 nunc
1146 2938 1202 2963 aeia

297 2975 384 2992 manu.

804 446 919 473 LIBER
938 444 1250 472 PROCURATORUM
1271 445 1451 472 NATIONIS
1470 446 1714 472 ANGLICANAE

1242 966 1276 992 10

1243 1212 1276 1238 15

1242 1460 1276 1486 20

1241 1707 1275 1734 25

1240 1953 1274 1979 ³0

1240 2197 1274 2224 35

1239 2442 1274 2469 40

1239 2685 1273 2712 45

2168 448 2219 475 494

1312 527 1385 551 tunc
1415 523 1564 561 temporis
1596 529 1779 562 procurator
1814 534 1850 552 ex
1880 525 2031 553 communi
2064 535 2219 554 consensu

1313 571 1447 600 omnium
1465 571 1683 611 magistrorum
1700 572 1731 600 in
1747 572 1799 601 tali
1819 573 2064 612 congregacione
2083 575 2219 603 existen-

1313 619 1403 649 cium.

1353 668 1428 698 Item
1459 669 1490 698 in
1519 669 1624 698 eadem
1651 671 1898 710 congregacione
1930 671 2131 700 deliberatum
2166 672 2221 701 suit

1313 717 1429 747 intrare
1450 718 1618 754 tabernam,
1643 724 1673 748 et
1697 719 1888 749 intraverunt
1914 719 2054 760 magistri
2082 721 2219 760 predicte

1314 766 1454 796 nacionis
1479 767 1637 796 tabernam
1666 768 1710 796 ad
1735 768 1810 796 duos
1835 769 1958 807 gladios
1981 767 2069 808 juxta
2091 780 2219 808 parvum

1313 822 1450 855 pontem,
1472 815 1524 845 ubi
1543 816 1701 855 predictus
1720 817 1910 846 examinator
1926 818 2012 847 dedit
2027 828 2120 847 unum
2136 819 2220 847 fran-

1313 874 1381 894 cum
1394 866 1432 894 ad
1451 865 1675 904 perpotandum
1691 872 1820 905 propter
1834 866 1964 896 officium
1980 868 2063 906 quod
2079 874 2220 907 accepta-

1313 914 1368 943 vit.
1399 913 1474 943 Item
1503 914 1610 943 eodem
1638 920 1776 954 tempore
1803 921 1833 944 et
1861 915 1928 945 loco
1955 916 2048 945 solvit
2074 917 2221 956 magister

1314 962 1472 992 Arnoldus
1497 963 1535 992 de
1560 963 1655 992 Ghise
1681 964 1718 993 de
1741 963 1856 993 Arnem
1883 975 1977 994 unum
2002 965 2138 994 francum
2164 976 2219 1005 pro

1313 1012 1528 1052 procuratoria
1559 1013 1670 1047 futura,
1701 1013 1772 1052 quia
1806 1014 1941 1043 nundum
1978 1014 2051 1043 illud
2089 1014 2219 1044 officium

1313 1067 1504 1096 exercuerat,
1519 1071 1580 1090 non
1596 1062 1736 1091 obstante
1748 1062 1800 1092 illo
1811 1064 1893 1102 quod
1907 1063 2054 1102 magister
2064 1063 2220 1093 lohannes

1314 1111 1351 1139 de
1365 1109 1503 1140 Mat-chia
1519 1116 1608 1140 antea
1626 1118 1809 1150 procurator
1826 1122 1895 1141 esse
1916 1112 2055 1147 deberet,
2077 1119 2110 1142 ut
2125 1113 2220 1142 habe-

1314 1159 1408 1188 turin
1427 1159 1581 1199 principio
1594 1160 1684 1189 istius
1701 1161 1922 1200 procuratorie,
1939 1167 2068 1200 propter
2080 1162 2138 1191 hoc
2149 1162 2219 1201 quia

1313 1207 1463 1247 legittime
1476 1209 1634 1238 excusavit
1647 1219 1692 1244 se,
1709 1216 1739 1238 et
1756 1210 1852 1238 eciam
1870 1209 2056 1250 supplicavit
2068 1211 2098 1239 in
2115 1212 2219 1240 eadem

1314 1257 1561 1297 congregacione
1572 1265 1605 1287 ut
1618 1258 1757 1298 magistri
1768 1259 1868 1298 ipsum
1879 1258 1993 1288 vellent
2006 1259 2119 1289 habere
2131 1270 2220 1290 excu-

1314 1312 1423 1336 satum.
1442 1305 1539 1347 Cujus
1557 1307 1748 1347 supplicacio
1766 1308 1969 1338 communiter
1986 1308 2042 1339 suit
2059 1319 2218 1339 concessa.

1720 1401 1738 1429 1
1743 1400 1818 1430 376

1313 1471 1403 1501 Acta
1429 1472 1465 1501 in
1495 1472 1759 1511 procuratoria
1775 1473 1947 1512 magistri
1979 1473 2137 1503 Arnoldi
2178 1475 2220 1504 de

1494 1520 1641 1560 Ghijse,
1671 1521 1764 1551 alias
1791 1522 1833 1551 de
1861 1522 2037 1551 Arnhem.

1352 1600 1444 1631 Anno
1460 1601 1586 1630 Domini
1600 1611 1662 1641 quo
1678 1611 1783 1641 supra,
1803 1602 1909 1641 quinta
1927 1602 1977 1631 die
2000 1602 2116 1632 mensis
2134 1603 2219 1639 Maii,

1314 1651 1391 1679 facta
1409 1650 1656 1691 congregacione
1674 1651 1813 1680 nacionis
1833 1650 2005 1690 Anglicane
2025 1652 2106 1691 apud
2123 1651 2221 1682 Sanc-

1312 1705 1375 1728 tum
1396 1698 1550 1729 ,lulianum
1570 1709 1736 1739 pauperem
1755 1699 1830 1729 hora
1849 1700 2017 1739 primarum
2034 1701 2072 1729 ad
2091 1701 2221 1730 audien-

1313 1749 1384 1778 dum
1403 1755 1578 1788 computum
1598 1748 1782 1787 receptoris‚
1801 1754 1831 1778 et
1851 1749 1889 1777 ad
1912 1748 2088 1789 eligendum
2110 1760 2219 1789 procu-

1314 1803 1459 1833 ratorem,
1474 1797 1587 1827 dilatus
1601 1803 1667 1827 erat
1677 1803 1839 1837 computus
1851 1798 1888 1826 de
1899 1798 2053 1828 communi
2064 1808 2219 1829 consensu

1314 1846 1531 1887 magistrorum
1549 1856 1647 1886 usque
1661 1847 1698 1876 ad
1716 1846 1887 1886 proximam
1906 1846 2086 1877 electionem
2105 1858 2219 1887 procu-

1312 1895 1436 1931 ratoris,
1455 1895 1527 1935 quia
1543 1902 1688 1935 receptor
1707 1897 1792 1926 tarde
1810 1896 1894 1925 venit
1913 1902 1944 1925 et
1961 1897 2100 1936 magistri
2119 1897 2217 1927 habe-

1311 1945 1386 1974 bant
1399 1955 1491 1985 agere
1510 1944 1540 1974 in
1557 1945 1696 1985 negociis
1713 1945 1911 1984 specialibus.

1351 1993 1472 2023 Deinde
1491 1993 1607 2023 electus
1629 2000 1695 2023 erat
1713 1993 1911 2023 concorditer
1931 1994 2080 2034 magister
2102 1994 2218 2025 Arnol-

1311 2044 1369 2073 dus
1386 2043 1424 2072 de
1444 2041 1551 2083 Ghijse
1571 2043 1602 2072 in
1621 2050 1852 2083 procuratorem
1876 2043 1956 2072 dicte
1973 2044 2111 2073 nacionis
2131 2044 2215 2074 nullo

1311 2092 1528 2132 magistrorum
1546 2092 1741 2122 reclamante.
1761 2092 1795 2122 ln
1814 2091 1902 2132 cujus
1922 2094 2135 2132 procuratoria
2152 2100 2218 2123 acta

1312 2147 1384 2171 sunt
1401 2151 1460 2182 que
1478 2147 1660 2182 sequuntur.

1351 2190 1441 2220 Nota.
1459 2190 1622 2220 Predictus
1639 2191 1786 2230 magister
1800 2190 1958 2220 Arnoldus
1979 2191 2028 2220 die
2051 2192 2216 2231 penultima

1312 2239 1428 2269 mensis
1459 2239 1580 2279 Aprilis
1614 2245 1684 2269 ante
1718 2239 1764 2269 sui
1797 2239 1977 2269 electionem
2005 2240 2097 2270 solvit
2125 2251 2217 2270 unum

1312 2288 1469 2318 franckum
1482 2298 1540 2328 pro
1551 2288 1650 2328 prima
1664 2289 1711 2318 sui
1726 2289 1949 2328 procuratoria,
1963 2289 2016 2328 qui
2033 2289 2087 2319 suit
2103 2300 2217 2329 perpo-

1310 2342 1391 2366 tatus
1418 2338 1448 2366 ἰιι
1474 2337 1589 2367 duobus
1610 2338 1724 2377 gladiis
1744 2337 1833 2377 juxta
1858 2347 1984 2377 parvum
2020 2345 2156 2378 pontem,
2185 2345 2217 2368 ut

1311 2386 1456 2425 superius
1472 2386 1502 2415 in
1519 2386 1624 2416 ultima
1644 2387 1890 2426 congregacione
1912 2387 2123 2426 procuratoris
2144 2398 2216 2427 pre-

1311 2435 1449 2465 cedentis
1465 2442 1512 2464 est
1528 2435 1723 2475 explicatum.

1351 2483 1426 2514 ltem
1446 2484 1582 2514 secunda
1599 2485 1661 2520 die,
1685 2484 1803 2515 scilicet
1822 2491 1908 2514 sexta
1927 2485 1977 2514 die
1995 2485 2110 2514 mensis
2129 2485 2213 2519 Maii,

1310 2534 1387 2563 facta
1406 2533 1652 2573 congregacione
1672 2533 1810 2563 nacionis
1827 2533 1997 2573 Anglicane
2016 2534 2097 2573 apud
2118 2533 2215 2562 Sanc-

1310 2586 1371 2610 tum
1397 2580 1583 2611 Maturinum
1608 2581 1683 2611 hora
1710 2581 1877 2621 primarum
1902 2582 1938 2610 ad
1965 2581 2213 2620 supplicandum,

1311 2629 1496 2669 supplicavit
1512 2630 1656 2659 dominus
1673 2630 1784 2660 Petrus
1800 2631 1837 2659 ‹le
1854 2629 1980 2669 Catwijc
1995 2640 2052 2669 pro
2063 2630 2215 2660 dilacione

1310 2679 1472 2708 bursarum
1490 2678 1618 2708 licencie
1636 2689 1701 2709 sue.
1727 2678 1822 2718 Cujus
1847 2678 2037 2718 supplicacio
2060 2685 2125 2708 erat
2144 2689 2215 2708 con-

1309 2737 1409 2762 cessa,
1432 2727 1597 2758 dummodo
1619 2734 1749 2767 poneret
1772 2727 1860 2757 vadia
1883 2727 2068 2757 sufficiencia
2090 2728 2127 2757 ad
2153 2734 2216 2757 tres

1310 2785 1444 2806 menses.

1351 2824 1424 2854 ltem
1456 2824 1526 2854 Vll·
1550 2825 1599 2854 die
1626 2826 1741 2854 mensis
1763 2825 1835 2854 Maii
1862 2825 1939 2854 facta
1968 2826 2216 2865 congregacione

1341 2940 1363 2963 2.
1397 2940 1425 2963 ln
1438 2939 1554 2970 margine
1564 2939 1690 2971 mperiari
1699 2941 1762 2963 Acta
1771 2938 1796 2963 in
1810 2939 1992 2970 procuratori·
2001 2947 2070 2971 mag.
2081 2939 2216 2971 Heynnrdi

1310 2974 1411 2999 nodolfi
1421 2974 1453 2998 de
1466 2974 1555 3006 Tyeln.

1886 0 1915 22 ’.ζ
1930 0 2095 20 :xvv-¹⁴2³&
2141 0 2262 21 <⁴··'‹›=':“·{‘’1‹2
