2632 3464
406 411 439 436 75
953 407 1178 434 AUCTARIUM
1203 406 1464 434 CHARTULARII
1486 407 1660 433 UNIVERS.
1682 407 1800 435 PARIS.
2304 410 2339 436 76

403 487 535 522 trandis,
551 486 672 515 ratione
685 495 817 525 quorum
832 485 921 514 nacio
935 485 1075 524 predicto
1092 484 1271 514 Christiano
1284 484 1316 513 in

403 537 484 565 dicta
498 546 615 564 summa
629 535 685 564 suit
697 535 847 574 obligata,
862 541 896 564 ut
911 535 1032 563 dicebat
1057 534 1088 563 in
1109 534 1315 563 instrumento

402 585 527 624 publico
553 594 649 624 super
673 584 731 613 hoc
759 584 898 613 confecto
922 583 1046 623 plenius
1069 583 1240 618 contineri,
1274 582 1316 610 ita

402 635 486 674 quod
503 634 636 663 finaliter
655 634 736 662 dicte
752 640 872 672 partes,
892 639 952 662 tam
971 633 1058 662 nacio
1077 643 1114 661 ex
1132 638 1218 670 parte
1235 641 1312 665 una,

402 694 493 722 quam
511 683 659 722 magister
674 682 872 712 Christianus
889 688 975 721 parte
994 692 1031 710 ex
1046 682 1156 716 altera,
1176 682 1214 709 de
1232 680 1314 709 dieta

400 732 533 772 pecunia
555 732 586 761 in
603 731 726 772 judices
747 731 1040 771 compromissarios
1061 741 1114 759 seu
1136 729 1313 758 amicabiles

401 782 628 821 compositores
645 781 941 820 compromiserunt,
965 779 1084 809 scilicet
1103 779 1134 807 in
1159 779 1313 807 discretos

401 831 487 860 viros
508 837 538 860 et
554 830 703 859 honestos
725 830 867 859 dominos
888 835 918 858 et
936 829 1103 868 magistros
1124 827 1313 866 Th[eodori-

401 879 502 918 cum]⁴
532 881 570 909 de
598 880 726 914 Brinen,
755 879 934 908 canonicum
968 878 1158 917 Aquensem,
1191 877 1313 906 Walte-

400 939 468 958 rum
483 930 521 958 de
538 929 708 958 Wardelau
727 928 863 962 Scotum,
879 927 1060 957 canonicum
1077 927 1310 961 Glassuensem,

401 978 573 1007 Gerardum
592 979 629 1007 de
646 977 930 1012 Gore,canonicum
946 977 1199 1011 Leodiensem,et
1211 976 1312 1013 H[en-

400 1028 508 1065 ricum]
518 1029 555 1056 de
566 1027 659 1062 Gore,
670 1027 772 1056 Sancti
785 1026 921 1055 Dionisii
931 1036 965 1055 ac
976 1026 1101 1055 Rutten.
1111 1025 1311 1054 ecclesiarum

399 1077 592 1111 canonicum,
619 1076 659 1105 ita
682 1077 765 1115 quod
787 1075 939 1114 quidquid
964 1075 1038 1104 dicti
1063 1074 1311 1113 compromisarii

397 1126 447 1154 vel
463 1125 560 1164 major
576 1135 650 1164 pars
670 1125 810 1164 ipsorum
829 1125 909 1154 inter
927 1125 1025 1153 dictas
1046 1130 1150 1163 partes
1171 1125 1209 1152 de
1229 1123 1311 1152 dicta

398 1175 528 1214 pecunia
557 1175 637 1204 infra
661 1184 797 1203 mensem
827 1174 1080 1213 pronunciarent,
1105 1174 1188 1212 quod
1211 1173 1268 1201 hoc
1293 1183 1310 1201 a

397 1225 488 1253 dictis
511 1224 651 1263 partibus
671 1225 728 1253 sub
754 1233 833 1263 pena
850 1223 936 1252 XXII
956 1223 1143 1252 florenorum
1162 1233 1200 1251 ex
1221 1228 1308 1261 parte

396 1274 535 1302 nacionis
565 1280 594 1302 et
621 1274 678 1302 sub
704 1283 782 1312 pena
807 1272 932 1312 querele
961 1283 999 1301 ex
1025 1278 1111 1311 parte
1137 1271 1308 1301 Christiani

396 1323 617 1352 inviolabiliter
633 1324 863 1352 observaretur.

437 1373 511 1401 Item
534 1373 651 1401 decima
669 1372 718 1401 die
739 1372 855 1401 mensis
877 1371 962 1406 Jufii,
987 1381 1046 1410 que
1072 1371 1129 1400 fuit
1153 1371 1220 1399 dies
1240 1371 1308 1399 sab-

395 1422 458 1450 bati
482 1429 554 1460 post
578 1423 687 1450 festum
712 1421 923 1460 apostolorum
947 1420 1033 1449 Petri
1053 1427 1083 1449 et
1106 1420 1210 1454 Pauli,
1231 1421 1309 1448 sacta

395 1471 642 1510 congregacione
665 1470 804 1499 nacionis
830 1480 886 1509 per
906 1476 1139 1509 procuratorem
1160 1470 1198 1498 ad
1221 1469 1308 1498 ordi-

394 1521 545 1555 nandum,
565 1521 603 1548 ad
621 1520 865 1559 dispensandum
888 1526 918 1548 et
939 1529 997 1558 pro
1018 1518 1307 1558 supplicacionibus

395 1576 424 1598 et
450 1570 488 1598 ad
514 1569 699 1598 audiendum
729 1569 1022 1608 pronunciacionem
1046 1568 1224 1597 arbitralem
1252 1577 1307 1596 seu

394 1619 584 1647 amicabilem
603 1618 864 1658 composicionem
880 1617 1225 1656 compromissariorum
1242 1617 1307 1646 sive

394 1668 599 1697 amicabilium
626 1668 869 1707 compositorum
897 1667 977 1696 inter
1002 1667 1162 1695 nacionem
1188 1677 1225 1695 ex
1246 1676 1307 1695 una

394 1724 492 1757 parte,
514 1724 544 1746 ct
567 1717 749 1757 magistrum
772 1717 984 1746 Christianum
1008 1717 1045 1744 de
1069 1716 1138 1745 Elst
1161 1721 1247 1755 parte
1269 1726 1307 1744 ex

394 1767 500 1801 altera,
521 1777 616 1805 super
636 1767 767 1806 quadam
784 1766 915 1805 pecunie
934 1776 1066 1800 summa,
1086 1765 1205 1794 scilicet
1219 1765 1306 1794 XXII

394 1816 597 1850 florenorum,
621 1826 700 1855 quos
721 1816 800 1844 idem
825 1815 1022 1844 Christianus
1045 1826 1059 1843 a
1078 1815 1159 1843 dicta
1177 1814 1306 1843 nacione

394 1865 503 1904 petivit
521 1866 611 1894 modo
628 1865 773 1904 superius
789 1874 956 1904 expresso,
974 1864 1048 1893 dicti
1065 1864 1306 1903 compromissa-

394 1915 443 1949 rii,
462 1914 580 1943 scilicet
596 1914 762 1943 Gualterus
778 1915 815 1943 de
833 1913 1015 1948 Wardelau,
1031 1913 1198 1942 canonicus
1218 1913 1305 1942 Glas-

394 1964 528 1998 suensis‚
551 1963 790 2001 Th[eo‹lericus]
805 1964 842 1992 de
861 1963 990 1997 Brinen,
1004 1963 1171 1991 canonicus
1182 1962 1307 2001 Aquen-

394 2013 620 2048 sis‚Gerardus
636 2014 673 2042 de
684 2012 779 2047 Gore,
795 2013 962 2041 canonicus
979 2012 1162 2041 Leodiensis
1178 2012 1306 2050 etH[en-

391 2063 486 2100 ricus]
496 2063 533 2091 de
548 2062 819 2097 Gore,canonicus
832 2062 936 2090 Sancti
953 2062 1097 2100 Dyonisii
1107 2061 1304 2095 Leodiensis‚

393 2112 534 2151 magistri
574 2113 603 2140 in
627 2112 708 2140 dicta
729 2112 874 2145 nacione,
898 2118 1002 2140 nostra
1024 2117 1085 2140 tota
1108 2111 1237 2139 nacione
1268 2111 1304 2139 ad

394 2162 451 2190 hoc
465 2161 756 2200 specialitervocata
773 2167 803 2189 et
818 2167 1017 2200 congregata,
1032 2159 1220 2189 arbitraliter
1233 2170 1304 2199 pro-

393 2211 632 2245 nunciaverunt,
656 2221 711 2249 per
734 2210 814 2239 hunc
835 2211 974 2244 modum,
994 2210 1113 2238 scilicet
1131 2210 1214 2248 quod
1235 2210 1306 2248 quia

394 2260 581 2289 sufficienter
612 2266 683 2289 sunt
717 2259 870 2288 informati
902 2266 961 2287 tam
993 2269 1048 2298 per
1075 2265 1169 2288 testes
1199 2259 1304 2294 vivos,

394 2320 484 2349 quam
507 2319 563 2348 per
592 2309 806 2343 instrumenta,
831 2319 921 2348 quam
951 2308 1042 2337 etiam
1066 2318 1123 2347 per
1148 2310 1304 2347 registrum

394 2360 543 2392 nacionis,
579 2359 661 2397 quod
702 2359 783 2387 dicta
817 2358 904 2386 nacio
942 2358 1024 2386 dicto
1057 2357 1237 2387 Christiano
1274 2357 1305 2386 in

393 2408 479 2437 xxll
498 2408 624 2436 florenis
642 2414 763 2437 tenetur
783 2414 813 2436 et
831 2418 867 2435 ex
888 2413 971 2436 certa
986 2417 1078 2436 causa
1094 2414 1141 2436 est
1157 2407 1303 2446 obligata,

393 2457 462 2486 ideo
482 2457 555 2485 dicti
575 2457 839 2496 compromissarii
858 2457 1027 2495 predictam
1043 2456 1204 2495 pecuniam
1220 2457 1304 2486 dicto

394 2506 572 2536 Christiano
593 2505 808 2544 adjudicabant
829 2506 1026 2539 arbitrando,
1047 2512 1079 2534 ut
1097 2505 1251 2544 quitancia
1267 2507 1304 2535 de

393 2556 474 2584 (licta
496 2555 621 2594 querela
647 2562 676 2584 et
701 2555 896 2594 pertinentiis
920 2565 980 2583 una
1006 2565 1074 2583 cum
1098 2554 1303 2584 instrumento

391 2604 592 2643 obligationis
627 2604 766 2633 nacionis
802 2604 832 2632 in
869 2604 1023 2643 premissa
1057 2604 1304 2643 congregacione

393 2654 549 2692 magistris
572 2654 799 2687 restitueretur,
823 2663 878 2692 per
893 2652 1060 2692 juramenti
1082 2653 1303 2692 obligationem

391 2703 541 2742 predictis
557 2703 712 2732 silentium
727 2703 950 2742 inperpetuum
966 2702 1163 2741 imponendo.
1178 2702 1216 2731 Et
1228 2702 1303 2731 ulte-

423 2805 445 2827 1.
486 2804 539 2831 Vid,
554 2804 624 2835 infra
636 2813 663 2836 p.
680 2805 718 2833 81,
730 2806 773 2833 28;
788 2806 826 2832 83,
839 2805 883 2833 323
898 2805 935 2832 84,
950 2805 989 2832 44,
1005 2806 1051 2828 etc.

422 2841 445 2863 2.
478 2841 507 2863 2ss
519 2840 589 2863 sulii.

422 2877 445 2899 3.
479 2878 548 2900 Inter
567 2876 657 2904 lineas,
682 2876 707 2899 in
727 2878 806 2904 lez-ln,
829 2876 875 2899 secl
894 2875 1004 2899 deletum
1021 2882 1030 2898 5
1050 2876 1152 2899 XXVIII
1172 2876 1220 2900 sol.
1243 2885 1302 2900 cum

391 2912 424 2935 lx
440 2911 509 2940 dem,
530 2912 702 2943 intelligendo
719 2912 789 2944 quod
812 2912 897 2935 dictus
916 2916 1036 2943 receptor
1054 2915 1158 2936 tenetur
1180 2912 1302 2944 expedire

1351 930 1384 955 10

1348 1176 1382 1202 15

1347 1424 1380 1449 20

1346 1670 1379 1695 25

1344 1918 1378 1943 30

1344 2165 1377 2190 35

1344 2411 1377 2436 40

1341 2657 1375 2683 45

1425 483 1491 512 rius
1503 484 1798 523 pronunciaverunt,
1810 491 1843 514 ut
1856 485 1958 514 dietus
1972 485 2169 515 Christianus
2182 486 2338 526 reciperet

1424 532 1466 561 XI
1494 532 1629 562 florenos
1653 543 1748 573 supra
1775 534 1944 563 Rikardum
1969 534 2135 574 Anglicum
2161 535 2335 565 institorem

1424 591 1608 620 pannorum,
1626 582 1657 611 in
1675 583 1788 622 quibus
1806 584 1967 612 tenebatur
1981 584 2116 619 nacioni,
2134 590 2164 613 et
2181 585 2338 624 reciperet

1424 630 1560 670 quinque
1587 631 1722 661 florenos
1749 642 1844 672 supra
1869 632 2040 662 ,Iohannem
2063 633 2170 662 Penne
2199 639 2335 663 sutorem

1423 686 1661 710 commorantem
1677 681 1708 710 in
1722 681 1791 710 vico
1804 681 2019 721 Anglicorum,
2034 688 2064 711 et
2079 682 2237 712 residuum
2253 683 2335 712 scili-

1423 735 1471 757 cet
1486 739 1540 758 sex
1556 729 1691 759 florenos
1707 731 1794 760 daret
1810 730 1870 760 sibi
1885 737 2030 770 receptor
2045 731 2196 760 nacionis.

1463 777 1535 817 (Ful.
1564 778 1636 819 49b)
1659 779 1733 808 Item
1754 779 1786 808 in
1807 779 1856 809 die
1881 779 1974 809 lune²
1996 787 2069 820 post
2093 781 2204 810 festum
2237 781 2335 810 sancti

1421 826 1529 856 Jacobi
1549 828 1626 857 sacta
1648 829 1894 868 congregacione
1912 830 2052 859 nacionis
2071 839 2127 869 per
2148 836 2333 869 procurato-

1422 885 1486 905 rem
1509 877 1649 906 nacionis
1672 878 1709 906 ad
1732 877 1953 914 ordinandum,
1977 879 2015 908 ad
2037 879 2282 918 dispensandum
2304 885 2335 908 et

1421 936 1479 965 pro
1493 926 1779 966 supplicacionibus
1795 933 1825 956 et
1837 928 2023 957 audiendum
2037 934 2213 967 compotum
2227 938 2334 968 recep-

1421 975 1511 1010 turis,
1527 976 1559 1004 in
1577 986 1637 1015 qua
1652 976 1898 1016 congregacione
1914 983 2059 1016 receptor
2072 977 2260 1016 computavit
2278 987 2335 1016 per

1420 1024 1501 1053 hunc
1521 1026 1660 1060 modum,
1681 1025 1825 1055 videlicet
1848 1027 1932 1065 quod
1951 1026 2095 1055 omnibus
2115 1026 2331 1066 computandis

1420 1074 1604 1113 computatis
1627 1080 1657 1103 et
1681 1074 1824 1103 omnibus
1849 1074 2007 1104 solvendis
2033 1075 2144 1104 solutis
2168 1085 2267 1115 usque
2295 1076 2334 1104 ad

1420 1122 1512 1152 istum
1530 1123 1610 1152 diem
1629 1123 1778 1153 remansit
1792 1124 1893 1153 dictus
1914 1130 2058 1163 receptor
2074 1125 2196 1154 nacioni
2215 1125 2332 1154 debens

1419 1171 1548 1207 nichil³,
1570 1178 1599 1201 et
1619 1172 1828 1212 Engelbertus
1851 1179 1974 1202 tenetur
1994 1173 2118 1202 nacioni
2145 1173 2177 1202 in
2200 1180 2333 1213 quatuor

1419 1221 1524 1256 libris,
1549 1227 1579 1251 et
1602 1221 1751 1261 magister
1773 1219 2013 1261 Th[eodoricus]
2042 1229 2186 1262 receptor
2210 1229 2333 1252 tenetur

1419 1270 1540 1300 solvere
1554 1271 1697 1306 bedellis,
1715 1278 1745 1300 et
1755 1270 1780 1300 Α.

1459 1320 1534 1349 Item
1564 1320 1641 1349 sacta
1668 1321 1915 1360 congregacione
1946 1321 2098 1350 facultatis
2136 1321 2168 1350 in
2198 1321 2306 1361 vigilia
2318 1321 2332 1340 ³

1419 1369 1516 1399 sancti
1540 1369 1660 1405 Jacobi,
1686 1380 1746 1409 que
1773 1370 1830 1399 suit
1855 1370 1923 1399 dies
1941 1370 2072 1405 sabbati,
2093 1380 2149 1409 per
2172 1370 2329 1399 dominum

1417 1425 1570 1448 rectorem
1586 1420 1624 1448 ad
1642 1419 1819 1459 eligendum
1835 1419 1967 1448 nuncios
1981 1419 2148 1449 mittendos
2161 1420 2200 1448 ad
2215 1419 2331 1449 curiam

1418 1468 1586 1497 Romanam
1605 1478 1663 1508 pro
1680 1469 1769 1498 factis
1787 1468 2009 1498 Universitatis
2027 1468 2243 1508 expediendis,
2259 1479 2331 1508 qua-

1417 1523 1488 1546 tuor
1509 1517 1650 1557 magistri
1667 1519 1704 1547 de
1722 1524 1856 1557 quatuor
1872 1518 2057 1547 nacionibus
2079 1517 2273 1548 intraverunt
2292 1519 2331 1547 ad

1417 1577 1510 1596 unum
1529 1567 1644 1602 locum,
1664 1567 1695 1596 in
1714 1578 1775 1606 quo
1795 1573 1900 1596 rector
1915 1567 1996 1596 solet
2015 1567 2111 1607 elegi,
2129 1573 2159 1596 et
2176 1567 2332 1607 eligerunt

1417 1616 1615 1646 concorditer
1638 1616 1820 1656 magistrum
1839 1616 2011 1646 ,Iohannem
2036 1616 2151 1646 dictum
2176 1616 2331 1646 Mercurel

1417 1666 1454 1694 de
1475 1665 1605 1694 nacione
1625 1665 1797 1700 Gallicana,
1815 1671 1845 1695 et
1865 1665 2047 1705 magistrum
2066 1666 2277 1695 Christianum
2292 1666 2331 1695 de

1418 1714 1486 1744 Elst
1507 1715 1545 1744 de
1570 1714 1699 1744 nacione
1719 1715 1903 1754 Anglicana,
1930 1716 2014 1754 quod
2039 1714 2105 1745 sive
2132 1725 2192 1754 que
2214 1715 2330 1744 eleccio

1417 1770 1550 1803 quatuor
1582 1764 1766 1793 nacionibus
1797 1764 1923 1803 placuit.
1956 1764 2018 1793 Sed
2051 1765 2247 1803 postmodum
2276 1764 2330 1793 diu

1416 1813 1505 1842 nacio
1532 1813 1764 1848 Piccardorum,
1782 1813 1831 1842 cui
1861 1813 1961 1852 primo
1990 1813 2108 1853 placuit
2127 1813 2258 1848 eleccio,
2280 1813 2331 1842 in-

1415 1864 1573 1902 pugnabat
1582 1862 1768 1892 eleccionem
1779 1862 1922 1902 magistri
1936 1862 2106 1892 Christiani
2116 1869 2146 1892 et
2155 1863 2331 1902 appellabat

1416 1913 1453 1941 ad
1470 1912 1721 1947 Universitatern,
1740 1918 1769 1941 et
1784 1918 1856 1941 tunc
1871 1918 1980 1951 postea
1993 1911 2025 1941 in
2040 1911 2141 1951 prima
2157 1922 2326 1952 congrega-

1415 1961 1504 1990 cione
1522 1961 1660 2001 generali
1676 1961 1824 2001 magister
1840 1961 1997 1990 lohannes
2019 1962 2056 1990 de
2076 1960 2186 1990 Vincta
2203 1962 2328 1991 nomine

1416 2011 1629 2050 procuratoris
1654 2010 1795 2040 nacionis
1820 2021 1874 2039 sue
1905 2010 2053 2050 opposuit
2077 2011 2228 2049 quosdam
2252 2011 2329 2040 arti—

1416 2060 1502 2089 culos
1517 2066 1626 2089 contra
1642 2059 1824 2100 magistrum
1841 2059 2063 2094 Christianum,
2078 2059 2284 2099 impedientes
2298 2066 2330 2090 et

1416 2108 1611 2138 destruentes
1627 2109 1814 2138 eleccionem
1831 2108 1972 2148 magistri
1989 2108 2171 2139 Christiani.
2184 2108 2233 2138 Ad
2248 2119 2328 2148 quos

1415 2158 1562 2188 articulos
1600 2158 1750 2198 magister
1788 2158 1987 2187 Christianus
2018 2157 2198 2197 respondit,
2230 2164 2263 2187 ut
2296 2158 2328 2188 in

1415 2208 1620 2237 instrumento
1639 2217 1733 2246 super
1755 2207 1812 2236 hoc
1835 2207 1975 2236 consecto
1998 2207 2120 2246 plenius
2140 2207 2325 2237 continetur.

1416 2256 1536 2294 Quibus
1552 2256 1812 2296 responsionibus
1828 2255 1941 2285 auditis
1958 2262 2060 2285 rector
2077 2256 2182 2295 posuit
2198 2256 2229 2285 in
2247 2257 2328 2286 deli-

1414 2306 1579 2335 beracione
1600 2306 1675 2345 quid
1698 2312 1781 2335 esset
1798 2315 1893 2345 super
1915 2305 1972 2334 hoc
1995 2306 2159 2344 agendum.
2181 2305 2328 2336 Decrevit

1415 2361 1477 2384 tota
1500 2355 1701 2384 Universitas
1721 2355 1930 2389 concorditer,
1954 2361 2081 2393 excepta
2102 2354 2232 2384 nacione
2254 2354 2328 2384 Pic-

1415 2405 1594 2439 cardorum,
1615 2405 1699 2443 quod
1714 2404 1817 2433 audita
1837 2403 2044 2443 responcione
2068 2404 2208 2443 magistri
2231 2403 2326 2433 Chri-

1415 2453 1506 2483 stiani
1526 2453 1711 2483 eleccionem
1729 2452 1794 2492 ejus
1813 2463 1882 2482 esse
1898 2454 2008 2482 bonam
2027 2459 2057 2482 et
2078 2452 2274 2488 canonicam,
2296 2459 2327 2483 et

1414 2504 1497 2543 quod
1522 2503 1590 2542 ipsc
1613 2502 1761 2542 magister
1784 2502 1982 2532 Christianus
2000 2508 2084 2531 esset
2100 2502 2268 2531 mittendus
2287 2503 2325 2531 ad

1414 2553 1529 2581 curiam
1547 2553 1728 2587 Romanam,
1746 2562 1808 2580 non
1821 2551 2018 2581 obstantibus
2034 2551 2096 2580 illis
2109 2550 2249 2580 articulis
2265 2551 2326 2580 sibi

1413 2601 1568 2641 oppositis
1586 2612 1643 2641 per
1662 2607 1894 2640 procuratorem
1915 2601 2150 2635 Piceardorum,
2176 2600 2229 2639 qui
2248 2600 2324 2629 nulli

1413 2652 1535 2680 suerunt
1552 2657 1581 2680 et
1599 2656 1680 2685 sunt,
1701 2656 1730 2679 et
1753 2650 1809 2679 suit
1837 2650 1893 2678 hec
1916 2648 2189 2688 de[liberatio]...⁶
2213 2649 2240 2678 A
2266 2660 2326 2688 qua

1413 2700 1537 2740 quidem
1555 2699 1708 2728 sententia
1722 2698 1942 2729 Universitatis
1961 2704 2146 2738 procurator
2157 2697 2327 2727 Piccardo-

1411 2803 1553 2827 luminaria
1570 2804 1645 2827 beate
1665 2803 1746 2827 Maria
1761 2802 1873 2834 virginis
1888 2810 1937 2834 pro
1955 2805 2073 2834 tempore
2088 2801 2232 2833 recepturis
2251 2804 2276 2825 et
2292 2801 2324 2825 de

1413 2840 1435 2863 11
1450 2839 1571 2863 bedellis.

1442 2876 1465 2900 4.
1500 2874 1614 2899 Dimidia
1629 2874 1698 2899 linea
1707 2876 1767 2906 post
1780 2882 1856 2898 erasa
1872 2876 1917 2897 eet.

1442 2914 1463 2935 5.
1500 2912 1529 2934 24
1541 2910 1610 2934 Iulii.

1443 2949 1465 2970 6.
1502 2946 1608 2970 Cir-cicer
1621 2946 1732 2978 quinque
1746 2946 1786 2969 vel
1796 2954 1842 2969 eea:
1857 2945 1932 2969 verba
1943 2953 2028 2968 erasa.

2620 279 2632 442 -i—uan.›.‹fl·5=⁴
2612 211 2629 262 1—V⁴
2612 174 2622 184 ³
2611 146 2615 148 ι
2610 80 2618 110 ³⁴⁴
2610 56 2611 61 Α
