2632 3464
446 423 496 448 135

443 499 590 539 magister
604 498 773 528 Tedericus
789 499 827 527 de
844 497 1010 527 Hollandia
1020 497 1052 526 in
1065 504 1257 537 receptorem
1273 498 1354 527 dicte

442 548 593 583 nacionis,
614 548 698 577 nullo
714 547 839 587 penitus
857 547 1053 576 reclamante.

482 597 557 626 Item
574 597 605 626 in
626 607 702 626 cena
717 597 748 625 in
765 598 826 625 vico
836 598 978 635 plastrie,
998 596 1051 624 ubi
1069 596 1250 635 congregati
1268 602 1356 625 erant

441 657 548 676 omnes
564 646 706 686 magistri
725 645 865 675 nacionis
881 644 1068 685 Anglicane,
1093 645 1237 683 exposuit
1254 645 1355 673 domi-

441 706 500 725 nus
522 701 667 735 receptor
687 694 800 734 viginti
821 695 899 723 duos
921 694 1050 729 solidos,
1077 699 1207 732 excepto
1238 693 1355 723 floreno

441 754 532 784 quem
547 744 633 773 dedit
647 754 732 773 more
747 743 838 772 solito
857 743 889 771 in
904 753 958 772 sua
976 741 1143 771 eleccione.

482 794 557 823 Item
573 793 730 823 concessit
744 792 833 821 nacio
853 798 961 821 nostra
977 791 1127 830 magistro
1147 790 1298 820 Tederico
1317 791 1354 820 de

442 842 607 872 Hollandia
636 852 729 871 unum
765 840 985 875 baccalarium,
1019 840 1071 879 qui
1099 840 1191 869 debet
1218 840 1294 879 poni
1322 840 1355 869 in

439 901 636 931 quocumque
654 900 759 920 mense
776 890 877 919 fuerit.

481 940 555 970 Item
572 940 677 980 posuit
692 940 836 969 dominus
851 939 1011 968 Recardus
1028 938 1231 967 Perterstuna
1242 938 1354 967 Scotus

440 1000 531 1020 unam
549 990 680 1029 logicam
699 989 812 1018 Occam
831 988 861 1017 in
881 987 1012 1027 pignore
1035 986 1158 1016 nacioni
1176 993 1283 1016 nostre
1296 997 1355 1027 pro

439 1039 523 1068 XXX
552 1039 608 1067 sol.
641 1038 671 1067 in
709 1038 822 1077 quibus
849 1037 1012 1066 tenebatur
1039 1036 1120 1065 dicte
1146 1036 1264 1065 nationi
1297 1046 1354 1075 pro

440 1088 544 1118 bursis
559 1088 624 1117 suis
641 1087 671 1116 in
689 1097 743 1116 sua
756 1086 897 1115 licencia.

850 1178 950 1208 1349

438 1253 667 1284 Procuracio
693 1251 865 1291 magistri
886 1250 1054 1280 Gillelrni
1077 1252 1119 1280 de
1144 1250 1357 1283 Brenuecht

464 1302 581 1337 Scoti,
620 1302 661 1330 de
698 1301 854 1340 dyocesi
889 1300 1123 1329 Moraviensi
1159 1300 1326 1329 oriundi.

481 1384 572 1414 Anno
597 1382 723 1412 Domini
758 1381 802 1410 M⁰
837 1380 954 1410 CCCmu
988 1380 1110 1415 XL1X0,
1140 1380 1189 1409 die
1226 1379 1351 1409 martis⁴

438 1434 579 1473 proxima
602 1438 674 1471 post
696 1431 806 1460 festum
834 1430 1047 1464 Pentecostes,
1073 1430 1151 1458 facta
1179 1440 1355 1470 congrega—

437 1483 527 1512 cione
543 1481 683 1510 nacionis
704 1479 876 1519 Anglicane
897 1479 978 1518 apud
1002 1478 1146 1507 Sanctum
1166 1478 1354 1508 Maturinum

437 1533 477 1561 ad
497 1531 674 1570 eIIgendum
688 1534 932 1568 procuratorem,
950 1528 1066 1556 electus
1086 1528 1141 1557 fuit
1156 1528 1355 1557 concorditer

439 1580 587 1620 magister
605 1578 768 1608 Gillelmus
786 1578 824 1606 de
844 1577 1022 1606 Brenuecht
1039 1576 1151 1606 Scotus
1170 1577 1207 1605 de
1226 1576 1354 1615 dyocesi

440 1629 630 1659 Moraviensi
649 1628 799 1657 oriundus
819 1627 849 1656 in
865 1632 1099 1666 procuratorem
1117 1626 1197 1655 dicte
1214 1625 1353 1654 nacionis

439 1679 622 1719 Anglicane,
641 1677 725 1706 nullo
739 1676 863 1716 penitus
880 1675 1075 1704 reclamante.

480 1728 514 1756 In
538 1726 624 1766 cujus
646 1726 870 1766 procuracione
894 1731 959 1754 acta
984 1731 1056 1753 sunt
1080 1724 1183 1753 omnia
1209 1724 1267 1753 ista
1294 1734 1353 1763 que

440 1783 625 1816 sequuntur.

480 1824 606 1855 Primo²
630 1825 706 1853 sacta
736 1823 984 1863 congregacione
1005 1823 1085 1851 dicte
1110 1823 1250 1851 nacionis
1272 1823 1354 1862 apud

439 1877 585 1905 Sanctum
606 1874 794 1902 Maturinum
813 1872 869 1901 feci
886 1872 990 1902 vocari
1008 1878 1195 1911 exequtores
1213 1871 1354 1911 magistri

440 1924 580 1954 Nicholai
605 1924 642 1952 de
665 1922 774 1952 Suecia
795 1922 844 1951 die
861 1921 945 1962 jovis
967 1927 1038 1960 post
1065 1920 1292 1950 Pentecosten³
1316 1921 1355 1950 ad

439 1974 679 2013 computandum
704 1972 865 2001 nobiscum
893 1972 930 2000 de
958 1971 1089 2010 pecunia
1115 1970 1267 2004 nacionis,
1301 1970 1353 2010 qui

440 2023 659 2062 computabant
683 2021 714 2050 in
739 2021 820 2049 hunc
847 2021 971 2049 modum
1001 2032 1006 2048 ι
1041 2019 1185 2048 omnibus
1212 2020 1354 2048 deductis

440 2078 469 2100 et
490 2071 600 2100 solutis
624 2070 795 2105 solvendis,
821 2069 940 2098 scilicet
962 2069 1069 2103 scolis,
1094 2069 1188 2098 Beata
1205 2068 1304 2098 Maria
1326 2075 1356 2098 et

441 2121 564 2150 bidellis
578 2126 608 2149 et
619 2120 762 2148 omnibus
776 2119 856 2153 aliis,
871 2119 1009 2157 exceptis
1020 2118 1178 2147 refucione
1190 2119 1354 2147 bursarum

441 2170 557 2199 domini
572 2169 725 2208 Ingerami
738 2169 775 2197 de
789 2169 904 2197 Ketnes
917 2168 1000 2196 Scoti
1016 2173 1045 2196 et
1055 2167 1094 2196 VI
1109 2167 1218 2196 solidis
1233 2178 1289 2206 pro
1302 2178 1355 2196 so-

442 2219 562 2248 lucione
578 2228 697 2247 camere
716 2217 820 2246 ballivi
832 2217 891 2246 vici
905 2216 1069 2246 Straminis
1082 2216 1154 2255 (Fol.
1168 2218 1202 2246 11
1213 2216 1255 2255 ¹³),
1265 2227 1355 2256 quam

441 2269 565 2308 quidem
575 2267 705 2307 pecunie
715 2277 862 2296 summam
873 2266 966 2295 solvit
977 2266 1126 2305 magister
1143 2265 1306 2294 Gillelmus
1317 2267 1355 2295 de

442 2317 597 2346 Brenueth
614 2317 737 2345 nomine
750 2316 889 2345 nacionis
907 2315 1033 2344 domino
1045 2315 1160 2344 rectori
1174 2322 1204 2344 et
1213 2315 1355 2355 predicto

443 2367 555 2396 ballivo
571 2366 631 2395 vici
648 2365 824 2400 Straminis,
838 2371 867 2394 et
880 2365 1064 2394 tenebantur
1079 2365 1218 2403 predicte
1234 2365 1355 2394 nacioni

444 2417 474 2445 in
495 2415 569 2445 XIII
594 2415 684 2443 libris
709 2414 820 2454 paris„
849 2424 939 2453 quam
971 2414 1100 2453 pecunie
1128 2424 1276 2443 summam
1311 2414 1355 2443 sic

443 2465 604 2494 solvebant
622 2477 627 2493 :
646 2464 745 2503 primo
764 2464 919 2502 ponebant
937 2474 994 2492 nos
1011 2464 1047 2491 ad
1064 2473 1156 2492 unum
1175 2470 1306 2498 scutum,
1324 2463 1356 2492 in

444 2525 505 2554 quo
529 2514 685 2553 obligatur
710 2512 857 2552 magister
880 2512 1023 2541 Galterus
1051 2513 1088 2541 de
1110 2512 1291 2541 Wardelaw
1318 2514 1355 2542 ad

444 2564 638 2597 solvendum,
655 2573 722 2591 cum
743 2562 871 2601 pecunia
885 2572 939 2590 sua
958 2562 1088 2590 venerit.
1108 2562 1181 2591 Item
1200 2563 1357 2601 ponebant

445 2623 501 2641 nos
519 2613 557 2641 ad
574 2613 634 2640 duo
649 2618 736 2640 scuta
755 2621 823 2639 cum
843 2611 870 2639 X
886 2610 1008 2645 solidis,
1034 2611 1065 2639 in
1085 2611 1199 2650 quibus
1217 2617 1265 2640 est
1280 2611 1356 2640 obli-

444 2669 533 2701 gatus
565 2661 713 2700 magister
742 2660 884 2689 Renerus
917 2661 954 2688 de
985 2660 1069 2689 Ecka
1097 2661 1136 2688 ad
1161 2660 1354 2689 solvendum.

448 2712 520 2740 Item
537 2711 689 2739 dederunt
709 2709 799 2738 nobis
822 2710 898 2738 duas
921 2709 1040 2738 litteras
1060 2709 1275 2749 obligatorias,
1297 2719 1356 2748 que

445 2766 532 2788 erant
548 2769 696 2788 concesse
712 2769 749 2787 ex
766 2768 920 2787 consensu
934 2758 1075 2787 nacionis
1093 2768 1151 2797 pro
1170 2758 1229 2787 1111
1246 2758 1355 2787 scutis.

488 2809 560 2837 Item
591 2809 744 2837 dederunt
774 2807 865 2836 nobis
899 2807 942 2836 III
969 2807 1067 2836 libros
1099 2817 1156 2847 pro
1185 2808 1276 2836 vadio
1313 2807 1356 2836 111

478 2888 500 2911 1.
535 2888 548 2910 2
560 2887 637 2910 lunii.

477 2924 499 2946 2.
535 2924 606 2953 Quae
619 2926 760 2954 sequuntur
772 2922 824 2945 alio
839 2922 996 2945 charactere.

478 2960 500 2981 3.
535 2960 581 2981 Ma.
597 2958 790 2981 Ascensionmn.
803 2958 861 2981 Die-⁹
868 2957 937 2990 jovi-⁹
945 2960 1004 2989 post
1017 2959 1115 2981 Pentec.
1127 2960 1183 2981 erat
1196 2958 1210 2980 4
1223 2958 1302 2981 lunii.

989 422 1213 448 AUCTARIUM
1239 421 1498 449 CHARTULARII
1521 422 1694 449 UNIVERS.
1716 422 1835 450 PARIS.

1393 944 1427 970 10

1394 1190 1427 1216 15

1393 1436 1426 1462 20

1391 1683 1425 1708 25

1392 1929 1426 1954 30

1393 2176 1426 2201 35

1393 2423 1427 2448 40

2321 426 2373 452 13⁶

1465 505 1633 528 scutorum.
1650 499 1726 528 Item
1741 499 1943 539 assignabant
1961 500 2053 530 nobis
2069 501 2227 531 dominum
2243 501 2377 532 Themo-

1463 557 1533 576 nem
1552 547 1672 578 solvere
1692 547 1719 577 V
1739 549 1831 578 solid.
1850 549 2017 588 parisiens.
2040 549 2080 579 Et
2098 550 2143 579 sic
2161 550 2378 581 satisfecerunt

1464 597 1554 626 nobis
1576 597 1649 627 dicti
1675 604 1861 637 exequtores
1884 598 1921 627 de
1944 598 2084 637 predicta
2105 608 2223 628 summa
2245 600 2376 639 pecunie

1465 646 1590 685 penitus
1606 652 1636 675 et
1649 656 1811 686 expresse.

1505 694 1580 723 Item
1604 695 1689 724 finita
1712 696 1959 736 congregacione
1986 696 2138 726 adivimus
2162 697 2313 736 palacium
2340 699 2378 727 de

1467 745 1624 778 Ter-minis,
1660 750 1690 773 et
1723 745 1765 774 ibi
1799 745 1942 774 dominus
1970 752 2115 785 receptor
2150 746 2296 785 exposuit
2320 756 2378 786 pro

1464 793 1593 822 nacione
1607 793 1647 822 VI
1666 793 1785 823 solidos
1801 804 1869 824 cum
1883 794 1923 823 VI
1939 794 2087 824 denariis.

1505 841 1580 870 Item
1599 843 1704 871 eadem
1720 843 1770 872 die
1789 843 1819 872 in
1836 843 1918 872 dicto
1937 843 2056 883 palacio
2074 845 2112 872 de
2130 845 2276 873 Ter-minis·
2293 845 2380 874 dedit

1464 890 1608 920 dominus
1626 897 1771 930 receptor
1783 891 1898 921 bidello
1914 892 1926 921 I
1938 892 2087 922 florenum
2095 893 2133 922 de
2145 892 2307 923 Florencia
2321 903 2379 933 pro

1463 939 1520 969 XX
1544 939 1655 969 solidis
1677 950 1735 980 pro
1760 941 1865 970 bursis
1883 941 1998 970 domini
2022 941 2190 971 Themonis
2211 949 2241 972 et
2261 943 2378 972 domini

1465 988 1594 1018 Ricardi
1609 989 1812 1019 Perterstona
1829 996 1859 1019 et
1875 1000 1933 1030 pro
1953 990 2047 1020 Beata
2062 991 2171 1020 Maria.

1506 1038 1582 1066 Item
1607 1039 1684 1067 facta
1706 1039 1955 1079 congregacione
1978 1040 2119 1069 nacionis
2141 1039 2313 1080 Anglicane
2340 1041 2378 1070 ad
2408 1033 2414 1035 Δ

1465 1086 1639 1116 habendum
1678 1088 1837 1126 pecuniam
1881 1089 1918 1117 ab
1965 1089 2187 1128 exequtoribus
2234 1090 2376 1130 magistri

1465 1135 1610 1174 N[icolai]
1635 1137 1672 1165 de
1699 1136 1809 1166 Suecia
1830 1147 1888 1176 pro
1910 1137 2004 1167 scolis
2023 1138 2140 1167 nostris
2157 1145 2188 1167 et
2208 1149 2264 1178 pro
2285 1139 2380 1168 Beata

1465 1185 1574 1220 Maria,
1592 1185 1751 1215 solverunt
1767 1186 1841 1215 dicti
1857 1192 2042 1226 exequtores
2053 1188 2067 1215 1
2078 1193 2196 1216 scutum
2211 1198 2270 1227 pro
2283 1188 2378 1218 scolis

1466 1235 1509 1263 ad
1524 1243 1636 1273 septem
1652 1243 1734 1264 artes
1749 1245 1844 1275 super
1859 1241 1984 1264 terram.

1506 1283 1582 1313 Item
1596 1284 1627 1312 in
1638 1285 1744 1313 eadem
1760 1285 2008 1324 congregacione
2026 1285 2186 1315 solverunt
2206 1296 2264 1324 pro
2282 1286 2377 1316 scolis

1465 1332 1605 1372 magistri
1623 1332 1751 1361 Henrici
1763 1333 1800 1362 de
1814 1333 1920 1362 Minda
1935 1333 1988 1362 LX
1999 1333 2118 1363 solidos
2128 1334 2295 1374 parisiens.

1507 1381 1582 1411 Item
1602 1383 1707 1411 eadem
1730 1382 1779 1411 die
1800 1382 1831 1411 in
1853 1382 1935 1411 dicta
1957 1383 2205 1423 congregacione
2226 1384 2380 1413 dederunt

1463 1441 1523 1470 pro
1548 1431 1691 1460 luminari
1712 1431 1806 1460 Beate
1829 1431 1938 1466 Marie,
1965 1431 1996 1460 in
2025 1442 2086 1471 quo
2113 1434 2297 1462 tenebantur
2319 1443 2378 1472 pro

1464 1481 1547 1509 dicto
1558 1480 1708 1520 magistro
1717 1480 1877 1515 Nicholao,
1889 1480 2018 1510 XXVIII
2030 1481 2149 1510 solidos
2164 1481 2207 1511 111
2219 1482 2375 1511 denarios.

1506 1529 1580 1558 Item
1599 1529 1673 1558 dicti
1691 1535 1878 1569 exequtores
1894 1530 2000 1559 eadem
2014 1530 2064 1559 die
2081 1530 2112 1559 in
2129 1531 2234 1560 eadem
2248 1541 2378 1571 congre-

1464 1578 1605 1618 gacione,
1636 1578 1756 1608 scilicet
1785 1578 1835 1607 dte
1868 1578 2015 1608 veneris⁴
2045 1586 2117 1618 post
2147 1579 2378 1610 Sacramentum

1464 1627 1594 1662 Christi,
1622 1627 1839 1657 satisfecerunt
1861 1627 1986 1657 bidellis
2004 1628 2160 1664 omnibus,
2182 1629 2301 1658 scilicet
2317 1635 2378 1658 tam

1463 1676 1630 1717 principali
1647 1687 1736 1716 quam
1746 1677 1933 1712 subbidello,
1947 1677 2083 1706 totnmin
2099 1688 2160 1717 quo
2174 1678 2220 1707 eis
2233 1679 2379 1707 teneban-

1463 1732 1524 1761 tur,
1556 1732 1586 1755 et
1618 1726 1661 1754 ibi
1693 1726 1781 1755 nacio
1814 1726 1970 1756 concessit
2002 1727 2184 1756 subbedello
2218 1727 2378 1767 pecuniam

1464 1775 1605 1814 Gilkyni,
1623 1774 1742 1804 scilicet
1756 1775 1871 1804 XXXII
1889 1775 2007 1805 solidos
2026 1786 2093 1804 cum
2108 1776 2149 1805 VI
2164 1777 2274 1814 [den.],
2293 1775 2378 1806 nullo

1464 1825 1588 1864 penitus
1622 1824 1823 1859 reclamante,
1855 1830 1884 1853 et
1919 1824 1963 1854 sic
1993 1825 2046 1854 illa
2072 1825 2122 1854 die
2153 1825 2278 1855 veneris
2307 1831 2379 1865 post

1464 1875 1574 1903 festum
1593 1873 1753 1903 Trinitatis
1771 1873 1873 1902 neutri
1891 1873 2078 1903 bidellornm
2099 1874 2188 1903 nacio
2205 1880 2328 1904 tenetur
2347 1874 2378 1904 in

1464 1923 1556 1953 obolo
1579 1933 1636 1962 pro
1657 1933 1842 1962 quocunque
1875 1922 1966 1952 vadio
1998 1923 2213 1953 credencium⁵
2230 1923 2280 1953 vel
2299 1923 2378 1954 alico

1464 1973 1535 2002 alio.
1559 1972 1598 2001 Et
1624 1982 1680 2011 per
1702 1971 1761 2001 ista
1785 1977 1870 2011 patet
1896 1972 1980 2011 quod
2003 1978 2190 2012 exequtores
2215 1973 2339 2002 suerunt
2361 1983 2378 2002 a

1464 2022 1554 2051 nobis
1570 2020 1696 2050 omnino
1713 2021 1833 2060 quitati,
1851 2027 1884 2050 ut
1898 2027 1993 2060 patet.

1506 2071 1580 2100 Item
1605 2071 1682 2100 facta
1703 2070 1952 2110 congregacione
1973 2070 2112 2100 nacionis
2131 2072 2214 2110 apud
2233 2071 2377 2101 Sanctum

1464 2121 1617 2150 Julianum
1636 2129 1801 2159 pauperem
1817 2119 1865 2148 die
1879 2119 2002 2148 veneris
2013 2126 2086 2159 post
2097 2120 2206 2149 festum
2218 2120 2378 2150 Trinitatis

1466 2180 1522 2209 pro
1544 2168 1819 2208 suplicacionibus,
1846 2168 2077 2207 suplicaverunt
2099 2175 2285 2208 exequtores
2309 2179 2378 2209 pre-

1465 2218 1539 2248 dicti
1570 2228 1626 2257 pro
1649 2227 1709 2246 una
1738 2217 1913 2256 quitacione
1938 2227 1955 2246 a
1979 2217 2119 2253 nacione,
2144 2228 2201 2257 pro
2227 2217 2288 2247 illis
2317 2228 2378 2258 que

1465 2268 1618 2297 dederunt
1637 2266 1771 2300 nacioni,
1796 2276 1887 2306 quam
1911 2266 2109 2295 concorditer
2127 2267 2216 2295 nacio
2237 2266 2282 2296 eis
2307 2277 2378 2296 con-

1465 2316 1571 2346 cessit.

1506 2366 1581 2394 Item
1594 2365 1699 2394 eadem
1719 2364 1769 2393 die
1787 2363 1975 2403 supplicavit
1995 2364 2145 2403 magister
2161 2364 2376 2394 Theodericus

1465 2416 1503 2444 de
1520 2414 1672 2443 Holandia
1687 2414 1770 2452 quod
1786 2413 1875 2442 nacio
1891 2412 2018 2442 haberet
2033 2412 2135 2452 ipsum
2147 2415 2376 2443 recommenda-

1465 2471 1539 2494 tum.
1558 2464 1655 2501 Quam
1674 2462 1937 2502 supplicacionem
1951 2462 2040 2491 nacio
2058 2462 2214 2491 concessit
2227 2462 2376 2492 benevole

1466 2520 1495 2543 et
1512 2513 1665 2553 graciose,
1683 2512 1784 2551 ipsum
1800 2512 1879 2540 bene
1897 2512 2178 2547 recommendatum
2192 2511 2345 2541 habendo.

1507 2562 1581 2591 Item
1593 2560 1605 2579 ⁶
1635 2560 1666 2589 in
1695 2560 1778 2589 dicta
1815 2559 2062 2599 congregacione
2091 2559 2192 2588 dictus
2229 2560 2378 2599 magister

1416 2644 1419 2646 ,
1465 2609 1680 2640 Theodoricus
1707 2615 1779 2638 tunc
1808 2614 1953 2648 receptor
1980 2618 2163 2637 recessurus
2190 2609 2229 2637 ad
2261 2608 2376 2638 curiam

1394 2668 1428 2694 45

1466 2660 1672 2689 substituebat
1697 2657 1879 2698 magistrum
1902 2657 2059 2686 Galterum
2082 2657 2120 2686 de
2144 2657 2325 2687 Wardelaw
2345 2657 2377 2687 in

1466 2715 1659 2748 receptorem
1673 2707 1754 2737 dicte
1767 2706 1906 2736 nacionis
1922 2716 2021 2745 usque
2037 2706 2075 2734 ad
2090 2707 2255 2736 adventum
2275 2717 2375 2743 suum,

1467 2764 1496 2787 et
1512 2758 1612 2787 dictus
1624 2756 1773 2796 magister
1786 2755 1931 2784 Galterus
1947 2755 1984 2783 de
1995 2755 2204 2796 W[ardelaw]
2215 2756 2252 2784 de
2264 2755 2377 2786 talibus

1467 2807 1576 2836 nolens
1601 2806 1806 2835 intromittere
1827 2804 1865 2833 ad
1886 2814 2033 2844 presens,
2054 2805 2260 2834 substituebat
2278 2805 2377 2845 magi-

1498 2888 1521 2911 [ι.
1556 2887 1584 2910 12
1597 2886 1676 2914 lunii,
1689 2894 1755 2917 quae
1767 2884 1845 2908 etiam
1861 2882 1917 2906 dice
1933 2883 2030 2907 veneri·
2045 2886 2105 2915 post
2122 2885 2214 2917 festum
2233 2884 2373 2908 Trinitatis.

1499 2925 1522 2946 5.
1557 2924 1604 2946 Ma.
1627 2921 1801 2946 credenciam.

1498 2959 1521 2982 6.
1556 2959 1584 2981 In
1598 2957 1713 2989 margine
1724 2957 1887 2981 Substitucio
1899 2956 2042 2988 receptoria
2055 2955 2173 2979 nacionis
2184 2959 2280 2979 nostre.
