2632 3464
444 418 497 444 303

442 501 507 524 tare
527 504 624 533 usque
643 495 679 522 ad
697 494 805 522 festum
823 493 968 533 Remigii,
990 499 1019 522 et
1034 502 1214 522 concessum
1232 492 1287 521 suit
1308 493 1345 521 ad

442 544 551 572 festum
567 542 786 571 Bartholomei.

482 591 555 620 Item
573 591 658 620 XVII
673 591 722 620 die
738 591 853 620 mensis
867 590 939 620 Julii
954 591 1029 619 facta
1045 589 1290 629 congregacione
1307 590 1345 618 ad

443 640 585 669 Sanctum
603 640 755 669 Julianum
772 639 1020 668 deliberaverunt
1033 639 1171 678 magistri
1185 638 1343 667 concordi-

441 695 488 718 ter
512 690 593 728 quod
617 689 763 728 magister
786 688 936 717 Ernestus
966 689 1003 716 de
1026 687 1161 717 Wulven
1189 693 1344 716 teneretur

441 738 562 766 nacioni
591 738 621 766 in
627 760 685 767 .....
709 747 767 776 pro
792 736 1022 766 determinantia
1048 742 1077 765 et
1098 735 1272 775 inceptione
1290 745 1343 764 sua

444 787 608 826 quondam.

481 835 554 864 Item
571 835 677 864 eodem
691 834 740 863 die
759 835 948 863 intraverunt
967 833 1107 873 magistri
1127 834 1294 868 tabernam,
1314 839 1343 862 et

442 884 555 912 ibidem
580 889 837 922 consumpserunt
860 882 929 911 XXI
959 882 1075 911 solidos
1103 892 1170 911 cum
1197 882 1340 918 dimidio,

440 943 517 971 quos
529 932 671 971 exposuit
686 931 827 960 dominus
842 938 993 970 receptor.

481 983 554 1012 Item
579 983 683 1012 ultima
707 982 756 1011 die
776 982 891 1011 mensis
911 981 983 1011 Julii
1004 983 1080 1010 sacta
1100 981 1341 1021 congregatione

439 1031 656 1061 Universitatis
688 1032 725 1060 ad
753 1031 895 1060 Sanctum
925 1030 1123 1066 Maturinum‚
1156 1030 1341 1070 supplicavit

438 1081 584 1120 magister
605 1079 753 1119 Symon⁴,
777 1080 885 1108 doctor
907 1079 1073 1119 theologie,
1093 1089 1286 1108 commorans
1309 1079 1340 1108 in

438 1129 569 1168 collegio
585 1130 621 1158 de
638 1129 784 1163 Naverra,
800 1138 856 1167 pro
870 1138 1011 1157 sermone
1025 1128 1166 1157 habendo
1185 1128 1216 1157 in
1232 1129 1339 1157 eodem

427 1178 568 1217 *collegio
582 1178 719 1217 quolibet
731 1188 811 1206 anno
827 1178 858 1206 in
873 1177 922 1206 die
940 1177 1019 1206 beati
1034 1176 1181 1207 Ludovici
1197 1178 1294 1217 regis,
1311 1184 1341 1207 et

439 1237 587 1255 concessa
604 1227 659 1255 suit
672 1226 864 1265 supplicacio
879 1225 955 1265 ejus.

478 1275 552 1304 Item
581 1282 685 1304 octava
713 1275 762 1303 die
794 1275 907 1304 mensis
937 1275 1069 1314 Augusti
1097 1275 1282 1315 supplicavit
1308 1276 1340 1304 in

437 1324 564 1352 nacione
578 1331 682 1353 nostra
701 1325 777 1353 facta
791 1324 1033 1363 congregacione
1050 1324 1086 1352 ad
1104 1324 1173 1359 hoc,
1193 1324 1340 1364 magister

436 1373 608 1402 Macolinus
625 1372 735 1402 Scotus
751 1373 868 1401 habens
885 1373 962 1401 duos
977 1372 1073 1401 libros
1089 1373 1120 1401 in
1135 1373 1266 1412 pignore
1282 1383 1339 1412 pro

435 1421 461 1450 X
482 1422 594 1450 francis
616 1432 632 1450 a
652 1421 799 1460 magistro
818 1421 946 1450 Alberto
966 1422 1003 1449 de
1024 1421 1182 1456 Bohemia,
1202 1428 1235 1450 ut
1249 1421 1337 1450 nacio

435 1469 527 1498 vellet
540 1470 678 1508 recipere
694 1470 791 1498 libros
807 1469 877 1498 illos
893 1475 922 1498 et
939 1470 1060 1498 tradere
1079 1469 1137 1498 sibi
1158 1469 1184 1498 X
1202 1471 1336 1505 francos,

436 1525 465 1547 et
480 1519 567 1547 nacio
582 1519 743 1557 respondit
758 1519 840 1558 quod
855 1519 892 1547 ad
908 1528 1037 1557 presens
1052 1518 1165 1547 nullam
1179 1519 1338 1557 pecuniam

436 1571 562 1600 haberet
577 1582 635 1610 qua
650 1581 755 1600 carere
774 1578 892 1610 posset.

477 1621 550 1649 Item
573 1622 679 1650 eodem
700 1621 748 1649 die
769 1621 823 1649 fuit
846 1620 1037 1660 propositum
1058 1621 1089 1649 in
1110 1621 1237 1650 nacione
1255 1622 1338 1660 quod

436 1669 466 1698 in
489 1670 556 1699 vico
581 1670 742 1699 Straminis
762 1676 866 1699 essent
887 1670 944 1698 due
965 1670 1047 1699 scole
1068 1670 1290 1706 conducibiles,
1309 1677 1339 1700 et

436 1718 635 1747 deliberatum
671 1718 725 1747 suit
759 1719 796 1747 ab
826 1719 967 1747 omnibus
1001 1719 1083 1758 quod
1119 1719 1279 1758 expediret
1307 1725 1339 1748 ut

434 1767 646 1806 reciperentur
664 1778 680 1796 a
699 1767 825 1796 nacione
846 1774 951 1796 nostra
968 1767 999 1796 in
1021 1777 1146 1796 censum
1166 1768 1335 1797 annualem.

476 1817 549 1845 Item
569 1817 674 1845 eodem
690 1816 739 1845 die
756 1816 927 1856 supplicavi
943 1827 1000 1855 ego
1014 1823 1195 1855 procurator
1206 1823 1238 1846 ut
1249 1817 1337 1847 nacio

436 1864 568 1894 solveret
587 1865 679 1893 michi
696 1865 750 1894 XX
774 1865 891 1894 solidos
912 1865 1020 1894 solitos
1041 1866 1106 1894 dari
1125 1866 1336 1905 procuratori-

435 1914 492 1942 bus
508 1924 564 1952 per
579 1914 769 1949 vacaciones,
786 1920 816 1942 et
831 1920 938 1953 negata
956 1914 1009 1942 suit
1026 1914 1223 1953 supplicacio.

476 1963 548 1991 Item
565 1962 614 1991 die
629 1962 699 1991 lune
711 1962 722 1980 ²
739 1969 809 2001 post
833 1964 939 1992 festum
953 1963 1159 1992 Bartholomei
1183 1971 1335 2003 computa-

434 2010 478 2039 vit
497 2011 638 2040 dominus
657 2018 810 2050 receptor,
835 2018 864 2040 et
885 2012 1033 2041 remansit
1051 2013 1081 2040 in
1101 2013 1213 2042 debitis
1230 2020 1335 2043 nostre

434 2060 572 2088 nacionis
590 2060 644 2088 XV
662 2061 769 2095 sranc.,
787 2060 960 2099 quindecim
978 2061 1068 2090 solid.
1087 2068 1115 2090 et
1130 2062 1170 2090 XI
1188 2063 1292 2091 denar.

834 2153 931 2182 1364

463 2223 532 2263 (F'ol.
562 2224 635 2263 531³)
668 2223 888 2253 Procuratio
917 2224 1074 2253 Gerar-di
1110 2225 1303 2255 Swechten

687 2274 794 2312 dyoc.
828 2273 1086 2312 Camynensis.

472 2352 561 2381 Anno
581 2352 704 2381 Domini
723 2353 767 2381 Μο
787 2332 865 2382 CCC
886 2353 1014 2389 LX1110,
1037 2353 1182 2383 vicesima
1205 2355 1333 2394 septima

432 2401 481 2429 die
497 2401 611 2429 mensis
624 2401 767 2440 Augusti,
787 2401 861 2430 hora
876 2402 1054 2440 primarum,
1073 2403 1147 2431 facta
1165 2413 1333 2444 congrega-

432 2450 513 2478 tione
529 2450 661 2478 nationis
673 2450 841 2489 Anglicane
853 2451 889 2479 ad
901 2451 1074 2490 eligendum
1088 2459 1331 2490 procuratorem,

432 2498 545 2527 electus
564 2499 618 2527 fuit
635 2499 671 2527 ab
690 2499 832 2528 omnibus
847 2500 1042 2528 concorditer
1057 2500 1086 2528 in
1102 2508 1332 2539 procuratorem

431 2548 568 2576 nacionis
587 2547 723 2586 predicte
739 2548 822 2576 nullo
842 2548 965 2587 penitus
986 2549 1132 2588 magistro
1150 2550 1333 2580 reclamante

432 2596 576 2635 magister
593 2597 748 2625 Gerardus
767 2596 940 2626 Swechten.
964 2597 998 2626 In
1018 2597 1103 2637 cujus
1120 2600 1333 2637 procuratoria

433 2651 502 2673 sunt
516 2646 590 2673 facta
606 2645 660 2673 hec
676 2655 735 2684 que
752 2651 931 2684 sequuntur.

473 2693 586 2721 Eodem
604 2694 651 2721 die
671 2700 699 2722 et
718 2694 784 2722 loco
801 2695 837 2722 ad
855 2694 997 2723 Sanctum
1020 2695 1172 2724 Julianum
1185 2696 1196 2714 ³
1211 2698 1332 2736 suppli-

432 2742 518 2769 cabat
533 2742 678 2780 magister
693 2742 902 2771 Theodericus
919 2743 955 2771 de
973 2743 1019 2782 Oy
1035 2750 1067 2772 ut
1082 2744 1141 2772 sibi
1152 2745 1238 2774 fieret
1250 2748 1332 2785 quod

465 2866 485 2888 l.
521 2867 608 2889 Simon
624 2868 729 2890 Frcron.
745 2868 925 2898 Cs.Cha1·tul.‚
939 2869 968 2895 ll,
981 2870 1035 2897 636,
1049 2873 1100 2893 not.
1113 2870 1151 2893 14.
1163 2872 1198 2894 De
1206 2872 1270 2902 fecto
1280 2871 1327 2896 vid.

433 2900 548 2923 Chartul.
562 2902 605 2929 ΙΙΙ,
621 2903 654 2924 ad
668 2911 709 2926 an.
727 2904 794 2931 1369,
808 2904 894 2928 octob,
910 2905 947 2932 18,
962 2909 988 2927 n⁰
1004 2905 1071 2928 1358.

464 2937 485 2959 2.
520 2937 548 2959 26
560 2939 675 2968 Augusti.

985 417 1207 443 AUCTARIUM
1228 416 1486 443 CHARTULARII
1506 417 1678 444 UNIVERS.
1701 417 1819 444 PARIS.

1379 939 1412 965 10

1377 1183 1410 1209 15

1376 1429 1410 1455 20

1375 1676 1408 1702 25

1373 1922 1407 1948 30

1372 2167 1405 2193 35

1370 2411 1404 2438 40

1369 2656 1403 2682 45

2300 421 2354 449 304

1454 499 1634 522 consuetum
1650 499 1697 523 est
1710 493 1779 523 aliis
1797 493 1863 523 fieri
1880 495 2147 534 procuratoribus,
2164 503 2194 526 et
2210 507 2359 528 concessa

1453 547 1518 571 erat
1536 551 1589 571 sua
1606 542 1802 581 supplicatio.

1494 590 1568 620 Item
1584 591 1690 620 eodem
1710 597 1849 631 tempore
1864 592 2080 632 supplicabant
2096 594 2209 624 bedelli
2224 601 2267 630 ut,
2287 596 2359 635 quia

1451 649 1606 679 pauperes
1640 646 1670 669 et
1695 650 1824 680 magnos
1858 641 1982 671 labores
2013 649 2158 682 gerentes
2194 649 2224 673 et
2258 644 2358 674 seduli

1452 687 1567 717 nationi
1581 688 1619 717 ad
1637 689 1832 719 serviendum
1848 696 1878 719 et
1891 690 2044 720 modicum
2059 691 2190 721 fructum
2205 692 2276 722 inde
2290 703 2357 732 per·

1450 737 1613 776 cipientes‚
1634 737 1716 767 natio
1736 738 1780 767 eis
1798 739 1927 779 gratiam
1948 740 2061 769 faceret
2079 740 2210 780 aliquam
2227 742 2360 781 pecunie

1451 795 1598 815 summam
1625 787 1800 817 tribuendo.
1829 787 2019 818 Concessum
2045 789 2101 819 fuit
2125 790 2203 820 duos
2235 791 2359 820 francos

1449 834 1516 863 fieri
1536 834 1657 864 bedello
1677 836 1903 876 principaliori,
1918 843 1948 866 et
1966 847 2059 867 unum
2078 838 2213 868 francum
2231 838 2354 868 minori.

1450 882 1490 912 Et
1510 883 1593 913 natio
1613 884 1805 921 deliberavit,
1822 885 1931 915 nolens
1952 887 2034 926 quod
2050 886 2081 916 id
2100 887 2183 926 quod
2203 887 2248 917 eis
2266 888 2358 918 modo

1449 932 1563 962 faceret
1579 933 1616 962 de
1632 934 1741 973 gratia,
1763 935 1801 963 de
1821 941 1923 964 cetero
1942 935 2118 965 traheretur
2137 935 2170 965 in
2191 943 2358 966 consuetu-

1449 981 1551 1010 dinem
1568 989 1805 1022 consequenter.

1489 1030 1564 1060 Item
1593 1032 1700 1060 eodem
1729 1032 1778 1061 die
1809 1032 1950 1072 magistri
1971 1033 2162 1064 intraverunt
2185 1035 2355 1071 tabernam,

1448 1079 1575 1119 triginta
1592 1086 1622 1109 et
1641 1087 1759 1120 septem
1775 1081 1892 1111 solidos
1912 1088 1942 1112 et
1958 1088 2027 1112 octo
2047 1082 2192 1112 denarios
2210 1093 2357 1113 consum-

1447 1135 1577 1164 mentes,
1592 1129 1630 1158 de
1645 1130 1758 1168 quibus
1771 1130 1881 1160 solidis
1892 1131 2040 1171 magister
2054 1131 2216 1162 Conradus
2233 1131 2356 1172 Haghe-

1448 1184 1562 1207 mester
1590 1184 1620 1207 et
1654 1179 1802 1218 magister
1837 1179 1994 1209 Gerardus
2027 1180 2190 1210 Swechten
2228 1181 2357 1221 triginta

1449 1226 1506 1255 sol.
1531 1237 1588 1266 pro
1612 1228 1836 1267 procuratoriis
1859 1229 1923 1258 suis
1948 1229 2118 1265 solverunt,
2145 1236 2175 1259 et
2199 1230 2355 1259 residuam

1447 1281 1566 1314 partem
1584 1277 1677 1306 solvit
1691 1277 1833 1307 dominus
1847 1284 2001 1318 receptor.

1854 1370 1952 1400 1364

1448 1440 1670 1470 Procuratio
1697 1441 1893 1471 Michaelis
1919 1441 2081 1472 Vischou
2109 1443 2152 1472 de
2181 1443 2354 1480 Prussia,

1707 1490 1951 1520 Warmiensis
1979 1492 2086 1531 dyoc.

1486 1570 1576 1600 Anno
1600 1571 1724 1600 Domini
1745 1571 1790 1601 Μο
1810 1572 1904 1603 CCC⁰
1923 1572 2063 1608 LX11110,
2085 1572 2147 1612 xxij
2168 1573 2218 1602 die
2236 1573 2355 1603 mensis

1447 1619 1650 1659 Septembris,
1668 1621 1744 1650 facta
1761 1621 2006 1661 congregacione
2023 1622 2164 1651 nacionis
2180 1622 2355 1662 Anglicane

1446 1670 1527 1708 apud
1546 1669 1689 1699 Sanctum
1705 1669 1858 1699 Julianum
1878 1679 2046 1709 pauperem
2065 1671 2102 1699 ad
2120 1677 2352 1710 procuratorem

1446 1717 1631 1757 eligendum,
1650 1718 1765 1748 electus
1780 1718 1836 1748 fuit
1855 1719 2051 1748 concorditer
2070 1719 2100 1748 in
2120 1725 2352 1758 procuratorem

1445 1767 1597 1796 antedicte
1612 1767 1750 1797 nacionis
1766 1767 1914 1807 magister
1928 1767 2060 1797 Michael
2075 1768 2112 1797 de
2127 1768 2238 1797 Prusia
2250 1768 2354 1798 dictus

1444 1815 1602 1851 Vischow,
1622 1816 1828 1846 Warmiensis
1855 1818 1945 1856 dyoc.
1964 1816 1998 1846 In
2020 1816 2107 1857 cujus
2129 1817 2354 1856 procuracione

1445 1865 1520 1894 facta
1536 1872 1607 1895 sunt
1622 1875 1681 1905 que
1698 1872 1878 1905 sequuntur.

1484 1914 1589 1943 Primo
1606 1915 1710 1944 eadem
1729 1915 1777 1944 die
1795 1915 1883 1944 nacio
1902 1915 1957 1945 suit
1971 1915 2003 1944 in
2016 1915 2166 1944 thaberna
2180 1916 2222 1944 ad
2236 1922 2351 1944 scutum

1443 1965 1627 2003 Burgundie,
1658 1964 1711 1993 ubi
1742 1964 1830 1993 nacio
1860 1964 1952 1994 solvit
1982 1963 2125 1993 XXXVII
2159 1964 2288 1999 solidos,
2321 1970 2354 1994 et

1443 2016 1586 2052 receptor
1600 2013 1748 2053 magister
1760 2013 1916 2042 Johannes
1929 2014 1967 2042 de
1986 2013 2119 2043 Saxonia
2131 2014 2236 2042 eadem
2251 2013 2300 2042 die
2318 2013 2350 2042 in

1442 2068 1634 2101 receptorem
1652 2062 1768 2092 electus
1784 2062 1875 2092 solvit
1891 2063 1906 2090 1
1926 2061 2086 2091 florenum.

1484 2110 1557 2140 Item
1571 2111 1686 2150 incepit
1701 2111 1843 2141 dominus
1860 2111 2015 2140 Robertus
2028 2112 2066 2140 de
2082 2110 2149 2140 Bell

1638 2159 1644 2165 .
1835 2162 1837 2164 ,
1944 2160 1950 2167 ,
1978 2160 1984 2166 ,
2240 2133 2298 2162 sub

1444 2159 1566 2195 Scotus‚
1598 2170 1684 2200 quus
1717 2161 1812 2190 bursa
1838 2160 1866 2189 X
1893 2160 1997 2195 sohdx,
2031 2159 2148 2189 floreno
2194 2181 2346 2221 magistro

1441 2209 1561 2238 valente
1578 2208 1643 2238 XV.
2197 2230 2336 2260 Johanne

1483 2258 1557 2287 Item
1591 2258 1706 2297 incepit
1743 2258 1885 2287 dominus
1920 2258 2076 2287 Johannes
2110 2258 2148 2286 de
2249 2280 2286 2309 de

1442 2307 1567 2337 Cornell
1597 2307 1719 2342 Scotus‚
1746 2306 1832 2347 cujus
1860 2308 1954 2336 bursa
1985 2307 2012 2336 X
2043 2306 2146 2342 solidi,
2202 2327 2339 2358 saxonia

1441 2356 1558 2386 floreno
1575 2356 1695 2386 valente
1710 2356 1775 2385 XV.

1482 2405 1556 2434 Item
1585 2405 1685 2444 prima
1709 2404 1758 2434 die
1783 2405 1928 2434 Octobris
1957 2404 2040 2434 natio
2065 2403 2121 2433 fuit
2149 2404 2180 2432 in
2207 2404 2348 2443 predicta

1441 2454 1600 2489 thaberna,
1625 2460 1654 2483 et
1677 2454 1821 2494 exposuit
1845 2453 1987 2483 dominus
2020 2459 2163 2492 receptor
2193 2463 2230 2482 ex
2257 2459 2348 2492 parte

1440 2503 1579 2532 nacionis
1595 2503 1679 2532 XVII
1698 2503 1827 2538 solidos,
1845 2509 1874 2532 et
1888 2502 2035 2542 magister
2050 2502 2206 2531 Robertus
2221 2502 2258 2531 de
2277 2501 2345 2531 Bell

1441 2558 1470 2580 et
1484 2552 1630 2591 magister
1649 2552 1805 2581 Johannes
1821 2552 1858 2580 de
1877 2551 2004 2581 Cornell
2022 2551 2050 2579 11
2065 2550 2199 2580 florenos
2214 2560 2272 2590 pro
2288 2560 2347 2580 suo

1436 2599 1572 2640 jocundo
1587 2602 1719 2630 adventu
1738 2600 1906 2630 solverunt.

1481 2649 1555 2679 Item
1565 2649 1576 2668 ⁴
1590 2650 1752 2679 recedente
1766 2649 1913 2689 magistro
1925 2648 2076 2678 Michaele
2088 2647 2228 2687 predicto
2244 2649 2280 2677 ad
2294 2658 2346 2678 cu·

1440 2698 1515 2727 riam
1529 2698 1708 2733 Romanam,
1724 2698 1907 2727 substitutus
1923 2697 1977 2727 suit
1992 2707 2072 2737 mag.
2083 2697 2265 2727 Guillelmus
2281 2697 2347 2726 dic-

1440 2753 1488 2776 tus
1505 2747 1616 2776 Buzer.
1629 2747 1664 2776 ln
1681 2746 1766 2786 cujus
1777 2753 1914 2786 tempore
1926 2753 1990 2775 acta
2002 2753 2073 2775 sunt
2084 2756 2142 2785 que
2159 2753 2343 2785 sequuntur.

1469 2872 1492 2895 3.
1526 2873 1554 2895 In
1567 2880 1612 2894 ms.
1626 2871 1745 2902 spatium.

1468 2909 1492 2930 4.
1528 2909 1599 2938 Quae
1612 2909 1760 2938 sequuntur,
1777 2906 1830 2930 alio
1842 2906 1997 2930 charactere.
