2632 3464
305 467 359 495 78⁵
805 464 920 492 LIBER
939 463 1253 490 PROCURATORUM
1279 462 1460 489 NATIONIS
1478 463 1723 490 ANGLICANAE
2181 466 2232 491 786

348 543 440 573 Facta
462 542 710 583 congregacione
732 541 872 572 nacionis
887 541 1005 580 prefate
1022 540 1104 579 apud
1122 540 1214 569 Sanc-

305 599 369 623 tum
394 592 583 622 Maturinum
609 591 641 620 in
665 590 776 631 primis
799 590 913 620 Nosti-e
936 589 1068 619 Domine
1096 588 1215 618 scilicet

307 641 383 671 hora
404 648 522 676 octava,
545 639 692 670 vicesima
715 645 824 680 quarta
847 639 896 668 die
922 637 1060 678 ejusdem
1078 637 1211 667 mensis⁴

306 700 401 731 super
415 691 536 720 duobus
548 689 698 719 articulis.
715 688 840 719 Primus
857 687 1004 718 articulus
1021 693 1080 722 est,
1097 697 1166 716 nam
1182 687 1213 716 in

305 740 355 769 die
376 740 562 779 precedente
588 745 654 768 erat
678 737 885 778 congregacio
910 737 1137 776 deputatorum,
1161 735 1213 765 ubi

303 798 362 828 per
384 788 540 818 dominum
565 793 716 817 rectorem
736 797 774 816 ex
790 792 878 826 parte
899 786 1113 825 deputatorum
1130 794 1212 814 eram

303 837 474 878 requisitus
489 837 526 866 ad
541 836 711 866 faciendum
725 835 1004 875 congregacionem
1021 834 1162 863 nacionis
1175 835 1212 863 ad

304 886 477 916 babendum
491 885 687 915 concordiam
703 895 798 924 super
815 885 893 914 facto
908 884 1048 924 magistri
1065 883 1212 923 Heynrici

303 936 343 965 de
360 934 506 970 Aernem,
523 945 592 964 nam
605 935 773 964 secundum
789 934 872 973 quod
888 933 966 963 dixit
977 939 1007 962 et
1021 933 1117 962 eciam
1130 939 1214 972 patet

302 993 361 1023 per
377 990 443 1013 acta
461 990 492 1013 et
511 983 628 1023 scripta
652 992 708 1022 per
725 983 883 1012 dominum
903 988 1135 1021 procuratorem
1154 981 1212 1010 im-

303 1033 432 1062 mediate
449 1033 678 1072 precedentem,
694 1031 726 1061 in
745 1031 850 1061 ultima
871 1031 1117 1070 congregacione
1133 1030 1213 1060 Uni-

301 1081 458 1111 versitatis
469 1081 623 1111 celebrata
641 1081 723 1120 apud
746 1080 890 1110 Sanctum
908 1080 1095 1110 Maturinum
1112 1080 1212 1110 XXll·

301 1130 352 1160 die
371 1130 564 1170 Septembris
586 1130 675 1159 nacio
695 1129 887 1164 deliberavit,
908 1130 992 1169 quod
1015 1129 1042 1158 si
1063 1129 1212 1169 magister

301 1179 478 1219 Heynricus
494 1179 653 1219 predictus
665 1178 757 1208 vellet
772 1188 805 1208 se
821 1178 1001 1207 submittere
1017 1177 1211 1208 Universita-

300 1227 336 1263 ti,
348 1229 432 1268 quod
444 1234 517 1258 tunc
530 1228 623 1258 vellet
632 1228 716 1268 quod
726 1227 899 1263 audiretu1·;
917 1227 973 1256 sed
985 1227 1082 1256 nichil
1092 1227 1170 1256 dixit
1179 1227 1210 1256 in

300 1287 374 1307 casu
388 1287 450 1317 quo
463 1287 526 1306 non
539 1277 633 1306 vellet
649 1286 683 1306 se
697 1276 888 1306 submittere.
907 1275 946 1305 Et
958 1276 1028 1305 ideo
1041 1276 1079 1306 ad
1094 1276 1211 1306 haben-

300 1327 372 1356 dum
395 1326 590 1356 concordiam
612 1335 708 1365 super
731 1325 796 1360 illo,
815 1335 871 1355 sue
894 1331 1039 1365 requeste
1061 1325 1210 1355 obediens

299 1374 357 1405 feci
381 1375 448 1404 fieri
472 1374 749 1415 congregacionem
769 1374 919 1408 nacionis,
942 1380 973 1404 et
996 1374 1042 1404 sic
1063 1381 1129 1404 erat
1151 1374 1210 1404 iste

299 1424 420 1464 primus
439 1423 599 1459 articulus,
615 1433 654 1453 ex
675 1434 736 1464 quo
755 1423 844 1453 nacio
863 1423 1056 1458 deliberavit,
1075 1423 1160 1464 quod
1178 1423 1210 1453 in

299 1483 372 1502 casu
387 1483 449 1512 quo
462 1473 621 1512 predictus
635 1472 784 1513 magister
797 1472 972 1512 Heynricus
985 1472 1078 1502 vellet
1090 1482 1123 1502 se
1139 1473 1210 1502 sub-

299 1522 420 1551 mittere
452 1521 670 1557 Universitati,
699 1522 782 1561 quod
809 1521 983 1557 audiretur;
1013 1522 1088 1561 quid
1114 1521 1210 1562 igitur

301 1571 436 1600 fiendum
462 1570 494 1600 in
520 1580 593 1600 casu
618 1580 680 1610 quo
703 1580 766 1600 non
789 1570 881 1600 vellet
905 1580 939 1599 se
962 1571 1143 1600 submittere
1170 1571 1210 1611 (et

297 1629 356 1660 per
379 1618 434 1656 (γ’
459 1631 473 1647 α
493 1619 674 1649 submittere
696 1631 710 1647 »
733 1625 849 1649 tantum
875 1619 1106 1659 intelligebatur
1133 1630 1209 1660 pro-

297 1674 381 1703 tunc,
410 1668 530 1698 scilicet
555 1669 638 1708 quod
673 1674 769 1698 staret
798 1668 983 1698 correctioni
1013 1668 1208 1699 Universita-

298 1717 338 1747 tis
356 1717 388 1747 in
405 1717 480 1752 illis,
497 1727 556 1757 que
578 1723 719 1757 spectant
739 1718 776 1746 ad
797 1717 1048 1753 Universitatem,
1067 1718 1135 1747 sine
1149 1718 1208 1748 ali-

298 1775 359 1806 qua
378 1765 589 1806 appellacioue
607 1767 680 1806 (Vol.
705 1766 752 1805 44)
776 1766 943 1806 facienda)?
966 1766 1005 1795 Et
1023 1766 1105 1796 circa
1122 1767 1206 1796 illum

296 1815 458 1845 articulum
475 1815 658 1845 deliberavit
675 1815 763 1844 nacio
780 1815 864 1854 quod
886 1815 913 1844 si
933 1814 987 1844 illo
1009 1816 1100 1845 modo
1114 1816 1207 1846 vellet

297 1874 331 1894 se
346 1863 528 1894 submittere
543 1863 756 1899 Universitati‚
773 1864 858 1904 quod
876 1863 974 1893 adhuc
990 1864 1128 1904 placeret
1146 1866 1205 1895 sibi

296 1922 366 1943 eum
387 1913 495 1942 audire
502 1924 510 1949 ;
530 1913 585 1943 sed
605 1913 636 1942 in
658 1923 731 1942 casu
751 1922 813 1953 quo
833 1923 906 1948 non,
923 1919 995 1943 tunc
1010 1914 1098 1943 nacio
1114 1914 1206 1944 vellet

295 1962 467 2002 procedere
487 1968 596 1992 contra
613 1971 681 1991 eum
699 1962 736 1991 ad
756 1960 822 2001 ejus
840 1962 1046 2001 privacionem
1067 1969 1096 1992 et
1111 1970 1206 1994 staret

296 2021 365 2040 cum
389 2011 509 2041 duabus
530 2010 600 2040 aliis
622 2010 828 2046 facultatibus,
852 2010 972 2041 scilicet
995 2011 1151 2052 theologie
1175 2019 1205 2043 et

294 2060 500 2095 decretorum,
518 2065 549 2089 et
562 2060 682 2089 duabus
697 2059 879 2090 nacionibus
897 2059 1016 2090 scilicet
1029 2060 1158 2091 Francie
1175 2068 1205 2091 et

296 2108 495 2138 Normannie.

336 2157 498 2187 Secundus
515 2157 663 2187 articulus
679 2163 745 2187 erat
764 2167 859 2197 super
873 2157 1157 2197 supplicacionibus
1174 2166 1204 2189 et

295 2205 430 2246 injuriis,
445 2211 475 2236 et
492 2216 587 2246 super
600 2205 653 2235 illo
668 2205 774 2240 nichil.
794 2206 866 2246 quia
883 2206 987 2236 nullus
1005 2207 1200 2247 supplicavit.

335 2255 427 2285 Facta
441 2255 689 2295 congregacione
702 2255 841 2284 nacionis
852 2256 934 2295 apud
948 2255 1092 2286 Sanctum
1107 2257 1202 2286 Matu-

294 2303 396 2334 rinum
409 2303 441 2333 in
459 2304 568 2343 primis
586 2305 699 2333 Nostre
718 2303 861 2339 Domine,
881 2304 986 2334 ultima
998 2305 1050 2334 die
1065 2304 1201 2344 ejusdem

293 2353 421 2388 mensis,
447 2362 543 2392 super
563 2353 685 2382 duobus
709 2352 858 2382 articulis.
885 2352 1009 2383 Primus
1035 2361 1111 2390 erat,
1131 2355 1203 2395 quia

292 2401 368 2431 alias
384 2401 587 2431 deliberatum
607 2407 672 2431 erat
691 2411 748 2441 per
765 2401 924 2431 nacionem
940 2403 1022 2442 quod
1044 2403 1202 2443 magistris

292 2449 468 2480 volentibus
478 2459 589 2490 regere
603 2460 662 2490 pro
678 2450 738 2479 isto
753 2460 834 2479 anno
844 2450 1106 2481 distribuerentur
1118 2452 1202 2482 scole

293 2499 461 2530 secundum
475 2499 699 2539 antiquitatem,
717 2505 746 2528 et
760 2498 854 2538 aliqui
870 2505 957 2529 erant
971 2500 1025 2539 qui
1038 2510 1099 2529 non
1118 2507 1201 2540 pote-

292 2553 362 2577 rant
376 2547 489 2577 habere
504 2547 616 2582 scolas,
636 2547 707 2587 quia
725 2557 786 2577 non
808 2547 973 2577 voluerunt
993 2558 1108 2587 ponere
1125 2549 1202 2578 flde-

287 2594 444 2635 jussores,
471 2596 542 2626 ideo
569 2596 801 2636 requisiverunt
826 2606 885 2631 me,
911 2597 993 2636 quod
1025 2607 1120 2637 super
1144 2597 1201 2627 hoc

292 2644 422 2674 facerem
448 2645 612 2675 convocari
635 2645 806 2675 nacionem.
832 2645 871 2675 Et
894 2651 966 2675 tunc
990 2645 1078 2675 nacio
1107 2656 1201 2686 super

292 2692 347 2723 illo
363 2700 530 2724 convocata
546 2693 740 2729 deliberavit,
759 2694 843 2734 quod
865 2701 1042 2724 servaretur
1056 2695 1201 2735 antiquus

292 2741 413 2777 modus,
430 2741 549 2773 scilicet
563 2743 646 2783 quod
663 2742 724 2782 ipsi
745 2743 947 2783 providerent
961 2743 1021 2773 sibi
1038 2744 1076 2773 de
1091 2744 1198 2778 scolis.

291 2796 322 2820 et
338 2796 483 2831 receptor
497 2790 624 2821 haberet
641 2792 763 2821 nomine
779 2792 917 2821 nacionis
937 2793 1139 2832 respondere.
1154 2794 1200 2823 2¹¹·

290 2838 439 2869 articulus
455 2846 522 2870 erat
543 2850 639 2880 super
658 2840 943 2881 supplicacionibus
958 2847 989 2871 et
1006 2840 1140 2881 injuriis.
1160 2841 1199 2872 Et

290 2888 329 2918 de
344 2887 398 2917 illo
412 2887 518 2918 nichil.

323 2984 345 3009 ι.
379 2985 428 3007 Μ’.
439 2983 502 3008 add.
516 2983 642 3017 ejusdem.

371 3029 487 3049 Ameria-
496 3028 621 3050 chara-tara·
631 3029 720 3051 vntum.
732 3030 799 3051 Pam.
811 3041 835 3046 -
849 3029 865 3051 l.

1251 985 1284 1011 10

1249 1230 1282 1256 15

1247 1476 1282 1502 20

1244 1720 1279 1747 25

1241 1965 1276 1992 ³0

1240 2211 1274 2236 35

1240 2455 1273 2481 40

1237 2699 1271 2726 45

1365 538 1456 567 Facta
1471 540 1717 578 congregacione
1734 540 1872 569 nacionis
1890 540 2070 580 Anglicane,
2091 541 2165 571 ΠΗ·
2181 542 2231 571 die

1324 587 1483 622 Octobris,
1502 598 1582 616 anno
1605 598 1667 627 quo
1689 598 1784 627 supra
1805 589 1835 617 in
1857 589 1947 617 nonis
1970 589 2082 619 Nostrc
2100 591 2231 620 Domine

1322 636 1405 675 apud
1430 636 1574 666 Sanctum
1601 637 1787 666 Maturinum
1813 647 1908 677 super
1935 639 2055 667 duobus
2080 640 2228 669 articulis.

1323 684 1447 714 Primus
1479 691 1544 714 erat
1573 686 1644 725 quia
1674 686 1768 725 aliqui
1798 688 2067 725 conquerebantur
2091 690 2230 728 magistri

1321 733 1460 764 volentes
1476 744 1586 774 regere
1602 735 1632 764 in
1645 735 1713 764 vico
1730 735 1904 770 Sti-aminis,
1919 737 2001 775 quod
2015 747 2075 766 non
2089 744 2231 776 poterant

1322 782 1435 812 habere
1453 783 1554 812 scolas
1571 784 1601 812 in
1621 784 1734 823 quibus
1753 784 1903 824 legerent,
1923 785 2122 824 requirebant
2138 787 2232 826 igitur

1321 833 1404 872 quod
1415 833 1503 862 nacio
1519 833 1564 862 eis
1576 833 1755 872 provideret
1769 834 1807 862 de
1819 833 1914 863 scolis
1927 836 2094 864 secundum
2108 837 2229 865 modum

1321 888 1512 911 consuetum.
1544 882 1584 911 Et
1603 892 1650 911 me
1679 882 1910 922 requisiverunt
1939 885 2022 922 quod
2052 895 2146 923 super
2173 885 2229 914 hoc

1322 931 1450 959 facerem
1481 931 1645 960 convocari
1675 932 1845 960 nacionem.
1877 932 1967 969 Quod
1992 934 2030 962 ad
2054 941 2228 973 requestam

1321 979 1460 1019 ipsorum
1474 980 1542 1015 feci,
1557 980 1609 1009 ubi
1627 986 1691 1009 erat
1709 980 1909 1010 deliberatum
1925 983 2007 1021 quod
2024 983 2084 1012 sibi
2102 984 2139 1012 de
2159 994 2230 1013 sco-

1321 1028 1359 1058 lis
1378 1029 1588 1068 providerent,
1603 1035 1634 1058 et
1648 1036 1791 1069 receptor
1803 1030 1927 1059 nomine
1943 1031 2082 1061 nacionis
2095 1042 2229 1072 respon-

1320 1078 1418 1112 deret,
1438 1079 1521 1117 quod
1541 1078 1620 1107 dixit
1637 1089 1670 1108 se
1691 1079 1850 1114 facturum,
1870 1080 2035 1109 dummodo
2052 1081 2112 1120 ipsi
2132 1092 2229 1120 pone-

1320 1132 1390 1156 rent
1414 1125 1615 1166 fidejussores
1638 1128 1676 1156 de
1703 1127 1760 1156 hoc
1786 1129 1868 1168 quod
1890 1129 2005 1159 vellent
2033 1140 2142 1169 regere
2170 1141 2228 1171 pro

1320 1174 1434 1215 majore
1450 1182 1537 1215 parte
1551 1175 1717 1212 ordinarii;
1734 1183 1765 1206 et
1780 1177 1810 1206 in
1829 1187 1900 1207 casu
1916 1189 1977 1217 quo
1993 1189 2054 1208 non
2071 1187 2225 1218 regerent,

1320 1224 1380 1254 nisi
1395 1224 1531 1265 legitima
1545 1235 1636 1255 causa
1651 1226 1862 1261 interveniret⁷
1875 1234 2003 1266 propter
2016 1239 2105 1267 quam
2118 1230 2227 1259 merito

1319 1273 1380 1313 ipsi
1395 1274 1544 1303 deberent
1559 1275 1700 1304 excusari
1719 1276 1800 1315 apud
1816 1276 1985 1311 nacionem,
2005 1278 2087 1316 quod
2103 1278 2163 1317 ipsi
2178 1279 2227 1308 vel

1319 1322 1367 1351 sui
1383 1321 1583 1362 fidejussores
1602 1333 1658 1362 pro
1678 1324 1724 1352 eis
1741 1323 1889 1354 haberent
1908 1325 2029 1354 nacioni
2048 1326 2225 1357 satisfacere

1319 1371 1356 1400 de
1376 1371 1496 1411 locagio
1519 1371 1682 1407 scolarum,
1703 1379 1736 1402 ut
1757 1373 1832 1402 alias
1850 1374 1945 1403 moris
1967 1381 2013 1404 est
2035 1375 2065 1404 in
2085 1376 2223 1406 nacione.

1318 1420 1365 1449 2¹¹·
1381 1427 1428 1450 est
1446 1431 1541 1460 super
1559 1422 1844 1461 supplicacionibus
1864 1429 1894 1452 et
1911 1422 2044 1462 injuriis,
2064 1430 2094 1454 et
2113 1425 2150 1454 de
2172 1425 2224 1455 illo

1318 1469 1425 1499 nichil.

1727 1565 1824 1595 1398

1357 1635 1428 1674 (Fal.
1454 1635 1523 1676 44¹²)
1542 1635 1631 1666 Acta
1659 1636 1693 1665 in
1723 1638 1980 1675 procuratoria
2012 1639 2182 1678 magistri

1597 1685 1754 1714 Arnoldi
1779 1686 1942 1715 Wtwiic.

1356 1764 1447 1794 Facta
1482 1765 1727 1805 congregacione
1762 1766 1901 1796 nacionis
1934 1767 2105 1807 Anglicane
2140 1770 2221 1808 apud

1315 1813 1459 1844 Sanctum
1485 1814 1683 1850 Maturinum,
1707 1815 1756 1844 die
1781 1815 1852 1845 lune
1876 1816 1928 1844 21·
1949 1816 2106 1852 Octobris,
2127 1827 2222 1857 super

1313 1862 1375 1892 35⁸²·
1390 1863 1540 1893 articulis.
1557 1863 1680 1893 Primus
1697 1870 1763 1893 erat
1777 1865 1814 1893 ad
1831 1864 2005 1904 eligendum
2022 1876 2133 1895 novum
2146 1877 2222 1906 pro-

1313 1918 1497 1948 curatorem,
1522 1912 1570 1942 vel
1591 1913 1628 1942 ad
1656 1913 1892 1943 continuandum
1919 1914 2088 1954 antiquum.
2114 1915 2160 1943 2·=·
2182 1916 2220 1945 ad

1312 1961 1496 1992 audiendum
1518 1968 1691 2001 compotum
1714 1962 1895 2002 receptoris.
1919 1963 1966 1992 3¹¹·
1986 1973 2081 2002 super
2099 1964 2221 2004 suppli-

1312 2009 1490 2040 cacionibus
1501 2017 1531 2040 et
1544 2010 1677 2050 injuriis.
1696 2011 1742 2040 De
1757 2011 1857 2050 primo
1868 2012 2063 2041 concorditer
2076 2013 2131 2042 suit
2142 2013 2220 2043 elec-

1312 2064 1362 2088 tus
1393 2059 1424 2088 in
1455 2065 1686 2099 procuratorem
1722 2060 1869 2099 magister
1898 2059 2056 2090 Arnoldus
2089 2061 2218 2096 Wtwic‚

1313 2108 1433 2138 nemine
1459 2108 1699 2138 contradicente.
1725 2108 1826 2148 Super
1847 2110 1878 2138 2⁰
1898 2109 2018 2139 distulit
2043 2117 2217 2150 compotum

1312 2156 1484 2197 receptoris
1505 2167 1604 2197 usque
1621 2158 1707 2187 alias.
1728 2157 1829 2197 Super
1849 2159 1881 2187 3⁰
1903 2158 2008 2194 nichil,
2029 2159 2101 2198 quia
2117 2159 2219 2189 nullus

1312 2205 1510 2246 supplicavit.

1352 2254 1443 2284 Facta
1475 2256 1721 2295 congregacione
1756 2255 1895 2286 nacionis
1929 2256 2099 2296 Anglicane
2137 2258 2218 2297 apud

1312 2303 1456 2334 Sanctum
1473 2303 1671 2340 Maturinum,
1691 2305 1743 2334 24·
1762 2305 1812 2334 die
1833 2305 1947 2334 mensis
1965 2306 2108 2345 predicti,
2123 2315 2220 2346 super

1311 2353 1432 2382 duobus
1456 2353 1604 2383 articulis.
1627 2353 1751 2383 Primus
1772 2354 1919 2383 articulus
1943 2361 2008 2383 erat
2025 2364 2120 2394 super
2140 2365 2218 2394 qua-

1311 2402 1379 2431 dam
1395 2401 1496 2431 littera
1511 2402 1605 2432 missa
1619 2403 1656 2432 ad
1672 2410 1903 2443 procuratorem
1922 2403 2059 2432 nacionis
2079 2413 2115 2432 ex
2130 2410 2218 2443 parte

1311 2450 1451 2490 magistri
1487 2450 1658 2481 Franconis
1691 2452 1728 2481 de
1767 2451 1937 2481 Barcowda
1973 2452 2003 2481 in
2041 2453 2216 2482 carceribus

1310 2499 1427 2529 domini
1449 2500 1588 2540 episcopi
1611 2500 1809 2540 Parysiensis
1831 2501 1958 2530 detenti.
1979 2501 2012 2530 ln
2035 2511 2095 2540 qua
2116 2501 2216 2531 littera

1310 2548 1469 2587 predictus
1484 2549 1632 2589 magister
1646 2549 1840 2589 supplicabat
1854 2550 1974 2579 nacioni
1990 2556 2140 2589 quatenus
2155 2550 2216 2580 vel-

1310 2596 1351 2626 let
1365 2596 1532 2637 fidejubere
1548 2608 1607 2638 pro
1624 2599 1770 2638 expensis
1793 2599 1879 2628 sactis
1899 2609 1954 2637 per
1974 2599 2073 2638 ipsum
2097 2598 2126 2627 in
2147 2608 2217 2628 car-

1309 2646 1444 2681 ceribus,
1461 2652 1490 2676 et
1506 2653 1590 2677 esset
1606 2654 1768 2687 promptus
1789 2653 1819 2676 et
1839 2653 1962 2687 paratus
1978 2648 2076 2676 facere
2095 2657 2215 2677 omnem

1308 2694 1532 2735 obligacionem
1547 2695 1764 2725 racionabilem
1781 2696 1918 2735 predicte
1933 2696 2054 2725 nacioni
2070 2696 2107 2725 de
2123 2696 2216 2726 resti-

1308 2743 1430 2773 tucione
1450 2743 1584 2780 illorum,
1605 2755 1665 2784 que
1686 2745 1772 2774 nacio
1791 2745 1928 2784 predicta
1952 2745 1982 2773 in
2003 2743 2069 2784 ejus
2086 2745 2216 2785 expedi·

1307 2792 1395 2822 cione
1416 2793 1476 2822 sibi
1494 2794 1687 2823 concederet.
1711 2793 1749 2823 Et
1770 2794 1841 2833 quia
1865 2799 1927 2823 erut
1950 2793 2073 2833 quidam
2099 2794 2215 2824 amicus

1307 2840 1385 2881 ejus,
1401 2841 1454 2881 qui
1475 2842 1552 2871 bene
1567 2842 1658 2871 vellet
1673 2842 1732 2872 sibi
1750 2843 1919 2872 concedere
1936 2843 1954 2871 5
1976 2842 2109 2877 francos,
2126 2843 2215 2872 dum-

1308 2890 1398 2920 modo
1414 2890 1501 2920 nacio
1514 2890 1652 2930 predicta
1668 2890 1711 2920 illi
1728 2891 1919 2930 promitteret
1940 2891 2069 2920 reddere
2087 2891 2118 2921 in
2136 2891 2216 2922 sesto

1338 2988 1360 3011 2.
1395 2989 1443 3012 Pro
1454 2987 1572 3015 articulo,
1580 2990 1607 3011 ut
1619 2988 1755 3012 Scolnntici'
1763 2987 1788 3011 in
1801 2996 1846 3011 mm
1858 2987 1995 3012 habebant.

2094 3033 2120 3052 bo

2265 13 2275 24 ι
2339 11 2343 18 .
2383 6 2388 8 >
2404 23 2407 25 μ
2420 0 2503 24 „vv-'5
2510 0 2632 31 styra-³31.
