2704 3658
3 3507 6 3509 -
0 3234 12 3487 -vv-w-v=-v-1‚-,‹,
0 3170 8 3197 *w

772 849 1690 924 INTRODUCTIO

306 1295 348 1330 In
368 1294 551 1330 Auctario
572 1293 799 1331 Chartularii
823 1294 1091 1330 Universitatis
1111 1295 1229 1330 Paris.
1254 1306 1320 1330 eos
1341 1293 1468 1329 fontes
1492 1293 1539 1329 ad
1557 1294 1823 1331 illustrandam
1844 1294 1985 1331 dictam
2002 1296 2193 1332 Universi-

254 1370 371 1399 tatem
394 1375 516 1412 usque
531 1363 579 1399 ad
595 1362 709 1399 finem
727 1363 882 1399 circiter
903 1375 1004 1399 saec.
1023 1376 1069 1398 xv
1088 1362 1232 1412 publici
1261 1363 1358 1411 juris
1384 1363 1558 1406 facimus,
1587 1365 1651 1413 qui
1678 1377 1795 1413 opera
1822 1372 1998 1414 separata
2023 1373 2062 1401 et
2083 1366 2120 1400 in
2152 1378 2193 1401 se

254 1431 447 1481 completa
475 1439 779 1482 repraesentant,
811 1445 881 1468 nec
914 1438 1073 1481 propter
1093 1445 1224 1468 eorum
1254 1432 1547 1482 amplitudinem
1570 1435 1606 1469 in
1634 1433 1873 1470 Chai-tulario
1896 1434 2022 1470 locum
2051 1434 2193 1471 habere

256 1510 430 1552 possent.

308 1573 409 1609 Ante
428 1574 556 1609 omnia
576 1573 732 1608 Librum
747 1582 1053 1621 procuratorum
1075 1575 1243 1610 nacionis
1262 1573 1497 1623 Angll'eanae
1524 1573 1561 1608 in
1582 1572 1706 1608 tribus
1722 1572 1982 1609 voluminibus
2002 1586 2124 1622 usque
2146 1572 2193 1609 ad

255 1655 316 1678 an.
346 1642 438 1678 1492
462 1643 795 1692 praeparavimus,
819 1655 982 1692 quorum
1007 1644 1172 1692 primum
1195 1655 1318 1691 usque
1341 1641 1388 1677 ad
1409 1655 1470 1677 an.
1498 1642 1590 1677 1406
1611 1641 1842 1678 extenditur.
1868 1642 2017 1678 Deinde
2038 1644 2191 1694 unicum

253 1711 436 1747 volumen
448 1711 632 1747 librorum
647 1719 938 1761 procuratorum
951 1720 1030 1748 nat.
1045 1712 1263 1749 Gallicanae
1273 1719 1311 1748 et
1325 1711 1572 1747 Picardorum
1591 1719 1786 1760 sequetur.
1801 1711 2053 1748 Abstinemus
2065 1721 2193 1749 tamen

255 1781 302 1817 ab
322 1780 492 1817 editione
520 1781 705 1818 librorum
731 1790 924 1830 procurat.
953 1790 1029 1818 nat.
1057 1784 1378 1823 Normannorum,
1405 1794 1492 1817 cum
1514 1782 1539 1816 ii
1560 1782 1624 1830 qui
1652 1780 1699 1816 ad
1725 1794 1795 1817 nos
1819 1789 2078 1830 pervenerunt
2103 1783 2194 1818 inci-

255 1851 363 1899 piant
385 1858 534 1887 tantum
555 1858 644 1900 post
671 1857 837 1887 aetatem
868 1851 980 1887 nobis
1005 1852 1256 1901 propositam.
1285 1851 1461 1900 Registra
1488 1851 1569 1886 sive
1590 1850 1861 1886 Commentarii
1892 1858 1971 1886 tum
2001 1851 2193 1887 facultatis

255 1918 481 1962 medicinae,
509 1927 591 1956 tum
614 1919 806 1956 facultatis
833 1919 1076 1957 decretorum
1104 1921 1141 1956 in
1160 1921 1233 1956 hoc
1255 1921 1437 1957 Auctario
1459 1920 1584 1956 locum
1602 1919 1778 1956 obtinere
1793 1919 2021 1957 debuissent
2050 1922 2122 1957 nisi
2147 1921 2193 1957 ab

255 1988 339 2025 aliis
361 1989 566 2025 consilium
594 2002 660 2026 eos
693 1989 833 2026 edendi
867 1991 1002 2026 initum
1037 2003 1123 2026 esse
1150 1991 1357 2032 sciremus;
1382 1989 1485 2039 quod
1503 1989 1549 2025 ad
1573 1989 1642 2025 has
1665 1989 1868 2026 facultates
1888 1991 2037 2033 attinet,
2057 1991 2192 2027 saltem

262 2065 404 2095 statuta
425 2066 463 2094 et
483 2060 637 2095 nomina
655 2060 925 2109 magistrorum
943 2060 1194 2096 celeberrima
1214 2062 1251 2095 in
1272 2059 1512 2097 Chartulario
1533 2061 1618 2109 ipso
1634 2072 1709 2095 non
1724 2060 1900 2096 deerunt.

308 2127 476 2164 Cuilibet
502 2127 675 2165 facultati
701 2130 889 2178 superiori
919 2131 1189 2166 Universitatis
1217 2130 1444 2165 Parisiensis
1467 2142 1586 2178 penes
1614 2128 1823 2170 decanum,
1855 2129 2025 2166 facultati
2055 2131 2191 2166 artium

254 2209 374 2246 penes
391 2204 595 2239 rectorem,
612 2197 772 2234 cuilibet
793 2199 938 2234 nationi
956 2198 1150 2235 facultatis
1166 2198 1338 2247 ejusdem
1356 2212 1475 2248 penes
1497 2206 1784 2248 procuratorem
1807 2198 1877 2235 fuit
1894 2199 1991 2236 liber
2007 2200 2190 2236 membra-

256 2279 399 2302 naceus
421 2268 458 2302 in
480 2280 556 2316 quo
578 2275 722 2304 statuta
742 2275 780 2304 et
793 2268 1010 2316 juramenta
1027 2268 1338 2305 continebantur.

304 2337 473 2372 Primum
500 2349 600 2373 anno
632 2338 724 2373 1339
752 2339 893 2374 citatur
918 2338 1014 2374 liber
1035 2340 1204 2374 nationis
1230 2337 1317 2384 (vid.
1345 2351 1382 2387 p.
1412 2340 1472 2380 35,
1504 2338 1577 2387 23),
1604 2338 1746 2374 deinde
1770 2351 1830 2374 an.
1860 2339 1952 2374 ι1348
1975 2338 2074 2374 idem
2098 2339 2193 2375 liber

249 2418 393 2453 parvus
423 2407 592 2442 nationis
622 2407 661 2442 ιή
675 2408 936 2457 pergameno¹
970 2412 1019 2456 (p.
1046 2408 1128 2450 123,
1159 2408 1228 2453 17),
1249 2409 1311 2443 cui
1338 2409 1421 2443 sine
1450 2407 1568 2444 dubio
1599 2407 1832 2444 substitutus
1864 2415 1923 2444 est
1951 2407 2046 2444 alter
2077 2421 2190 2457 quem

254 2475 400 2524 optime
433 2475 622 2511 novimus.
656 2477 768 2512 Anno
797 2477 904 2519 1356,
931 2476 1002 2512 Jul.
1043 2477 1103 2518 22,
1136 2477 1239 2513 natio
1270 2477 1483 2527 Anglicana
1514 2477 1743 2514 deliberavit
1773 2492 1789 2511 «
1819 2477 1922 2526 quod
1957 2477 2065 2513 ficret
2097 2478 2192 2513 liber

253 2545 420 2580 nationis
439 2544 485 2580 de
498 2558 748 2596 pergameno,
769 2547 805 2581 in
823 2559 899 2595 quo
921 2546 1182 2583 scriberentur
1202 2553 1343 2583 statuta
1361 2554 1399 2583 et
1416 2546 1616 2596 privilegia
1638 2548 1805 2583 nationis
1826 2553 1864 2582 et
1886 2547 2152 2583 Universitatis
2172 2561 2187 2581 »

295 2662 322 2690 1.
367 2661 450 2690 Talis
470 2661 542 2691 libri
566 2662 716 2691 rationem
732 2669 888 2692 struxerat
905 2663 1029 2703 quidam
1053 2664 1083 2692 in
1106 2664 1166 2693 line
1275 2664 1398 2702 quando
1423 2663 1551 2693 veniunt
1573 2665 1609 2692 ad
1635 2670 1878 2702 procuratorem.
1907 2663 2084 2692 Jurainenta
2112 2663 2188 2692 inci-

254 2709 393 2749 Registri
402 2710 420 2738 2
431 2710 566 2740 nationis
576 2711 700 2751 Anglic.
713 2711 812 2751 (Ar-ch.
829 2714 913 2743 Unio.
927 2715 1027 2741 Paris.
1038 2716 1111 2752 Reg.
1123 2713 1164 2752 3),

254 2759 409 2798 scriptura
432 2759 502 2788 XlV
525 2761 680 2790 saeculum
705 2767 837 2790 testante
859 2773 864 2790 :
889 2774 902 2788 a
934 2762 1164 2796 Kalendarium,

254 2807 445 2847 Ewangelia.
466 2809 509 2838 De
523 2809 624 2838 officio
641 2810 865 2849 procuratoris.
886 2811 931 2840 De
948 2811 1049 2840 officio
1064 2811 1166 2840 bedel-

254 2856 364 2886 lorum.
386 2857 431 2886 De
454 2858 555 2887 officio
578 2860 761 2899 receptoris.
779 2860 956 2889 Juramenta
977 2861 1166 2889 examinato-

253 2916 321 2935 rum
357 2907 638 2937 determinantiutn.
670 2908 847 2938 Juramenta
879 2910 1163 2939 determinatorum.

252 2954 429 2985 Juramenta
460 2957 805 2987 subdeterminatorum.
841 2958 1018 2988 Juramenta
1049 2959 1166 2988 exami-

254 3010 393 3033 natorum
421 3005 453 3034 S.
483 3005 669 3036 Genovefae.
702 3007 880 3037 „lut-amenta
909 3007 1165 3038 licentiandorum

334 3058 449 3078 Auctarium
461 3058 586 3079 Chunularii'
598 3059 686 3080 univers.
698 3061 765 3081 Parin.
775 3071 802 3077 —
813 3060 829 3080 l.

1277 2713 1425 2752 pientium
1451 2714 1574 2752 quando
1602 2713 1729 2742 veniunt
1755 2714 1792 2741 ad
1818 2719 1980 2741 rectorem.
2013 2713 2189 2741 Juramenta

1276 2761 1490 2802 incipientium
1504 2763 1627 2801 quando
1644 2762 1770 2791 veniunt
1786 2762 1822 2790 ad
1838 2768 2071 2800 procuratorem
2088 2762 2189 2790 natio-

1276 2812 1336 2840 nis.
1354 2811 1531 2840 Juramenta
1546 2813 1583 2839 de
1603 2812 1693 2840 modo
1708 2811 1842 2850 eligendi
1858 2811 2020 2839 intrantem
2040 2818 2069 2839 et
2088 2818 2189 2839 recto-

1276 2870 1351 2889 rem.
1378 2861 1554 2890 «lui-amenta
1583 2861 1800 2899 magistrorum
1824 2860 2031 2888 ordinantium
2056 2860 2187 2889 rotulum

1275 2911 1313 2938 ad
1336 2920 1456 2949 papam.
1480 2910 1655 2939 Jurauienla
1677 2908 1853 2938 nuntiorum
1877 2909 1913 2937 ad
1931 2919 2050 2948 papam.
2071 2909 2187 2938 Statum

1276 2959 1422 2988 nationi&
1442 2972 1454 2985 υ

2249 2141 2329 2167 Libri

2213 2186 2355 2212 nationum
