2632 3464
787 0 791 5 v
805 0 819 11 τ
887 0 1183 20 dvyfffvzaeqqqssz‘fip'r'yrw
1265 2 1270 14 ς

401 449 449 474 771

401 531 462 554 tum
478 523 594 553 domini
615 524 797 563 receptoris.
817 524 856 553 Et
872 524 986 563 placuit
1003 524 1125 553 nacioni
1144 524 1226 563 quod
1248 523 1309 562 ipsi

400 574 431 602 in
447 573 512 613 ejus
523 573 667 602 absencia
684 583 777 602 unum
794 573 1006 602 substitueret.
1025 573 1124 612 Super
1137 574 1169 602 40
1187 573 1309 612 suppli-

399 629 547 652 caverunt
560 622 708 662 magister
718 622 906 651 Benedictus
921 623 959 651 de
971 622 1128 662 Hongaria
1142 621 1149 640 ⁴
1171 628 1200 651 et
1213 621 1308 650 domi-

399 682 458 701 nus
480 672 636 701 Johannes
655 672 692 700 de
717 671 856 706 Colonia,
879 671 932 710 qui
957 671 1080 700 suerunt
1103 671 1255 700 licenciati
1278 671 1308 699 in

399 722 533 750 decretis
550 721 689 750 Parisius
706 720 737 749 in
753 721 802 749 die
816 721 1013 759 precedente,
1031 726 1061 749 et
1076 720 1106 748 in
1122 720 1251 748 licencia
1270 721 1308 748 de

400 770 478 799 locis
502 770 640 809 ipsorum
665 771 787 798 fuerunt
811 769 888 798 male
913 769 1049 798 contenti
1077 776 1106 798 et
1130 769 1308 808 appellave-

399 826 471 849 runt
482 821 519 848 de
533 819 690 848 locacione
702 829 718 847 a
730 818 870 847 facultate
884 819 1076 847 decretorum
1091 819 1127 846 ad
1143 818 1308 847 Universi-

399 875 500 898 tatem.
512 869 552 898 Et
568 869 611 897 sic
628 868 688 907 ipsi
705 867 958 906 supplicaverunt
974 868 1057 906 quod
1069 866 1157 896 nacio
1171 866 1250 906 ipsis
1261 877 1307 896 as-

399 919 525 947 sisteret
536 924 566 946 et
576 927 632 957 pro
642 917 687 946 eis
698 917 729 945 in
745 916 953 945 Universitate
965 916 1166 956 supplicaret.
1183 916 1222 944 Et
1236 926 1307 955 sup-

398 967 523 1007 plicatio
543 966 684 1006 magistri
708 965 868 994 Benedicti
888 965 944 994 fuit
960 975 1125 1000 concessa;
1149 965 1308 1004 supplica—

398 1017 446 1045 cio
462 1016 600 1050 alterius,
619 1015 690 1054 quia
706 1015 859 1054 graciosa,
878 1015 933 1043 suit
948 1024 1004 1053 per
1019 1024 1112 1043 unum
1126 1014 1307 1053 magistrum

398 1066 592 1104 interempta.
607 1064 645 1093 Et
658 1064 720 1092 dati
736 1070 823 1092 erant
833 1063 983 1102 deputati,
996 1064 1049 1102 qui
1059 1063 1208 1092 haberent
1220 1063 1308 1102 ipsos

398 1115 503 1143 audire
520 1120 549 1143 et
567 1124 620 1142 eos
637 1123 704 1142 cum
725 1113 901 1141 decretistis
917 1113 1118 1141 concordare.
1142 1112 1202 1141 Sed
1219 1111 1307 1141 nacio

397 1164 495 1192 noluit
508 1162 664 1202 appellare
678 1172 746 1191 cum
763 1161 841 1200 ipsis
858 1167 916 1190 etc.

806 1254 903 1284 1398

437 1332 509 1371 (Fol.
537 1333 586 1369 39)
611 1330 701 1359 Acta
735 1336 821 1359 sunt
847 1329 913 1358 hec
938 1330 974 1358 in
1004 1329 1268 1368 procurator-ia

537 1379 710 1419 magistri
742 1379 951 1407 Franconis
989 1379 1031 1408 de
1066 1378 1164 1408 Delf.

438 1462 529 1490 Facta
562 1459 809 1499 congregacione
845 1459 984 1487 nacionis
1015 1459 1190 1498 Anglicane
1226 1469 1306 1488 anno

398 1510 522 1540 Domini
547 1510 593 1538 ΜΟ
622 1509 718 1538 CCC⁰
743 1508 944 1547 nonagesimo
973 1514 1095 1543 octavo,
1122 1515 1229 1538 octava
1256 1508 1306 1537 die

396 1559 512 1589 mensis
530 1558 649 1597 Aprilis
666 1558 741 1586 hora
760 1563 845 1586 sexta
863 1558 900 1586 de
917 1567 1004 1586 mane
1020 1558 1102 1596 apud
1118 1557 1306 1587 Maturinum

398 1619 493 1648 super
517 1608 639 1637 duobus
664 1607 813 1636 articulis.
839 1607 963 1635 Primus
991 1613 1038 1635 est
1065 1607 1102 1635 ad
1129 1607 1306 1646 eligendum

397 1668 508 1687 novum
531 1663 775 1696 procuratorem.
795 1657 842 1684 2¹¹⁸
858 1666 953 1695 super
973 1655 1258 1695 supplicacionibus
1277 1662 1307 1685 et

397 1707 530 1747 injuriis.
550 1706 650 1745 Super
665 1706 767 1744 primo
786 1705 902 1734 electus
921 1705 976 1734 suit
993 1705 1191 1734 concorditer
1208 1705 1306 1745 magi-

397 1763 461 1786 ster
481 1756 600 1785 Franco
619 1756 656 1784 de
676 1755 750 1784 Delf
769 1755 800 1783 in
824 1761 1056 1794 procuratorem
1074 1754 1214 1784 nacionis
1233 1765 1306 1794 pre-

396 1806 488 1834 dicte.
516 1805 617 1843 Super
640 1805 671 1832 2ο
696 1804 883 1843 supplicavit
910 1803 1057 1843 magister
1085 1803 1243 1832 Johannes
1268 1805 1306 1833 de

396 1855 498 1883 Zande
515 1854 590 1882 alias
606 1854 643 1882 de
660 1853 808 1892 Campen,
829 1854 1035 1892 predecessor
1051 1863 1148 1887 meus,
1165 1860 1198 1882 ut
1212 1853 1307 1882 habe-

396 1911 482 1932 retur
506 1910 624 1942 gratus,
645 1909 741 1937 ratus,
763 1909 890 1931 avoatus
913 1909 942 1931 et
967 1903 1246 1931 recommendatus.
1268 1903 1307 1932 Et

396 1963 544 1981 concessa
573 1958 638 1981 erat
675 1950 741 1990 ejus
772 1951 964 1990 supplicacio
995 1951 1192 1982 concorditer
1224 1953 1307 1991 apud

396 2012 503 2030 omnes
515 2002 634 2030 nemine
645 2001 885 2030 contradicente.
898 1999 1092 2040 Supplicavit
1101 1999 1196 2028 eciam
1210 2001 1307 2029 domi-

396 2061 454 2079 nus
468 2050 609 2089 Aquinus
621 2049 713 2079 Asari
725 2050 762 2078 de
780 2049 901 2078 Zwesia
914 2049 1162 2087 archidyaconus
1176 2049 1306 2078 ecclesie

397 2100 570 2133 Scarensis,
598 2105 630 2127 ut
650 2098 738 2127 nacio
757 2109 824 2127 cum
848 2109 884 2127 eo
910 2098 1101 2137 supplicaret
1120 2098 1151 2126 in
1171 2097 1307 2127 Univer-

395 2149 484 2178 sitate
501 2148 646 2187 quatinus
664 2146 862 2176 Universitas
882 2147 942 2176 sibi
960 2147 1146 2176 concederet
1159 2153 1188 2175 et
1203 2148 1307 2176 trade-

396 2205 441 2227 ret
457 2198 487 2226 in
501 2198 642 2226 manibus
658 2197 722 2226 suis
739 2197 861 2225 domum
879 2197 1100 2235 adymaginem
1112 2196 1197 2224 beate
1207 2197 1307 2224 Mar-ie

396 2247 484 2276 sitam
502 2247 532 2275 in
550 2246 619 2275 vico
638 2245 789 2280 Brunelli,
812 2246 849 2273 de
868 2255 928 2284 qua
945 2245 1034 2274 nacio
1055 2255 1158 2274 secum
1175 2255 1306 2274 concors

396 2302 453 2325 est.
471 2296 510 2324 Et
526 2295 750 2334 supplicacioni
765 2305 871 2323 omnes
881 2300 1054 2323 annuerunt
1066 2294 1264 2323 unanimiter.

438 2345 527 2373 Facta
549 2344 796 2383 congregacione
818 2343 1038 2372 Universitatis
1062 2344 1143 2382 apud
1160 2343 1306 2372 Sanctum

396 2394 581 2423 Maturinum
596 2394 635 2422 Xa
647 2393 695 2421 die
712 2392 848 2432 ejusdem
863 2392 978 2421 mensis
993 2392 1077 2421 venit
1092 2393 1128 2421 ad
1147 2392 1306 2421 nacionem

395 2443 542 2483 magister
556 2442 744 2471 Benedictus
763 2443 800 2470 de
818 2441 965 2481 L'ngaria,
986 2447 1016 2470 ct
1032 2441 1218 2480 supplicavit
1235 2452 1307 2480 qua-

396 2493 478 2521 tinus
492 2492 579 2520 nacio
599 2492 658 2520 sibi
676 2491 768 2520 vellet
788 2491 935 2519 assistere
956 2491 986 2518 in
1006 2491 1227 2529 prosequendo
1245 2491 1308 2519 sac-

396 2547 456 2570 tum
483 2551 570 2569 suum
604 2547 711 2569 contra
738 2540 910 2569 facultatem
942 2540 1148 2571 decretorum,
1179 2540 1216 2568 de
1246 2550 1307 2578 quo

397 2590 515 2618 mencio
534 2591 610 2619 sacta
633 2596 679 2618 est
698 2589 784 2628 prius
803 2599 858 2628 per
881 2595 1113 2627 procuratorem
1136 2589 1308 2627 preceden-

400 2646 471 2667 tem.
491 2639 531 2667 Et
549 2639 636 2668 nacio
656 2648 750 2677 super
765 2638 823 2666 hoc
839 2638 1022 2666 deliberavit
1039 2638 1120 2676 quod
1138 2637 1198 2666 sibi
1216 2637 1309 2667 vellet

396 2689 469 2716 dare
489 2687 633 2716 auxilium
650 2694 680 2716 et
695 2687 869 2722 consilium,
885 2693 914 2716 et
929 2687 1029 2725 ipsum
1040 2686 1148 2725 juvare
1164 2687 1307 2715 omnibus

396 2737 495 2765 modis
521 2737 737 2775 possibilibus,
767 2743 871 2775 preter
897 2737 935 2764 ad
964 2736 1170 2775 placitandum
1201 2742 1306 2764 contra

396 2786 578 2814 facultatem.
608 2786 646 2814 Et
668 2796 736 2814 cum
759 2785 817 2814 hoc
842 2785 927 2814 dedit
954 2786 1116 2823 deputatos
1142 2785 1180 2813 ad
1205 2785 1306 2823 ipsum

396 2835 644 2863 concordandum
661 2845 726 2862 cum
747 2833 887 2873 predicta
901 2833 1052 2862 facultate.

432 2954 452 2977 1.
486 2956 534 2976 Seu
547 2954 578 2976 dc
595 2954 694 2978 Makra.
706 2956 740 2977 De
754 2954 800 2976 lenc
809 2955 911 2986 famoso
924 2954 1063 2985 supposito,
1077 2962 1118 2976 an.
1133 2954 1194 2977 1403
1202 2955 1307 2985 propter

395 2988 556 3012 rebellionem
570 2990 594 3012 in
607 2990 737 3021 llungarc'a
752 2990 891 3014 e.rcitatam
906 2998 920 3012 a
935 2998 992 3021 rege
1011 2989 1173 3022 Sigismundo
1189 2990 1305 3013 incarce-

943 447 1167 473 AUCTARIUM
1188 446 1447 473 CHARTULARII
1468 447 1642 474 UNIVERS.
1665 447 1782 474 PARIS.

1346 969 1380 994 10

1347 1214 1379 1240 15

1345 1461 1379 1487 20

1345 1708 1378 1733 25

1345 1954 1378 1979 30

1345 2199 1378 2224 35

2276 450 2330 477 772

1460 523 1553 553 Facta
1586 525 1834 564 congregacione
1867 521 2007 554 nacionis
2039 524 2210 565 Anglicane
2246 528 2329 567 apud

1419 574 1562 602 Sanctum
1583 573 1782 608 Maturinum,
1799 573 1838 602 Χ0
1853 580 1959 603 octava
1976 574 2026 603 die
2046 573 2183 614 ejusdem
2199 576 2328 612 mensis,

1418 621 1450 650 in
1479 622 1589 661 primis
1613 623 1727 652 Nostre
1753 623 1886 652 Domine
1910 622 2030 652 scilicet
2054 623 2087 652 in
2114 630 2221 654 octava
2254 624 2331 654 hora

1418 680 1514 710 super
1528 671 1628 701 tribus
1644 671 1794 701 articulis.
1816 672 1939 701 Primus
1955 678 2003 701 est
2017 673 2056 702 de
2074 673 2153 702 sacto
2167 673 2328 703 domorum

1418 723 1456 751 ad
1467 721 1626 750 nacionem
1644 721 1881 761 pertinencium,
1898 720 2019 750 scilicet
2035 721 2078 750 ad
2094 732 2185 751 cornu
2203 724 2283 752 cervi
2296 722 2329 752 in

1417 772 1486 800 vico
1503 771 1606 800 Sancti
1621 770 1753 809 Hylarii,
1771 776 1801 799 et
1812 771 1852 799 ad
1864 771 2035 809 ymaginem
2050 779 2149 800 nostre
2158 773 2284 800 Domine
2297 772 2329 801 in

1417 820 1554 850 claustro
1565 819 1578 838 ²
1593 819 1744 848 Brunelli.
1760 819 1806 847 2¹¹·
1820 819 1875 848 fuit
1893 820 1931 848 ad
1945 818 2179 850 distribuendos
2192 830 2326 851 menses.

1418 870 1464 898 3¹¹⁸
1484 869 1539 898 suit
1557 878 1653 908 super
1667 868 1953 907 supplicacionibus
1967 874 1997 897 et
2011 867 2146 908 injuriis.

1459 919 1560 958 Super
1578 917 1677 956 primo
1695 917 1783 956 tetigi
1801 918 1957 956 quomodo
1975 917 2144 957 diligencia
2164 925 2230 948 erat
2251 919 2330 948 facta

1418 978 1476 1007 pro
1487 967 1628 996 habendo
1641 976 1733 995 unum
1750 966 1890 995 abbatem
1902 966 1952 996 vel
1965 966 2057 995 alium
2070 967 2201 1006 probum
2213 967 2326 1003 virum,

1419 1017 1472 1056 qui
1490 1015 1676 1045 inhabitaret
1689 1015 1811 1044 domum
1830 1016 1872 1043 ad
1889 1026 1980 1044 cornu
1995 1017 2084 1051 cervi,
2105 1017 2158 1055 qui
2176 1017 2329 1046 concede-

1418 1072 1465 1094 ret
1480 1071 1593 1094 certam
1608 1074 1755 1093 summam
1771 1064 1910 1103 pecunie,
1930 1071 2092 1104 antequam
2105 1065 2244 1101 intraret,
2259 1075 2328 1095 cum

1417 1116 1526 1143 fierent
1546 1114 1630 1142 scole
1648 1121 1759 1152 septem
1782 1114 1912 1149 arcium
1938 1114 1993 1143 sed
2013 1114 2117 1143 nullus
2139 1114 2240 1154 potuit
2256 1115 2328 1144 talis

1418 1163 1562 1202 reperiri.
1583 1163 1615 1191 20
1630 1162 1729 1202 tetigi,
1750 1172 1786 1191 ex
1811 1172 1872 1201 quo
1895 1161 1998 1192 nullus
2027 1162 2097 1192 talis
2117 1164 2217 1202 potuit
2235 1174 2329 1203 repe-

1418 1213 1485 1247 riri,
1507 1218 1537 1241 et
1558 1211 1707 1251 magister
1729 1211 1862 1250 Egidius
1887 1211 1925 1240 de
1947 1211 2064 1241 Jutsaes
2087 1218 2159 1242 tunc
2183 1219 2330 1252 receptor

1417 1261 1558 1291 nacionis
1576 1261 1629 1290 diu
1647 1261 1791 1300 exposuit
1813 1260 1960 1299 pecunias
1981 1270 2052 1290 suas
2074 1260 2106 1290 in
2128 1262 2328 1300 reparacione

1417 1311 1501 1340 illius
1520 1311 1642 1344 domus,
1660 1316 1690 1339 et
1704 1309 1836 1348 amplius
1858 1319 1920 1338 non
1941 1315 2048 1348 posset
2067 1319 2172 1339 carere
2193 1311 2239 1340 eis
2260 1311 2328 1341 sine

1418 1370 1529 1399 magno
1547 1359 1692 1398 dampno,
1715 1359 1797 1397 quod
1820 1358 1958 1398 predicta
1978 1359 2088 1388 domus
2106 1366 2275 1398 poneretur
2295 1359 2329 1390 in

1417 1409 1558 1438 manibus
1575 1408 1652 1443 suis,
1670 1409 1768 1437 donec
1782 1407 1842 1437 sibi
1859 1414 1942 1437 esset
1955 1408 2142 1438 satisfactum
2155 1419 2212 1448 per
2226 1409 2329 1439 nacio-

1416 1469 1486 1487 nem
1498 1457 1547 1487 vel
1561 1457 1646 1487 alias.
1660 1458 1691 1486 3⁰
1703 1456 1792 1496 tetigi
1804 1458 1959 1496 quomodo
1975 1457 2032 1486 feci
2043 1457 2132 1486 citari
2145 1458 2327 1498 magistrum

1414 1507 1564 1536 ›Thomam
1596 1505 1791 1541 Mareskalli,
1816 1505 1869 1545 qui
1893 1506 2063 1545 predictam
2095 1507 2219 1536 domum
2247 1517 2328 1536 anno

1415 1556 1596 1596 precedenti
1613 1555 1817 1590 'inhabitaviu
1842 1556 1896 1584 sed
1919 1555 2073 1584 modicum
2095 1561 2147 1584 aut
2170 1555 2267 1585 nichil
2289 1557 2327 1585 de

1417 1605 1537 1645 locagio
1553 1605 1656 1634 solvit.
1682 1604 1783 1644 Super
1802 1604 1903 1643 primo
1922 1603 2106 1634 deliberavit
2129 1605 2218 1636 nacio
2243 1605 2328 1644 quod

1416 1655 1516 1684 adhuc
1526 1655 1613 1683 fieret
1625 1653 1791 1694 diligencia
1804 1653 1830 1682 si
1847 1660 1955 1692 posset
1965 1653 2098 1692 reperiri
2108 1653 2220 1693 aliquis
2231 1655 2327 1685 abbas

1416 1704 1466 1733 vel
1481 1703 1571 1738 alius,
1594 1703 1646 1742 qui
1665 1702 1759 1732 vellet
1779 1702 1949 1741 predictam
1969 1703 2091 1731 domum
2108 1702 2280 1732 inhabitare
2298 1709 2330 1733 et

1417 1753 1587 1783 concedere
1606 1751 1766 1791 pecunias,
1786 1757 1819 1780 ut
1836 1757 1948 1781 tactum
1964 1757 2021 1780 est.
2043 1751 2145 1790 Super
2160 1752 2191 1780 2⁰
2208 1751 2330 1781 distulit

1416 1803 1504 1831 nacio
1520 1812 1619 1841 usque
1641 1802 1804 1830 adventum
1822 1800 1962 1840 magistri
1986 1800 2091 1840 Egidii
2114 1801 2257 1839 predicti,
2274 1801 2328 1840 qui

1417 1858 1548 1891 protunc
1564 1857 1629 1880 erat
1643 1851 1674 1879 in
1692 1850 1833 1889 partibus
1849 1849 1927 1885 suis,
1942 1855 1971 1878 et
1989 1849 2016 1878 si
2036 1849 2159 1878 interim
2174 1860 2237 1879 non
2252 1860 2328 1889 pos-

1417 1907 1464 1930 set
1480 1899 1612 1940 reperiri
1625 1900 1720 1928 abbas
1733 1899 1784 1928 vel
1795 1898 1886 1933 alius,
1898 1905 1971 1938 post
1981 1899 2145 1927 adventum
2157 1898 2223 1938 ejus
2239 1898 2328 1928 nacio

1417 1951 1495 1979 bene
1511 1955 1656 1978 tractaret
1675 1955 1705 1978 et
1726 1948 1929 1978 concordaret
1949 1957 2063 1977 secum.
2087 1947 2188 1987 Super
2210 1948 2243 1977 30
2259 1947 2328 1987 pla—

1416 1999 1480 2028 cuit
1496 1998 1617 2027 nacioni
1637 1998 1721 2037 quod
1741 1997 1890 2037 magister
1904 1996 2039 2026 Thomas
2062 1996 2180 2035 su[e1·]it
2203 1996 2326 2032 citatus,

1417 2055 1447 2078 et
1472 2047 1570 2077 voluit
1588 2048 1671 2086 quod
1693 2047 1781 2076 fieret
1801 2045 1991 2086 prosequcio
2013 2046 2101 2075 sicud
2123 2047 2258 2075 deceret.
2280 2046 2328 2075 De

1417 2097 1475 2126 alia
1490 2098 1582 2126 domo
1596 2096 1683 2135 tetigi
1696 2096 1790 2125 eciam
1805 2096 1887 2134 quod
1901 2095 2023 2124 nacioni
2036 2105 2097 2123 non
2113 2101 2179 2124 erat
2191 2094 2327 2124 satisfac-

1418 2153 1479 2176 tum
1504 2147 1541 2175 de
1571 2145 1703 2184 locagio.
1732 2145 1770 2174 Et
1798 2144 1962 2183 respondit
1986 2143 2141 2186 ‘magister
2170 2143 2327 2173 Johannes

1417 2194 1626 2235 Mayenberch
1639 2194 1722 2233 quod
1736 2200 1819 2223 esset
1831 2193 1947 2232 aliquid
1959 2193 2177 2227 resaciendum,
2191 2199 2221 2222 et
2233 2202 2327 2231 quan-

1417 2246 1456 2274 do
1475 2244 1550 2273 illud
1569 2249 1652 2272 esset
1671 2244 1792 2277 sactum,
1812 2242 1880 2282 ipse
1894 2242 2027 2271 libenter
2041 2241 2134 2271 vellet
2149 2241 2327 2271 satisfacere

1374 2287 1376 2289 ¹
1417 2293 1549 2323 nacioni.
1572 2293 1610 2322 Et
1623 2292 1699 2322 illud
1716 2291 1831 2331 placuit
1846 2291 1980 2320 nacioni.

1346 2444 1379 2470 40

1458 2343 1559 2382 Super
1584 2343 1616 2370 2⁰
1639 2341 1769 2371 articulo
1790 2340 1957 2380 principali
1986 2339 2170 2369 distributus
2193 2345 2259 2368 erat
2281 2340 2328 2368 2¹¹·

1417 2392 1533 2421 mensis
1559 2390 1708 2430 magistro
1734 2389 1867 2419 Johanni
1887 2390 1925 2418 de
1952 2389 2098 2428 Campem
2120 2398 2179 2427 pro
2205 2389 2327 2417 duobus

1418 2441 1539 2476 solidis,
1561 2440 1632 2479 quia
1648 2439 1751 2468 nullus
1773 2438 1843 2478 plus
1860 2438 1958 2467 voluit
1979 2438 2064 2472 dare,
2084 2443 2114 2466 et
2130 2436 2181 2465 alii
2203 2447 2328 2466 reman-

1418 2496 1525 2519 serunt
1541 2487 1760 2518 distribuendi.

1458 2539 1559 2578 Super
1572 2539 1605 2567 3⁰
1615 2537 1780 2577 principali
1795 2535 1980 2576 supplicavit
1993 2535 2136 2564 dominus
2150 2534 2327 2574 Heynricus

1417 2589 1455 2617 de
1472 2587 1648 2621 Gorickem,
1669 2586 1879 2615 licenciandus
1895 2585 1927 2614 in
1944 2584 2074 2619 artibus,
2095 2585 2178 2623 quod
2198 2593 2266 2613 cum
2285 2584 2327 2613 ita

1417 2643 1501 2666 esset
1524 2637 1606 2676 quod
1630 2646 1688 2675 pro
1712 2634 1850 2674 presenti
1871 2644 1933 2663 non
1957 2633 2085 2662 haberet
2103 2634 2182 2662 bene
2205 2633 2326 2662 solvere

1417 2687 1528 2714 bursas
1545 2686 1633 2714 sicud
1648 2684 1711 2718 alii,
1730 2683 1874 2722 quatinus
1890 2683 1978 2711 nacio
1990 2682 2084 2711 vellet
2099 2682 2202 2722 ipsum
2215 2681 2327 2711 admit-

1417 2741 1481 2764 tere
1507 2735 1675 2763 secundum
1699 2738 1810 2762 statuta
1832 2731 2034 2771 paupertatis,
2061 2737 2091 2760 et
2108 2730 2251 2760 similiter
2266 2739 2326 2770 pro

1417 2783 1609 2823 magisterio,
1623 2793 1660 2811 ne
1677 2788 1836 2821 oporteret
1848 2783 2008 2810 nacionem
2025 2790 2120 2819 super
2136 2779 2194 2809 hoc
2206 2779 2325 2814 vexari,

1417 2833 1499 2871 quod
1522 2838 1630 2871 posset
1653 2831 1757 2871 jurare
1782 2835 1894 2859 statuta
1915 2829 2105 2869 paupertatis
2130 2829 2162 2858 in
2185 2827 2328 2858 manibus

1415 2955 1480 2980 rato,
1497 2952 1547 2975 uid.
1565 2951 1602 2974 ad
1615 2959 1655 2974 an.
1669 2951 1737 2979 1406,
1751 2952 1809 2974 lun.
1821 2951 1846 2973 8.

1447 2989 1470 3013 2.
1503 2989 1523 3011 l.
1537 2996 1558 3011 e.
1573 2987 1679 3011 Clauso.
