2632 3464
283 405 339 432 298

283 487 465 511 consuetum
477 481 508 511 in
521 481 746 511 examinatores
756 479 1028 510 determinancium
1039 479 1189 518 magister

282 529 471 560 Wilhelmus
491 530 602 566 Buser,
619 529 768 570 magister
779 529 937 559 Johannes
952 528 990 557 de
1008 527 1142 557 Saxonia
1158 534 1189 557 et

282 578 431 619 magister
443 579 602 609 Mercilius
619 579 658 609 de
672 577 856 618 Novimagio
869 577 897 607 V
912 576 972 606 kal.
991 577 1152 606 Februarii
1163 576 1186 612 ⁴,

281 633 314 658 et
333 628 440 657 eadem
464 627 516 658 die
537 627 653 658 electus
675 632 741 657 erat
762 626 795 656 in
815 625 1053 656 examinatorem
1076 625 1187 655 Sancte

282 675 439 706 Genovefe
453 676 602 717 magister
613 675 789 716 Heynricus
799 676 837 704 de
848 675 968 705 Beesde
978 673 1187 715 Trajectensis

281 725 438 767 dyocesis.

322 774 398 804 Item
425 774 471 804 ΙΙΙ
501 773 562 804 kal.
595 771 780 804 Februarii¹
809 783 868 813 pro
900 772 1012 803 solatio
1044 772 1187 802 habendo

281 823 404 853 suerunt
430 822 546 864 singuli
567 821 708 863 magistri
740 822 880 862 predicte
910 828 1017 852 nostre
1045 821 1186 851 nacionis

281 871 374 902 simul
385 871 566 912 congregati
577 871 608 901 in
622 871 753 911 prandio
761 871 793 901 in
805 871 924 911 palacio
937 872 1139 900 ‘rer-minorum
1156 877 1187 901 et

274 920 396 953 ¹ibidem
417 926 677 961 consumpserunt
695 926 827 960 quatuor
846 919 942 950 libras
961 920 1128 960 parisiens.
1157 926 1187 950 et

279 969 441 1000 duodecim
454 969 584 999 solidos.

321 1017 396 1048 Item
431 1019 514 1058 apud
552 1017 697 1048 Sanctum
737 1017 945 1048 Martellinum
956 1017 969 1037 ³
1002 1017 1186 1058 juraverunt

280 1067 503 1097 examinatores
517 1067 784 1097 determinantium
797 1067 979 1107 supradicti,
997 1074 1028 1097 et
1039 1067 1098 1097 hoc
1112 1067 1186 1097 11110

279 1114 350 1146 idus
366 1115 561 1146 Februarii&

318 1164 392 1205 (Fol.
417 1165 466 1204 51)
490 1164 565 1195 Item
592 1165 700 1195 eodem
724 1165 774 1194 die
798 1166 876 1195 sacta
898 1165 954 1195 fuit
977 1165 1184 1206 congregacio

278 1213 511 1250 Universitatis‚
539 1214 571 1243 in
595 1224 656 1254 qua
681 1214 928 1254 congregacione
950 1225 1006 1254 per
1027 1214 1184 1244 dominum

278 1262 494 1293 cancellarium
520 1263 766 1293 parisiensem&
786 1264 1022 1303 presentabatur
1053 1264 1183 1303 quedam

277 1311 372 1348 bulla,
391 1312 423 1342 in
438 1322 499 1352 qua
515 1312 659 1342 dominus
677 1322 757 1353 papa
773 1313 929 1343 concessit
945 1313 1064 1343 cuidam
1086 1313 1185 1352 magi-

277 1367 327 1391 tro
341 1361 522 1401 magistrata
538 1361 570 1391 in
587 1361 744 1402 theologia
758 1362 789 1391 in
802 1361 916 1402 Anglia
933 1362 971 1391 de
988 1362 1107 1392 Ordine
1123 1363 1185 1392 sra-

277 1415 357 1439 trum
368 1409 523 1440 Minorum
532 1409 557 1446 ⁸,
571 1417 722 1451 quatenus
733 1420 796 1440 non
805 1411 1001 1441 obstantibus
1008 1411 1184 1451 privilegiis

277 1458 499 1489 Universitatis
519 1459 719 1495 Parisiensis‚
738 1469 848 1500 regere
866 1466 974 1499 posset
991 1460 1022 1489 in
1043 1460 1182 1490 facultate

276 1507 433 1548 theologie
454 1507 610 1543 Parisius,
630 1509 744 1548 quibus
765 1509 878 1548 positis
902 1509 934 1538 in
955 1509 1183 1539 deliberacione

277 1556 478 1586 deliberatum
498 1557 556 1587 suit
574 1557 605 1586 in
626 1557 765 1587 facultate
785 1558 912 1592 arcium,
932 1558 1015 1597 quod
1035 1559 1183 1588 darentur

276 1605 413 1646 deputati
430 1606 468 1635 ad
483 1605 717 1635 examinandum
735 1606 836 1636 bullas
848 1613 879 1636 et
894 1607 933 1635 ad
949 1606 1182 1637 deliberandum

275 1653 409 1694 qualiter
441 1660 549 1694 postea
574 1661 658 1685 esset
684 1655 924 1695 procedendum.
954 1655 1023 1685 Alia
1051 1657 1182 1696 quedam

275 1703 448 1733 communia
467 1703 590 1734 fuerunt
612 1703 785 1744 proposita,
810 1714 871 1744 que
897 1714 959 1734 non
981 1712 1103 1744 oportet
1126 1716 1184 1746 per

275 1758 379 1792 partes
396 1752 564 1782 declarare.

315 1800 390 1831 ltem
416 1800 476 1831 ΙΙΙΙ
499 1801 568 1831 idus
591 1801 752 1832 Februarii
776 1803 1023 1843 congregacione
1043 1803 1182 1834 nacionis

274 1848 446 1890 Anglicane
459 1850 536 1880 facta
551 1850 583 1880 in
599 1850 712 1881 Sancto
726 1851 849 1881 Iuliano
864 1858 1008 1892 computo
1029 1853 1107 1882 facto
1123 1863 1181 1892 per

274 1904 467 1939 receptorem
484 1899 628 1930 omnibus
647 1900 817 1936 dementis,
839 1899 926 1942 cujus
945 1908 1108 1941 computus
1123 1901 1179 1932 suit

274 1948 475 1987 approbatus,
496 1948 584 1978 nscio
608 1949 758 1979 remansit
780 1949 841 1979 sihi
865 1950 897 1979 in
917 1949 990 1980 vl11
1010 1950 1111 1987 libris,
1136 1951 1179 1981 111

274 1995 385 2026 solidis
399 2003 431 2026 et
446 1996 506 2026 llll
519 1997 668 2028 denariis.

313 2093 389 2124 ltem
399 2094 513 2124 ibidem
522 2095 627 2125 eadem
635 2095 686 2125 die
696 2096 774 2126 saeta
783 2097 1029 2138 congregacione
1039 2098 1179 2138 predicta

273 2143 311 2172 ad
334 2143 510 2183 eligendum
534 2150 778 2184 procuratorem,
801 2146 998 2176 continuatus
1020 2147 1077 2176 fuit
1099 2147 1179 2188 magi

272 2197 338 2222 ster
357 2192 507 2222 Ricoldus
527 2193 685 2233 predictus
704 2194 743 2224 de
762 2204 916 2224 consensu
934 2195 1068 2226 omnium
1084 2197 1179 2236 magi-

273 2246 407 2271 strorum
423 2247 495 2271 tunc
508 2241 539 2271 in
552 2242 799 2283 congregacione
815 2243 1022 2274 existentium.
1041 2244 1075 2274 ln
1091 2245 1178 2285 cujus

271 2290 495 2329 procuracione
513 2297 580 2321 acta
596 2297 679 2321 sunt.

312 2337 387 2368 Item
403 2339 508 2369 eadem
523 2340 574 2370 die
592 2346 724 2381 quatuor
743 2340 821 2371 socii
837 2350 991 2382 pauperes
1009 2349 1042 2372 ut
1054 2353 1179 2374 assere-

272 2387 346 2417 bant
357 2388 573 2428 supplicabant
586 2389 707 2419 nacioni
725 2400 783 2430 pro
803 2390 986 2421 remissione
1002 2391 1177 2429 bursarum,

272 2442 303 2466 et
327 2437 406 2467 sacto
425 2436 601 2476 juramento
627 2439 711 2479 quod
738 2449 795 2469 nec
819 2439 869 2469 hic
893 2450 950 2470 nec
976 2440 1007 2470 in
1036 2442 1177 2481 partibus

272 2484 420 2516 haberent
449 2486 541 2522 bona,
567 2497 627 2527 que
651 2497 685 2517 se
709 2489 911 2518 extenderent
936 2488 1016 2519 ultra
1041 2490 1177 2520 valorem

271 2533 355 2564 XXX
379 2534 578 2571 florenorum,
605 2537 742 2567 admissa
765 2537 822 2567 fuit
849 2548 955 2567 eorum
985 2539 1177 2579 supplicacio

273 2583 331 2612 sub
345 2582 397 2613 tali
411 2584 592 2614 condicione
607 2586 691 2625 quod
708 2586 820 2616 bursas
836 2596 907 2616 suas
926 2587 1091 2623 solverent,
1109 2598 1176 2618 cum

272 2631 393 2662 fortuna
407 2632 453 2662 eis
463 2633 626 2670 arrideret,
637 2635 719 2674 quod
732 2636 890 2665 commode
904 2635 1025 2666 solvere
1037 2644 1175 2677 possent.

303 2746 326 2769 t.
359 2747 406 2771 Mn.
419 2747 548 2772 anuarii.
560 2749 590 2771 ⁹8
603 2750 733 2774 lamnam.

360 2783 406 2806 Μ’.
423 2782 552 2807 sunu-rii.
567 2784 734 2809 solanuarii.

360 2818 380 2840 Ι.
391 2825 411 2840 ε.
427 2817 595 2842 naturis-um.

361 2852 391 2875 10
405 2852 547 2877 rebe-uarii.

357 2887 516 2912 Grimsrinm
533 2889 668 2914 sonunt-ii.

302 2782 326 2910 ξ’·ἒὲδέθ

785 403 902 432 LIBER
920 402 1234 430 PROCURATORUM
1255 403 1437 430 NATIONIS
1455 404 1701 431 ANGLICANAE

1223 922 1258 948 10

1222 1167 1256 1194 15

1221 1413 1255 1439 20

1219 1659 1254 1685 25

1218 1904 1253 1931 30

1216 2149 1251 2176 35

1215 2640 1249 2666 45

2151 408 2203 434 29⁴

1297 478 1434 516 Quorum
1460 490 1570 509 nomen
1593 480 1685 520 primi
1708 487 1773 510 erat
1798 482 1954 512 Johannes
1984 484 2133 514 Dirsscka
2165 487 2203 515 de

1297 528 1434 564 Boemia‚
1450 539 1562 558 nomen
1577 530 1704 559 secundi
1722 530 1933 560 Theodericus
1950 532 2153 563 Swalnwaert
2165 536 2202 564 de

1296 577 1412 616 Leydis
1434 576 1626 618 Trajectens.
1652 579 1757 618 dyoc.,
1783 586 1813 608 et
1836 590 1946 609 nomen
1966 582 2047 610 tertii
2068 582 2201 613 Thomas

1295 626 1334 655 de
1352 626 1446 656 Cleve
1462 627 1642 657 Coloniens.
1662 628 1766 667 dyoc.,
1784 638 1895 657 nomen
1916 630 2017 669 quarti
2042 630 2203 661 Walterus

1296 674 1487 705 Ghiselberti
1502 675 1698 711 Venendaus,
1713 676 1902 717 Trajectens.
1923 679 2013 717 dyoc.

1336 724 1411 753 ltem
1439 724 1482 754 111
1521 724 1591 754 idus
1628 725 1788 755 Februarii
1815 727 2029 757 determinavit
2059 729 2203 759 dominus

1293 772 1451 803 Johannes
1476 773 1627 803 Dirsscka
1651 774 1798 810 Boemus‚
1821 775 1906 815 cujus
1930 777 2024 806 bursa
2046 777 2072 805 V
2097 778 2202 814 solidi,

1294 831 1372 862 quas
1390 822 1535 862 promisit
1556 823 1636 852 sicut
1662 823 1835 854 immediate
1857 826 2067 864 supradictum
2091 834 2148 862 est,
2173 835 2204 857 et

1294 871 1509 901 determinavit
1524 873 1582 902 suh
1596 873 1744 912 magistro
1761 873 1938 903 Hermanno
1953 876 1991 904 de
2005 875 2128 905 Hassia.

1335 919 1409 950 Item
1423 921 1529 950 eadem
1548 921 1598 950 die
1616 922 1832 952 determinavit
1850 923 1994 953 dominus
2011 924 2146 955 Thomas
2163 927 2203 956 de

1294 969 1388 999 Cleve
1401 969 1563 1000 Colonien.
1578 971 1668 1010 dyoc.
1685 972 1741 1000 sub
1753 972 1901 1011 magistro
1914 972 2071 1003 Willelmo
2087 974 2198 1011 Buser,

1294 1017 1382 1058 cujus
1402 1019 1498 1048 bursa
1519 1018 1564 1059 iiij
1589 1019 1682 1049 solidi
1709 1030 1786 1060 quas
1811 1021 1910 1051 solvet
1939 1022 2027 1052 sicud
2054 1025 2201 1063 superius

1293 1067 1480 1097 declaratum
1496 1075 1554 1098 est.

1334 1116 1409 1146 ltem
1432 1117 1538 1146 eadem
1564 1117 1614 1147 die
1638 1118 1854 1149 determinavit
1875 1120 2019 1150 dominus
2041 1121 2202 1153 Walterus

1293 1164 1483 1195 Ghiselberti
1497 1166 1680 1196 Venendaus
1694 1166 1883 1207 Traiectens.
1899 1170 1988 1208 dyoc.
2004 1170 2091 1210 cujus
2107 1172 2201 1202 bursa

1292 1213 1337 1254 iiij
1355 1214 1447 1244 solidi
1461 1216 1630 1245 secundum
1644 1217 1766 1246 modum
1783 1217 1955 1248 immediate
1970 1219 2096 1249 dictum.

1333 1263 1408 1293 ltem
1442 1264 1511 1294 XVl
1549 1265 1610 1294 kal.
1645 1265 1771 1295 Martii⁷
1807 1266 2022 1298 determinavit
2055 1269 2199 1300 dominus

1291 1312 1448 1342 lohannes
1463 1312 1595 1342 Arnoldi
1609 1314 1646 1343 de
1660 1314 1843 1355 Novimagio
1859 1315 2022 1348 Colonien.
2039 1318 2120 1347 dioc.
2139 1320 2197 1348 sub

1292 1361 1442 1402 magistro
1459 1362 1606 1392 Mercelio
1621 1364 1659 1392 de
1678 1363 1808 1403 lnghen,
1828 1363 1914 1404 cujus
1931 1366 2025 1395 bursa
2038 1366 2079 1396 IX
2093 1368 2197 1397 solidi.

1332 1409 1407 1440 Item
1439 1412 1543 1440 eadem
1570 1412 1619 1442 die
1643 1413 1858 1443 determinavit
1879 1414 2023 1444 dominus
2054 1416 2199 1447 Albertus

1291 1459 1470 1500 Tegnaghel
1478 1461 1516 1490 de
1527 1460 1712 1501 Novimagio
1723 1462 1885 1492 Colonien.
1902 1463 1996 1499 dioc.,
2008 1463 2094 1504 cujus
2105 1466 2199 1496 bursa

1292 1507 1334 1538 lx
1351 1509 1456 1539 solidi.

1332 1557 1407 1587 Item
1431 1559 1536 1588 eadem
1555 1559 1606 1588 die
1621 1560 1836 1590 determinavit
1855 1561 1999 1591 dominus
2020 1562 2198 1594 Everardus

1292 1606 1411 1646 Kemyn
1427 1606 1623 1637 Caminensis
1640 1609 1730 1648 dyoc.
1752 1610 1809 1638 sub
1834 1610 1983 1650 magistro
2002 1611 2197 1643 Theoderico

1290 1655 1458 1692 Dameron,
1477 1656 1564 1697 cujus
1583 1658 1676 1687 bursa
1691 1658 1797 1687 nichil.

1331 1705 1406 1734 Item
1425 1706 1530 1735 eadem
1547 1706 1598 1735 die
1620 1707 1835 1737 determinavit
1853 1708 1997 1738 dominus
2017 1710 2198 1741 Gherardus

1291 1753 1466 1790 Swechten‚
1486 1754 1682 1785 Caminensis
1698 1757 1788 1796 dyoc.
1811 1758 1869 1786 sub
1886 1758 2036 1798 magistro
2052 1759 2198 1790 Theodo-

1288 1803 1355 1832 rico
1371 1803 1536 1834 Dameron.
1559 1804 1708 1835 Remanet
1727 1806 1848 1835 nacioni
1866 1805 1898 1836 in
1917 1814 2049 1847 quatuor
2069 1808 2196 1839 florenis

1289 1858 1320 1882 et
1351 1853 1362 1882 1
1386 1852 1498 1888 solido,
1523 1854 1692 1883 secundum
1714 1855 1848 1895 graciam
1876 1855 1935 1885 sibi
1962 1866 2141 1887 concessam
2166 1866 2197 1889 et

1290 1901 1434 1941 superius
1450 1902 1647 1933 declaratam.

1330 1949 1404 1980 Item
1420 1952 1525 1980 eadem
1536 1951 1608 1991 [die]
1627 1953 1842 1983 determinavit
1860 1954 2004 1984 dominus
2015 1955 2197 1986 Com-ardus

1289 1998 1526 2039 Haghemeister
1569 2001 1714 2040 dyocesis
1757 2003 1917 2032 Caminen.
1956 2004 2013 2033 sub
2046 2005 2196 2045 magistro

1289 2048 1445 2088 Heynrico
1461 2049 1499 2078 de
1517 2049 1640 2086 Hassia,
1660 2049 1747 2091 cujus
1762 2052 1855 2081 bursa
1870 2058 1940 2082 octo
1954 2053 2058 2083 solidi.

1329 2097 1404 2127 Item
1425 2099 1532 2128 eodem
1556 2099 1606 2128 die
1623 2100 1838 2130 determinavit
1857 2102 2000 2131 dominus
2019 2103 2195 2142 Heynricus

1287 2147 1325 2176 de
1353 2147 1596 2178 Brandenborch
1626 2147 1799 2189 Trajecten.
1834 2150 1925 2189 dyoc.
1957 2151 2015 2180 sub
2045 2152 2194 2191 magistro

1286 2195 1456 2226 Wilhelmo
1477 2198 1589 2233 Buser,
1611 2196 1699 2238 cujus
1724 2199 1818 2230 bursa
1847 2198 1874 2228 X
1906 2199 2010 2229 solidi.
2039 2200 2195 2231 Satisfecit

1286 2245 1416 2275 bedellis
1431 2251 1462 2275 et
1478 2246 1611 2282 micioni,
1628 2247 1733 2286 posuit
1750 2247 1867 2277 literam
1881 2248 2019 2278 officialis
2031 2256 2060 2279 et
2070 2249 2193 2289 fidejus-

1288 2304 1404 2330 sorem,
1427 2300 1519 2334 prout
1538 2295 1626 2325 micio
1643 2295 1703 2325 sibi
1717 2297 1883 2326 concessit.
1902 2297 1961 2327 Et*3
1975 2304 2084 2338 postea
2099 2299 2193 2328 satis—

1287 2343 1368 2374 fecit.

1327 2392 1400 2422 Item
1421 2393 1527 2422 eadem
1545 2393 1595 2423 die
1615 2394 1830 2424 determinavit
1849 2396 1992 2425 dominus
2015 2395 2167 2426 Martinus
2180 2397 2193 2415 ⁹

1286 2441 1423 2480 Tienych
1449 2442 1487 2471 de
1508 2442 1608 2482 Aquis
1635 2443 1800 2473 Leodiens.
1827 2444 1917 2483 dyoc.
1952 2446 2009 2474 sub
2041 2445 2192 2484 magistro

1286 2490 1426 2520 Marcilio
1448 2491 1486 2520 de
1504 2490 1634 2531 lnghen,
1652 2491 1738 2532 cujus
1755 2493 1848 2522 bursa
1864 2493 1905 2522 lx
1919 2493 2020 2522 solidi.
2037 2493 2193 2523 satisfecit

1286 2539 1415 2568 bedellis
1437 2546 1467 2569 ct
1487 2540 1620 2575 nacioni,
1646 2541 1749 2580 posuit
1767 2541 1885 2571 literam
1903 2542 2041 2571 officialis
2063 2548 2092 2572 et
2116 2543 2193 2572 fide-

1280 2587 1461 2627 jussorem,·
1474 2595 1567 2628 prout
1584 2590 1671 2619 nacio
1691 2590 1751 2619 sibi
1765 2591 1931 2620 concessit.
1949 2590 2022 2620 Et⁴⁰
2043 2591 2192 2621 satisfecit

1285 2637 1438 2677 receptori
1454 2638 1484 2667 in
1503 2638 1715 2677 procuratorio
1727 2639 1864 2679 magistri
1876 2639 2060 2669 Theudorici
2076 2641 2114 2669 de
2129 2640 2189 2680 Oy.

1315 2754 1339 2776 ὅ.
1370 2753 1511 2778 Guillclmo
1528 2753 1560 2777 de
1583 2753 1668 2777 Prato.
1683 2753 1734 2777 uid.
1759 2754 1877 2778 Churtul.
1897 2754 2018 2778 Univers.
2034 2755 2127 2783 Puris..
2142 2755 2187 2783 ΙΙΙ,

1305 2792 1314 2803 0

1287 2795 1303 2811 ¹²
1317 2788 1420 2847 ῚΙΞΒΙΙΙι.
1431 2823 1500 2855 (alm
1511 2824 1657 2848 Februarii.
1674 2826 1698 2848 ΙΙι
1713 2825 1857 2848 Februarii.

1316 2860 1339 2883 8.
1373 2860 1433 2884 Et...
1453 2860 1580 2884 satisfecit
1590 2860 1642 2883 alio
1653 2860 1810 2884 charactere.

1315 2896 1339 2918 9.
1373 2895 1500 2919 Martinus
1515 2895 1635 2919 Lcodien.
1647 2899 1734 2927 ponte-a
1754 2896 1837 2919 deleta
1851 2899 1918 2920 sunt.

1318 2930 1354 2954 10.
1390 2931 1450 2954 Et...
1463 2931 1502 2963 Oy
1515 2931 1568 2954 aliu
1581 2931 1738 2955 charactere.
