2632 3464
560 11 574 22 »ς
586 8 596 19 ’-
619 2 687 16 ”“’“’“’ῗ
694 10 721 27 ,μ
729 0 833 24 'fv-37&

307 401 359 428 34¹

349 477 425 508 Item
452 478 483 507 in
506 477 556 507 die
577 477 648 506 lune
669 482 742 516 post
763 475 873 505 festum
894 473 975 503 beati
999 471 1208 502 Bar-tholomei

307 526 475 567 appostoli,
491 526 610 556 scilicet
625 525 663 555 27
678 525 728 554 die
745 524 860 554 mensis
877 522 1021 562 Augusti,
1041 522 1118 550 facta
1133 530 1209 550 con-

307 575 494 615 gregacione
523 574 663 604 nacionis
690 573 860 614 Anglicane
890 571 922 601 in
954 570 1064 611 primis
1095 570 1209 600 Nostre

308 624 440 654 Domine
461 624 543 663 apud
563 623 707 653 Sanctum
722 621 875 652 sulianum
894 629 1060 660 pauperem
1075 619 1114 648 ad
1133 628 1210 658 sup-

305 673 483 713 plicandum
500 678 531 702 et
548 671 783 712 computandum
799 675 830 700 et
846 675 1077 710 procuratorem
1095 667 1210 707 eligen—

307 722 392 758 dum,
406 722 549 752 omnibus
562 719 746 760 computatis
755 725 785 749 et
800 718 955 748 defalcatis
970 723 1113 756 receptor
1126 726 1209 746 man-

308 771 350 800 sit
365 771 486 800 nacioni
499 769 655 810 obligatus
670 769 702 798 in
719 777 775 798 sex
789 767 898 797 solidis
912 773 942 797 et
954 766 986 807 iij
1001 765 1148 796 denariis.

709 860 807 891 1369

354 934 445 966 Acta
474 932 736 975 procuratorie
766 931 938 972 magistri
970 930 1164 960 wilhelmi

618 982 661 1011 de
690 981 898 1020 Wadenoy.

345 1063 437 1094 Anno
465 1062 590 1094 Domini
619 1062 665 1092 M⁰
691 1061 787 1092 CCC⁰
811 1061 932 1096 Lxlx0,
959 1061 997 1091 27
1024 1060 1074 1090 die
1095 1060 1211 1090 mensis

307 1112 452 1153 Augusti,
472 1112 551 1142 sacta
571 1111 818 1152 congregacione
839 1110 978 1140 nacionis
1005 1110 1043 1138 ad
1067 1109 1211 1139 Sanctum

307 1161 461 1192 «lulianum
484 1170 650 1201 pauperem
667 1161 707 1190 ad
725 1160 899 1200 eligendum
923 1164 1156 1199 procuratorem
1182 1163 1213 1187 et

306 1210 492 1241 audiendum
509 1215 684 1249 compotum
703 1209 887 1248 receptoris,
911 1208 1028 1238 electus
1050 1213 1115 1237 erat
1136 1217 1213 1236 con-

308 1259 445 1290 corditer
460 1258 608 1299 magister
618 1257 806 1288 Wilhelmus
821 1258 859 1287 de
874 1256 1038 1296 Wadenoy
1051 1256 1083 1286 in
1098 1266 1213 1296 procu-

307 1314 453 1338 ratorem.
468 1307 503 1338 ln
518 1306 605 1348 cujus
617 1307 832 1348 procuratoria
844 1312 909 1336 acta
922 1312 995 1336 sunt
1007 1315 1067 1346 que
1080 1315 1213 1345 sequun-

307 1363 369 1388 tur.

275 1397 278 1400 ’
352 1406 459 1436 Primo
473 1405 562 1436 nacio
577 1405 704 1435 intravit
720 1405 827 1434 eodem
842 1404 892 1434 die
907 1405 1076 1439 tabernam,
1095 1403 1214 1434 scilicet

309 1457 352 1485 ad
363 1457 526 1486 Castellum
537 1455 617 1484 infra
630 1454 708 1484 duos
719 1460 842 1494 pontes,
854 1459 885 1483 et
896 1452 1090 1492 consumpsit
1099 1452 1213 1482 ibidem

310 1506 347 1535 17
359 1503 488 1539 solidos,
503 1505 541 1533 de
555 1503 667 1543 quibus
680 1503 852 1532 antedictus
863 1502 1010 1542 magister
1020 1501 1213 1535 Guilhelmus

309 1554 347 1583 de
356 1553 522 1592 Wadenoy
530 1562 589 1592 pro
602 1552 701 1592 prima
710 1551 933 1591 procuracione
948 1561 1004 1580 sua
1015 1550 1107 1580 solvit
1121 1560 1213 1580 unum

308 1602 457 1638 francum,
486 1607 517 1631 et
543 1607 687 1641 receptor
710 1600 880 1635 residuum,
907 1599 1025 1629 scilicet
1051 1599 1092 1629 lx
1119 1600 1214 1628 dena-

308 1651 387 1682 rios.

348 1700 421 1740 (Fol.
436 1698 491 1740 9b)
507 1698 582 1729 Item
600 1699 617 1729 7
634 1698 685 1728 die
698 1698 813 1728 mensis
830 1697 1021 1737 Septembris
1045 1698 1121 1727 facta
1138 1707 1214 1726 con-

309 1749 495 1790 gregacione
505 1747 644 1778 nacionis
654 1748 736 1787 apud
747 1747 878 1776 Sanctos
891 1746 1035 1776 cosmam
1049 1753 1079 1776 et
1089 1746 1215 1776 Damia-

308 1808 381 1828 num
396 1807 492 1838 super
508 1797 603 1827 eciam
616 1797 708 1826 modo
725 1795 870 1836 exigendi
885 1796 1021 1825 francum
1039 1805 1056 1824 a
1075 1795 1215 1835 quolibet

308 1847 425 1878 utiliter
441 1846 564 1886 signato
575 1844 605 1881 ⁴,
617 1845 736 1876 scilicet
753 1845 841 1875 sicud
862 1844 1077 1884 principaliter
1092 1844 1212 1884 petivit,

307 1896 358 1927 vel
389 1895 476 1926 sicud
504 1894 614 1936 petivit
642 1893 804 1924 reformari
815 1892 828 1912 ²
856 1893 905 1923 vel
926 1893 1035 1923 melius
1063 1893 1101 1922 ad
1125 1903 1214 1923 usum

309 1945 413 1975 nuncii
429 1944 570 1974 nacionis
583 1943 615 1973 in
631 1943 716 1973 curia
731 1953 791 1983 pro
810 1942 923 1978 rotulo,
941 1942 1060 1972 scilicet
1074 1942 1215 1982 magistri

309 1993 441 2024 Mercilii
455 1994 494 2023 de
510 1992 640 2033 inghen,
655 2002 723 2022 cum
736 1991 794 2022 hoc
806 1991 882 2021 alias
898 1997 967 2021 ante
980 1990 1046 2031 ejus
1056 2001 1214 2021 recessum

307 2043 347 2072 ad
362 2043 410 2072 sui
425 2041 686 2082 supplicacionem
700 2051 757 2081 per
772 2041 928 2070 nacionem
941 2040 1138 2070 concorditer
1150 2046 1215 2070 erat

308 2091 482 2122 ordinatum
497 2102 504 2120 ε
519 2090 721 2120 deliberatum
737 2090 794 2119 suit
810 2096 840 2120 et
851 2089 947 2120 eciam
957 2090 995 2119 ad
1006 2088 1215 2129 supplicacio-

308 2150 378 2171 nem
402 2139 544 2181 magistri
573 2138 705 2169 Arnoldi
727 2138 811 2168 Neve
833 2148 1015 2168 concessum
1039 2138 1122 2178 quod
1146 2138 1214 2178 ipse

307 2195 453 2230 tanquam
476 2194 661 2230 procurator
679 2187 866 2217 constitutus
892 2197 930 2217 ex
955 2193 1042 2227 parte
1068 2187 1214 2217 antedicti

308 2238 450 2279 magistri
470 2247 531 2268 una
547 2247 615 2267 cum
637 2236 759 2267 bedello
781 2246 906 2266 monere
927 2236 1054 2266 deberet
1073 2235 1214 2276 singulos

306 2286 396 2323 tales,
412 2293 446 2317 ut
462 2286 689 2321 satisfacerent,
708 2291 738 2315 et
755 2291 862 2315 contra
878 2285 1013 2314 rebelles
1030 2285 1211 2325 procedere,

309 2336 430 2366 scilicet
456 2335 595 2366 vocando
628 2344 730 2364 coram
762 2334 891 2364 nacione
919 2333 967 2363 vel
1002 2333 1063 2363 alio
1095 2332 1212 2373 judice,

308 2394 412 2415 coram
427 2395 489 2424 quo
501 2384 589 2414 nacio
604 2383 696 2413 vellet
709 2383 823 2413 dictum
842 2383 1022 2422 magistrum
1042 2382 1213 2412 Arnoldum

304 2433 413 2474 juvare
435 2439 581 2473 quantum
601 2432 683 2462 licite
707 2438 823 2472 posset.
855 2431 930 2461 Item
954 2441 1049 2471 super
1068 2442 1129 2461 uno
1154 2431 1214 2461 alio

309 2482 438 2512 articulo
458 2481 621 2522 proposito
639 2482 677 2511 de
695 2480 928 2510 conmutacione
948 2480 1043 2520 sigilli
1064 2490 1213 2520 procura-

308 2531 399 2567 toi-ie,
419 2530 620 2560 deliberatum
637 2530 692 2560 fuit
704 2539 760 2569 per
775 2535 847 2559 tunc
863 2535 1038 2569 presentes,
1055 2530 1139 2569 quod
1151 2540 1213 2559 non

309 2579 470 2620 expediret
495 2585 672 2610 conmutare
702 2578 854 2618 sigillum,
879 2578 940 2607 nisi
965 2578 1093 2608 nacione
1120 2589 1214 2618 super

309 2628 511 2669 sollempnius
528 2633 705 2658 convocata.

350 2677 424 2707 ltem
446 2678 482 2707 21
506 2677 555 2707 die
575 2676 691 2706 mensis
708 2675 846 2716 ejusdem
868 2676 946 2706 sacta
967 2676 1213 2716 congregacione

309 2725 448 2756 nacionis
469 2726 550 2766 apud
570 2725 715 2756 Sanctum
736 2724 923 2755 Matutinum
943 2724 1156 2765 principaliter
1175 2725 1213 2754 ad

340 2815 363 2839 1.
397 2815 425 2838 Ῑιι
438 2813 522 2839 rotulo
533 2813 640 2839 ocimu.

340 2851 364 2874 2.
399 2850 558 2882 deoquc
582 2849 737 2875 inrotatum
755 2848 823 2873 nihil
844 2849 950 2881 recepit.
973 2856 1049 2880 saepe
1074 2857 1088 2872 e
1112 2848 1213 2880 defectu

307 2885 409 2918 somne
417 2893 462 2910 sou
470 2885 612 2918 peticioni»,
628 2884 668 2909 vel
679 2885 808 2918 quiajam
822 2884 871 2909 «lii
884 2884 951 2909 idum
967 2884 1114 2915 beneficium
1128 2884 1212 2917 petie-

830 0 1278 31 w'ffswtewsswaw
1289 0 1370 16 :rw

804 399 918 426 LIBER
941 396 1254 424 PROCURATORUM
1278 395 1457 422 NATIONIS
1480 395 1723 421 ANGLICANAE

1248 918 1282 943 10

1250 1162 1283 1188 15

1250 1407 1284 1434 20

1251 1653 1285 1679 25

1251 1898 1286 1924 30

1251 2147 1285 2173 35

1251 2391 1285 2417 40

1251 2635 1285 2662 45

1372 0 1448 18 χ-μ-ξη
1458 0 1477 13 ,23
1508 0 1526 13 ᾳ
1555 0 1582 14 :³²
1591 0 1650 12 τιμῆς
1660 0 1671 7 a
1683 0 1707 16 4-
1727 0 1876 19 ³3fi*ffi51,⁹2ss4
1912 0 1924 6 ..
1950 0 1959 9 w
1973 0 2002 14 .st
2012 0 2017 5 ,
2063 0 2070 7 ,

2167 394 2219 420 342

1317 471 1492 511 eligendum
1507 477 1714 510 receptorem,
1729 471 1844 500 electus
1857 471 1912 500 suit
1923 471 2119 501 concorditer
2133 471 2218 501 nullo

1317 520 1500 550 reclamante
1515 520 1662 559 magister
1675 519 1830 549 Johannes
1845 519 1955 549 Amers
1970 520 2001 549 in
2016 527 2217 559 receptorem.

1317 569 1359 599 Et
1370 569 1483 598 ibidem
1499 568 1700 598 deliberatum
1718 569 1773 598 fuit
1789 569 1872 608 quod
1884 569 1972 598 nacio
1990 569 2048 598 iret
2060 570 2097 598 ad
2112 570 2216 598 taber-

1317 628 1398 653 nam,
1423 618 1476 647 ubi
1505 618 1638 657 expositi
1662 618 1784 647 suerunt
1811 617 1953 647 omnibus
1976 618 2159 657 computatis
2183 618 2214 647 in

1317 667 1448 707 prandio
1477 668 1539 696 duo
1561 667 1656 696 franci
1680 673 1710 696 et
1733 667 1907 706 quindecim
1934 666 2025 696 solidi
2055 677 2122 695 cum
2149 673 2218 696 octo

1318 716 1466 751 denariis,
1483 717 1521 745 de
1538 716 1651 755 quibus
1666 715 1767 745 dictus
1782 716 1929 755 magister
1944 715 2100 744 Johannes
2115 726 2220 754 recep-

1318 771 1368 795 tor
1399 765 1561 794 occasione
1591 765 1638 794 sui
1671 764 1762 794 officii
1789 765 1860 794 novi
1889 764 1981 794 solvit
2014 775 2107 793 unum
2139 765 2222 793 sran-

1319 824 1404 850 cum3
1429 814 1501 843 item
1530 824 1588 854 pro
1606 813 1743 854 jocundo
1765 813 1893 843 introitu
1918 823 1974 843 suo
1996 813 2088 842 solvit
2108 813 2221 842 ibidem

1318 863 1467 903 magister
1493 863 1649 892 Johannes
1679 862 1860 902 Zinneghen
1890 872 1983 892 unum
2012 863 2160 897 francum,
2194 869 2223 892 et

1319 912 1488 947 residuum,
1519 912 1636 942 scilicet
1669 913 1704 941 15
1732 911 1849 941 solidos
1883 921 1950 941 cum
1974 917 2043 941 octo
2074 912 2221 947 denariis,

1320 961 1413 991 solvit
1429 967 1583 1001 receptor.

1361 1010 1435 1040 Item
1457 1011 1495 1039 24
1514 1011 1564 1040 die
1581 1010 1696 1040 mensis
1719 1010 1922 1049 Septembris,
1943 1009 2060 1039 scilicet
2081 1009 2131 1039 die
2150 1009 2221 1039 lune

1320 1065 1391 1098 post
1412 1059 1521 1089 festum
1541 1060 1638 1089 sancti
1659 1059 1773 1089 Mathei
1793 1058 1936 1098 apostoli,
1959 1059 2037 1088 facta
2058 1058 2089 1087 in
2110 1058 2220 1098 primis

1320 1108 1434 1138 Nosti-e
1460 1108 1590 1138 Domine
1617 1108 1862 1148 congregacione
1888 1107 2021 1137 nationis
2049 1106 2219 1147 Anglicane

1320 1157 1358 1186 ad
1378 1157 1553 1197 eligendum
1576 1164 1818 1197 procuratorem,
1837 1157 1875 1186 ad
1897 1157 2079 1186 audiendum
2099 1166 2222 1196 compo-

1320 1212 1383 1235 tum
1409 1207 1579 1246 receptoris
1602 1212 1632 1236 et
1654 1207 1693 1235 ad
1717 1206 1951 1246 supplicandum
1973 1206 2054 1245 apud
2079 1205 2222 1235 Sanctum

1320 1254 1473 1286 sulianum
1493 1265 1670 1295 pauperem,
1688 1255 1791 1285 audito
1809 1261 1951 1295 compoto
1973 1255 2115 1284 omnibus
2136 1264 2222 1284 com-

1321 1305 1434 1344 putatis
1454 1311 1484 1334 et
1499 1304 1657 1334 defalcatis
1672 1304 1784 1334 mansit
1799 1311 1942 1344 receptor
1960 1304 2080 1334 nacioni
2102 1303 2223 1344 obliga-

1321 1360 1371 1384 tus
1389 1354 1419 1383 in
1438 1363 1492 1384 sex
1510 1353 1619 1383 solidis
1633 1359 1663 1383 et
1681 1353 1724 1383 111
1743 1353 1890 1383 denariis.

1725 1447 1743 1476 1
1748 1446 1822 1477 369

1323 1519 1455 1561 (Fbl.10)
1481 1519 1570 1549 Acta
1595 1519 1856 1558 procuratorie
1878 1518 2050 1558 magistri
2072 1518 2226 1558 Nycolai

1621 1569 1663 1597 de
1694 1568 1924 1598 Crucenaco.

1362 1649 1453 1679 Anno
1467 1649 1592 1678 Domini
1605 1648 1649 1678 Μο
1662 1647 1756 1678 CCC⁰
1767 1647 1920 1683 LXVllll,
1935 1648 2079 1678 vicesima
2090 1649 2224 1678 secunda

1322 1699 1372 1728 die
1395 1698 1511 1728 mensis
1533 1698 1690 1732 Octobris,
1716 1698 1794 1727 sacta
1816 1698 2063 1737 congregacione
2086 1698 2223 1727 nacionis

1322 1747 1493 1787 Anglicane
1508 1747 1590 1786 apud
1605 1746 1749 1775 Sanctum
1766 1746 1918 1776 Julianum
1936 1756 2101 1786 pauperem
2117 1747 2156 1775 ad
2169 1746 2226 1775 eli-

1323 1797 1456 1836 gendum
1478 1801 1710 1835 procuratorem
1732 1802 1762 1824 et
1782 1796 1821 1824 ad
1840 1795 2024 1825 audiendum
2047 1801 2221 1835 computum

1323 1845 1494 1884 receptoris
1510 1845 1591 1874 etad
1609 1844 1861 1884 supplicandum,
1880 1845 1995 1874 electus
2013 1845 2068 1874 suit
2089 1854 2219 1874 concor-

1322 1895 1403 1924 diter
1415 1894 1563 1934 magister
1579 1893 1733 1932 Nycolaus
1747 1893 1821 1923 Grel
1833 1894 1871 1923 de
1890 1893 2079 1929 Crucenaco,
2092 1894 2123 1922 in
2133 1893 2221 1933 cujus

1323 1943 1535 1983 procuratoria
1547 1949 1612 1972 acta
1625 1948 1697 1972 sunt
1712 1953 1771 1982 que
1788 1949 1969 1982 sequuntur.

1363 1992 1469 2022 Primo
1489 1992 1595 2021 eadem
1613 1991 1663 2021 die
1683 1991 1738 2021 fuit
1758 1992 1954 2021 concorditer
1974 1991 2175 2021 deliberatum
2196 1992 2226 2021 in

1322 2041 1450 2071 nacione
1467 2040 1551 2070 nullo
1570 2040 1752 2070 reclamante
1773 2041 1817 2070 ire
1840 2041 1877 2070 ad
1896 2041 2064 2076 tabernam,
2083 2041 2135 2070 ubi
2152 2051 2226 2081 pre-

1323 2090 1402 2120 fatus
1429 2090 1578 2130 magister
1600 2089 1755 2129 Nycolaus
1784 2089 1996 2130 principaliter
2018 2090 2109 2119 solvit
2131 2100 2223 2119 unum

1323 2139 1458 2169 francum
1475 2149 1532 2178 pro
1546 2138 1645 2178 prima
1657 2138 1724 2179 ejus
1735 2139 1969 2178 procuracione.
1984 2145 2014 2168 et
2028 2149 2085 2179 pro
2100 2139 2226 2169 residuo

1323 2187 1415 2218 solvit
1439 2187 1597 2228 predictus
1628 2188 1776 2228 magister
1805 2188 1884 2217 duos
1913 2188 2012 2223 albos,
2041 2194 2070 2217 et
2098 2188 2228 2228 quilibet

1322 2237 1451 2267 aliorum
1467 2237 1685 2276 magistrorum
1700 2237 1836 2276 predicte
1854 2237 1992 2266 nacionis
2009 2237 2121 2266 ibidem
2141 2238 2226 2266 exis-

1322 2286 1454 2316 tencium
1468 2285 1560 2316 solvit
1575 2286 1669 2315 eciam
1682 2286 1760 2315 duos
1773 2285 1871 2321 albos,
1890 2286 1933 2315 sic
1949 2286 2031 2325 quod
2044 2292 2115 2315 tunc
2129 2285 2223 2315 nichil

1323 2341 1512 2375 receptorem
1529 2334 1649 2364 solvere
1667 2335 1838 2375 oportebat.
1854 2334 1887 2364 ln
1903 2345 1961 2374 qua
1976 2335 2223 2374 congregacione

1323 2384 1495 2414 ordinatum
1511 2384 1566 2413 fuit
1580 2393 1637 2423 per
1651 2383 1816 2423 magistros
1830 2390 1901 2413 tunc
1915 2384 2027 2413 ibidem
2044 2384 2223 2418 existentes,

1323 2433 1405 2472 quod
1425 2433 1455 2462 in
1475 2433 1616 2472 proxima
1638 2433 1688 2462 die
1706 2433 1846 2472 sequenti
1859 2432 1883 2467 ³,
1907 2433 1936 2461 in
1962 2443 2021 2472 qua
2043 2434 2093 2461 fiet
2111 2443 2225 2467 sermo,

1323 2482 1405 2521 quod
1436 2491 1543 2511 omnes
1572 2482 1712 2521 magistri
1744 2482 1880 2520 predicte
1908 2482 2046 2511 nacionis
2078 2482 2227 2510 deberent

1322 2530 1425 2560 vocari
1453 2540 1510 2570 per
1538 2529 1710 2570 juramenta
1739 2540 1844 2560 eorum
1880 2531 1916 2560 ad
1949 2530 2225 2570 congregacionem

1322 2579 1477 2609 dumtaxat
1495 2579 1533 2608 ad
1549 2579 1752 2608 ordinandum
1770 2580 1807 2608 de
1828 2579 1916 2608 libris
1932 2579 2051 2608 nacioni
2067 2579 2221 2618 obligatis.

1363 2627 1437 2657 ltem
1462 2628 1501 2657 28
1523 2628 1572 2657 die
1596 2629 1710 2657 mensis
1730 2628 1860 2668 predicti
1882 2628 1958 2657 sacta
1982 2628 2226 2667 congregacione

1322 2676 1460 2707 nacionis
1483 2677 1564 2716 apud
1580 2677 1724 2706 Sanctum
1748 2677 1949 2706 Mar-turinum
1970 2677 2006 2706 ad
2022 2677 2224 2706 ordinandum

1322 2726 1360 2755 de
1379 2726 1576 2766 pignoribus,
1598 2725 1741 2755 videlicet
1760 2726 1797 2755 de
1816 2725 1903 2754 libris
1927 2725 2047 2754 nacioni
2067 2725 2224 2765 obligatis,

1322 2817 1390 2838 rane.
1406 2814 1593 2845 Comequenler
1604 2813 1702 2837 rotulus
1718 2822 1729 2837 (ι
1741 2814 1895 2845 reformatus
1913 2821 1924 2836 υ
1938 2816 1982 2841 αι,
2001 2813 2073 2845 cujac
2085 2812 2224 2845 exemplum

1322 2848 1348 2873 in
1361 2849 1479 2873 Churtul.
1497 2849 1542 2876 ΠΙ,
1556 2854 1583 2872 n·
1596 2849 1665 2872 1308.

1353 2886 1375 2908 3.
1411 2886 1465 2908 Non
1486 2885 1516 2908 28
1537 2884 1661 2913 Octobris,
1684 2884 1730 2907 ned
1749 2885 1779 2907 2⁸
1799 2884 1923 2913 Octobris,
1943 2883 1968 2907 in
1988 2884 2053 2915 sesto
2069 2883 2179 2908 Simonis
2202 2886 2227 2907 ot

1321 2920 1413 2948 Iudae,
1425 2928 1476 2951 qua
1486 2919 1529 2943 die
1538 2928 1619 2943 nermo
1630 2920 1689 2950 suit,
1703 2919 1764 2951 quia
1775 2918 1904 2943 dominum
1918 2923 1982 2944 eme.
