2632 3464
1648 0 1674 7 ¹⁹·
1714 3 1726 14 ’.ι
1740 0 1998 27 ‘³‘{²⁸”'*⁴?‘⁷l⁷'',''¹{'3‘'-¹{Yrr}-·
2024 13 2034 19 ,,
2054 13 2058 16 ,
2078 7 2107 27 Γ,

422 437 469 463 691
966 434 1188 460 ΑΗΟΤΑΒΙΠΜ
1210 433 1469 460 CHARTULARII
1488 434 1662 461 UNIVERS.
1684 435 1801 461 PARIS.
2290 439 2343 466 692

462 514 541 542 Item
563 513 677 552 incepit
694 511 904 541 Theodericus
922 512 959 540 de
978 511 1131 549 Schydam
1151 511 1208 539 sub
1228 510 1327 550 magi-

424 569 488 592 stro
511 562 623 601 Egidio
643 562 751 596 Jutfas‚
771 559 857 598 cuius
878 562 972 589 bursa
987 559 1044 589 VII
1062 560 1164 594 solidi,
1183 560 1210 588 11
1231 560 1326 588 dena-

420 622 539 690 ¹'uitem
559 660 674 699 incepit
690 658 900 688 Theodericus
919 659 956 687 de
977 656 1244 700 s'Gravensande⁴
1268 658 1325 686 sub

423 710 569 749 magistro
589 709 712 748 Egidio,
733 707 819 747 cujus
842 709 936 736 bursa
956 707 1011 736 VII
1033 706 1136 741 solidi,
1159 707 1178 735 8
1193 706 1323 735 denarii.

460 759 534 788 ltem
557 758 672 796 incepit
699 757 852 786 Henricus
876 756 983 785 Bomel
1007 757 1064 785 sub
1089 757 1212 790 eodem,
1239 754 1325 795 cujus

418 808 512 836 bursa
526 807 566 836 Vl
581 807 683 836 solidi.

460 857 534 886 ltem
558 855 760 885 Gwilhelmus
789 856 827 884 de
855 853 1095 883 Schonbrenehe
1120 854 1178 883 sub
1204 854 1323 889 eodem,

421 905 508 945 cujus
524 907 618 934 bursa
630 905 656 933 V
671 904 774 934 solidi.

461 956 536 984 Item
550 954 729 983 licenciatus
741 959 788 982 est
798 953 953 992 Nycolaus
966 953 1004 981 de
1015 952 1224 986 Monikedam‚
1236 950 1324 991 cujus

419 1005 513 1033 bursa
528 1004 545 1032 4
561 1003 632 1032 albi.

459 1053 532 1082 Item
549 1052 726 1081 licenciatus
742 1058 789 1081 est
804 1051 1007 1081 Gwilhelmus
1024 1051 1061 1079 de
1077 1050 1250 1079 Blacborne
1266 1051 1323 1079 sub

417 1103 564 1141 magistro
582 1101 693 1141 Egidio
712 1101 821 1135 Jutfas,
837 1099 923 1140 cujus
941 1101 1035 1129 bursa
1050 1101 1067 1128 5
1090 1099 1192 1128 solidi.

458 1151 531 1180 Item
557 1150 736 1179 licenciatus
761 1156 808 1178 est
826 1149 983 1178 Johannes
1004 1149 1072 1178 Wit
1094 1150 1152 1178 sub
1174 1149 1323 1188 magistro

416 1200 528 1240 Egidio
543 1200 651 1234 Jutfas,
667 1198 753 1238 cujus
766 1200 860 1228 bursa
872 1198 928 1227 VII
942 1198 1045 1227 solidi.

457 1250 530 1278 Item
560 1249 738 1277 licenciatus
766 1254 812 1277 est
838 1247 1041 1277 Gwilhelmus
1073 1247 1202 1282 Sebald,
1235 1246 1322 1287 cujus

415 1299 508 1327 bursa
523 1298 562 1327 VI
579 1297 682 1326 solidi.

456 1347 529 1376 Item
551 1346 666 1385 incepit
682 1346 885 1375 Gwilhelmus
905 1347 942 1375 de
959 1346 1131 1375 Blacborne
1148 1347 1205 1375 sub
1224 1346 1322 1385 magi-

414 1403 479 1426 stro
495 1396 607 1435 Egidio
620 1397 730 1430 Jutfas,
748 1395 833 1434 cujus
849 1397 942 1424 bursa
955 1395 981 1423 V
994 1395 1098 1424 solidi.

456 1446 530 1474 Item
554 1445 669 1484 incepit
690 1445 844 1473 Johannes
862 1445 930 1474 Wit
952 1445 1009 1473 sub
1032 1445 1138 1473 eodem
1158 1444 1318 1484 magistro,

417 1494 503 1534 cujus
518 1496 613 1523 bursa
629 1494 685 1523 Vll
704 1494 806 1523 solidi.

818 1589 835 1616 1
841 1588 916 1617 394

467 1659 1074 1699 (Pol.14¹³)Actainprocu1-at0ria
1090 1659 1262 1699 magistri

646 1708 881 1737 Johannisde
900 1708 1079 1738 Moravia.

451 1789 485 1818 ln
501 1789 746 1828 congregacione
764 1789 902 1817 nacionis
923 1787 1093 1828 Anglicane
1111 1788 1185 1817 hora
1202 1789 1317 1828 prima-

412 1849 477 1867 rum
501 1839 582 1877 apud
607 1838 749 1867 Sanctum
771 1838 957 1866 Maturinum
978 1848 1058 1866 anno
1079 1838 1203 1866 Domini
1227 1839 1314 1874 1394,

410 1888 428 1918 6
451 1887 500 1916 die
518 1887 602 1921 Maii,
622 1897 716 1926 super
736 1887 856 1915 duobus
878 1887 1016 1915 articulis
1034 1886 1236 1916 deliberatum
1256 1893 1314 1916 est.

411 1937 534 1965 Primus
553 1943 618 1965 erat
635 1937 672 1964 de
693 1936 842 1965 electione
858 1936 1079 1974 procuratoris.
1099 1936 1138 1965 Et
1155 1937 1316 1966 continua-

411 1992 460 2014 tus
478 1992 525 2014 est
544 1985 692 2024 magister
708 1985 865 2014 Johannes
884 1991 914 2014 et
928 1984 1054 2014 electus.
1075 1986 1120 2014 2¹¹³
1137 1986 1174 2014 de
1194 1985 1316 2025 suppli-

411 2034 599 2063 cacionibus.
616 2035 655 2063 Et
670 2035 746 2063 facta
761 2034 816 2063 fuit
827 2034 946 2063 mencio
961 2035 999 2063 de
1016 2035 1095 2063 sutro
1108 2034 1196 2073 virge
1210 2035 1315 2064 nacio-

409 2084 473 2118 nis,
499 2090 529 2112 et
553 2083 661 2112 iterum
691 2089 802 2112 tactum
830 2089 877 2112 est
904 2089 937 2112 ut
962 2083 1099 2112 adIretur
1127 2084 1235 2123 regina
1258 2094 1315 2123 per

409 2133 581 2161 nacionem.
600 2134 637 2161 Et
653 2132 777 2171 placuit,
795 2138 852 2161 etc.

451 2182 523 2210 Item
544 2181 722 2210 licenciatus
743 2187 790 2210 est
809 2182 951 2211 dominus
968 2181 1124 2210 Johannes
1144 2182 1288 2211 Bonrode
1300 2181 1312 2200 ²

409 2232 465 2260 sub
482 2231 630 2270 magistro
647 2230 760 2269 Egidio
777 2230 886 2265 Jutsas‚
909 2229 995 2269 cujus
1015 2231 1109 2259 bursa
1126 2230 1181 2260 V11
1207 2231 1310 2260 solidi.

448 2279 522 2308 Item
543 2279 658 2318 incepit
675 2279 818 2308 dominus
837 2279 993 2308 Johannes
1015 2280 1159 2308 Bonrode
1177 2281 1234 2309 sub
1249 2290 1312 2309 ma-

406 2329 505 2367 gistro
526 2328 637 2367 Egidio
650 2329 758 2363 Jutfas,
774 2327 860 2367 cujus
875 2330 969 2357 bursa
982 2328 1037 2357 Vll
1053 2328 1156 2359 solidi.

449 2378 523 2406 Item
534 2378 650 2416 incepit
662 2378 804 2406 dominus
818 2377 973 2416 Nycolaus
984 2378 1022 2406 de
1038 2377 1239 2406 Monekedam
1253 2379 1312 2408 sub

406 2426 556 2465 magistro
574 2426 713 2455 Arnoldo
730 2426 865 2461 Utwike,
879 2425 964 2465 cujus
982 2427 1076 2455 bursa
1093 2426 1161 2455 XVI
1181 2427 1310 2456 denarii.

447 2475 520 2503 Item
548 2482 656 2514 quarta
677 2475 749 2504 Julii
771 2475 885 2504 indicta
906 2475 1153 2514 congregacione
1175 2476 1311 2515 generali

406 2523 626 2553 Un1ve1·sitatis
648 2525 729 2563 apud
754 2524 897 2553 Sanctum
919 2524 1116 2559 Maturinum,
1141 2524 1193 2554 ubi
1216 2525 1310 2554 eciam

406 2572 520 2601 indicta
547 2580 611 2602 erat
633 2573 838 2613 congregacio
858 2573 1006 2607 nacionis,
1028 2573 1166 2602 nacionis
1186 2574 1311 2612 quidem

405 2622 440 2649 ad
463 2623 701 2660 computandum
726 2632 781 2661 per
805 2622 985 2661 magistrum
1004 2622 1148 2661 Egidium
1166 2629 1307 2661 recepto-

405 2679 467 2697 rem
492 2676 521 2698 et
546 2671 584 2699 ad
607 2671 852 2710 supplicandum.
880 2670 1077 2709 Computavit
1100 2677 1254 2710 receptor,
1281 2678 1310 2701 et

405 2719 550 2747 remansit
567 2720 710 2749 omnibus
732 2720 914 2759 computatis
932 2726 962 2748 et
977 2720 1211 2758 discomputatis
1229 2721 1309 2750 obli-

404 2773 492 2805 gatus
508 2768 537 2795 in
553 2769 794 2808 quadraginta...
811 2768 900 2798 libris
914 2768 1080 2807 parisiens.

445 2815 517 2843 Item
545 2816 577 2844 in
602 2819 706 2846 eadem
734 2817 979 2857 congregacione
1006 2817 1142 2856 quinque
1168 2817 1308 2858 magistri

435 2895 456 2917 1.
492 2897 537 2917 Ms.
553 2897 776 2922 Schravensnnde.

434 2934 455 2956 2,
496 2932 548 2955 Vid.
563 2933 594 2956 de
609 2933 662 2964 ipso
676 2934 754 2964 infra.

435 2972 456 2992 3.
491 2971 520 2992 25
531 2969 601 2992 Iulii.

1361 959 1396 984 10

1360 1206 1394 1231 15

1358 1451 1392 1477 20

1355 1697 1389 1723 25

1353 1943 1387 1968 30

1350 2189 1384 2214 35

1349 2435 1383 2460 40

1437 510 1596 541 solverunt
1611 522 1667 551 pro
1686 512 1784 551 prima
1800 513 2023 551 procuratoria,
2037 523 2168 552 quorum
2182 524 2261 545 unus
2277 515 2341 545 sci-

1436 560 1508 589 licet
1523 561 1671 600 magister
1683 561 1870 590 Wilhelmus
1889 562 1926 590 de
1940 561 2141 592 Scoenbreuk
2157 563 2343 602 supplicavit

1435 609 1568 645 nacioni,
1582 610 1726 649 quatinus
1740 610 1800 639 sibi
1813 617 1977 650 prestaret.
1990 610 2031 640 Et
2042 611 2130 641 nacio
2143 612 2249 642 annuit
2263 623 2339 652 sup-

1435 658 1600 698 plicacioni
1623 658 1689 699 ejus
1714 660 1745 688 in
1767 660 1905 694 taberna,
1923 660 1954 689 in
1974 670 2035 700 qua
2054 659 2228 700 hujusmodi
2251 671 2341 701 pecu-

1434 708 1484 736 nia
1507 708 1562 737 fuit
1581 715 1772 748 consumpta.
1798 709 1837 738 Et
1856 709 1999 739 dominus
2018 716 2161 748 receptor
2179 716 2285 749 preter
2306 711 2341 740 il·

1434 756 1496 786 lum
1510 758 1646 787 francum
1662 758 1785 787 nomine
1801 758 1941 788 nacionis
1954 758 2048 788 solvit
2056 758 2114 788 XII
2126 759 2256 794 solidos,
2269 760 2342 799 quia

1434 807 1608 846 consumpti
1638 808 1751 845 era[n]t
1783 807 1809 836 V
1840 808 1935 837 franci
1946 830 1953 842 ‚
1980 807 2038 837 Xll
2072 808 2175 837 solidi.
2210 809 2342 839 Nomina

1432 865 1507 884 vero
1528 855 1716 885 solvencium
1734 856 1863 886 aliorum
1885 856 1970 885 11110‘
1986 863 2058 886 sunt
2075 857 2223 897 magister
2236 857 2340 896 W[al-

1433 905 1529 943 terus]
1550 905 1719 934 Forestarii
1737 905 1886 935 Scotus...
1907 905 1969 946 (sic)

1474 954 1548 983 Item
1565 954 1818 994 supplicaverunt
1835 956 1907 990 duo,
1924 955 2064 984 bedellus
2085 955 2203 984 scilicet
2220 962 2250 985 et
2264 956 2339 985 sub-

1433 1003 1584 1037 bedellus,
1606 1004 1690 1042 quod
1711 1003 1799 1032 nacio
1818 1004 1912 1033 vellet
1933 1004 1978 1033 eis
1994 1005 2093 1033 facere
2112 1004 2244 1043 aliquam
2266 1015 2340 1044 gra-

1432 1052 1508 1081 ciam
1532 1052 1712 1091 specialem,
1744 1059 1774 1082 et
1794 1059 1926 1092 protunc
1953 1053 2144 1093 supplicacio
2174 1053 2229 1083 fuit
2247 1053 2340 1083 dilata

1431 1111 1529 1140 usque
1545 1102 1583 1130 ad
1598 1108 1669 1141 post
1686 1108 1860 1141 compotum
1878 1102 2060 1141 receptoris.

1473 1151 1546 1179 Item
1560 1151 1592 1179 in
1608 1151 1685 1180 festo
1699 1151 1796 1180 sancti
1811 1151 1825 1180 J
1831 1151 1918 1180 acobi
1929 1150 1941 1169 ³
1956 1151 2072 1180 indicta
2092 1152 2338 1191 congregacione

1430 1199 1568 1239 generali
1585 1200 1667 1238 apud
1684 1199 1829 1229 Sanctum
1847 1200 2039 1230 Bernardum
2052 1206 2082 1229 et
2096 1201 2191 1230 eciam
2210 1211 2338 1241 congre-

1431 1249 1560 1288 gacione
1581 1249 1732 1284 nacionis,
1749 1249 1943 1288 propositum
1962 1255 2027 1279 erat
2043 1250 2081 1278 de
2099 1249 2220 1279 bedello
2243 1250 2337 1279 studii

1432 1298 1630 1327 Coloniensis
1641 1297 1666 1332 ⁴,
1683 1299 1766 1337 quod
1783 1298 1871 1327 nacio
1886 1298 1990 1328 multis
2006 1298 2130 1327 attentis
2147 1299 2259 1328 faceret
2280 1298 2338 1328 ali-

1431 1357 1520 1386 quam
1544 1347 1744 1376 curialitatem
1765 1347 1880 1382 eidem,
1900 1354 1929 1376 et
1944 1347 2072 1376 maxime
2088 1348 2171 1387 quod
2190 1348 2337 1378 invitare-

1430 1402 1490 1431 tur,
1508 1396 1626 1425 scilicet
1641 1397 1723 1435 quod
1742 1396 1841 1425 solum
1857 1402 1963 1425 essent
1978 1402 2138 1435 presentes
2156 1396 2188 1425 in
2204 1397 2336 1436 prandio

1429 1445 1567 1474 officiarii
1584 1445 1723 1475 nacionis
1743 1451 1773 1474 et
1789 1446 1851 1474 duo
1872 1445 2013 1475 seniores
2033 1445 2173 1485 magistri
2196 1445 2336 1476 nacionis

1428 1495 1467 1523 ad
1489 1495 1659 1524 faciendum
1683 1494 1743 1523 sibi
1772 1495 1892 1524 festum.
1918 1494 1957 1523 Et
1985 1501 2116 1534 protunc
2137 1494 2235 1534 major
2261 1505 2336 1534 pars

1428 1544 1506 1572 bene
1521 1544 1672 1573 voluisset
1691 1544 1774 1583 quod
1794 1544 1919 1573 daretur
1938 1543 1998 1572 sibi
2018 1543 2143 1583 aliquod
2162 1543 2335 1574 clenodium

1428 1593 1466 1622 de
1492 1593 1628 1632 quinque
1648 1592 1696 1622 vel
1715 1603 1769 1622 sex
1792 1592 1922 1628 francis3
1943 1593 2045 1622 minor
2062 1603 2137 1622 vero
2158 1602 2232 1632 pars
2251 1593 2336 1632 quod

1428 1642 1603 1681 prandium.

1468 1691 1542 1720 Item
1558 1691 1670 1720 bedelli
1687 1691 1940 1730 supplicaverunt
1953 1691 2035 1730 quod
2053 1691 2140 1720 nacio
2156 1690 2335 1721 subveniret

1426 1740 1472 1770 eis
1490 1740 1521 1769 in
1541 1740 1655 1780 aliquo.
1675 1740 1714 1769 Et
1731 1740 1786 1769 fuit
1805 1750 1986 1769 concessum
2007 1750 2074 1769 cum
2093 1740 2332 1778 protestacione‚

1426 1790 1508 1829 quod
1531 1799 1593 1818 non
1614 1789 1788 1818 traheretur
1810 1789 1841 1818 in
1864 1789 2131 1828 consequenciam.
2154 1789 2227 1818 Item
2250 1789 2332 1828 quod

1426 1835 1548 1874 quando
1564 1844 1662 1863 annus
1682 1840 1765 1863 esset
1780 1835 1966 1868 fructuosus,
1986 1839 2019 1863 ut
2038 1834 2278 1873 supersederent
2294 1834 2332 1864 de

1426 1883 1629 1923 supplicando
1646 1884 1701 1912 sic.

1466 1933 1587 1962 Deinde
1603 1933 1652 1962 die
1673 1933 1814 1972 sequenti
1833 1932 1947 1961 indicta
1966 1931 2211 1971 congregacione
2235 1941 2332 1971 gene-2

1425 1982 1481 2011 rali
1495 1982 1633 2011 nacionis
1651 1983 1732 2021 apud
1749 1981 1893 2011 Sanctum
1911 1981 2109 2015 Maturinum,
2126 1981 2198 2020 quia
2214 1980 2331 2010 locum-

1423 2038 1532 2061 tenens
1549 2031 1759 2070 procuratoris
1780 2031 1810 2063 in
1830 2030 1974 2059 absencia
1995 2029 2206 2069 procuratoris
2228 2029 2331 2059 credi-⁴

1423 2082 1468 2110 dit
1490 2081 1603 2110 habere
1625 2076 1832 2114 concordiam,
1851 2079 2016 2118 proposuit
2030 2078 2213 2118 copulative,
2228 2085 2330 2108 utrum

1422 2130 1558 2170 placeret
1589 2130 1672 2169 quod
1706 2129 1854 2158 haberent
1887 2127 2049 2167 prandium
2081 2134 2111 2156 et
2143 2127 2333 2171 clenodium,

1422 2185 1535 2208 attenta
1547 2179 1773 2208 deliberacione
1787 2178 1848 2207 diei
1863 2177 2068 2216 precedentis,
2081 2183 2111 2206 et
2120 2183 2235 2206 attento
2246 2177 2329 2216 quod

1424 2229 1536 2268 placuit
1551 2228 1693 2257 omnibus
1707 2228 1789 2266 quod
1805 2227 1893 2268 'fieret
1907 2226 1966 2255 sibi
1983 2225 2115 2264 [bedello
2131 2226 2256 2264 Colon.]
2274 2236 2328 2255 cu-

1422 2278 1550 2306 rialitas.
1581 2276 1620 2305 Et
1640 2283 1771 2315 protunc
1787 2286 1848 2305 non
1871 2275 1926 2304 fuit
1946 2274 2122 2310 concordia,
2139 2275 2195 2303 sed
2217 2274 2328 2304 iterum

1423 2326 1520 2366 major
1532 2336 1605 2365 pars
1619 2326 1674 2354 fuit
1690 2335 1746 2364 pro
1762 2325 1916 2359 clenodio,
1932 2324 2037 2363 paucis
2055 2323 2258 2352 existentibus
2270 2333 2327 2362 pro

1421 2376 1479 2405 alia
1508 2382 1594 2414 parte
1624 2381 1653 2404 et
1687 2380 1875 2413 protestante
1904 2374 1941 2402 de
1968 2372 2163 2412 appellando,
2196 2382 2327 2411 quorum

1422 2424 1518 2464 major
1540 2434 1613 2463 pars
1635 2423 1733 2452 adhuc
1756 2423 1811 2452 fuit
1833 2433 1890 2462 pro
1915 2422 2056 2461 prandio.
2079 2421 2118 2450 Et
2143 2427 2231 2456 tunc,
2255 2421 2328 2460 quia

1420 2484 1481 2503 non
1497 2480 1562 2502 erat
1575 2473 1740 2502 concordia
1756 2472 1786 2500 in
1801 2471 1904 2510 aliquo
1916 2477 2011 2505 certo,
2027 2477 2057 2499 et
2064 2476 2165 2499 tamen
2178 2471 2215 2499 ad
2226 2469 2326 2509 cujus-

1420 2523 1495 2552 libet
1509 2521 1767 2551 deliberacionem
1785 2521 1971 2559 sequebatur
1984 2519 2065 2558 quod
2080 2519 2196 2558 aliquid
2213 2519 2300 2549 fieret
2317 2531 2323 2548 :

1419 2572 1628 2601 locumtenens
1641 2569 1853 2610 procuratoris
1865 2568 2017 2598 conclusit
2028 2568 2225 2597 concordiam
2241 2568 2329 2606 dum-3

1418 2627 1500 2650 taxat
1520 2621 1552 2650 in
1574 2620 1647 2655 hoc,
1669 2620 1753 2658 quod
1773 2619 1860 2647 fieret
1884 2617 1944 2647 sibi
1965 2617 2068 2656 aliqua
2089 2617 2245 2646 curialitas
2268 2627 2326 2656 per

1419 2670 1589 2699 nacionem.

1460 2719 1531 2758 (Fol.
1551 2718 1596 2757 15)
1608 2718 1733 2748 *Deinde
1750 2726 1825 2746 vero
1843 2716 1957 2746 indicta
1977 2715 2223 2754 congregacione
2242 2715 2324 2754 apud

1419 2767 1563 2799 Sanctum
1577 2767 1763 2796 Maturinum
1776 2764 2008 2798 Universitatis,
2021 2764 2115 2793 eciam
2131 2764 2244 2802 indicta
2259 2769 2325 2804 erat

1417 2816 1557 2845 nacionis
1574 2825 1629 2855 per
1641 2814 1847 2854 juramentum
1867 2814 1904 2842 ad
1922 2813 2094 2842 habendum
2113 2812 2320 2847 concordiam;

1447 2897 1470 2919 4.
1504 2897 1559 2927 Ipse
1574 2894 1687 2926 portauit
1705 2893 1816 2917 Parisios
1835 2892 1968 2924 epistolam
1985 2895 2090 2915 rectori-5
2105 2895 2128 2916 ει
2146 2891 2322 2916 Universicatis

1417 2931 1495 2955 studii
1507 2930 1679 2956 Coloniensis,
1691 2929 1739 2952 hoc
1753 2937 1828 2956 anno,
1841 2928 1891 2951 Iul.
1901 2930 1924 2956 5,
1937 2928 1972 2951 ad
1985 2928 2177 2951 Universitatem
2189 2927 2271 2950 Pati-r.
2285 2926 2318 2950 de

1415 2966 1536 2990 ecelesiae
1546 2966 1639 2989 unione
1651 2964 1781 2989 directam.
1800 2963 1854 2987 Vid.
1868 2963 1988 2988 Churtul.
2002 2964 2046 2992 ΙΙΙ,
2061 2963 2094 2987 de
2105 2962 2255 2987 Schismato.
