2632 3464
284 445 336 472 417

285 521 384 552 fuerat
397 531 504 551 eorum
525 519 703 555 concordie,
718 528 814 559 super
828 528 888 559 qua
901 524 1002 548 tamen
1022 516 1192 556 nequibant

285 570 367 600 inter
383 580 417 600 se
430 570 624 600 concordari.
642 568 683 599 Et
696 569 810 598 ibidem
825 568 863 597 de
876 566 1034 596 voluntate
1050 564 1190 594 nacionis

285 618 420 659 eligebat
444 625 574 659 uterque
601 619 680 648 dnos
708 618 747 647 de
776 616 916 650 nacione,
935 621 966 645 et
993 614 1039 644 illi
1059 620 1192 654 quatuor

283 674 444 708 assumpto
454 669 486 698 5⁰
495 667 639 698 similiter
649 665 836 696 indifferenti
849 664 1090 698 arbitrabantur,
1107 663 1191 703 quod

279 715 414 757 jactibus
434 716 565 747 talorum
589 715 724 746 fortuitis
748 713 832 744 scole
857 713 1059 754 partirentur.
1091 712 1132 741 Et
1150 712 1192 741 ita

283 765 396 795 factum
417 770 475 795 est.
500 764 540 794 Et
565 764 714 804 magister
739 762 874 792 Thomas
901 762 1037 792 lucratus
1062 767 1110 790 est
1139 770 1191 790 eas

284 820 369 844 sorte
383 823 442 854 pro
457 812 600 853 sequenti
612 822 693 842 anno
708 812 747 841 ab
762 811 852 841 initio
864 811 968 851 magni
984 809 1144 840 ordinarii.

325 862 401 893 Item
416 861 552 903 ejusdem
563 861 680 891 mensis
690 860 835 890 XXVIII·
851 860 901 890 die
916 860 1033 899 incepit
1048 858 1192 888 dominus

284 912 433 952 magister
450 910 607 941 Johannes
627 909 802 940 Caelwaert
816 909 874 939 sub
891 909 1040 949 magistro
1057 908 1193 938 Henrico

283 961 323 990 de
339 959 468 996 Tbenis,
482 958 570 999 cujus
585 959 680 989 bursa
694 958 735 987 Vl
755 958 859 988 solidi.

692 1051 790 1082 1372

303 1124 393 1155 Acta
438 1130 524 1154 sunt
570 1123 635 1153 hec
670 1129 839 1163 tempore
878 1123 1173 1163 procuracionis

432 1172 626 1213 Nycholay
661 1172 788 1202 Stoter
823 1172 868 1201 de
895 1171 1040 1201 Gouda.

322 1252 413 1283 Anno
435 1253 561 1283 Domini
583 1252 629 1282 Μ’)
646 1251 742 1282 CCC⁰
755 1251 894 1287 Lxxw,
911 1252 1027 1281 mensis
1046 1251 1193 1282 Octobris

283 1302 334 1332 die
349 1301 445 1337 XXb,
462 1302 540 1332 facta
557 1301 804 1341 congregacione
816 1301 956 1331 nacionis
969 1299 1142 1341 Anglicane
1160 1301 1192 1330 in

284 1350 398 1381 Sancto
414 1350 536 1380 Juliano
553 1351 592 1380 ad
607 1349 783 1390 eligendum
797 1356 1042 1389 procuratorem,
1058 1349 1192 1389 eligeba-

282 1406 334 1430 tur
345 1399 493 1440 magister
509 1399 688 1439 Nycholaus
705 1398 810 1428 Stoter
827 1399 866 1428 de
882 1398 1002 1428 Gouda.

326 1448 401 1478 Item
422 1448 478 1478 xl·
497 1448 548 1478 die
568 1448 684 1478 mensis
709 1447 895 1478 Novembris
920 1448 997 1478 sacta
1018 1457 1193 1488 congrega-

284 1497 374 1527 cione
393 1497 532 1526 nacionis
549 1497 630 1537 apud
651 1496 796 1526 Sanctum
817 1495 1003 1526 Maturinum
1024 1506 1120 1537 super
1140 1506 1192 1526 re-

284 1545 454 1586 sponsione
474 1545 667 1586 quorundam
694 1545 913 1580 debitatorum,
942 1545 1080 1575 decrevit
1102 1545 1192 1575 nacio

285 1595 367 1635 quod
387 1594 536 1634 magister
554 1593 702 1624 Albertus
724 1594 763 1623 de
784 1593 944 1629 Bobemia,
964 1594 1017 1634 qui
1036 1604 1116 1624 unus
1137 1594 1193 1624 fuit

283 1644 322 1673 de
332 1653 459 1673 numero
470 1643 675 1673 debitatorum
686 1642 710 1678 ⁴,
718 1643 790 1683 quia
803 1653 864 1672 non
878 1645 1060 1683 comparuit,
1070 1643 1130 1672 alia
1142 1643 1192 1673 die

283 1691 426 1732 proxima
448 1698 613 1722 vocaretur
645 1701 702 1732 per
731 1690 938 1731 juramentum
969 1702 1057 1722 suum
1088 1702 1191 1722 coram

284 1741 425 1776 nacione,
442 1746 474 1770 et
485 1750 531 1775 se,
549 1740 576 1770 si
588 1746 707 1780 posset,
720 1747 882 1770 excusaret
891 1753 900 1777 ς
919 1740 996 1770 alias
1009 1742 1191 1780 procedere-

283 1796 334 1820 tur
346 1795 456 1820 contra
470 1799 538 1819 eum
552 1799 655 1819 coram
670 1789 791 1819 officiali
809 1788 857 1819 vel
872 1789 1056 1819 cancellario
1072 1789 1191 1820 meliori

283 1845 315 1868 et
333 1838 469 1868 breviori
494 1839 599 1873 modo,
617 1848 679 1878 quo
695 1838 819 1878 poterit.
840 1838 991 1878 Magister
1004 1839 1191 1869 Wilbelmus

283 1887 426 1917 Trebron
437 1893 509 1918 tunc
525 1887 676 1927 temporis
689 1887 719 1916 in
735 1887 863 1916 nacione
879 1887 1061 1927 comparuit,
1076 1894 1106 1917 et
1115 1898 1191 1928 pro-

284 1935 369 1966 misit
386 1936 506 1966 munire
535 1945 643 1966 manus
667 1935 784 1965 domini
814 1937 986 1976 receptoria
1011 1937 1110 1966 nostri
1129 1947 1191 1967 uno

283 1984 332 2015 vel
351 1985 472 2014 duobus
495 1985 609 2014 francis
629 1990 698 2014 ante
724 1985 833 2014 festum
853 1985 997 2020 Emundi.
1021 1992 1052 2015 et
1072 1985 1192 2026 reliqua

283 2043 358 2074 pars
388 2033 562 2063 debitorum
598 2043 698 2074 usque
730 2043 792 2074 quo
826 2034 886 2063 sibi
911 2034 1043 2074 pecunia
1073 2035 1192 2064 veniret

284 2088 510 2122 expectaretur,
526 2081 600 2112 etin
616 2081 674 2112 boc
690 2082 779 2120 nscio
792 2082 989 2112 concorditer
1006 2083 1103 2113 suerat
1115 2093 1191 2113 con-

284 2137 377 2161 tenta.

323 2179 399 2210 Item
417 2179 490 2209 xn-
509 2179 559 2209 die
579 2180 696 2209 mensis
714 2179 899 2210 Novembris
923 2181 1000 2210 facta
1017 2191 1190 2222 congrega-

283 2228 372 2259 cione
386 2228 526 2258 nacionis
543 2228 625 2268 apud
641 2228 786 2259 Sanctum
804 2228 991 2259 Maturinum
1009 2231 1046 2260 ad
1066 2230 1190 2260 audien-

283 2278 355 2307 dum
367 2277 548 2318 magistrum
556 2277 717 2307 Albertum
730 2278 768 2307 de
782 2277 941 2314 Bohemia,
954 2279 1039 2309 venit
1053 2280 1190 2318 prefatus

283 2326 431 2366 magister
453 2326 601 2356 Albertus
621 2326 652 2356 in
677 2326 805 2356 nacione
829 2333 860 2357 et
877 2328 994 2367 portari
1010 2328 1081 2358 fecit
1096 2339 1191 2368 quas·

283 2375 352 2405 dam
368 2375 546 2405 Decretales
563 2385 631 2405 cum
649 2375 718 2405 alba
734 2375 815 2415 pelle
837 2375 960 2416 ligatas,
977 2387 1053 2417 quas
1069 2377 1190 2407 nacioni

284 2423 411 2454 tradidit
433 2434 471 2454 ex
493 2429 579 2464 parte
603 2424 779 2454 debitorum
800 2425 892 2454 trium
915 2431 1102 2456 scutatorum
1124 2427 1191 2456 auri

283 2472 354 2512 puri
377 2473 415 2502 de
439 2482 518 2503 cuno
537 2472 688 2513 Philippi,
707 2473 861 2513 quondam
882 2474 966 2514 regis
994 2473 1134 2510 Francie,
1161 2481 1192 2505 et

283 2521 375 2551 unius
400 2521 536 2551 mutonis
556 2521 623 2551 auri
644 2532 681 2552 ex
696 2531 788 2552 causa
804 2522 872 2562 puri
894 2522 989 2552 mutui
1006 2529 1037 2553 et
1049 2524 1190 2554 concessi

284 2569 519 2610 impignoratas,
535 2576 566 2600 et
580 2580 638 2611 pro
657 2577 729 2600 tunc
746 2571 784 2600 de
804 2581 959 2602 consensu
974 2572 1113 2602 nacionis
1130 2573 1191 2603 sibi

284 2618 396 2648 tradita
410 2624 476 2648 erat
490 2618 581 2649 litera
594 2619 792 2659 obligatoria.

325 2666 399 2697 ltem
422 2666 526 2697 xnu-
547 2667 598 2697 die
621 2668 738 2698 mensis
759 2667 896 2709 ejusdem
919 2669 995 2699 sacta
1017 2679 1191 2711 congrega-

285 2714 375 2745 cione
384 2715 525 2746 nacionis
535 2717 616 2757 apud
634 2716 779 2747 Sanctum
794 2717 981 2747 Maturinum
997 2728 1092 2758 super
1108 2719 1190 2748 ordi-

285 2763 414 2793 nacione
426 2764 496 2794 l'eati
510 2765 650 2795 nacionis
665 2765 703 2795 de
722 2772 828 2796 sancto
845 2767 997 2802 Emundo,
1009 2766 1192 2798 deliberavit

285 2812 373 2842 meio
388 2812 584 2843 concorditer
601 2814 683 2854 quod
703 2821 787 2844 esset
801 2814 972 2845 faciendum
988 2815 1190 2856 solempniori

284 2861 376 2891 modo
393 2870 456 2901 quo
477 2861 601 2902 poterit,
623 2869 655 2893 et
670 2869 814 2893 cantores
830 2863 883 2904 qui
902 2864 1039 2894 divinum
1057 2865 1189 2895 officium

315 2965 339 2990 t.
376 2964 430 2990 rid.
445 2974 524 2999 ἐφη
536 2974 563 2999 p.
576 2967 631 2996 m,
643 2967 655 2992 1
665 2975 722 3000 uqq.

364 3011 478 3031 Λυσανία..
489 3011 612 3033 cannatae-‘6
622 3012 710 3034 vni-m,
718 3013 787 3035 rari..
795 3023 822 3030 -·
832 3013 847 3034 l.

793 442 906 470 LIBER
925 439 1239 468 PROCURATORUM
1259 439 1439 466 NATIONIS
1457 439 1701 465 ANGLICANAE

1231 960 1264 986 10

1231 1204 1264 1230 15

1229 1449 1264 1475 20

1229 1694 1263 1720 25

1228 1939 1262 1966 30

1227 2184 1262 2211 35

1227 2428 1262 2455 40

1227 2673 1262 2700 ⁴5

2152 440 2204 466 418

1298 522 1457 545 cantarent
1479 522 1584 544 essent
1606 516 1814 551 conducendi;
1841 517 1895 546 sed
1921 527 1957 545 ex
1987 527 2048 556 quo
2074 519 2203 557 pecunia

1298 564 1438 594 nacionis
1455 574 1514 603 pro
1532 565 1610 593 sesto
1625 564 1827 604 solempniter
1839 566 1970 604 agendo,
1982 573 2074 605 prout
2089 574 2204 606 tempo-

1299 613 1386 643 ribus
1426 613 1586 653 preteritis
1613 620 1792 642 consuetum
1825 614 1890 648 suit,
1923 625 1983 643 non
2019 616 2203 651 sufficiebat,

1299 662 1436 691 decrevit
1449 662 1536 691 nacio
1550 662 1632 701 quod
1649 661 1751 701 quivis
1768 662 1915 701 magister
1928 663 2100 702 imponeret
2112 675 2204 694 unum

1299 710 1459 740 dimidium
1487 711 1635 745 francum,
1665 721 1756 750 quem
1780 711 1852 740 dum
1872 711 1992 740 nacioni
2014 713 2051 741 de
2077 715 2206 752 pecunia

1299 760 1460 800 provisum
1481 760 1571 789 suerit
1587 770 1604 788 a
1615 758 1628 777 ²
1648 759 1772 788 domino
1791 766 1952 799 receptore
1970 768 2053 791 esset
2068 770 2206 802 receptu-

1300 819 1365 839 rus.

1341 858 1416 887 Item
1435 858 1526 887 debet
1541 858 1629 887 nacio
1648 857 1802 897 receptori
1817 858 1960 888 omnibus
1977 861 2159 900 computatis
2175 861 2207 890 in

1300 906 1426 937 XXXVI
1441 907 1550 936 solidis
1565 913 1596 936 et
1611 906 1639 936 11
1657 907 1806 936 denariis.

1710 999 1806 1030 13⁷2

1302 1072 1427 1113 (F01.32
1441 1071 1464 1112 Ι’)
1493 1072 1582 1102 Acta
1613 1079 1698 1102 sunt
1730 1072 1796 1102 hec
1825 1079 1994 1113 tempore
2022 1085 2208 1114 procura-

1371 1121 1493 1151 cionis
1526 1121 1698 1162 magistri
1726 1121 1883 1151 Arnoldi
1917 1123 1959 1152 de
1987 1123 2137 1153 Tricht.

1341 1202 1432 1231 Anno
1458 1201 1582 1230 Domini
1607 1201 1652 1231 M⁰
1677 1201 1771 1232 CCC⁰
1786 1202 1922 1238 Lxxw,
1942 1203 2057 1232 mensis
2076 1204 2209 1234 Novem-

1301 1251 1367 1280 bris
1387 1251 1436 1280 die
1454 1250 1563 1286 XV11=‚
1583 1251 1660 1280 sacta
1676 1251 1924 1291 congregacione
1942 1253 2081 1282 nacionis
2100 1253 2207 1293 Angli-

1301 1310 1375 1329 cane
1390 1300 1422 1329 in
1440 1299 1553 1329 Sancto
1574 1299 1696 1329 Juliano
1715 1300 1754 1328 ad
1771 1299 1946 1339 eligendum
1961 1308 2206 1340 procuratorem,

1301 1349 1416 1379 electus
1430 1348 1486 1378 suit
1500 1348 1697 1378 concorditer
1709 1349 1856 1388 magister
1865 1349 2024 1379 Arnoldus
2039 1351 2077 1380 de
2088 1350 2207 1386 Tricht,

1300 1396 1388 1438 cujus
1402 1403 1469 1427 acta
1484 1403 1640 1427 secuntur.

1342 1447 1416 1476 ltem
1441 1446 1546 1476 eadem
1568 1446 1618 1476 die
1639 1452 1670 1476 et
1689 1445 1764 1475 hora
1781 1446 1983 1476 deliberatum
2000 1448 2066 1483 suit,
2086 1455 2119 1478 ut
2134 1459 2208 1488 pre-

1300 1495 1382 1525 dicta
1395 1495 1484 1525 nacio
1502 1495 1631 1525 intraret
1643 1495 1812 1530 tabernam,
1829 1495 1860 1524 in
1871 1506 1931 1535 qua
1945 1497 2092 1536 magister
2104 1498 2207 1528 Theo-

1300 1545 1424 1574 dericus
1452 1545 1490 1574 de
1518 1544 1657 1584 Kempen
1690 1543 1831 1574 solvebat
1862 1555 1955 1574 unum
1984 1546 2120 1575 francum
2147 1557 2205 1586 pro

1295 1592 1433 1634 jocundo
1449 1593 1577 1623 introitu
1595 1603 1663 1623 suo.

1341 1643 1416 1673 Item
1432 1643 1463 1672 in
1476 1642 1526 1672 die
1537 1642 1635 1672 sancti
1650 1642 1823 1672 Eadmundi
1839 1642 1871 1671 in
1884 1643 2014 1682 prandio
2029 1645 2058 1672 in
2075 1644 2206 1683 hospicio

1298 1692 1449 1731 ymaginis
1466 1693 1564 1720 sancti
1583 1692 1730 1721 Iohannis
1749 1691 1892 1721 omnibus
1907 1693 2091 1731 computatis
2109 1703 2206 1732 expo-

1300 1741 1362 1771 suit
1384 1740 1528 1770 dominus
1548 1746 1691 1780 receptor
1715 1739 1770 1768 XV
1794 1740 1901 1775 libras,
1926 1740 1997 1770 Xix
2026 1741 2156 1778 solidos,
2181 1742 2208 1772 X

1299 1789 1456 1819 denarios.

1340 1838 1415 1868 Item
1451 1839 1530 1868 facta
1572 1838 1819 1878 congregacione
1849 1838 1988 1868 nacionis
2025 1839 2056 1868 in
2093 1840 2207 1870 Sancto

1298 1887 1420 1917 Iuliano
1444 1887 1483 1916 ad
1507 1887 1691 1916 audiendum
1718 1893 1893 1926 computum
1918 1889 2089 1927 receptoris
2110 1895 2140 1918 et
2167 1890 2205 1918 ad

1299 1936 1475 1976 eligendum
1490 1941 1734 1976 procuratorem,
1749 1936 1937 1975 computavit
1947 1943 2100 1976 receptor,
2118 1937 2205 1977 cujus

1300 1991 1462 2025 computus
1480 1986 1518 2014 ab
1537 1985 1681 2014 omnibus
1697 1986 1898 2024 approbatus,
1917 1986 2029 2015 mansit
2044 1986 2103 2015 sibi
2118 1987 2205 2016 nacio

1299 2034 1434 2074 obligata
1448 2033 1479 2063 in
1496 2033 1554 2064 XII
1571 2034 1661 2063 libris
1676 2034 1786 2074 paris„
1809 2034 1835 2064 ll
1851 2034 1961 2064 solidis
1980 2035 2091 2064 minus.

1706 2127 1803 2157 1372

1399 2199 1633 2229 Procuracio
1671 2199 1832 2228 Gerardi
1871 2200 1913 2229 de
1955 2200 2104 2230 Calker.

1338 2279 1429 2309 Anno
1447 2279 1570 2308 Domini
1590 2279 1634 2308 Μο
1658 2278 1751 2309 CCC⁰
1769 2279 1904 2315 LXXIP,
1924 2280 1973 2309 die
1993 2280 2075 2309 XVI·
2091 2281 2206 2310 mensis

1299 2328 1493 2363 Decembris,
1510 2327 1626 2358 electus
1645 2329 1701 2358 suit
1716 2329 1911 2358 concorditer
1926 2329 1956 2358 in
1976 2336 2205 2369 procuratorem

1298 2377 1438 2407 nacionis
1462 2377 1632 2417 Anglicane
1665 2377 1824 2407 Gerardus
1846 2379 1884 2407 de
1907 2377 2030 2413 Calker,
2062 2379 2091 2407 in
2119 2378 2206 2418 cujus

1299 2426 1522 2466 procuracione
1534 2432 1600 2456 acta
1615 2432 1687 2456 sunt
1700 2436 1760 2466 que
1776 2434 1959 2466 sequuntur.

1340 2475 1444 2505 Primo
1459 2485 1518 2515 pro
1531 2475 1638 2505 eodem
1654 2481 1792 2515 tempore
1811 2482 1875 2505 erat
1893 2476 2095 2516 congregacio
2111 2476 2206 2505 sacul-

1298 2524 1370 2554 tatis
1387 2525 1425 2553 ad
1441 2523 1615 2564 eligendum
1631 2531 1793 2558 rectorem,
1811 2530 1840 2554 et
1855 2525 1970 2554 electus
1987 2525 2041 2554 fuit
2060 2525 2089 2553 in
2106 2531 2205 2554 recto-

1298 2582 1363 2602 rem
1385 2572 1604 2603 Universitatis
1630 2573 1778 2613 magister
1800 2573 1957 2603 Joliannes
1977 2574 2014 2602 de
2037 2573 2206 2603 Luczelen-

1298 2621 1407 2657 borch,
1434 2621 1486 2662 qui
1509 2621 1647 2652 nacionis
1667 2622 1829 2652 consilium
1850 2629 1879 2651 et
1895 2621 2038 2662 juvamen
2059 2622 2153 2662 peciit
2174 2623 2204 2652 in

1298 2670 1440 2711 agendis,
1452 2671 1534 2711 quod
1553 2670 1642 2700 nscio
1656 2672 1821 2701 concessit.

1340 2719 1414 2749 ltem
1452 2721 1528 2750 facta
1563 2721 1692 2760 quadam
1730 2720 1976 2760 congregacione
2005 2720 2144 2750 nacionis
2174 2721 2204 2750 in

1299 2768 1412 2799 Sancto
1427 2768 1583 2799 Maturino
1609 2769 1646 2798 ad
1670 2768 1840 2798 habendum
1859 2769 2020 2798 consilium
2033 2775 2063 2798 et
2079 2770 2116 2798 ad
2134 2779 2205 2799 con-

1298 2816 1486 2846 cordandum
1515 2817 1681 2857 magistros
1712 2817 1860 2856 quosdam
1892 2817 2030 2846 nacionis
2053 2817 2203 2857 predicte,

1299 2865 1380 2895 inter
1396 2875 1475 2906 quos
1493 2872 1573 2895 mota
1596 2865 1651 2895 suit
1665 2865 1832 2900 discordia,
1853 2872 1881 2895 et
1901 2866 1938 2894 ad
1954 2866 2202 2906 supplicandum,

1330 2971 1354 2995 2.
1386 2972 1433 2995 Me.
1450 2971 1492 2995 nd.

2100 3017 2125 3037 ²7
