2632 3464
63 1878 71 1894 ⁴,
57 1851 72 1868 ἶ
55 1840 58 1842 “
69 1828 74 1832 ,
62 1758 63 1761 ⁴
68 1682 74 1688 =
67 1597 73 1611 Α»

72 1812 98 1879 &fax-¹,
74 1784 89 1807 2¹⁴
87 1729 92 1735 -
73 1630 78 1643 ”

290 430 349 457 173
795 428 910 454 LIBER
934 424 1248 453 PROCURATORUM
1269 424 1450 452 NATIONIS
1473 425 1718 452 ANGLICANAE
2171 425 2222 452 174

339 505 416 536 ltem
437 505 617 534 licenciatus
637 504 693 534 fuit
713 503 856 533 dominus
880 502 996 542 Symon
1014 501 1126 531 Scotus
1149 501 1206 530 sub

292 554 448 595 magistro
466 553 592 583 Galtero
607 554 645 583 de
659 551 852 586 Wardelaw,
869 550 957 591 cujus
975 551 1070 580 bursa
1086 549 1128 579 Vl
1147 549 1205 578 sol.

339 603 415 633 Item
434 603 510 632 sacta
529 602 776 642 congregacione
795 599 936 630 nacionis
958 600 1008 628 die
1030 597 1204 633 dominica⁴

295 659 370 682 ante
383 652 494 682 festum
509 651 648 691 Philippi
668 656 698 680 et
713 649 822 679 Jacobi
839 649 922 688 apud
940 648 1085 678 Sanctum
1106 647 1208 677 Matu-

298 702 410 736 rinum‚
426 700 679 741 supplicaverunt
691 698 840 738 magister
849 697 998 727 Hinricus
1009 698 1047 726 de
1056 699 1206 736 Kempen,

298 750 447 790 magister
460 749 617 779 lohannes
637 749 675 778 de
694 747 818 777 Zanctis
833 753 864 776 et
882 747 1030 787 magister
1048 745 1208 775 Arnoldus

299 799 376 830 Coei
389 799 427 829 de
445 798 543 829 Clivis
559 807 618 838 pro
635 797 770 826 induciis
787 796 929 836 pecunie,
946 805 1038 836 quam
1060 795 1210 824 deberent

298 848 434 883 nacioni‚
449 857 508 888 pro
527 857 588 887 qua
602 847 683 876 bona
696 845 831 886 pignora
851 845 974 874 nacioni
991 845 1114 874 suerunt
1128 843 1210 873 obli-

300 903 382 938 gata,
412 896 526 937 quibus
557 904 705 925 concesse
735 895 859 924 fuerunt
887 894 1010 924 inducie
1041 903 1139 933 usque
1171 893 1210 922 ad

302 947 412 976 festum
429 945 527 976 sancti
545 943 728 974 Michahelis
751 943 892 983 proxime
914 942 1088 978 affuturum,
1110 942 1163 982 qui
1181 948 1211 971 et

298 994 510 1036 promiserunt
544 994 577 1023 in
613 993 773 1033 presencia
806 993 946 1022 nacionis
982 992 1096 1021 ibidem
1126 992 1209 1031 quod

298 1053 454 1084 nunquam
480 1053 538 1083 pro
569 1042 754 1072 remissione
797 1042 880 1071 illius
919 1042 1050 1081 pecunie
1087 1040 1210 1070 nacioni

299 1092 415 1123 vellent
430 1091 617 1132 supplicare.

340 1141 415 1172 ltem
434 1141 548 1171 ibidem
570 1141 678 1170 eodem
697 1146 836 1180 tempore
860 1139 1048 1180 supplicavit
1063 1139 1211 1180 magister

293 1190 471 1221 Gobelinus
491 1191 529 1220 de
554 1190 704 1229 Kempen,
726 1195 760 1219 ut
780 1190 874 1219 burse
901 1199 978 1228 quas
1003 1189 1131 1218 deberet
1151 1198 1210 1228 pro

298 1240 479 1280 incepcione
489 1240 521 1269 in
532 1239 651 1269 artibus
661 1239 722 1268 sibi
734 1238 976 1274 remitterentur,
988 1244 1018 1267 et
1028 1247 1210 1267 concessum

302 1289 358 1320 suit
374 1289 435 1319 sibi
452 1288 537 1319 nullo
555 1288 679 1328 penitus
694 1287 890 1318 reclamante.

341 1338 416 1368 ltem
437 1338 545 1368 eodem
567 1343 706 1377 tempore
727 1336 820 1366 solvit
838 1336 987 1376 magister
1007 1336 1155 1366 Hinricus
1173 1336 1210 1365 de

301 1387 442 1427 Kempen
478 1396 572 1417 unum
605 1386 767 1422 florenum,
804 1385 954 1425 magister
989 1385 1146 1415 Johannes
1173 1386 1211 1415 de

300 1436 425 1466 Zanctis
439 1446 533 1466 unum
551 1435 716 1470 florenum,
734 1435 884 1476 magister
902 1433 1062 1464 Arnoldus
1077 1434 1154 1464 Coci
1173 1434 1211 1464 de

299 1485 398 1516 clivis
413 1494 507 1515 unum
520 1484 670 1514 florenum
687 1494 746 1524 pro
763 1484 919 1524 principio
936 1483 1107 1523 magisterii
1123 1483 1212 1523 ipso-

299 1545 384 1570 rum,
408 1534 446 1564 de
469 1544 528 1574 qua
551 1533 680 1573 pecunia
706 1534 815 1563 factum
839 1533 895 1562 suit
920 1543 1012 1562 unum
1035 1532 1211 1562 convivium

300 1583 459 1624 magistris
476 1582 616 1613 nacionis
630 1582 802 1622 Anglicane
817 1582 848 1611 in
866 1582 958 1611 domo
972 1581 1025 1611 ubi
1043 1581 1170 1621 supra².

341 1682 416 1712 Item
437 1681 487 1711 die
517 1681 623 1721 quinta
651 1681 768 1710 mensis
795 1680 868 1720 May
894 1680 925 1709 in
949 1680 1088 1719 profesto
1114 1680 1212 1709 sancti

297 1730 448 1761 <lobannis
472 1737 542 1760 ante
564 1729 689 1759 Portam
715 1729 851 1764 latinam,
871 1730 948 1759 facta
963 1729 1212 1769 congregacione

299 1780 518 1821 magistrorum
533 1778 673 1808 nacionis
684 1778 857 1818 Anglicane
868 1780 949 1818 apud
959 1780 1105 1810 Sanctum
1114 1780 1212 1810 Julia-

301 1839 373 1859 num
384 1838 551 1870 pauperem
562 1838 658 1868 super
666 1828 823 1858 eleccione
834 1829 1048 1868 procuratoris
1061 1830 1210 1864 facienda,

301 1877 418 1908 electus
433 1877 490 1907 fuit
499 1877 531 1906 in
546 1883 780 1917 procuratorem
795 1877 935 1907 nacionis
950 1876 1087 1917 ejusdem
1099 1884 1129 1908 et
1141 1888 1212 1907 con-

300 1927 436 1958 tinuatus
457 1925 654 1956 concorditer
668 1925 754 1955 nullo
772 1925 991 1965 magistrorum
1005 1927 1130 1966 penitus
1141 1937 1212 1956 eon-

300 1975 472 2007 tradicente
493 1975 640 2016 magister
663 1975 858 2004 Hermannus
883 1976 922 2004 de
939 1975 1045 2005 Monte
1069 1976 1151 2005 Solis
1174 1977 1212 2006 de

303 2023 503 2060 Brunswich,
519 2023 787 2054 Hildensemensis
807 2024 955 2054 diocesis.
979 2024 1012 2054 ln
1030 2023 1117 2064 cujus
1137 2035 1212 2065 pro-

301 2073 458 2104 curatoria
477 2074 555 2103 facta
570 2074 692 2103 suerunt
707 2072 763 2102 hec
779 2083 839 2112 que
854 2074 1099 2113 subsequuntur.

344 2123 462 2158 Primo,
478 2122 528 2152 die
552 2122 657 2151 eadem
681 2122 759 2152 sacta
783 2122 1031 2162 congregacione
1061 2123 1212 2153 facultatis

303 2172 384 2212 apud
407 2171 552 2202 Sanctum
575 2171 729 2202 Julianum
754 2181 921 2211 pauperem
943 2181 1038 2211 super
1057 2178 1212 2212 computa—

303 2221 392 2251 cione
403 2220 523 2260 antiqui
538 2220 669 2250 rectoris
685 2219 834 2255 facienda.
851 2221 1039 2260 computavit
1055 2222 1213 2261 predictus

302 2277 418 2306 rector,
445 2275 476 2299 et
496 2269 550 2299 suit
569 2275 731 2309 compotus
747 2267 814 2310 ejus
834 2270 871 2299 ab
891 2270 1035 2300 omnibus
1055 2270 1213 2310 magistris

302 2319 504 2360 approbatus.
514 2318 590 2348 ltem
597 2318 711 2348 ibidem
717 2328 886 2349 concessus
893 2319 948 2349 fuit
955 2320 1068 2349 rectori
1075 2330 1132 2360 pro
1142 2326 1214 2349 tunc

304 2378 384 2399 unus
395 2367 604 2399 determinans
618 2368 656 2396 de
667 2367 796 2397 nacione
808 2378 874 2404 sua,
885 2368 996 2398 solutis
1007 2368 1178 2399 solvendis.

344 2417 420 2448 Item
434 2417 484 2446 die
502 2426 584 2447 nona
594 2417 710 2446 mensis
723 2415 859 2457 ejusdem
877 2417 952 2447 facta
967 2418 1214 2458 congregacione

304 2466 444 2497 nacionis
468 2466 506 2496 ad
531 2465 767 2506 supplicandum
791 2467 874 2505 apud
894 2466 1038 2496 Sanctum
1060 2467 1214 2497 Julianum

303 2525 484 2556 pauperem,
500 2514 688 2555 supplicavit
703 2514 846 2545 dominus
860 2515 933 2545 Otto
944 2515 1026 2545 Punt
1037 2526 1094 2555 pro
1108 2516 1214 2545 remis-

306 2565 394 2595 sione
409 2564 545 2594 omnium
564 2565 725 2594 bursarum
743 2563 791 2593 vel
810 2564 917 2594 saltem
933 2564 1115 2605 aliquarum,
1138 2575 1215 2605 quas

305 2614 434 2644 deberet
462 2613 585 2643 nacioni
620 2623 678 2653 pro
716 2613 988 2649 determinacione,
1023 2613 1152 2644 licencia
1187 2621 1217 2644 et

305 2662 502 2703 magisterio;
523 2662 606 2702 quod
621 2661 648 2691 si
669 2661 758 2692 nacio
775 2662 874 2692 faeere
890 2672 951 2692 non
970 2662 1073 2698 vellet,
1093 2663 1216 2703 suppli-

302 2711 386 2742 cavit
406 2711 487 2741 idem
515 2721 574 2751 pro
596 2710 730 2740 induciis
754 2711 917 2740 bursarum
948 2712 1126 2741 earundem.
1157 2711 1216 2741 Cui

304 2770 452 2790 concesse
482 2760 604 2789 fuerunt
631 2759 770 2794 inducie,
803 2760 875 2789 dum
900 2765 1000 2789 tamen
1026 2770 1083 2799 pro
1111 2759 1216 2790 bursis

302 2808 378 2843 illis,
395 2819 472 2848 quas
489 2809 628 2844 deberet,
646 2808 777 2848 pignora
791 2809 929 2838 traderet
944 2809 1111 2848 receptori.

339 2917 362 2942 1.
395 2917 424 2941 27
435 2916 541 2949 Aprilie.

338 2952 361 2976 2.
395 2951 433 2976 Ad
446 2951 574 2984 palatium
588 2952 619 2976 de
630 2952 743 2976 Termi·-

1247 945 1281 971 10

1248 1191 1282 1217 15

1249 1437 1283 1463 20

1249 1683 1284 1709 25

1249 1928 1284 1954 30

1250 2173 1284 2200 35

1252 2418 1286 2445 40

1253 2663 1288 2690 45

1358 499 1456 530 Item-'¹
1477 500 1664 540 supplicavit
1686 501 1828 530 dominus
1854 501 2000 530 Nicolaus
2028 502 2226 542 Hemminghi

1316 549 1354 578 de
1370 549 1465 578 Dacia
1478 559 1535 588 pro
1547 549 1680 578 induciis
1696 550 1837 589 pecunie,
1850 560 1939 588 quam
1951 551 2077 579 deberet
2091 551 2224 586 nacioni,

1316 607 1374 637 pro
1397 608 1457 637 qua
1476 608 1531 627 sua
1551 598 1702 638 obligavit
1725 598 1857 638 pignora
1882 599 2036 638 receptori
2060 600 2108 628 cui
2131 600 2226 629 nichil

1317 652 1382 676 erat
1399 656 1593 676 concessum.

1358 695 1433 724 Item
1450 696 1526 724 sacta
1543 696 1790 736 congregacione
1804 695 1944 725 nacionis
1960 696 2131 736 Anglicane
2147 699 2227 737 apud

1319 744 1463 774 Sanctum
1488 743 1676 774 Maturinum
1701 755 1759 784 pro
1783 745 1958 775 adhibendo
1984 746 2163 781 remedium,
2191 757 2228 776 ne

1318 793 1429 823 divites
1445 793 1580 823 scolares
1595 794 1737 824 nacionis
1748 794 1884 834 ejusdem
1897 795 1935 823 de
1952 795 2139 824 remissione
2157 796 2228 825 bur-

1318 852 1421 872 sarum
1443 853 1568 872 suarum
1590 853 1648 882 per
1669 844 1804 883 graciam
1825 854 1993 883 pauperum
2011 844 2177 874 scolarium
2195 855 2228 874 se

1313 890 1472 932 juvarent,
1495 892 1698 921 deliberatum
1725 892 1781 922 suit
1805 893 2002 922 concorditer
2026 904 2043 922 a
2069 894 2229 933 magistris

1318 941 1400 970 dicte
1426 941 1578 975 nacionis,
1609 947 1642 970 ut
1667 942 1705 971 ad
1729 941 1788 971 hoc
1811 941 1923 971 malum
1947 943 2150 972 amovendum
2172 952 2230 982 per

1318 990 1478 1019 nacionem
1496 1000 1588 1019 unum
1606 997 1751 1020 statutum
1771 991 1868 1025 fieret,
1887 1001 1945 1031 per
1964 992 2047 1030 quod
2068 1002 2103 1020 ea
2120 1002 2179 1031 que
2198 993 2229 1021 in

1319 1038 1524 1079 prejudicium
1537 1039 1618 1069 dicte
1633 1039 1776 1069 nacionis
1792 1040 1948 1075 cederent,
1965 1040 2159 1070 tollerentur.

1360 1088 1435 1117 ltem
1445 1087 1476 1117 in
1485 1088 1592 1128 vigilia
1602 1088 1612 1106 ⁴
1624 1088 1829 1118 Ascensionis
1840 1089 1964 1118 Domini
1974 1090 2049 1118 sacta
2061 1099 2230 1130 congrega-

1319 1137 1408 1167 cione
1419 1137 1637 1177 magistrorum
1654 1137 1794 1167 nacionis
1804 1138 1975 1178 Anglicane
1987 1139 2069 1178 apud
2086 1139 2230 1168 Sanctum

1318 1186 1472 1216 sulianum
1502 1197 1668 1226 pauperem
1695 1197 1791 1226 super
1819 1187 1974 1217 eleccione
1997 1188 2230 1228 magistrorum,

1320 1235 1373 1275 qui
1391 1235 1602 1275 supradictum
1621 1242 1765 1266 statutum
1783 1236 1975 1271 ordinarent,
1998 1237 2087 1266 electi
2109 1238 2232 1267 suerunt

1320 1284 1516 1314 ordinatores
1537 1285 1642 1314 statuti
1666 1285 1815 1325 magister
1838 1285 1995 1315 Johannes
2017 1286 2055 1315 de
2079 1285 2230 1323 Lovanio,

1320 1333 1468 1374 magister
1495 1333 1643 1363 Hinricus
1669 1335 1707 1363 de
1736 1334 1850 1370 Clivis,
1886 1334 2033 1374 magister
2064 1335 2231 1365 VViskinus

1319 1382 1483 1422 Wenslay,
1511 1383 1658 1422 magister
1682 1382 1830 1413 Albertus
1850 1384 1887 1413 de
1911 1383 2055 1419 Saxonia,
2081 1385 2230 1424 magister

1319 1431 1476 1462 lohannes
1495 1433 1533 1461 de
1555 1432 1666 1471 Aquis,
1693 1443 1751 1462 una
1773 1442 1841 1461 cum
1863 1439 2066 1472 procuratore
2090 1434 2231 1463 nacionis

1321 1479 1469 1520 ejusdem.

1361 1529 1436 1559 Item
1466 1530 1581 1570 incepit
1607 1529 1750 1559 dominus
1782 1530 1856 1559 Otto
1882 1530 1963 1560 Punt
1988 1531 2046 1560 sub
2082 1531 2230 1571 magistro

1321 1578 1479 1608 Themone
1496 1579 1598 1614 Judei,
1616 1578 1703 1618 cujus
1721 1579 1815 1608 bursa
1830 1579 1857 1608 V
1873 1579 1977 1608 solidi.

1363 1627 1438 1657 Item
1454 1628 1570 1667 incepit
1585 1628 1728 1657 dominus
1747 1627 1882 1657 Thomas
1907 1628 2032 1658 Kolarst
2054 1629 2112 1658 sub
2133 1629 2233 1670 magi-

1321 1682 1387 1706 stro
1402 1676 1559 1706 Themone
1572 1677 1673 1712 Judei,
1689 1675 1776 1717 cujus
1791 1678 1886 1706 bui-sa
1901 1677 1956 1706 VII
1976 1677 2082 1707 solidi.

1732 1772 1831 1801 1354

1512 1843 1761 1882 [Hermannus
1791 1844 1833 1872 de
1866 1843 2005 1873 Rotwil
2017 1845 2042 1882 .]

1359 1924 1451 1954 Anno
1464 1925 1588 1954 Domini
1605 1924 1692 1959 1354,
1709 1924 1759 1953 die
1771 1925 1906 1954 secunda
1920 1925 2038 1954 mensis
2046 1925 2142 1960 Junii,
2156 1927 2232 1955 facta

1321 1973 1568 2014 congregacione
1581 1974 1799 2014 magistrorum
1815 1973 1954 2003 nacionis
1967 1974 2138 2014 Anglicane
2152 1976 2231 2014 apud

1322 2022 1467 2053 Sanctum
1483 2023 1636 2052 Julianum
1652 2032 1817 2062 pauperem
1835 2033 1930 2062 super
1947 2023 2102 2052 eleccione
2118 2034 2233 2063 procu-

1323 2071 1435 2102 ratoris
1451 2071 1600 2107 facienda,
1613 2072 1730 2101 electus
1750 2071 1805 2101 fuit
1821 2071 2021 2101 concorditer
2037 2072 2122 2102 nullo
2140 2073 2234 2112 magi-

1321 2127 1456 2151 strorum
1471 2121 1596 2160 penitus
1614 2121 1799 2150 reclamante
1814 2121 1962 2161 magister
1980 2121 2175 2150 Hermannus
2195 2122 2233 2150 de

1321 2169 1450 2205 Rotwil,
1460 2170 1604 2209 dyocesis
1615 2169 1881 2205 constanciensis,
1896 2170 1926 2199 in
1941 2177 2182 2209 procuratorem.
2198 2170 2231 2199 ln

1325 2218 1412 2259 cujus
1427 2219 1643 2259 procuratoria
1658 2219 1735 2248 sacta
1753 2225 1825 2248 sunt
1841 2219 1897 2248 hec
1913 2229 1972 2258 que
1989 2226 2171 2259 sequnntur.

1363 2268 1480 2303 Primo,
1509 2268 1559 2297 die
1590 2268 1706 2298 mensis
1741 2268 1824 2297 Junii
1856 2268 2007 2308 predicta,
2046 2268 2235 2307 supplicavit

1323 2317 1467 2347 dominus
1490 2317 1564 2347 Otto
1594 2317 1677 2347 Punt
1700 2317 1738 2346 de
1769 2317 1935 2346 Daventria
1966 2327 2022 2356 pro
2050 2317 2234 2346 remissione

1322 2367 1498 2402 bursarum,
1521 2366 1552 2396 in
1571 2366 1685 2406 quibus
1709 2366 1789 2396 dicte
1810 2365 1931 2395 nacioni
1950 2367 2048 2395 suerat
2065 2366 2232 2406 obligatus,

1324 2422 1354 2445 et
1370 2416 1447 2445 sacta
1465 2415 1520 2445 fuit
1536 2415 1596 2445 sibi
1617 2415 1720 2455 gracia
1739 2415 1796 2450 sic,
1816 2416 1899 2455 quod
1916 2415 2004 2444 nacio
2020 2422 2162 2444 contenta
2179 2415 2236 2444 suit

1326 2465 1364 2494 de
1379 2465 1500 2494 duobus
1516 2463 1653 2500 florenis,
1669 2474 1747 2504 quos
1762 2465 1828 2504 ipse
1844 2470 1916 2493 tunc
1931 2464 2053 2493 nacioni
2070 2463 2190 2493 obtulit.

1365 2513 1440 2543 Item
1475 2513 1592 2553 incepit
1626 2513 1770 2542 dominus
1803 2513 2004 2542 Bernhardus
2040 2513 2162 2542 Vreden
2196 2513 2234 2541 de

1325 2562 1432 2598 Dacia,
1444 2562 1638 2592 Ottoniensis
1651 2562 1807 2602 dyocesis,
1824 2563 1880 2592 sub
1893 2562 2042 2601 magistro
2054 2561 2232 2597 Wiczkino,

1325 2611 1413 2652 cujus
1429 2612 1524 2642 bursa
1537 2612 1556 2641 8
1570 2611 1673 2641 solidi.

1366 2661 1441 2691 ltem
1484 2661 1599 2701 incepit
1639 2661 1783 2690 dominus
1827 2660 2005 2689 willelmus
2047 2658 2159 2689 Scotus
2198 2660 2236 2689 de

1326 2710 1558 2750 Dalghernoch,
1577 2708 1664 2750 cujus
1684 2711 1777 2739 bursa
1792 2710 1811 2738 6
1824 2709 1928 2738 solidi.

1367 2759 1442 2789 ltem
1464 2759 1607 2789 dominus
1630 2759 1786 2788 Robertus
1810 2759 1848 2787 de
1875 2757 1968 2787 Fouls
1995 2757 2122 2792 Scotus.
2149 2756 2238 2797 cujus

1326 2809 1419 2838 bursa
1436 2809 1456 2837 6
1473 2807 1575 2837 solidi.

1358 2919 1381 2942 3.
1416 2919 1488 2950 Quae
1497 2920 1638 2949 sequuntur·
1650 2917 1792 2941 cancellata
1806 2919 1874 2941 nunt.

1353 2954 1375 2977 ¹4.
1412 2954 1440 2977 21
1454 2953 1528 2977 Mani.
