2632 3464
423 437 474 462 655
956 432 1178 459 AUCTARIUM
1200 429 1460 458 CHARTULARII
1483 430 1657 458 UNIVERS.
1679 431 1798 458 PARIS.
2296 433 2350 460 656

422 512 596 551 eligendum
619 517 863 550 procuratorem,
885 511 923 539 ad
942 510 1126 539 audiendum
1153 514 1329 547 computum

421 561 605 600 receptoris,
617 561 654 589 ad
664 560 839 599 eligendum
848 559 1073 588 examinatores
1085 557 1330 587 bachalariorum

419 616 596 639 vocatorum
616 609 647 637 in
666 609 778 638 Sancta
797 608 952 638 Genevefa
967 614 997 637 et
1018 608 1056 636 ad
1079 606 1327 646 supplicandum.

422 659 575 695 Quantum
593 659 631 687 ad
647 658 778 697 primum
797 657 957 687 articulum
975 657 1030 686 suit
1044 656 1159 685 electus
1173 655 1205 684 in
1218 665 1329 694 procu-

419 714 552 736 ratorem
573 707 713 736 nacionis
736 706 934 736 concorditer
953 716 1009 744 per
1032 715 1139 734 omnes
1162 704 1329 743 magistros

420 757 534 785 ibidem
560 757 727 785 existentes
750 755 898 794 magister
918 755 1072 783 Henricus
1097 753 1252 788 Crauwel,
1276 753 1329 792 qui

419 805 589 844 acceptavit
609 812 638 834 et
652 804 768 844 juravit
789 810 819 833 et
839 803 931 833 solvit
948 813 1040 832 unum
1058 804 1194 831 francum
1213 804 1242 830 in
1265 810 1329 830 tur·-

420 855 495 889 boto,
528 854 599 893 quia
627 864 688 882 non
718 859 783 882 erat
813 853 888 882 alias
919 858 1115 892 procurator.
1156 852 1328 891 Computus

420 904 591 942 receptoris
608 903 663 932 suit
673 903 792 931 delatus
810 902 884 939 (sic).

459 953 531 991 (Fol.
557 952 603 991 43)
630 951 692 980 Pro
719 950 939 980 examinatoria
960 956 1219 989 presentaverunt
1241 959 1274 978 se
1296 949 1328 978 in

419 1002 547 1030 nacione
564 1002 677 1029 ibidem
694 1001 834 1040 magistri
850 1000 984 1029 Thomas
1000 1001 1037 1028 de
1056 999 1200 1034 Foresta‚
1219 998 1328 1028 Hinri-

418 1061 472 1079 cus
489 1050 672 1088 Po[e]lman‚
685 1049 873 1078 Wilhelmus
887 1050 924 1077 de
939 1048 1064 1084 Scocia;
1081 1048 1228 1087 magister
1244 1047 1329 1077 Tho-

418 1110 481 1128 mas
494 1109 549 1138 pro
563 1099 663 1138 primo
680 1108 796 1133 mense,
807 1098 956 1137 magister
972 1097 1121 1126 Hinricus
1134 1107 1192 1136 pro
1205 1098 1247 1132 2⁰,
1263 1107 1328 1126 ma-

417 1148 516 1187 gister
540 1148 727 1177 Wilhelmus
751 1157 807 1186 pro
837 1148 878 1176 3⁰.
909 1147 1046 1184 Quorum
1077 1146 1327 1185 supplicaciones

417 1198 538 1226 fuerunt
551 1207 699 1225 concesse
716 1197 772 1225 sub
789 1195 984 1231 condicione,
997 1196 1081 1235 quod
1096 1195 1226 1234 quilibet
1239 1195 1327 1224 dimi-

415 1246 497 1274 dium
522 1248 657 1274 francum
683 1245 840 1283 [solveret]
860 1251 890 1274 et
912 1245 957 1274 sic
982 1245 1121 1273 fecerunt
1146 1244 1177 1273 in
1199 1244 1327 1273 taberna

420 1295 558 1333 predicta
571 1305 637 1323 cum
650 1300 863 1333 procuratore.

456 1343 531 1372 Item
545 1345 582 1372 de
594 1343 826 1382 supplicacione
839 1343 970 1372 rectoris
984 1343 1187 1372 deliberatum
1203 1342 1259 1372 suit
1269 1352 1327 1381 per

415 1393 574 1421 nacionem
587 1393 670 1431 quod
682 1392 733 1421 ille
743 1392 874 1421 scolaris
885 1392 1063 1431 requiretur
1076 1393 1159 1431 quod
1171 1392 1326 1421 satisface-

414 1448 461 1471 ret
472 1442 585 1470 rectori
597 1443 634 1470 de
643 1443 759 1476 franco,
769 1451 859 1480 quein
872 1447 976 1470 rector
991 1441 1178 1480 postulavit3
1192 1450 1282 1480 quem
1299 1441 1326 1470 si

414 1491 572 1530 predictus
586 1491 715 1520 scolaris
727 1501 789 1519 non
802 1490 940 1525 haberet,
954 1490 1043 1518 nacio
1054 1500 1122 1519 eum
1139 1490 1200 1519 sibi
1217 1499 1325 1519 conce-

413 1541 501 1569 deret
518 1540 575 1568 sub
594 1540 787 1575 condicione,
806 1540 889 1578 quod
906 1539 931 1568 si
948 1540 986 1568 ad
1002 1539 1210 1579 pingwiorem
1226 1540 1325 1568 fortu-

414 1599 482 1617 nam
499 1589 686 1628 perveniret,
704 1589 788 1628 quod
806 1588 927 1617 nacioni
946 1589 1077 1617 eundem
1093 1588 1281 1617 restitueret.

455 1638 529 1667 ltem
544 1638 691 1667 vicesima
711 1644 797 1667 sexta
819 1638 868 1666 die
890 1637 1006 1666 mensis
1027 1637 1136 1666 Marcii
1157 1638 1232 1666 facta
1252 1647 1324 1667 con-

413 1687 599 1726 gregacione
617 1687 757 1716 nacionis
776 1688 857 1726 apud
879 1686 1023 1715 Sanctum
1044 1686 1232 1716 Maturinum
1248 1686 1325 1716 hora

412 1746 561 1765 nonarum
575 1736 688 1765 Nostre
708 1736 851 1770 Domine,
870 1735 989 1764 scilicet
1004 1735 1036 1764 in
1051 1736 1148 1764 tercia
1164 1735 1240 1764 hora
1252 1742 1325 1775 post

412 1786 587 1824 prandium,
597 1786 633 1814 ad
646 1785 896 1824 supplicandum,
910 1785 1097 1824 supplicavit
1107 1785 1241 1814 Jacobus
1255 1785 1323 1823 [Pa-

412 1834 495 1872 tella]
508 1835 686 1863 licenciatus
701 1835 731 1863 in
740 1834 871 1870 artibuS,
884 1834 1065 1873 incepturus
1077 1833 1109 1862 in
1120 1834 1249 1868 eisdem,
1265 1844 1323 1873 pro

412 1883 563 1912 dilacione
583 1884 758 1912 bursarum.
777 1881 873 1922 Cujus
892 1883 1083 1922 supplicacio
1104 1882 1160 1912 suit
1174 1893 1324 1912 concessa

413 1933 456 1961 sic
468 1933 551 1971 quod
565 1933 757 1962 satisfaceret
771 1932 850 1961 infra
864 1938 927 1961 tres
944 1942 1078 1966 menses,
1098 1933 1136 1960 de
1154 1942 1214 1971 qua
1229 1932 1323 1961 satis-

411 1981 541 2010 factione
560 1988 689 2020 poneret
703 1974 882 2010 caucionem
899 1981 1138 2010 satisfacientem
1154 1981 1320 2020 receptori.

453 2031 526 2059 Item
542 2030 721 2059 licenciatus
738 2037 786 2059 est
795 2030 940 2059 dominus
954 2030 1142 2059 Allexander
1157 2031 1195 2059 de
1209 2030 1322 2059 Sancto

411 2079 494 2115 Vito,
507 2079 594 2118 cujus
606 2081 700 2108 bursa
717 2079 802 2108 1111⁰=
817 2079 921 2114 solidi,
937 2079 989 2118 qui
1003 2079 1153 2108 satisfecit
1166 2079 1321 2118 receptori

412 2135 441 2158 et
469 2128 584 2168 juravit
620 2128 828 2168 procuratori,
866 2128 1047 2157 licenciatus
1081 2129 1138 2157 sub
1173 2128 1321 2167 magistro

412 2178 526 2207 Ottone
544 2179 581 2206 de
598 2178 773 2212 Thunninc,
791 2184 850 2206 etc.

452 2227 525 2255 Item
555 2227 670 2265 incepit
703 2226 847 2255 dominus
877 2227 1011 2255 Jacobus
1043 2227 1081 2255 de
1117 2226 1234 2255 Patella
1263 2227 1321 2255 sub

412 2276 559 2315 magistro
581 2275 721 2304 Arnoldo
737 2276 774 2304 de
787 2275 936 2310 Arnhem,
953 2274 1040 2315 cujus
1057 2276 1152 2304 bursa
1167 2275 1195 2304 11
1216 2274 1318 2304 solidi.

413 2325 546 2362 [Posuit]
561 2324 687 2363 pignus.

452 2373 526 2402 Item
558 2373 674 2412 incepit
706 2373 848 2402 dominus
880 2373 1057 2402 Alexander
1083 2373 1140 2402 sub
1171 2373 1320 2412 magistro

411 2423 529 2457 eodem,
547 2421 634 2461 cujus
651 2423 746 2451 bursa
765 2422 850 2451 11110‘
868 2421 972 2451 solidi.

451 2471 525 2500 Item
566 2472 643 2500 sacta
676 2470 944 2510 congregacione⁴
994 2471 1024 2499 in
1061 2471 1175 2500 Sancto
1214 2470 1320 2500 Cosmi

412 2520 560 2549 Damiano
575 2519 637 2558 (sic)
655 2520 686 2548 in
701 2519 808 2559 vigilia
819 2521 907 2549 beate
923 2519 1020 2548 Marie
1036 2519 1177 2559 Virginis
1193 2519 1320 2549 Annun-

410 2569 558 2598 ciacionis
577 2575 647 2608 post
659 2579 807 2608 vesperas
826 2579 922 2608 super
936 2570 1058 2598 duobus
1081 2568 1231 2603 articulis,
1252 2569 1320 2608 pri-

411 2628 477 2646 mus
497 2619 535 2646 ad
562 2618 809 2657 supplicandum,
833 2618 879 2646 2⁰⁸
898 2618 936 2646 ad
959 2617 1132 2646 habendum
1150 2616 1319 2657 jocundum

410 2667 567 2695 introitum
582 2668 619 2695 de
630 2667 787 2706 magistris
801 2666 980 2695 Alexandro
996 2673 1025 2695 et
1038 2666 1186 2706 magistro
1204 2667 1319 2696 Jacobo

410 2716 447 2744 de
466 2716 592 2744 Patella.
612 2716 657 2744 De
676 2715 775 2754 primo
797 2715 983 2755 supplicavit
1001 2716 1149 2754 magister
1171 2715 1318 2745 Hinricus

411 2764 566 2799 Crouwel,
595 2771 726 2803 protunc
754 2771 937 2803 procurator
967 2764 1118 2799 nacionis,
1146 2774 1202 2803 pro
1231 2764 1320 2793 litera

410 2813 607 2842 testimoniali
628 2823 722 2852 super
741 2813 919 2853 magisterio
940 2819 971 2842 et
990 2813 1058 2842 aliis
1080 2813 1179 2842 literis
1197 2823 1318 2842 recom-

441 2928 462 2950 1.
497 2929 543 2951 Ms.
560 2928 636 2951 iterat
648 2929 724 2951 sucta.

440 2964 462 2986 2.
502 2963 555 2987 Vid.
567 2972 644 2994 supra
662 2972 688 2994 p.
707 2965 761 2990 6¹23,
778 2964 817 2987 39,
836 2963 927 2987 Ultimo
937 2963 984 2995 {liic
1002 2963 1145 2987 Brunolsus
1160 2963 1317 2987 nominatur.

1366 954 1400 980 10

1365 1199 1398 1225 15

1363 1446 1397 1471 20

1362 1690 1395 1716 25

1360 1937 1394 1963 30

1359 2183 1393 2208 35

1358 2428 1392 2454 40

1357 2673 1391 2699 45

1440 507 1641 537 mendatoriis
1661 508 1699 537 ad
1714 508 1895 548 episcopum
1913 515 1943 538 et
1957 509 1995 538 ad
2013 508 2134 548 aliquos
2154 509 2232 539 alios
2248 510 2348 539 domi-

1438 566 1496 585 nos
1512 557 1709 596 temporales,
1729 556 1816 597 cujus
1834 557 2025 597 supplicacio
2043 564 2109 587 erat
2127 568 2286 588 concessa.
2309 558 2350 588 Et

1439 605 1558 635 solucio
1568 606 1787 646 magistrorum
1798 616 1949 636 novorum
1956 606 2084 646 jocundi
2094 607 2240 637 introitus
2249 607 2349 638 delata

1439 661 1504 684 erat
1519 655 1557 684 ad
1575 655 1756 685 electionem
1772 655 1844 685 novi
1859 655 2084 696 procuratoris.

1479 703 1555 733 Item
1565 705 1812 744 congregacione
1824 705 1901 734 facta
1910 705 2050 734 nacionis
2060 705 2159 744 prima
2169 706 2220 735 die
2229 705 2350 745 Aprilis

1439 752 1471 781 in
1503 752 1616 782 Sancto
1647 753 1769 783 Juliano
1795 764 1890 794 super
1913 753 1957 783 111
1986 754 2137 790 articulis,
2164 755 2285 794 primus
2310 756 2349 784 ad

1438 801 1612 831 habendum
1634 812 1732 832 novos
1754 803 1864 838 libros,
1891 803 1963 842 quia
1985 802 2057 832 libri
2085 813 2147 832 non
2173 803 2276 833 valent
2296 814 2352 833 nec

1437 858 1505 879 sunt
1515 852 1553 880 de
1568 862 1622 880 usu
1636 853 1816 888 Par-isiensi,
1834 852 2019 882 deliberavit
2033 852 2122 881 nacio
2139 853 2223 892 quod
2238 853 2349 882 vende-

1438 906 1556 935 rentur,
1583 906 1613 929 et
1635 902 1717 940 quod
1737 901 1810 930 novi
1832 901 1905 930 libri
1928 907 2114 930 emerentur.
2134 902 2181 930 2⁸¹⁵
2201 901 2351 932 articulus

1438 955 1504 978 erat
1525 950 1563 979 de
1589 949 1785 985 bachalariis,
1813 950 1866 989 qui
1894 951 2010 980 debent
2032 950 2140 980 venire
2162 951 2200 980 ad
2223 951 2349 980 missam

1437 998 1589 1034 nacionis,
1608 998 1792 1028 deliberavit
1806 999 1894 1028 nacio
1913 1000 1996 1038 quod
2018 1000 2168 1029 deberent
2183 999 2290 1029 venire
2310 1001 2350 1029 ad

1437 1047 1562 1077 missam
1578 1049 1636 1077 sub
1652 1058 1731 1087 pena
1749 1047 1789 1077 VI
1803 1049 1874 1077 den.
1891 1049 1937 1078 3¹¹·
1954 1047 2102 1078 articulus
2121 1058 2216 1088 super
2230 1048 2348 1088 suppli-

1437 1096 1627 1132 nacionibus,
1649 1103 1679 1126 et
1697 1097 1885 1136 supplicavit
1902 1097 2051 1137 magister
2073 1097 2255 1133 Brunolfus,
2273 1108 2350 1138 pre·

1437 1146 1558 1185 positus
1586 1146 1760 1181 Scarensis‚
1792 1147 1875 1185 quod
1907 1146 2009 1185 possit
2037 1147 2178 1176 obtinere
2208 1146 2346 1181 bibliam,

1437 1205 1532 1234 super
1559 1205 1649 1234 quam
1670 1195 1745 1224 alias
1771 1195 1926 1224 concessit
1950 1195 2112 1235 pecuniam
2139 1196 2170 1224 in
2195 1195 2350 1225 nacione²

1435 1254 1494 1283 pro
1512 1250 1595 1273 tanto
1609 1251 1724 1283 quanto
1739 1250 1896 1273 taxaretur
1913 1254 1930 1273 a
1947 1244 2139 1274 taxatoribus
2154 1244 2346 1274 Universita-

1435 1293 1488 1322 tis.
1508 1293 1548 1322 Et
1563 1299 1629 1322 erat
1647 1293 1707 1322 sibi
1720 1303 1915 1322 concessum.

1477 1342 1552 1371 Item
1563 1342 1594 1370 in
1603 1342 1708 1371 eadem
1718 1341 1966 1382 congregacione
1977 1342 2138 1372 solverunt
2148 1352 2205 1382 pro
2211 1341 2350 1382 jocundo

1435 1391 1563 1420 introitu
1575 1391 1715 1431 magistri
1724 1391 1903 1420 Alexander
1913 1391 1950 1420 de
1961 1391 2074 1421 Sancto
2083 1391 2153 1421 Vito
2164 1402 2258 1421 unum
2268 1393 2348 1421 sran-

1435 1450 1515 1476 cum,
1533 1440 1682 1480 magister
1699 1441 1833 1469 Jacobus
1849 1441 1887 1469 de
1905 1440 2022 1470 Patella
2034 1451 2127 1470 unum
2144 1441 2290 1470 francum.

1841 1534 1859 1562 1
1864 1533 1939 1563 383

1433 1605 1524 1635 Acta
1557 1612 1642 1635 sunt
1670 1605 1735 1635 hec
1765 1615 1833 1645 que
1860 1611 2070 1645 sequuntur
2096 1605 2132 1634 in
2162 1616 2346 1645 procura-

1585 1655 1682 1684 toria
1709 1655 1882 1694 magistri
1913 1654 2118 1684 Alexandri
2148 1655 2190 1684 de

1760 1704 1896 1733 Sancto
1920 1703 2020 1733 vito.

1472 1784 1563 1814 Anno
1587 1784 1712 1814 Domini
1737 1784 1782 1813 Μο
1800 1783 1894 1814 CCC⁰
1916 1783 2085 1819 LXXXIII,
2109 1784 2159 1813 die
2179 1785 2211 1814 7¹
2228 1784 2346 1814 mensis

1431 1833 1553 1873 Aprilis
1578 1834 1655 1862 facta
1679 1833 1926 1873 congregacione
1951 1833 2090 1862 nacionis
2115 1832 2288 1873 Anglicane
2312 1832 2344 1862 in

1433 1883 1546 1912 Sancto
1561 1882 1683 1912 Juliano
1702 1892 1796 1921 super
1811 1883 1933 1911 duobus
1948 1882 2100 1917 articulis,
2116 1892 2247 1921 quorum
2263 1892 2345 1912 unus

1432 1932 1488 1961 fuit
1515 1932 1554 1961 ad
1581 1931 1758 1971 eligendum
1786 1937 2029 1970 procuratorem,
2063 1931 2141 1960 alius
2173 1937 2272 1960 autem
2304 1932 2342 1961 ad

1431 1981 1616 2010 audiendum
1637 1987 1812 2019 computum
1835 1980 2018 2019 receptoris,
2043 1980 2156 2009 dilatus
2180 1981 2235 2009 fuit
2256 1990 2342 2010 com-

1432 2036 1524 2069 putus
1548 2030 1732 2069 receptoris,
1755 2039 1824 2058 nam
1846 2035 1990 2068 receptor
2016 2029 2152 2069 legitime
2175 2029 2342 2068 impeditus

1431 2085 1503 2108 tunc
1517 2079 1629 2108 absens
1648 2079 1714 2113 fuit,
1734 2085 1764 2107 et
1779 2088 1812 2107 se
1827 2088 1975 2107 excusare
1991 2084 2063 2107 tunc
2077 2078 2108 2107 in
2123 2078 2252 2108 nacione
2270 2078 2343 2108 fecit

1432 2138 1487 2167 per
1504 2129 1686 2168 magistrum
1701 2127 1872 2157 Johannem
1889 2128 1927 2156 de
1942 2127 2100 2162 Haustria‚
2120 2133 2150 2157 et
2163 2127 2189 2156 si
2202 2137 2264 2156 non
2276 2127 2341 2167 pla-

1431 2183 1515 2206 ceret
1544 2177 1678 2212 nacioni,
1710 2177 1792 2216 quod
1823 2176 1997 2206 mitteretur
2024 2186 2083 2216 pro
2112 2186 2149 2205 eo
2175 2177 2214 2205 ad
2239 2176 2339 2206 locum

1430 2226 1527 2261 illum,
1542 2226 1573 2255 in
1589 2236 1650 2265 quo
1666 2226 1718 2255 ille
1730 2226 1807 2254 dixit
1821 2225 1969 2265 magistro
1983 2225 2117 2255 Johanni
2129 2225 2224 2254 eciam
2238 2225 2340 2264 ipsum

1430 2276 1543 2304 debere
1555 2275 1703 2310 inveniri,
1718 2275 1786 2314 ipse
1799 2274 1932 2303 libenter
1950 2274 2087 2310 veniret;
2102 2275 2156 2303 sed
2169 2274 2202 2303 in
2212 2274 2342 2303 nacione

1430 2324 1598 2353 deliberata
1623 2323 1679 2353 fuit
1703 2323 1815 2352 dilacio
1834 2323 1969 2363 computi
1989 2323 2172 2362 receptoris.
2198 2322 2238 2351 Et
2259 2322 2342 2352 elec-

1429 2379 1479 2402 tus
1495 2373 1551 2402 fuit
1563 2373 1761 2402 concorditer
1779 2372 1810 2401 in
1824 2377 2056 2411 procuratorem
2069 2371 2210 2400 nacionis
2226 2371 2341 2411 Angli-

1430 2432 1504 2451 cane
1521 2422 1669 2461 magister
1686 2421 1862 2451 Alexander
1875 2421 1912 2450 de
1929 2420 2043 2450 Sancto
2056 2419 2138 2450 Vito.

1471 2471 1545 2500 Item
1567 2471 1597 2499 in
1618 2471 1723 2500 eadem
1741 2469 1988 2509 congregacione
2009 2469 2211 2498 deliberatum
2230 2469 2287 2499 fuit
2304 2475 2339 2499 ut

1429 2519 1587 2559 predictus
1608 2520 1755 2559 magister
1777 2518 1952 2548 Alexander
1974 2518 2109 2547 solveret
2131 2519 2284 2553 francum,
2308 2524 2338 2549 et

1428 2569 1513 2598 illum
1527 2570 1662 2598 francum
1682 2568 1774 2597 solvit
1790 2568 1822 2596 in
1837 2568 1942 2596 eadem
1958 2566 2008 2596 die
2021 2566 2144 2596 nacioni
2159 2566 2191 2595 in
2210 2567 2336 2596 taberna

1429 2627 1486 2657 pro
1502 2617 1601 2657 prima
1619 2616 1685 2657 ejus
1703 2615 1928 2656 procuratoria.

1469 2666 1542 2706 (Fal.
1563 2669 1600 2696 43
1613 2666 1636 2705 b)
1657 2666 1731 2695 Item
1749 2665 1891 2694 dominus
1908 2663 2070 2694 Conradus
2086 2664 2284 2704 Muntzinger
2297 2665 2337 2693 de

1429 2715 1583 2754 Friburgo
1596 2714 1774 2744 licenciatus
1786 2714 1817 2742 in
1831 2713 1948 2742 artibus
1963 2714 2021 2742 sub
2036 2713 2186 2752 magistro
2197 2713 2337 2742 Johanne

1427 2765 1465 2793 de
1481 2763 1664 2799 Hoekelem,
1685 2761 1771 2802 cujus
1790 2763 1884 2791 bursa
1900 2761 1972 2791 VIII
1992 2761 2100 2797 solidi,
2118 2761 2211 2791 solvit
2227 2771 2338 2801 recep-

1428 2813 1500 2847 tori,
1518 2819 1547 2842 et
1560 2811 1676 2851 juravit
1694 2811 1899 2851 procuratori.

1425 2927 1474 2950 An.
1487 2927 1557 2956 1405,
1570 2926 1661 2950 Martii
1672 2927 1710 2954 23,
1723 2927 1808 2957 sactu:
1821 2927 1859 2949 eet
1874 2933 2006 2957 episcopus
2018 2925 2152 2949 Scarensio
2162 2924 2196 2948 ab
2211 2925 2338 2948 Innocen-

1425 2962 1462 2986 tio
1476 2963 1527 2986 Vll.

2622 3267 2632 3288 n.
2626 3240 2632 3259 -.ι
2623 3188 2632 3234 ιιι-κ.
2615 3073 2632 3180 ,ινα-,ζέσας-
2622 3058 2632 3067 s
