2632 3464
274 426 332 453 3⁶5

276 503 331 532 nia
353 503 503 538 nacionis,
529 508 692 542 antequam
711 501 879 542 jocundum
908 502 1070 531 adventum
1093 512 1181 531 suum

277 552 448 582 secundum
470 552 592 581 modum
613 558 791 581 consuetum
814 551 959 585 solverit,
984 551 1056 580 dum
1082 557 1182 580 tamen

278 610 338 641 per
355 601 507 631 bedellum
527 600 667 630 nacionis
686 599 821 640 legitime
837 599 1027 639 premonitus
1046 599 1137 629 suerit
1153 606 1184 629 et

276 656 415 680 vocatus.

320 698 395 728 ltem
417 699 449 728 in
467 699 572 728 eadem
589 697 835 738 congregacione
854 697 952 738 major
972 707 1045 737 pars
1065 697 1184 727 delibe-

278 747 360 778 ravit
377 748 461 787 quod
485 747 569 778 scole
588 747 728 777 nacionis
747 747 786 776 ad
808 746 935 776 liberam
953 746 1183 776 ordinacionem

279 796 419 826 nacionis
429 802 563 836 protunc
571 802 687 831 essent,
699 796 780 826 sicut
787 805 845 836 per
854 795 942 836 prius
953 805 1022 825 esse
1031 795 1181 825 solebant.

715 852 729 865 0

346 902 608 943 Congregacio
632 902 921 942 procuracionis
952 901 1116 942 ejusdem

658 957 802 991 quarta.
837 975 840 978 .

320 1041 395 1071 Item
422 1041 498 1070 facta
521 1040 762 1080 congregatione
783 1039 924 1070 nacionis
943 1040 1083 1080 predicte
1105 1041 1186 1080 apud

278 1090 425 1120 Sanctum
443 1089 629 1119 Maturinum
652 1099 707 1129 per
725 1088 931 1129 juramentum
953 1089 990 1118 ad
1011 1089 1186 1129 eligendum

275 1145 470 1179 receptorem
483 1145 514 1168 et
527 1139 565 1168 ad
582 1139 766 1168 audiendum
783 1137 849 1178 ejus
861 1145 1036 1178 compotum
1051 1139 1120 1168 xxl
1136 1139 1187 1168 die

280 1188 397 1218 mensis
414 1187 607 1228 Septembris
617 1188 760 1227 predicti,
778 1189 808 1217 in
825 1187 934 1227 primis
950 1187 1053 1218 Sancti
1066 1188 1185 1224 Jacobi,

279 1237 333 1268 nbi
351 1236 451 1277 primo
467 1232 580 1267 statuta
600 1237 676 1266 sacta
698 1236 729 1266 in
747 1237 995 1277 congregacione
1014 1237 1187 1267 immediate

279 1286 460 1326 precedenti
493 1285 616 1326 puplice
650 1285 788 1326 perlecta
817 1291 907 1315 erant
935 1291 966 1315 et
998 1285 1124 1316 recitata
1153 1296 1188 1316 ac

275 1334 473 1365 denunciata.

321 1383 396 1414 Item
428 1382 525 1423 major
554 1393 628 1424 pars
655 1383 795 1413 nacionis
827 1384 998 1424 assignavit
1018 1384 1188 1423 proximam

278 1433 363 1463 diem
387 1432 459 1463 lune
477 1433 515 1462 ad
535 1433 739 1462 ordinandum
761 1439 792 1462 et
815 1433 1008 1462 statuendum
1034 1434 1072 1462 de
1094 1432 1189 1462 scolis

280 1491 340 1522 pro
354 1481 424 1511 aliis
441 1482 531 1511 annis
552 1482 754 1521 sequentibus
773 1482 865 1512 istum
885 1488 996 1511 annum
1016 1481 1190 1511 immediate

280 1531 427 1566 futurum,
445 1530 472 1560 si
487 1530 707 1561 convenienter
723 1540 791 1560 curn
806 1531 898 1560 bonis
918 1530 1018 1560 modis
1035 1537 1065 1560 et
1079 1530 1189 1560 mediis

281 1578 349 1609 fieri
365 1585 473 1619 posset
487 1579 597 1619 quovis
614 1580 716 1609 modo.

322 1628 396 1658 ltem
407 1627 439 1658 in
447 1629 553 1658 eadem
560 1628 808 1668 congregacione
817 1634 921 1658 contra
930 1628 1188 1658 deliberacionem

280 1678 370 1718 prius
395 1677 434 1707 de
461 1677 556 1707 scolis
579 1677 687 1707 saetam
716 1677 864 1717 magister
893 1677 1051 1707 Gerardus
1080 1678 1190 1708 Calcar

280 1725 449 1767 appellavit
461 1732 547 1756 extra
564 1725 724 1756 nacionem
736 1727 774 1755 ad
787 1725 922 1766 judicem
934 1726 995 1756 sibi
1015 1733 1189 1767 competen-

281 1781 354 1806 tem.

322 1824 397 1854 ltem
421 1823 453 1854 in
478 1825 584 1854 eadem
610 1824 856 1864 congregacione
889 1825 1072 1854 deliberavit
1102 1825 1189 1854 nacio

282 1873 375 1903 simul
398 1872 564 1903 convenire
588 1872 620 1902 in
637 1873 770 1912 prandio
790 1879 821 1902 et
838 1872 913 1913 quid
930 1873 1011 1903 ultra
1030 1874 1189 1913 pecuniam

279 1923 321 1952 de
337 1922 428 1952 novis
452 1921 663 1961 [intrantibus]
677 1921 686 1939 ⁸
708 1923 936 1962 expenderetur
956 1922 988 1951 in
1008 1923 1078 1962 ipso
1094 1932 1191 1962 pran-

284 1969 348 2004 dio,
366 1967 456 1998 nscio
471 1968 615 1999 solveret.

322 2018 396 2057 (Fal.
421 2018 468 2058 18)
492 2017 567 2047 Item
587 2017 620 2047 in
641 2018 747 2048 eadem
769 2019 1015 2058 congregacione
1036 2019 1190 2048 delibera—

282 2073 345 2097 tum
374 2073 441 2097 erat
463 2066 588 2096 differre
621 2073 796 2107 compotum
825 2067 997 2107 recepturis
1024 2078 1124 2108 usque
1151 2068 1190 2098 ad

283 2116 456 2156 proximum
475 2115 555 2146 diem
571 2115 653 2146 lune.

323 2165 397 2195 Item
414 2165 445 2194 in
466 2165 571 2195 eadem
591 2165 839 2205 congregacione
856 2175 912 2205 per
931 2165 1190 2196 deliberacionem

282 2213 398 2244 ibidem
422 2214 529 2243 factam
553 2213 749 2244 continuatus
773 2214 830 2244 fuit
853 2214 933 2244 idem
957 2221 1111 2255 receptor,
1137 2215 1190 2255 qui

285 2263 458 2293 immediate
474 2269 545 2292 ante
561 2263 670 2298 fuerat,
685 2262 770 2292 nullo
782 2262 976 2293 reclamante.

324 2312 398 2342 ltem
417 2311 449 2342 in
465 2312 571 2341 eadem
583 2311 832 2351 congregacione
846 2312 1034 2352 supplicavit
1043 2313 1191 2353 magister

283 2361 437 2392 Edmarus
454 2360 493 2390 de
513 2360 691 2400 Gripswald
714 2367 747 2390 ut
764 2367 932 2400 poneretur
948 2361 979 2391 in
994 2361 1096 2392 rotulo
1111 2361 1191 2392 Uni-

283 2409 439 2441 versitatis
467 2410 505 2439 ad
524 2419 635 2450 papam
661 2410 810 2440 mittendo
841 2416 984 2450 tanquam
1012 2411 1138 2447 absens,
1161 2418 1193 2441 et

279 2467 432 2489 concessa
455 2459 511 2488 suit
536 2457 602 2498 ejus
627 2458 819 2499 supplicacio
845 2458 955 2489 solutis
979 2459 1137 2489 solvendis
1161 2466 1191 2489 et

285 2507 362 2538 nulli
375 2506 608 2548 prejudicando.

325 2556 400 2586 ltem
424 2556 454 2586 in
482 2556 614 2597 prandio
638 2557 717 2587 facto
741 2557 847 2587 eodem
870 2557 920 2586 die
944 2556 975 2586 in
1000 2557 1127 2587 taberna
1148 2558 1191 2586 ad

290 2606 427 2636 Castrum
445 2605 476 2635 in
496 2605 619 2636 civitate
635 2611 708 2646 post
725 2606 1003 2646 congregacionem
1022 2606 1190 2646 predictam

282 2654 479 2695 expendebat
495 2660 639 2694 receptor
649 2664 686 2684 ex
702 2660 789 2695 parte
802 2655 941 2684 nacionis
958 2654 1191 2695 computacione

288 2702 403 2733 ibidem
432 2703 520 2739 facta.
555 2702 699 2734 videlicet
732 2710 864 2744 quatuor
899 2703 994 2733 libras
1024 2713 1130 2744 parys.
1161 2710 1192 2734 et

283 2751 422 2792 quinque
434 2751 565 2788 solidos,
576 2752 656 2782 ultra
666 2759 798 2793 quatuor
810 2754 943 2787 francos.
956 2762 1086 2792 quorum
1098 2762 1190 2783 unum

284 2799 380 2830 solvit
389 2799 470 2830 idem
484 2807 627 2841 receptor
639 2807 771 2841 protunc
785 2802 992 2832 continuatus.
1008 2801 1082 2832 ltem
1098 2802 1191 2842 magi-

283 2855 351 2879 ster
379 2848 532 2879 Edmsrus
567 2850 605 2879 de
633 2849 811 2890 Gripswald
841 2851 1000 2891 predictus
1026 2851 1057 2881 in
1083 2852 1190 2881 eodem

318 2950 339 2974 1.
373 2949 470 2975 Foliam
480 2950 631 2976 [aarum.

786 425 899 452 LIBER
920 426 1231 453 PROCURATORUM
1250 426 1430 453 NATIONIS
1449 427 1694 452 ANGLICANAE

1223 948 1257 974 10

1225 1192 1258 1218 ¹5

1226 1436 1260 1462 20

1227 1681 1260 1707 25

1227 1926 1261 1953 30

1227 2172 1261 2198 35

1228 2417 1262 2443 40

1228 2662 1262 2690 45

2145 427 2197 453 366

1292 503 1421 541 prandio
1444 502 1536 531 solvit
1556 504 1568 531 1
1592 503 1726 531 francum
1750 512 1806 540 pro
1820 501 1956 541 jocundo
1974 503 2105 531 adventu
2128 513 2196 533 suo,

1292 551 1365 580 item
1380 551 1527 591 magister
1544 551 1691 580 Albertus
1709 552 1746 580 de
1763 551 1874 580 Prucia
1891 551 1921 579 in
1938 552 2044 580 eodem
2067 551 2198 590 prandio

1292 600 1431 629 solvebat
1454 610 1546 630 unum
1572 601 1707 630 francum
1733 610 1790 639 pro
1809 599 1946 639 jocundo
1969 601 2099 629 adventu
2129 610 2195 629 suo.

1292 648 1367 678 Item
1378 649 1528 689 magister
1540 649 1694 679 Henricus
1707 650 1745 678 de
1758 649 1895 678 Marchia
1908 649 1938 677 in
1950 649 2057 678 eodem
2069 649 2199 688 prandio

1293 697 1434 727 solvebat
1451 698 1465 726 1
1482 698 1618 727 francum
1634 707 1693 737 pro
1701 696 1838 737 jocundo
1851 698 1982 726 adventu
1997 707 2064 726 suo.

1361 803 1623 844 Congregacio
1654 802 1817 843 ejusdem
1848 803 2136 843 procuracionis

1674 858 1818 892 quinta.

1335 941 1411 972 ltem
1449 941 1695 981 congregacione
1730 941 1870 970 nacionis
1907 941 1983 970 sacta
2015 940 2116 970 xxlu
2151 940 2200 969 die

1297 990 1413 1020 mensis
1438 990 1631 1030 Septembris
1657 990 1801 1030 predicti,
1826 990 1908 1029 apud
1935 989 2079 1018 Sanctum
2103 989 2202 1018 Julia—

1299 1049 1371 1069 num
1386 1049 1553 1080 pauperem
1575 1040 1612 1068 ad
1630 1039 1814 1069 audiendum
1834 1045 2009 1079 computum
2030 1038 2202 1078 receptoris

1295 1095 1326 1118 et
1363 1089 1402 1118 ad
1440 1088 1615 1128 eligendum
1651 1094 1896 1127 procuratorem,
1930 1087 2078 1117 remansit
2115 1087 2202 1116 nacio

1298 1138 1415 1167 debens
1438 1137 1593 1177 receptori
1619 1137 1763 1166 omnibus
1790 1137 1973 1177 computatis
1997 1136 2023 1166 11
2049 1136 2156 1171 libras,
2184 1137 2203 1165 4

1300 1186 1431 1222 solidos,
1451 1187 1470 1216 3
1491 1186 1648 1221 denarios,
1663 1185 1716 1215 et²
1734 1186 1827 1215 solvit
1849 1186 1944 1215 eciam
1961 1186 2050 1215 nacio
2071 1192 2203 1225 protunc

1299 1235 1454 1275 receptori
1474 1235 1502 1265 11
1522 1235 1618 1264 libras
1632 1245 1692 1275 pro
1713 1235 1886 1274 receptoria
1904 1235 1975 1264 anni
1994 1234 2201 1274 precedentis.

1703 1330 1722 1358 1
1727 1327 1800 1358 370

1346 1400 1418 1439 (Fol.
1444 1402 1481 1430 18
1496 1399 1520 1439 ¹²)
1546 1399 1772 1429 Procuracio
1802 1399 1975 1439 magistri
2005 1398 2159 1428 Jordani

1622 1449 1687 1495 ¹de
1714 1448 1850 1479 Clivis.

1338 1529 1429 1559 Anno
1451 1529 1576 1558 Domini
1599 1539 1660 1568 quo
1683 1538 1789 1568 supra,
1811 1539 1916 1558 mense
1941 1528 2133 1568 Septembris
2155 1529 2205 1558 die

1298 1578 1416 1613 XXIII,
1434 1578 1509 1608 saeta
1526 1578 1773 1618 congregacione
1787 1577 1927 1607 nacionis
1938 1578 2108 1617 Anglicane
2124 1579 2204 1617 apud

1300 1627 1444 1657 Sanctum
1465 1627 1618 1656 Julianum
1641 1628 1678 1656 ad
1702 1627 1879 1667 eligendum
1900 1633 2144 1666 procuratorem,
2167 1628 2205 1656 ad

1299 1676 1483 1706 audiendum
1506 1682 1681 1715 computum
1699 1676 1872 1716 receptor-is
1893 1682 1923 1705 et
1945 1676 1983 1705 ad
2001 1676 2205 1705 ordinandum

1298 1726 1336 1755 de
1369 1725 1476 1760 scolis,
1507 1725 1694 1764 computavit
1716 1731 1862 1765 receptor
1882 1731 1916 1754 ut
1942 1734 2047 1764 supra,
2071 1731 2130 1754 etc.
2160 1725 2206 1754 De

1299 1775 1395 1805 scolis
1415 1774 1645 1804 deliberabatur
1665 1780 1699 1803 ut
1717 1773 1919 1803 visitarentur
1937 1774 2070 1814 registra
2093 1784 2207 1814 procu-

1299 1830 1435 1854 ratorum
1447 1823 1572 1863 antiqua
1585 1823 1617 1852 in
1632 1823 1724 1853 archa
1735 1823 1876 1852 nacionis
1888 1823 2062 1859 existentia,
2080 1830 2110 1852 et
2119 1823 2207 1852 vide-

1300 1879 1387 1903 retur
1401 1873 1429 1902 si
1447 1872 1573 1912 aliquod
1590 1878 1734 1902 statutum
1753 1871 1892 1902 nacionis
1907 1881 2002 1912 super
2021 1872 2116 1902 scolis
2132 1883 2207 1912 pos-

1299 1923 1340 1952 sit
1363 1923 1394 1952 in
1419 1921 1498 1962 ipsis
1524 1921 1676 1961 reperiri;
1701 1922 1784 1961 quod
1807 1921 1833 1951 si
1856 1921 2062 1956 inveniretur,
2095 1922 2125 1951 in
2151 1932 2206 1951 suo

1302 1972 1412 2012 vigore
1426 1977 1680 2007 conservaretur;
1697 1971 1746 2000 sin
1756 1977 1868 2006 autem,
1882 1971 1970 2000 nacio
1986 1981 2023 2000 ex
2038 1977 2109 2000 tunc
2125 1971 2207 2000 ordi-

1298 2027 1399 2056 naret,
1416 2021 1500 2060 quod
1512 2020 1612 2050 visum
1626 2019 1718 2050 fuerit
1729 2020 1789 2049 sihi
1803 2020 1961 2059 expedire.
1980 2020 2014 2049 ln
2029 2026 2207 2059 procurato-

1298 2080 1365 2100 rem
1383 2079 1459 2099 vero
1483 2069 1599 2099 electus
1619 2069 1675 2098 fuit
1697 2069 1847 2108 magister
1865 2068 2020 2098 Jordanus
2039 2069 2077 2098 de
2095 2069 2205 2099 Clivis.

1299 2119 1334 2148 ln
1356 2117 1445 2159 cujus
1462 2118 1676 2158 procuratoris
1690 2124 1756 2147 acta
1772 2123 1843 2147 sunt
1856 2117 2063 2158 infrascripta.

1318 2186 1322 2188 -
1342 2167 1460 2202 Primo,
1477 2173 1549 2207 post
1559 2167 1837 2207 congregacionem
1850 2172 1922 2196 tunc
1937 2166 2069 2195 habitam
2084 2166 2209 2196 intravit

1299 2216 1389 2246 nacio
1406 2216 1576 2251 tabernam,
1593 2215 1712 2245 scilicet
1721 2216 1839 2244 domum
1853 2215 1972 2244 abbatis
1989 2217 2206 2251 cluniacensis,

1299 2271 1329 2295 et
1343 2265 1535 2304 expendebat
1548 2266 1562 2294 1
1575 2264 1723 2300 francum,
1736 2274 1826 2304 quem
1838 2264 1930 2294 solvit
1941 2263 2207 2304 magister-lohan-

1298 2324 1356 2344 nes
1378 2315 1416 2343 de
1441 2313 1544 2343 Buren
1566 2323 1624 2353 pro
1642 2312 1775 2353 jocundo
1800 2313 1927 2343 introitu
1949 2323 2005 2343 suo
2023 2314 2053 2342 in
2079 2314 2206 2353 primam

1299 2362 1590 2403 congregacionem.

1340 2412 1415 2442 ltem
1437 2411 1550 2442 xxvn
1575 2411 1626 2441 die
1651 2412 1768 2442 mensis
1789 2412 1918 2451 predicti
1941 2412 2017 2441 facta
2035 2421 2207 2451 congrega-

1298 2461 1387 2490 cione
1409 2460 1549 2490 nacionis
1571 2460 1603 2490 in
1624 2460 1736 2490 Sancto
1757 2460 1923 2495 Maturino‚
1943 2461 2018 2490 hora
2038 2461 2147 2500 prime.
2170 2461 2207 2489 ad

1299 2510 1504 2540 ordinandum
1531 2516 1561 2540 et
1585 2510 1832 2551 supplicandum,
1854 2509 2041 2549 supplicavit
2062 2509 2208 2549 magister

1298 2559 1456 2589 lohannes
1478 2558 1608 2595 Gruter,
1629 2560 1711 2599 quod
1732 2559 1758 2589 si
1777 2558 1847 2599 ipso
1870 2560 1996 2588 absente
2014 2558 2208 2598 contingeret

1299 2608 1365 2638 sseri
1379 2607 1512 2638 rotulum
1525 2609 1562 2637 ad
1575 2617 1697 2648 papam,
1710 2618 1770 2638 non
1782 2609 1923 2637 obstante
1934 2607 2088 2641 absencia,
2100 2614 2207 2647 posset

1299 2656 1416 2697 imponi
1446 2656 1555 2686 solutis
1583 2656 1754 2687 solvendis.
1788 2655 1884 2696 Cujus
1920 2656 2112 2696 supplicacio
2143 2662 2206 2685 erat

1299 2715 1449 2736 concessa
1478 2706 1508 2735 in
1540 2707 1647 2741 forma,
1675 2716 1735 2746 qua
1758 2705 1913 2745 aliquibus
1940 2705 1992 2744 qui
2018 2711 2086 2734 ante
2106 2705 2206 2744 ipsum

1299 2764 1396 2795 super
1416 2755 1523 2784 eodem
1549 2754 1765 2795 supplicarunt
1794 2754 1872 2783 idem
1899 2754 2136 2783 concedebatur.
2169 2754 2208 2783 Et

1299 2803 1385 2833 dedit
1400 2803 1479 2833 idem
1495 2804 1643 2844 magister
1660 2805 1673 2833 1
1692 2804 1826 2833 francum
1844 2813 1902 2843 pro
1913 2802 2049 2842 jocundo
2067 2803 2206 2838 introitu,

1299 2858 1372 2890 etc.,
1389 2853 1442 2892 qui
1459 2863 1515 2893 pro
1531 2859 1603 2883 tunc
1620 2862 1677 2892 per
1698 2852 1869 2887 nacionem,
1888 2851 1968 2881 sicut
1985 2852 2081 2881 moris
2098 2858 2156 2887 est,
2176 2852 2207 2881 in

1330 2954 1353 2977 2.
1381 2954 1442 2978 Bt...
1454 2953 1617 2986 precedenti·
1627 2953 1682 2977 alia
1696 2962 1781 2977 manu.
