2632 3464
308 458 368 485 829

313 534 403 564 nacio
417 533 510 564 vellet
527 534 630 574 ipsum
647 533 679 563 in
698 532 833 573 peractis
849 538 989 572 tempore
1005 541 1059 562 sue
1073 542 1220 572 procura-

315 583 394 612 torie
404 583 517 612 habere
531 581 709 623 av[o]atum‚
726 587 847 622 gratum
860 586 890 611 et
904 587 1058 621 agnatum.
1075 581 1134 611 Cui
1149 591 1221 620 sup-

313 631 479 672 plicacioni
492 631 580 661 nacio
597 631 714 661 annuit.

355 680 430 710 Item
443 680 561 720 incepit
571 680 714 710 dominus
730 679 910 709 Bernardus
924 678 1041 708 Kolner
1056 679 1114 708 sub
1127 679 1221 719 magi·

310 735 382 759 stro
396 728 537 759 Arnoldo
551 728 705 764 Witwiic,
721 727 809 768 cujus
823 728 918 757 bursa
933 727 962 756 11
975 727 1079 757 solidi.

357 778 433 808 Item
453 778 532 807 sacta
551 777 798 817 congregacione
820 776 960 806 nacionis
977 775 1148 816 Anglicane
1166 777 1222 806 xl·

309 827 366 857 die
381 827 498 857 mensis
516 826 590 856 Julii
610 836 706 866 super
723 826 826 856 tribus
842 825 992 855 articulis.
1009 825 1134 855 Primus
1151 826 1222 855 arti-

314 877 403 906 culus
417 882 484 906 erat
499 876 538 905 ad
553 875 732 905 avisandum
748 875 872 904 modum
888 873 1018 904 ulterius
1032 874 1221 914 procedendi

313 925 347 955 in
375 925 454 955 facto
477 923 617 954 nacionis
642 933 700 963 pro
721 923 863 964 pecuniis
882 923 1033 953 habendis
1059 933 1077 952 a
1099 924 1223 953 domina

314 974 434 1014 regina.
459 973 620 1003 Secundus
643 972 791 1002 articulus
813 973 868 1002 suit
883 973 921 1002 ad
939 973 1123 1002 audiendum
1142 983 1223 1002 com-

316 1029 423 1063 potum
441 1021 626 1062 receptoris.
645 1023 692 1051 3¹¹·
709 1021 858 1051 articulus
880 1022 936 1051 fuit
957 1031 1052 1062 super
1069 1022 1221 1062 supplica-

311 1071 458 1102 tionibus
479 1077 510 1101 et
540 1070 674 1110 injuriis.
701 1070 804 1111 Super
828 1071 928 1110 primo
953 1070 1082 1100 articulo
1115 1071 1223 1101 recitat

317 1120 592 1161 procurator,quia
599 1119 675 1149 alias
685 1120 848 1159 negocium
858 1119 913 1149 fuit
925 1119 1094 1150 resolutum
1105 1120 1220 1155 adhoc,

312 1170 399 1210 quod
420 1168 545 1199 domina
565 1169 674 1209 regina
694 1168 823 1198 haberet
844 1169 1006 1209 precipere
1030 1169 1222 1199 thesaurario

310 1217 393 1248 suo*
415 1218 560 1258 quatinus
584 1218 671 1247 daret
689 1217 812 1247 nacioni
830 1224 944 1247 certam
963 1227 1110 1248 summam
1129 1228 1223 1258 pecu-

317 1268 378 1304 nie,
395 1268 479 1308 quod
498 1267 610 1297 multas
625 1267 739 1296 fecerat
757 1266 940 1307 diligencias
958 1277 1015 1307 per
1030 1267 1222 1297 Bomundum

312 1326 373 1357 pro
388 1316 516 1346 sciendo
537 1316 661 1356 quando
679 1315 780 1345 dictus
798 1315 1010 1346 thezaurarius
1025 1323 1108 1346 esset
1125 1326 1222 1356 prope

313 1365 465 1406 reginam,
484 1365 569 1405 quod
581 1371 653 1394 tunc
668 1365 806 1404 deputati
821 1365 961 1395 nacionis
977 1365 1126 1395 haberent
1138 1365 1223 1395 adire

315 1414 469 1444 dominam
486 1414 626 1454 reginam
643 1414 704 1443 sibi
717 1413 905 1454 supplicare,
922 1414 1066 1454 quatinus
1083 1414 1223 1454 precipe-

314 1469 364 1493 ret
398 1463 592 1493 thezaurario
625 1462 657 1492 in
685 1463 848 1502 presencia
879 1463 1018 1503 ipsorum
1051 1463 1223 1493 deliberare

316 1511 438 1542 nacioni
459 1522 618 1547 summam,
641 1521 731 1551 quam
754 1512 859 1551 gracia
883 1522 938 1541 sua
960 1512 1142 1552 dignaretur
1163 1512 1223 1542 sibi

310 1562 497 1592 concedere.
514 1562 552 1591 Et
570 1561 642 1600 quia
658 1567 843 1601 procurator
864 1571 926 1590 non
941 1561 1136 1591 obstantibus
1152 1561 1224 1591 dili-

313 1610 436 1652 genciis
451 1620 506 1650 per
521 1610 622 1650 ipsum
637 1609 751 1640 habitis
766 1609 798 1639 in
811 1609 897 1640 nullo
911 1610 1054 1650 profecit,
1064 1611 1226 1650 reputabat

315 1659 397 1690 huno
412 1659 534 1688 modum
550 1658 676 1688 multum
689 1658 854 1688 difficilem.
869 1658 984 1688 Tamen
1000 1659 1089 1689 nacio
1106 1659 1226 1690 delibe-

313 1709 395 1739 ravit
411 1708 494 1748 quod
509 1708 647 1737 adiretur
662 1708 786 1738 domina
801 1707 909 1748 regina
920 1715 1064 1748 presente
1076 1709 1225 1748 episcopo

314 1757 542 1788 Silvanectensi
552 1756 601 1786 vel
614 1756 807 1786 thesaurario
825 1756 926 1796 ipsius
937 1756 1045 1797 regine
1059 1757 1108 1786 vel
1122 1757 1224 1786 ambo-

317 1807 387 1842 bus,
403 1812 434 1836 et
448 1806 534 1835 dedit
546 1806 710 1845 deputatos
727 1805 802 1835 alias
816 1806 905 1835 datos
921 1805 952 1835 in
967 1806 1071 1835 eadem
1086 1805 1223 1842 materia,

315 1855 462 1886 videlicet
469 1854 650 1895 magistrum
658 1854 828 1884 ⁸iohannem
837 1855 875 1884 de
886 1854 1024 1890 Austria‚
1041 1861 1098 1884 etc.

357 1903 459 1944 Super
467 1904 604 1934 secundo
615 1903 744 1934 articulo
755 1903 877 1933 auditus
886 1903 942 1933 fuit
950 1910 1111 1943 compotus
1120 1914 1225 1944 recep-

315 1953 396 1983 toris
421 1952 452 1982 in
476 1952 639 1993 presencia
663 1952 764 1982 tocius
788 1952 939 1984 nacionis,
965 1959 995 1982 et
1019 1958 1225 1992 computatum

313 2008 383 2032 erat
403 2002 487 2042 quod
506 2001 574 2041 ipse
598 2007 743 2041 receptor
763 2001 911 2030 remansit
928 2001 1085 2042 obligatus
1106 2001 1226 2031 nacioni

318 2051 350 2080 in
360 2052 398 2081 52
412 2050 502 2080 libris
515 2050 627 2090 paris.,
640 2051 654 2079 1
668 2050 772 2079 franco
787 2059 855 2079 cum
870 2049 930 2079 1111
941 2050 1088 2079 denariis.
1106 2050 1145 2079 Et
1155 2050 1227 2090 quia

314 2099 394 2130 alias
409 2099 497 2129 nacio
517 2108 641 2138 semper
659 2098 820 2128 consuevit
836 2105 975 2138 tempore
993 2105 1154 2138 compotus
1169 2099 1227 2129 ali-

317 2149 393 2189 quid
406 2154 582 2188 perpotare‚
595 2147 696 2177 visum
709 2147 765 2177 suit
783 2147 905 2177 nacioni
920 2148 1127 2183 concorditer,
1143 2149 1227 2188 quod

319 2197 371 2227 ille
392 2197 516 2226 francus
540 2206 608 2226 cum
634 2195 693 2226 1111
714 2196 850 2226 denariis
874 2203 1101 2236 perpotaretur.
1125 2197 1165 2227 Et
1186 2197 1228 2227 ita

315 2247 428 2276 sactum
444 2245 511 2281 suit,
529 2251 559 2275 et
578 2245 693 2285 placuit
706 2251 868 2284 compotus
886 2252 916 2275 et
933 2245 988 2275 suit
1009 2245 1149 2286 signatus
1172 2255 1228 2286 per

320 2299 554 2336 procuratorem
570 2293 602 2324 in
618 2293 698 2323 libro
713 2294 896 2334 receptoria.

361 2343 471 2382 Quoad
489 2343 617 2373 tercium
633 2343 793 2372 articulum
811 2343 897 2373 venit
909 2343 1053 2373 dominus
1067 2343 1226 2383 archidya-

314 2402 416 2423 conus
437 2392 599 2422 Scarensis
617 2392 655 2421 ad
674 2391 845 2427 nacionem,
865 2398 896 2422 et
911 2392 1013 2432 primo
1031 2392 1227 2432 regraciaba-

318 2447 369 2472 tur
391 2440 513 2471 nacioni
535 2441 574 2470 de
600 2441 681 2470 bona
701 2440 885 2470 assistencia
907 2441 967 2470 sibi
989 2442 1065 2470 facta
1084 2441 1115 2470 in
1136 2451 1227 2470 causa

318 2491 430 2520 domus
446 2499 513 2525 sue,
527 2490 566 2519 de
581 2499 642 2529 qua
659 2489 803 2529 superius
816 2490 846 2519 in
862 2489 1076 2530 procuratos-ia
1088 2490 1227 2530 magistri

314 2538 470 2569 <iohannis
493 2537 635 2568 Helvad²
660 2539 737 2568 facta
762 2544 810 2568 est
829 2538 959 2568 mencio.
982 2538 1022 2568 Et
1042 2538 1228 2578 supplicavit

323 2587 446 2618 nacioni
464 2597 524 2628 pro
546 2586 687 2617 ulteriori
704 2587 887 2617 assistencia
905 2587 935 2616 in
960 2587 1064 2616 eadem
1081 2596 1171 2617 causa
1196 2587 1226 2616 in

315 2646 405 2672 -casu,
437 2646 499 2676 quo
522 2636 687 2676 indigeret.
721 2635 818 2674 Quam
850 2635 1112 2676 supplicacionem
1138 2636 1227 2665 nacio

318 2684 485 2715 concessit.
504 2685 647 2715 Secundo
660 2685 847 2725 supplicavit
857 2684 958 2714 dictus
971 2684 1114 2714 dominus
1129 2684 1226 2714 archi·

316 2734 478 2773 dyaconus
497 2734 642 2774 quatinus
662 2733 797 2774 placeret
816 2733 937 2763 nacioni
960 2733 1020 2763 sibi
1038 2733 1111 2763 dare
1131 2742 1227 2773 pecu-

320 2781 400 2818 nias,
416 2781 448 2812 in
465 2781 580 2823 quibus
595 2783 797 2823 pretendebat
818 2782 977 2812 nacionem
993 2782 1053 2812 sibi
1072 2781 1169 2812 teneri
1191 2791 1227 2812 ex

320 2836 407 2871 parte
439 2831 549 2861 domus
582 2831 713 2861 ecclesie
746 2831 909 2861 Scarensis
923 2854 930 2866 ‚
963 2830 1050 2871 cujus
1079 2831 1147 2871 ipse
1181 2836 1228 2860 est

318 2879 564 2910 amministrator
581 2886 611 2910 et
627 2886 822 2920 procurator,
835 2879 974 2920 allegans
990 2879 1088 2919 ipsam
1104 2880 1227 2909 domum

356 2981 378 3005 1.
412 2980 485 3005 vieto
496 2980 634 3006 namon-t.
652 2981 707 3006 vu.
718 2990 796 3014 aspra
807 2990 831 3014 p.
843 2983 899 3008 825.
912 2983 956 3010 22;
973 2982 1027 3009 ⁸8¹,
1042 2981 1064 3005 1.

1276 729 1292 755 5

1260 976 1293 1002 10

1261 1221 1294 1248 15

1260 1467 1295 1493 20

1262 1713 1296 1740 25

1263 1959 1297 1985 30

1263 2203 1298 2229 ³5

1264 2446 1298 2473 40

1265 2692 1298 2718 45

819 456 932 483 LIBER
953 455 1267 483 PROCURATORUM
1286 456 1468 487 NATIONIS
1485 457 1731 483 ANGLICANAE
2182 457 2235 483 8³0

1329 542 1399 562 esse
1429 533 1603 568 ruinosam,
1634 539 1664 562 et
1691 534 1768 562 bene
1795 532 1936 572 indigere
1967 533 2232 572 reparacionibus.

1329 581 1431 621 Super
1457 591 1519 621 quo
1541 581 1629 610 nacio
1655 581 1740 611 dedit
1771 582 1950 620 deputatos,
1977 582 2121 611 videlicet
2154 582 2235 611 anti-

1329 630 1455 669 quiores
1478 630 1644 670 magistros
1665 631 1703 659 de
1724 630 1865 665 nacione,
1888 630 1940 669 qui
1961 630 2092 660 habeant
2109 631 2235 660 visitare

1328 678 1427 708 libros
1448 679 1661 719 procuratoris
1685 685 1715 708 et
1736 679 1924 718 recepturis,
1947 685 1977 708 et
1994 679 2088 708 eciam
2113 679 2235 709 archam

1329 728 1468 758 nacionis
1483 729 1522 758 ad
1537 727 1768 768 inquirendum,
1782 728 1809 757 si
1822 728 1910 757 nacio
1927 728 1967 757 sit
1984 728 2043 757 sibi
2060 728 2194 768 obligata
2205 728 2235 757 in

1329 777 1449 817 aliquo,
1469 783 1499 806 et
1518 778 1652 806 referent
1670 777 1802 806 nacioni.
1823 776 1863 806 Et
1885 777 1957 816 quia
1974 777 2092 816 pluries
2115 778 2238 806 fuerunt

1329 826 1392 855 dati
1411 826 1548 866 deputati
1571 826 1601 855 in
1622 826 1727 855 eadem
1749 826 1886 860 materia,
1903 832 2003 855 tamen
2019 835 2080 855 non
2099 826 2237 855 fecerunt

1329 874 1447 915 aliquid
1475 875 1507 904 in
1534 875 1587 904 illo
1619 876 1713 909 sacto,
1740 874 1810 904 ideo
1840 875 1928 904 nacio
1956 875 2054 904 voluit
2078 876 2160 914 quod
2185 875 2235 904 isti

1330 924 1466 964 deputati
1485 923 1617 953 habeant
1638 924 1726 953 istam
1746 923 1959 953 visitacionem
1984 930 2014 953 et
2038 924 2236 953 informacio-

1330 983 1399 1003 nem
1417 974 1516 1002 facere
1533 973 1613 1002 infra
1630 983 1766 1002 mensem
1778 979 1851 1012 post
1868 973 1948 1002 diem
1967 972 2235 1012 congregacionis.

1369 1021 1508 1052 Ulterius
1532 1021 1635 1061 tetigit
1656 1028 1851 1061 procurator,
1871 1022 2026 1061 quomodo
2050 1022 2173 1061 quidam
2200 1022 2237 1050 de

1330 1069 1471 1111 Trajecto
1487 1071 1637 1106 inferiori,
1653 1071 1753 1100 dictus
1769 1071 1917 1110 magister
1932 1070 2115 1100 Guillelmus
2125 1071 2236 1106 Buser,

1329 1126 1451 1150 tenetur
1463 1120 1585 1149 nacioni
1597 1120 1628 1149 in
1639 1119 1741 1159 aliqua
1754 1129 1870 1149 summa
1884 1119 2024 1159 pecunie,
2039 1119 2108 1149 ideo
2124 1120 2237 1149 bonum

1329 1170 1492 1199 videbatur
1512 1170 1596 1208 quod
1621 1169 1792 1198 avisaretur
1823 1169 1936 1208 aliquis
1966 1169 2074 1198 modus
2106 1168 2238 1198 habendi

1331 1218 1400 1248 illas
1419 1218 1567 1258 pecunias
1589 1219 1626 1247 ab
1647 1218 1730 1258 ipso,
1748 1225 1778 1247 et
1799 1219 1836 1247 ad
1860 1218 2030 1247 faciendum
2048 1218 2237 1247 mencionem

1331 1268 1368 1297 de
1384 1267 1445 1297 isto
1460 1267 1516 1297 fuit
1532 1273 1717 1307 procurator
1735 1267 1906 1307 requisitus
1927 1277 1983 1306 per
2002 1267 2122 1306 aliquos
2141 1266 2239 1306 magi-

1331 1323 1414 1346 stros
1434 1317 1472 1346 de
1494 1317 1634 1346 nacione.
1653 1316 1755 1356 Super
1774 1326 1836 1355 quo
1860 1316 1948 1346 nacio
1970 1316 2055 1345 dedit
2075 1316 2238 1355 deputatos

1331 1366 1476 1406 superius
1492 1366 1592 1400 datos,
1609 1365 1662 1405 qui
1675 1365 1806 1394 habeant
1820 1365 1946 1395 visitare
1961 1365 2083 1394 archam
2099 1365 2238 1394 nacionis

1331 1421 1362 1444 et
1380 1415 1478 1444 libros
1499 1414 1711 1454 procuratoris
1730 1421 1760 1443 et
1776 1414 1948 1453 receptoria
1966 1420 1997 1443 et
2018 1424 2050 1443 se
2072 1414 2238 1443 informare

1331 1465 1370 1493 de
1387 1463 1500 1493 debitis
1516 1463 1667 1498 nacionis,
1683 1470 1713 1493 et
1727 1463 1865 1493 videatur
1880 1463 1974 1492 eciam
1990 1473 2046 1502 per
2059 1463 2138 1502 ipos.
2156 1462 2182 1492 si
2199 1463 2240 1492 sit

1332 1512 1486 1552 obligacio
1512 1513 1550 1542 de
1575 1512 1638 1542 illis
1660 1512 1691 1541 in
1714 1512 1818 1547 archa,
1841 1518 1872 1542 et
1894 1513 2028 1541 reserent
2051 1511 2184 1546 nacioni,
2209 1518 2239 1541 et

1331 1568 1440 1602 postea
1453 1562 1590 1591 avisetur
1605 1562 1715 1591 modus
1728 1561 1857 1591 ulterius
1871 1561 2070 1600 procedendi.
2095 1580 2097 1582 >

1373 1611 1446 1650 (Fal.
1464 1612 1511 1650 60)
1530 1611 1605 1640 Item
1622 1610 1697 1639 facta
1716 1610 1961 1650 congregacione
1979 1609 2117 1639 nacionis
2131 1609 2240 1649 Angli-

1333 1670 1419 1694 cane‚
1443 1659 1541 1688 XVII·
1563 1659 1612 1688 die
1635 1659 1751 1688 mensis
1773 1659 1919 1698 Augusti,
1939 1658 1969 1687 in
1994 1658 2103 1698 primis
2127 1658 2239 1688 Nostre

1334 1709 1466 1739 Domine
1481 1708 1563 1748 apud
1577 1708 1721 1737 Sanctum
1738 1707 1923 1737 Maturinum
1939 1717 2034 1747 super
2051 1707 2149 1737 tribus
2165 1707 2240 1736 arti-

1332 1757 1422 1787 culis.
1450 1757 1573 1787 Primus
1597 1756 1744 1786 articulus
1762 1763 1826 1786 erat
1853 1757 1889 1785 ad
1922 1756 2100 1785 avisandum
2117 1757 2239 1785 modum

1333 1806 1463 1836 ulterius
1487 1805 1678 1845 procedendi
1699 1805 1730 1834 in
1755 1806 1833 1834 sacto
1859 1805 1997 1834 nacionis
2019 1814 2075 1843 pro
2100 1804 2239 1843 pecuniis

1333 1855 1484 1885 habendis
1501 1865 1518 1884 a
1531 1854 1655 1884 domina
1668 1854 1775 1894 regina
1789 1855 1827 1883 ad
1845 1854 2071 1883 edificacionem
2087 1853 2239 1883 scolarum

1333 1912 1444 1944 septem
1465 1906 1591 1933 arcium.
1619 1903 1780 1933 Secundus
1807 1902 1954 1932 articulus
1979 1909 2044 1931 erat
2070 1903 2108 1931 de
2137 1902 2239 1932 tribus

1334 1953 1431 1983 scutis
1449 1952 1608 1982 tradendis
1632 1952 1767 1986 cuidam,
1787 1962 1823 1980 ex
1842 1958 1928 1991 parte
1952 1952 2061 1980 domus
2085 1952 2129 1980 ad
2149 1962 2240 1980 cornu

1333 2003 1423 2036 cervi,
1433 2002 1486 2042 qui
1499 2001 1569 2030 fecit
1582 2001 1738 2040 deportari
1750 2000 1962 2030 immundicias
1973 2000 2011 2029 de
2022 1999 2090 2029 vico
2099 2001 2242 2030 Josselini

1334 2057 1418 2080 retro
1433 2057 1503 2080 ante
1516 2050 1627 2079 dictam
1643 2050 1765 2079 domum
1780 2050 1823 2078 ad
1835 2060 1925 2078 cornu
1938 2050 2026 2078 cervi.
2044 2049 2173 2078 Tercius
2190 2059 2240 2078 ar-

1334 2100 1446 2130 ticulus
1459 2106 1525 2129 erat
1537 2109 1633 2138 super
1645 2098 1929 2138 supplicacionibus
1943 2104 1973 2127 et
1990 2096 2123 2137 injuriis.
2139 2097 2241 2137 Super

1335 2148 1434 2188 primo
1467 2148 1596 2178 articulo
1626 2147 1734 2177 recitat
1765 2153 1958 2186 procurator,
1994 2147 2148 2185 quomodo
2178 2156 2240 2175 non

1334 2197 1530 2227 obstantibus
1553 2196 1776 2236 multiplicibus
1794 2195 1970 2235 diligenciis
1986 2195 2016 2224 in
2040 2195 2117 2224 facto
2135 2195 2241 2224 nacio-

1334 2246 1384 2276 nis
1399 2255 1476 2286 quas
1492 2247 1603 2275 fecerat
1622 2255 1677 2284 per
1693 2244 1885 2274 Bomundum
1904 2243 2066 2279 bedellum‚
2085 2254 2239 2283 nunquam

1334 2301 1435 2325 tamen
1458 2300 1530 2334 post
1551 2294 1687 2324 ultimam
1709 2293 1966 2323 deliberacionem
1986 2293 2124 2322 nacionis
2142 2292 2242 2332 potuit

1334 2343 1441 2373 haberi
1461 2343 1656 2383 oportunitas
1671 2342 1836 2372 accedendi
1859 2343 1896 2371 ad
1913 2342 2050 2382 reginam
2072 2342 2239 2371 secundum

1335 2393 1457 2422 modum
1472 2398 1585 2422 tactum
1601 2391 1632 2421 in
1648 2391 1700 2421 illa
1715 2391 1954 2426 deliberacione.
1971 2397 2001 2420 et
2013 2391 2082 2420 ideo
2095 2401 2240 2430 procura-

1335 2448 1383 2471 tor
1401 2441 1505 2481 posuit
1519 2441 1549 2470 in
1566 2440 1794 2470 deliberacione
1817 2440 1967 2474 nacionis.
1990 2446 2089 2469 utrum
2106 2439 2241 2479 placeret

1335 2490 1394 2519 sibi
1412 2490 1541 2520 ulterius
1561 2490 1728 2519 secundum
1746 2489 1837 2518 istum
1855 2490 1976 2518 modum
1997 2489 2143 2527 prosequi
2159 2488 2239 2518 idem

1334 2538 1497 2579 negocium
1510 2548 1584 2578 erga
1597 2538 1750 2567 dominam
1764 2537 1914 2578 reginam,
1929 2538 1976 2566 vel
1987 2537 2050 2566 visa
2065 2537 2239 2566 difficultate

1335 2588 1435 2628 ipsius
1453 2586 1568 2627 eligere
1586 2596 1679 2616 unum
1699 2586 1790 2616 alium
1815 2587 1948 2621 modum,
1965 2587 2132 2615 secundum
2149 2595 2239 2625 quem

1336 2642 1442 2676 posset
1457 2635 1605 2676 prosequi
1622 2636 1783 2675 negocium
1795 2635 1991 2664 antedictum.
2007 2634 2045 2664 Et
2059 2634 2241 2664 deliberavit

1335 2684 1423 2714 nacio
1441 2684 1639 2714 conformiter
1654 2684 1737 2723 quod
1755 2683 1852 2713 voluit
1871 2683 1915 2712 ire
1933 2683 1971 2712 ad
1986 2682 2139 2712 dominam
2155 2683 2239 2723 regi-

1336 2743 1403 2763 nam
1421 2732 1582 2762 sceleriter
1598 2733 1675 2762 infra
1693 2731 1735 2762 111
1756 2732 1803 2762 vel
1825 2732 1881 2761 llll
1904 2732 1983 2766 dies,
2000 2731 2026 2760 si
2046 2732 2240 2771 oportunitas

1335 2792 1369 2812 se
1386 2781 1522 2817 offerret,
1542 2792 1603 2811 non
1623 2782 1759 2810 curando
1780 2787 1878 2810 utrum
1900 2781 2066 2820 episcopus
2081 2780 2240 2810 Silvanec-

1335 2831 1433 2861 tensis
1446 2837 1530 2860 esset
1546 2839 1676 2870 presens
1699 2829 1745 2859 vel
1769 2829 1938 2859 Hamoneth
1957 2828 2167 2859 thesaurarius
2190 2839 2239 2859 re-

1335 2880 1407 2920 gine
1422 2879 1470 2909 vel
1486 2885 1594 2908 neuter
1611 2889 1728 2913 eorum,
1743 2884 1772 2908 et
1785 2877 1871 2917 juxta
1889 2877 1946 2907 hoc
1962 2878 2129 2917 tetigerunt
2145 2878 2240 2918 aliqui

1366 2981 1390 3004 2.
1424 2980 1444 3004 1.
1459 2988 1481 3003 ε.
1495 2979 1605 3003 Elwald.

2370 0 2507 27 mv*

2507 0 2539 14 οἵ·
