2632 3464
414 440 463 466 727
958 435 1180 462 AUCTARIUM
1201 435 1460 462 CHARTULARH
1479 436 1652 462 UNIVERS.
1675 436 1792 462 PARIS.
2284 435 2336 462 728

406 517 565 546 nacionem
586 515 792 554 indempnem,
812 513 838 543 si
859 513 1018 553 predictus
1040 512 1187 552 magister
1208 512 1316 541 volens

406 575 516 605 regere
529 575 590 594 non
607 570 730 603 tegeret
747 573 803 602 per
818 562 963 602 majorem
978 568 1096 601 partem
1111 561 1213 601 magni
1230 561 1316 590 ordi-

405 614 484 644 narii
508 624 545 643 ex
568 612 762 653 negligencia
790 622 857 647 sua,
881 611 930 641 vel
952 611 1120 640 dimitteret
1141 610 1315 650 regenciam

406 664 473 694 sine
484 673 576 693 causa
593 662 739 702 legitima.

531 766 719 805 Regentes
751 774 816 803 pro
848 763 920 792 isto
952 772 1045 791 anno
1081 767 1194 790 erant.

446 860 597 900 Magister
612 859 743 899 Egidius
759 859 796 887 de
811 856 959 887 Jutfaes⁴.

449 909 600 949 Magister
611 907 756 937 Nicolaus
772 907 810 936 de
826 906 988 935 Gameren.

448 959 553 988 Primo
567 957 714 997 magister
731 955 919 985 Laurencius
937 955 974 983 de
992 953 1158 983 Lundoris.

447 1008 522 1038 Item
537 1007 683 1046 magister
698 1005 877 1034 Gherardus
890 1003 1075 1033 Ysebrandi.

451 1058 525 1087 Item
541 1056 688 1095 magister
702 1054 858 1083 Johannes
872 1054 910 1082 de
926 1052 1094 1082 Suutfania.

451 1107 527 1136 Item
542 1105 688 1144 magister
704 1104 861 1142 Rutgerus
877 1103 914 1131 de
931 1101 1084 1131 Zueetcia.

448 1156 522 1185 ltem
538 1154 685 1193 magister
703 1152 856 1181 Henricus
873 1151 982 1180 Witte.

448 1205 522 1233 Item
538 1203 685 1242 magister
700 1201 876 1231 Willelmus
892 1200 979 1229 Bloc.

448 1254 523 1283 Item
538 1252 686 1291 magister
702 1250 878 1280 Alexander
895 1250 932 1278 de
948 1249 1069 1278 Carnis.

815 1342 912 1371 1:396

434 1418 506 1458 (Fol.
540 1417 614 1455 26b)
644 1416 733 1444 Acta
768 1415 805 1443 in
836 1412 1095 1452 procuratoria
1127 1411 1297 1451 magistri

693 1463 846 1492 Henrici
875 1463 916 1491 de
939 1462 1074 1491 Busco.

453 1546 543 1575 Facta
551 1543 793 1584 congregatione
807 1542 940 1573 nationis
956 1541 1126 1581 Anglicane
1134 1541 1215 1580 apud
1225 1540 1317 1570 Sanc-

409 1602 471 1625 tum
497 1594 684 1623 Maturinum
716 1592 832 1621 XX111³
859 1591 1051 1631 Septembris
1080 1601 1160 1619 anno
1192 1590 1317 1619 Domini

414 1644 445 1673 M
466 1643 545 1673 CCC
563 1642 675 1672 xCVl⁰
695 1651 789 1680 super
808 1642 929 1670 duobus
949 1639 1098 1669 articulis.
1114 1639 1237 1668 Primus
1253 1645 1319 1668 erat

409 1694 447 1722 ad
470 1693 643 1732 eligendum
666 1696 898 1730 procuratorem
915 1689 963 1719 vel
981 1689 1222 1718 continuandum
1237 1688 1318 1717 anti-

411 1752 514 1781 quum.
528 1741 567 1770 Et
577 1741 648 1780 quia
656 1740 800 1778 antiquus
818 1745 1000 1778 procurator
1013 1738 1106 1767 certis
1121 1748 1157 1767 ex
1169 1738 1271 1767 causis
1285 1738 1317 1766 in

410 1793 510 1821 sutura
528 1789 743 1829 procuratoria
763 1799 824 1817 non
854 1794 961 1826 posset
982 1797 1102 1822 vacare,
1122 1787 1318 1816 concorditer

409 1841 508 1870 fuerat
524 1840 640 1868 electus
653 1838 800 1877 magister
819 1837 973 1866 Henricus
988 1837 1026 1865 de
1042 1836 1155 1865 Busco.

449 1890 494 1918 2¹¹⁸
512 1888 659 1917 articulus
680 1887 735 1916 fuit
755 1896 850 1925 super
873 1885 1162 1925 supplicationibus.
1185 1885 1223 1914 Et
1243 1895 1319 1924 sup-

409 1938 535 1978 plicavit
568 1937 713 1976 antiquus
743 1941 925 1975 procurator
956 1941 988 1964 ut
1021 1935 1103 1964 natio
1132 1945 1200 1963 eum
1227 1934 1320 1963 vellet

410 1988 521 2016 habere
553 1985 766 2025 supportatum
798 1985 823 2013 si
851 1990 988 2023 tempore
1018 1994 1072 2012 sue
1107 1983 1319 2022 procuratorie

410 2037 510 2065 minus
532 2035 683 2065 sollicitus
706 2035 737 2063 in
760 2033 847 2062 factis
873 2033 1091 2062 Universitatis
1113 2039 1163 2061 aut
1187 2032 1319 2061 nationis

410 2086 572 2114 extitisset.
598 2083 693 2123 Cujus
724 2083 941 2122 supplicationi
965 2082 1045 2111 dicta
1069 2082 1151 2110 natio
1182 2091 1320 2111 annuens

410 2145 477 2164 eum
494 2134 599 2163 habuit
614 2133 708 2162 eciam
727 2132 979 2161 commendatum.

452 2184 540 2212 Facta
562 2181 801 2222 congregatione
824 2181 956 2210 nationis
977 2181 1057 2218 apud
1076 2179 1220 2209 Sanctum
1242 2179 1321 2208 Ber-

410 2234 538 2261 nardum
552 2231 798 2270 congregacione
818 2229 1036 2259 Universitatis
1054 2229 1167 2258 ibidem
1185 2229 1321 2268 solemp-

410 2282 490 2310 niter
505 2281 657 2310 celebrata
673 2286 814 2318 protunc,
834 2279 864 2306 2²
883 2278 1028 2307 Octobris
1040 2277 1063 2313 ²,
1087 2288 1181 2316 super
1200 2279 1320 2307 duobus

410 2331 558 2360 articulis.
584 2330 705 2358 Primus
726 2334 790 2357 erat
813 2337 907 2366 super
924 2337 1018 2356 censu
1038 2327 1160 2356 annuali
1181 2333 1210 2356 et
1231 2327 1322 2356 here-

410 2379 520 2408 ditario
537 2378 640 2407 debito
659 2387 715 2417 per
733 2377 886 2405 nationem
911 2376 948 2404 de
965 2375 1059 2404 scolis
1079 2384 1189 2414 septem
1212 2377 1321 2404 artium

410 2429 529 2457 cuidam
548 2433 684 2455 matrone
706 2425 861 2465 Burgensi
881 2426 1022 2453 defuncte
1039 2425 1130 2454 solito
1145 2425 1235 2460 solvi,
1250 2426 1321 2453 dum

411 2477 487 2505 vixit
504 2477 534 2504 in
549 2475 700 2510 humanis,
722 2475 773 2514 qui
793 2484 904 2503 census
920 2473 1125 2502 hereditarius
1145 2474 1222 2502 citra
1239 2484 1322 2502 mor-

412 2532 471 2554 tem
495 2525 630 2563 ejusdem
654 2524 768 2553 nemini
791 2523 910 2552 solutus
930 2522 1030 2551 extitit
1048 2532 1083 2551 ex
1102 2522 1322 2551 deliberatione

412 2574 557 2608 nationis,
572 2584 639 2602 cum
650 2573 755 2601 literas
774 2582 868 2611 super
881 2581 975 2600 censu
989 2572 1143 2600 consectas
1157 2581 1245 2600 nemo
1262 2577 1323 2600 stu-

413 2623 479 2651 duit
494 2629 684 2661 presentare,
702 2628 734 2650 ut
753 2620 858 2650 retulit
873 2620 1014 2648 dominus
1030 2626 1173 2658 receptor
1191 2620 1324 2649 nationis

413 2672 558 2710 magister
574 2671 704 2710 Egidius
719 2670 835 2698 Jutsaes
854 2681 859 2698 z
883 2669 956 2708 quid
975 2669 1057 2697 natio
1080 2668 1226 2707 deinceps
1246 2668 1324 2708 (cum

413 2720 499 2749 litere
521 2720 602 2748 illius
625 2729 736 2748 census
759 2720 796 2747 ad
818 2718 931 2747 dietum
954 2717 1109 2746 dominum
1133 2724 1324 2756 receptorem

413 2779 512 2807 nuper
537 2779 593 2807 per
620 2769 771 2807 quendam
791 2767 932 2806 apposite
958 2766 1072 2795 fuerint
1093 2766 1170 2801 vise,
1194 2766 1272 2795 lecte
1297 2772 1326 2795 et

415 2817 577 2852 intellecte‚
596 2824 628 2846 ut
644 2817 777 2846 asseruit
796 2816 896 2845 dictus
918 2815 1061 2844 dominus
1086 2814 1237 2854 receptor)
1260 2815 1326 2844 dis-

445 2932 467 2954 1.
502 2933 550 2953 Iste
563 2934 586 2954 el
597 2939 702 2962 sequens
710 2931 836 2962 posterius
844 2930 958 2962 inscriptz
968 2932 1034 2953 sunt.
1054 2929 1111 2953 Vid.
1121 2937 1149 2960 p.
1165 2929 1218 2958 728,
1232 2929 1271 2957 24,
1286 2930 1324 2952 29.

446 2968 468 2989 2.
502 2969 548 2990 Ms.
564 2967 735 2998 Septembris.

1355 956 1389 981 10

1356 1201 1388 1226 15

1355 1447 1388 1473 20

1355 1693 1388 1719 25

1356 1940 1390 1965 30

1359 2184 1392 2210 35

1359 2430 1392 2455 40

1362 2674 1395 2700 45

1424 518 1566 541 cerneret
1576 512 1756 541 faciendum.
1769 512 1958 542 Deliberavit
1970 512 2053 541 natio
2067 512 2166 541 eidem
2179 512 2335 541 literarum

1425 571 1536 590 census
1564 561 1647 590 illius
1678 561 1828 600 portatori
1858 562 1922 590 fore
1954 561 2147 596 solvendum,
2176 561 2203 590 si
2234 560 2336 590 dictus

1424 610 1568 639 dominus
1581 616 1724 649 receptor
1736 610 1947 639 verisimiliter
1959 611 2110 645 crederet,
2123 619 2179 649 per
2193 609 2285 638 alium
2295 609 2335 638 ob

1424 659 1535 687 dictam
1557 669 1670 688 census
1692 659 1876 688 solutionem
1894 659 2048 688 nationem
2070 669 2132 688 non
2155 658 2334 693 vexandam,

1425 714 1455 736 et
1477 707 1535 736 sibi
1560 707 1744 737 solutionem
1767 708 1885 743 deberi,
1909 714 2033 747 recepta
2058 713 2160 736 tamen
2183 706 2337 746 quitancia

1428 756 1589 786 sufficienti
1610 758 1647 786 de
1672 757 1749 796 quiti
1771 757 1950 786 clamatione
1970 763 2123 797 oportuna
2144 756 2175 785 in
2201 755 2337 796 premisq

1426 815 1481 835 sxs.

1466 854 1554 884 Alius
1570 854 1717 884 articulus
1736 861 1801 885 erat
1814 865 1908 895 super
1924 854 2202 894 supplicationibus
2218 859 2248 883 et
2261 851 2340 893 inju«

1425 903 1493 932 riis.
1513 903 1552 932 Et
1570 903 1757 943 supplicavit
1778 905 1926 944 magister
1941 904 2096 933 Henricus
2116 903 2154 932 de
2174 902 2287 942 Bergis
2304 907 2339 932 ut

1426 952 1509 981 natio
1538 952 1631 982 vellet
1659 953 1718 982 sibi
1748 953 1923 982 ministrare
1957 953 2058 982 scolas
2086 962 2145 992 pro
2178 949 2338 981 ordinario

1427 1002 1539 1036 futuro,
1566 1001 1637 1031 licet
1662 1002 1694 1030 in
1723 1002 1964 1042 congregatione
1993 1002 2127 1031 nationis
2156 1010 2252 1040 super
2279 999 2339 1030 hoc

1426 1050 1578 1080 celebrata
1592 1057 1736 1090 protunc,
1751 1051 1822 1090 quia
1835 1051 1948 1080 dubius
1959 1052 1997 1080 de
2011 1051 2128 1080 lectura
2143 1051 2251 1086 fuerat,
2266 1059 2338 1078 con-

1427 1099 1565 1128 formiter
1583 1099 1652 1128 aliis
1675 1100 1832 1139 magistris
1852 1110 1914 1129 non
1939 1100 2072 1140 petebat.
2097 1097 2194 1138 Cujus
2216 1098 2339 1138 suppli-

1426 1148 1539 1176 cationi
1554 1148 1661 1177 annuit
1673 1148 1766 1178 natio.

1466 1197 1716 1236 Congregatione
1737 1197 1956 1227 Universitatis
1972 1197 2125 1227 celebrata
2143 1197 2224 1235 apud
2241 1195 2338 1225 Sanc-

1426 1252 1488 1275 tum
1507 1245 1693 1275 Maturinum
1717 1246 1802 1275 V111=
1827 1245 1997 1276 Octobris³
2021 1246 2143 1275 natione
2167 1245 2340 1285 Anglicana

1426 1294 1457 1324 in
1470 1294 1538 1324 loco
1551 1305 1607 1324 suo
1623 1295 1773 1324 existente
1789 1296 1826 1324 ad
1841 1295 2074 1324 deliberandum
2088 1305 2183 1334 super
2194 1293 2338 1334 proposi·

1425 1343 1466 1373 tis
1480 1354 1535 1383 per
1547 1344 1703 1373 dominum
1717 1350 1879 1379 rectorem,
1889 1344 1973 1373 venit
1980 1344 2019 1373 ad
2029 1343 2183 1372 nationem
2195 1343 2338 1372 dominus

1426 1400 1608 1432 procurator
1625 1393 1758 1422 nationis
1779 1393 2001 1422 Pickardorum
2021 1392 2176 1432 aliquibus
2201 1391 2343 1431 ejusdem*

1426 1441 1560 1471 nationis
1583 1441 1739 1481 magistris
1761 1442 1942 1476 associatus,
1966 1442 2104 1470 referens
2123 1447 2154 1470 et
2175 1441 2282 1470 dicens
2300 1449 2339 1469 ex

1426 1497 1513 1531 parte
1531 1490 1668 1531 ejusdem
1684 1490 1830 1526 nationis,
1847 1490 1979 1530 qualiter
1995 1490 2078 1519 scole
2100 1497 2211 1528 septem
2230 1490 2339 1518 areium

1427 1540 1622 1580 superiorum
1638 1546 1744 1569 essent
1758 1540 1882 1569 omnino
1897 1540 2012 1579 inepte,
2029 1545 2062 1568 ut
2081 1539 2112 1568 in
2133 1539 2212 1578 ipsis
2226 1537 2339 1578 aliquis

1427 1589 1576 1629 magister
1596 1589 1714 1628 legeret
1738 1588 1876 1627 periculo
1901 1588 2055 1627 corporis,
2073 1588 2156 1627 quod
2181 1587 2340 1616 imminere

1425 1644 1534 1678 posset
1558 1644 1687 1677 propter
1710 1637 1951 1676 disposicionem
1977 1637 2096 1666 illarum
2123 1637 2275 1666 scolarum
2300 1636 2339 1665 ad

1426 1687 1544 1717 ruinam
1556 1710 1562 1722 ,
1592 1686 1771 1726 supplicans
1798 1687 1837 1715 ob
1866 1686 1924 1715 hoc
1951 1696 2007 1725 per
2037 1685 2196 1715 nacionem
2225 1684 2339 1724 Anglie

1427 1746 1522 1776 super
1548 1736 1606 1765 hoc
1637 1735 1815 1776 provideri,
1845 1742 1878 1765 ut
1902 1735 2023 1764 illarum
2050 1735 2202 1764 scolarum
2226 1733 2339 1774 aliquis

1426 1785 1644 1825 magistrorum
1663 1786 1700 1814 de
1720 1784 1842 1814 natione
1863 1784 2025 1813 Pickardie
2045 1794 2135 1813 usum
2154 1790 2184 1812 et
2203 1793 2340 1812 commo-

1427 1836 1498 1864 dum
1515 1834 1627 1863 habere
1644 1840 1753 1873 posset
1768 1833 1856 1863 sicud
1875 1834 1977 1868 debet,
1995 1839 2025 1862 et
2044 1833 2191 1862 hactenus
2206 1842 2340 1862 consue-

1426 1884 1481 1921 vit,
1498 1883 1546 1913 vel
1560 1883 1642 1923 quod
1657 1883 1740 1912 natio
1757 1882 1979 1912 Pickardorum
1999 1892 2051 1911 eas
2069 1882 2181 1911 faceret
2201 1881 2339 1921 propriis

1428 1932 1574 1972 expensis
1610 1932 1760 1972 reparari,
1800 1931 1988 1961 defalcandis
2030 1930 2184 1960 annuatim
2222 1929 2340 1960 nationi

1428 1982 1540 2022 Anglie
1562 1982 1599 2011 de
1621 1991 1716 2010 censu
1736 1980 1840 2010 debito
1858 1980 1984 2009 nationi.
2007 1980 2120 2009 Fuerat
2138 1979 2339 2008 deliberatum

1428 2041 1485 2071 per
1498 2030 1651 2060 nationem
1667 2030 1750 2069 quod
1764 2036 1869 2059 essent
1880 2028 2017 2069 deputati
2037 2039 2074 2058 ex
2090 2034 2176 2068 parte
2192 2027 2338 2063 nationis,

1429 2081 1482 2120 qui
1504 2080 1652 2109 haberent
1669 2085 1800 2108 tractare
1818 2089 1886 2108 cum
1908 2078 2032 2107 natione
2054 2078 2287 2112 Pickardorum,
2307 2082 2341 2106 ut

1429 2129 1544 2159 nationi
1565 2128 1790 2157 Pickardorum
1813 2134 1944 2167 possent
1962 2127 2066 2166 alique
2083 2127 2141 2155 alie
2161 2126 2244 2156 scole
2263 2125 2340 2155 assi-

1430 2178 1530 2218 gnari,
1543 2184 1573 2207 et
1588 2183 1748 2207 tractatum
1764 2177 1847 2206 illius
1864 2177 2008 2205 facerent.
2026 2176 2059 2205 Si
2072 2181 2170 2205 autem
2185 2185 2243 2215 per
2254 2174 2340 2204 illum

1430 2228 1552 2256 modum
1566 2237 1626 2255 non
1644 2232 1752 2265 posset
1766 2226 1849 2254 natio
1861 2225 2084 2254 Pickardorum
2101 2223 2242 2264 quietari,
2257 2223 2340 2253 natio

1430 2276 1542 2316 Anglie
1558 2275 1744 2304 deliberaret
1757 2275 1794 2303 de
1811 2275 1901 2303 modo
1917 2274 2014 2314 magis
2030 2273 2223 2303 convenienti
2236 2272 2286 2302 vel
2301 2272 2340 2301 de

1429 2325 1602 2365 reparando
1623 2324 1672 2354 vel
1690 2325 1727 2352 de
1745 2323 1805 2352 alio
1825 2323 1912 2352 sicud
1932 2322 2152 2362 expediencius
2170 2322 2338 2351 videretur.

1431 2373 1622 2414 Supplicavit
1638 2373 1733 2402 eciam
1756 2378 1886 2411 protunc
1904 2372 2052 2411 magister
2065 2370 2224 2400 Arnoldus
2246 2369 2341 2409 Wyt-

1430 2423 1501 2452 wiic
1513 2422 1523 2440 ⁴
1541 2429 1573 2451 ut
1587 2432 1654 2451 cum
1673 2421 1857 2460 competenti
1872 2427 2011 2460 tempore
2022 2430 2084 2449 non
2099 2425 2220 2458 poterat
2233 2418 2341 2448 venire

1432 2472 1571 2501 Par-isius
1591 2472 1629 2500 ad
1647 2470 1880 2510 supplicandum
1899 2480 1956 2509 pro
1977 2469 2070 2498 scolis
2086 2469 2146 2504 die,
2167 2478 2228 2507 quo
2245 2477 2341 2507 super

1431 2521 1488 2549 hoc
1508 2521 1598 2549 fiebat
1616 2519 1816 2558 congregatio
1836 2518 1980 2553 nationis,
2000 2518 2067 2557 ipse
2084 2527 2146 2546 non
2164 2517 2265 2545 minus
2283 2526 2340 2555 pro

1432 2569 1589 2599 ordinario
1605 2569 1705 2597 futuro
1722 2573 1916 2607 reputaretur
1928 2576 2053 2606 regens,
2072 2566 2144 2605 quia
2159 2565 2226 2594 aliis
2241 2564 2339 2600 horis,

1433 2618 1545 2658 quibus
1559 2617 1642 2646 scole
1656 2616 1812 2656 magistris
1826 2615 1982 2656 assignate
1994 2621 2148 2650 vacarent,
2160 2614 2228 2654 ipse
2243 2614 2341 2643 inten-

1433 2669 1520 2696 deret
1536 2666 1649 2706 legere.
1669 2665 1710 2694 Et
1725 2665 1780 2694 fuit
1793 2664 1977 2704 supplicatio
1995 2663 2061 2704 ejus
2080 2673 2239 2693 concessa.

1467 2929 1489 2951 3.
1524 2927 1634 2951 Primum
1649 2926 1741 2950 eratin
1759 2928 1813 2949 me2⁰
1828 2924 1999 2956 Septembris.

1468 2965 1491 2987 4.
1525 2963 1598 2986 Alias
1611 2962 1715 2986 Utwiic.
1728 2961 1807 2985 Hodie
1821 2960 1969 2992 Uiterwijk.
