2632 3464
396 432 447 457 879

396 508 541 537 tuendum
564 517 657 536 unum
683 513 886 546 receptorem,
917 511 1032 534 attento
1057 505 1140 544 quod
1161 510 1304 543 receptor

395 563 527 596 protunc
545 556 683 585 existens
700 555 798 585 voluit
814 565 847 584 se
864 555 1033 584 transferre
1051 555 1089 583 ad
1103 553 1190 582 aliam
1207 553 1304 582 facul-

395 612 501 640 tatem;
522 606 568 634 3¹¹⁵
585 615 680 644 super
697 604 981 644 supplicacionibus
995 609 1024 632 et
1042 602 1175 642 injuriis.
1196 602 1303 639 Quoad

396 655 528 694 primum
544 655 631 683 nacio
648 654 733 683 stetit
746 655 779 682 in
790 653 865 682 alias
880 651 1072 687 deliberatis,
1090 652 1209 681 scilicet
1221 651 1304 690 quod

395 704 588 734 avisarentur
599 703 693 738 modi,
707 703 861 742 quomodo
872 702 961 731 nacio
971 707 1079 741 posset
1090 700 1253 729 deonerari
1267 700 1304 728 de

396 754 487 782 domo
510 759 540 782 et
560 752 710 781 rehabere
732 751 880 791 pecunias
902 761 985 780 suas.
1007 750 1115 787 Quoad
1136 749 1303 778 secundum

397 802 583 831 substitutus
603 807 668 830 erat
687 801 719 829 in
739 806 931 840 receptorem
953 799 1101 838 magister
1116 798 1304 827 Wilhelmus

397 852 483 881 Bloc.
502 851 611 887 Quoad
629 851 668 879 3⁰¹
682 849 869 889 supplicavit
880 849 1028 888 magister
1046 847 1202 877 Johannes
1217 847 1304 885 Dorp

396 907 541 940 receptor
558 899 708 934 nacionis,
725 909 783 938 pro
793 905 865 927 tunc
878 898 1043 936 resignans
1059 897 1204 930 officium,
1221 895 1304 935 quod

397 950 484 979 nacio
499 949 592 979 vellet
607 949 709 988 ipsum
719 948 832 976 habere
843 953 976 987 gratum,
991 952 1131 975 avoatum
1143 952 1173 974 et
1184 954 1305 974 recom-

396 999 582 1028 mendatum.
624 996 719 1037 Cujus
758 995 950 1036 supplicacio
990 1005 1139 1024 concessa
1173 994 1230 1023 suit
1267 994 1304 1022 ab

397 1048 551 1077 omnibus.

803 1139 821 1166 1
826 1138 902 1166 404

397 1213 487 1242 Acta
522 1213 558 1240 in
592 1210 855 1250 procuratoria
891 1209 1062 1249 magistri
1096 1208 1230 1237 Thome
1264 1208 1306 1236 de

485 1261 680 1300 Grynlaw,
708 1260 743 1288 id
774 1265 829 1288 est
858 1259 900 1287 de
932 1258 1054 1287 Monte
1086 1256 1223 1285 Viridi.

435 1342 528 1371 Facta
541 1340 788 1380 congregacione
804 1339 1034 1377 nacionisapud
1051 1337 1195 1367 Sanctum
1209 1337 1306 1366 Julia-

396 1402 466 1420 num
492 1391 568 1419 hora
585 1390 726 1428 septima,
753 1388 822 1417 vlla
840 1388 890 1417 die
915 1387 1044 1427 Aprilis,
1065 1397 1161 1426 super
1185 1387 1306 1415 duobus

396 1440 544 1469 articulis.
567 1439 691 1468 Primus
711 1444 776 1467 erat
799 1438 837 1466 ad
860 1437 1035 1476 eligendum
1058 1446 1171 1465 novum
1191 1445 1306 1474 procu-

395 1496 540 1523 ratorem,
557 1489 606 1518 vel
619 1488 859 1517 continuandum
872 1487 1041 1525 antiquum.
1058 1485 1219 1514 Secundus
1230 1484 1306 1513 arti-

396 1539 483 1568 culus
505 1545 570 1567 erat
596 1547 691 1576 super
713 1535 996 1575 supplicacionibus
1020 1541 1049 1563 et
1071 1533 1204 1573 injuriis.
1229 1534 1305 1563 Nam

397 1595 542 1627 quantum
560 1588 597 1615 ad
611 1587 744 1626 primum
761 1586 876 1614 electus
889 1585 945 1613 suit
960 1584 1166 1618 concorditer,
1184 1583 1305 1612 nemine

396 1637 637 1670 contradicente,
649 1635 797 1674 magister
812 1634 946 1662 Thomas
964 1634 1001 1662 de
1021 1633 1180 1672 Grynlaw.
1197 1632 1305 1669 Quoad

395 1688 434 1715 2¹¹¹
449 1685 634 1725 supplicavit
652 1690 836 1724 procurator
852 1683 1035 1722 precedens,
1055 1682 1199 1721 quatinus
1217 1681 1305 1710 nacio

395 1736 522 1764 haberet
537 1744 603 1763 eum
621 1734 652 1762 in
665 1733 741 1762 actis
755 1731 821 1772 ejus
837 1738 968 1771 gratum,
985 1737 1123 1760 avoatum
1140 1737 1169 1759 et
1184 1740 1306 1759 recom-

395 1785 579 1813 mendatum.
593 1782 785 1822 Supplicavit
795 1782 897 1820 itaque
907 1781 1055 1819 magister
1064 1780 1258 1808 Hermannus
1268 1780 1305 1808 de

397 1833 550 1872 [Ummen]
573 1842 629 1871 pro
653 1832 781 1871 quadam
805 1830 894 1859 litera
917 1829 1126 1859 testimoniali.
1149 1829 1188 1858 Et
1210 1829 1305 1858 eciam

395 1882 580 1922 supplicavit
605 1881 781 1910 Jeronimus
803 1881 840 1908 de
866 1877 1002 1918 Praga⁴‚
1031 1879 1114 1917 quod
1143 1888 1211 1907 cum
1238 1878 1305 1917 ipse

394 1930 588 1960 bachalarius
619 1936 702 1959 esset
730 1929 760 1957 in
788 1928 891 1957 studio
920 1927 1070 1967 generali,
1094 1927 1306 1956 admitteretur

395 1987 537 2019 tanquam
558 1978 751 2008 bachalarius
773 1977 924 2011 Parisius,
947 1977 999 2015 qui
1022 1976 1116 2004 eciam
1139 1981 1306 2015 pauperta-

395 2037 454 2058 tem
468 2029 499 2057 in
518 2028 647 2057 nacione
660 2026 777 2067 juravit
789 2032 818 2055 et
837 2026 881 2055 sic
900 2027 1012 2054 bursas
1031 2035 1092 2054 non
1110 2025 1212 2059 solvit,
1230 2025 1305 2053 alias

394 2089 468 2108 vero
503 2079 614 2106 bursas
651 2076 805 2105 solvisset.
846 2075 983 2112 Quorum
1020 2074 1304 2113 supplicacionibus

397 2127 503 2156 annuit
522 2127 619 2155 nacio.

436 2177 510 2205 Item
532 2175 619 2204 XlX²
643 2175 692 2203 die
718 2173 855 2213 ejusdem
880 2172 996 2202 mensis
1020 2172 1075 2201 suit
1099 2172 1304 2211 congregacio

396 2225 547 2254 facultatis
583 2225 664 2263 apud
698 2223 843 2252 Sanctum
876 2222 1030 2251 Julianum
1065 2221 1236 2260 predictum
1268 2221 1305 2250 ad

395 2275 579 2303 audiendum
609 2272 782 2312 juramenta
815 2271 1060 2300 bachalariorum
1096 2270 1305 2299 licenciando-

396 2334 474 2358 rum,
503 2323 598 2352 eciam
628 2321 847 2361 magistrorum
873 2330 979 2349 eorum
1009 2320 1248 2348 examinatorum
1274 2319 1305 2347 in

397 2372 557 2412 presencia
576 2371 738 2400 facultatis.
764 2370 839 2398 Item
859 2369 914 2398 fuit
939 2369 1146 2408 congregacio
1171 2368 1305 2398 Univer-

397 2422 496 2451 sitatis
524 2421 605 2460 apud
641 2420 785 2448 Sanctum
821 2418 1008 2447 Maturinum
1048 2418 1119 2455 (Fol.
1154 2418 1201 2457 75)
1231 2417 1305 2446 hora

396 2478 501 2500 octava
518 2480 612 2509 super
626 2469 725 2498 tribus
739 2467 888 2496 articulis.
907 2467 1031 2495 Primus
1049 2467 1104 2495 fuit
1117 2477 1211 2505 super
1227 2467 1305 2495 facto

395 2519 642 2559 privilegiorum.
663 2519 708 2546 2¹¹⁸
722 2517 776 2546 fuit
794 2526 888 2556 super
910 2517 987 2544 facto
1003 2516 1095 2544 rotuli
1107 2515 1130 2544 ².
1145 2516 1184 2544 Et
1201 2516 1238 2544 de
1252 2515 1305 2544 illo

396 2569 483 2597 nacio
509 2578 571 2597 non
592 2566 759 2596 intromisit
781 2566 850 2604 [se]‚
874 2566 929 2594 sed
947 2564 1031 2594 stetit
1049 2565 1080 2592 in
1096 2564 1169 2593 alias
1187 2564 1305 2593 delibe-

427 2676 448 2698 1.
486 2677 533 2698 Iste
551 2678 588 2697 est
598 2674 712 2705 famosus
729 2673 903 2703 Hieronymus
922 2671 953 2694 de
971 2672 1065 2702 Prega,
1080 2670 1125 2701 qui
1140 2671 1305 2694 Constantine

395 2714 453 2741 post
469 2711 615 2733 Johannem
632 2710 686 2732 Hus
704 2709 848 2732 combustus
861 2710 905 2731 est.
922 2709 971 2730 An.
988 2707 1056 2734 1398,
1072 2708 1139 2737 Sept.
1153 2707 1190 2733 14,
1206 2708 1305 2739 Pragae

398 2746 605 2769 bachalariatum
629 2745 654 2768 in
675 2747 724 2768 art.
747 2744 853 2775 recepit,
874 2751 917 2766 an.
940 2743 1000 2766 1399
1023 2742 1157 2766 Johannes
1182 2742 1236 2765 Hus
1257 2750 1305 2773 pro

397 2782 451 2812 ipso
471 2781 579 2804 obtinuit
601 2780 816 2812 dispensationem
835 2778 933 2802 biennii
951 2778 1075 2809 (Menum.
1099 2777 1161 2800 hist.
1182 2777 1304 2801 Univers.

397 2817 484 2847 Prag.,
505 2817 523 2843 Ι,
541 2825 566 2847 p.
585 2817 638 2843 333,
655 2817 718 2845 3³8).
739 2814 846 2839 Parisiis
865 2822 907 2837 an.
929 2814 990 2837 1404
1007 2813 1153 2836 licentiatus
1171 2815 1207 2836 eat
1224 2813 1304 2844 (infra

393 2861 420 2883 p.
438 2853 491 2879 880,
505 2853 549 2879 39;
565 2853 618 2880 894,
633 2852 666 2883 7),
689 2853 746 2874 Ian.
767 2851 827 2874 1405
843 2849 948 2881 incepit,
969 2851 994 2872 et
1012 2849 1077 2872 inter
1094 2848 1228 2880 magistros
1245 2852 1305 2872 actu

398 2890 510 2918 regentes
528 2888 644 2918 affertur.
660 2887 755 2909 Eodem
767 2894 819 2914 an.y
833 2888 891 2909 Dec.
907 2885 944 2912 19,
958 2885 1104 2908 intitulatus
1118 2888 1154 2908 est
1163 2884 1189 2907 in
1200 2884 1304 2907 Univer-

397 2923 472 2945 sitate
487 2922 687 2954 lleidelbergensi
700 2923 829 2953 (TOEPKE,
842 2921 972 2948 Mutrikel,
986 2921 1005 2948 1,
1018 2928 1043 2951 p.
1054 2920 1118 2951 100),
1129 2928 1172 2942 an.
1186 2922 1304 2951 sequente

397 2958 479 2989 (1406)
491 2957 516 2981 in
532 2958 698 2981 [nivet-sitam
715 2957 861 2981 Coloniensi
870 2956 1013 2988 (Knussurt,
1026 2955 1155 2985 Matrikel,
1169 2956 1188 2983 1,
1201 2964 1226 2986 p.
1239 2956 1302 2987 101),

935 428 1159 455 AUCTARIUM
1179 427 1440 454 CHARTULARII
1459 427 1633 455 UNIVERS.
1657 428 1775 454 PARIS.

1343 947 1376 973 10

1344 1192 1378 1218 15

1343 1438 1377 1464 20

1343 1683 1377 1709 25

1343 1929 1377 1955 30

1343 2174 1376 2199 35

1342 2419 1377 2444 40

2267 430 2321 456 88⁰

1412 504 1499 533 ratis.
1519 505 1566 533 3¹¹⁸
1588 505 1644 534 fuit
1666 515 1761 544 super
1783 505 2067 544 supplicacionibus
2083 512 2140 536 etc.
2164 506 2318 543 Quantum

1413 554 1451 582 ad
1466 553 1599 592 primum
1619 554 1734 593 placuit
1753 553 1876 583 nacioni
1890 555 1974 593 quod
1991 555 2064 584 boni
2083 555 2220 585 scolares
2230 555 2322 595 juva-

1412 609 1520 631 rentur
1543 608 1572 632 et
1596 603 1804 632 eximerentur
1830 613 1848 632 a
1870 603 2029 633 solucione
2051 603 2145 633 tallie.
2166 603 2320 641 Quantum

1413 651 1451 680 ad
1467 651 1507 680 3ῑιι
1527 651 1713 691 supplicavit
1734 652 1883 691 magister
1906 652 2087 682 Dominicus
2115 653 2232 683 Parvi³
2264 664 2322 694 pro

1412 700 1502 729 litera
1526 701 1823 730 recommendatoria
1849 701 1969 730 cuidam
1993 702 2118 731 domino
2145 703 2318 742 temporali.

1414 749 1453 778 Et
1476 749 1661 788 supplicavit
1680 749 1837 779 Johannes
1864 750 1984 790 Derlyn
2013 751 2124 781 Scotus
2147 753 2231 791 quod
2253 752 2322 792 ipse

1413 798 1625 828 admitteretur
1646 800 1684 828 ad
1708 799 1808 828 locum
1833 810 1924 839 quem
1945 800 2057 835 amisit,
2087 811 2123 830 eo
2147 802 2231 840 quod
2254 811 2316 831 non

1408 845 1524 886 juravit
1537 857 1604 876 cum
1621 847 1690 877 aliis
1705 849 1737 877 in
1752 848 1903 878 facultate.
1922 849 2060 887 Quorum
2071 850 2320 889 supplicaciones

1413 905 1562 925 concesse
1575 903 1672 926 erant.

1454 944 1528 974 [tem
1552 946 1722 985 penultima
1743 945 1793 975 die
1814 946 1934 986 Aprilis
1957 947 2090 987 predicti
2111 948 2166 977 suit
2185 958 2322 988 congre-

1413 993 1502 1033 gacio
1517 994 1738 1024 Universitatis
1753 995 1829 1024 hora
1843 1002 1949 1026 octava
1961 997 2043 1036 apud
2059 996 2204 1026 Sanctum
2221 997 2323 1027 Matu-

1414 1042 1514 1072 rinum
1529 1053 1624 1082 super
1640 1044 1740 1073 tribus
1756 1045 1906 1074 articulis.
1922 1045 2046 1075 Primus
2061 1046 2118 1075 suit
2132 1056 2227 1086 super
2242 1047 2321 1076 facto

1414 1092 1517 1121 rotuli.
1545 1092 1592 1121 De
1620 1092 1674 1122 illo
1700 1094 1788 1123 nacio
1812 1104 1875 1123 non
1901 1095 1958 1132 [se]
1989 1095 2168 1125 intromisit.
2195 1096 2241 1124 2²¹⁸
2268 1096 2324 1126 fuit

1415 1151 1510 1180 super
1534 1141 1612 1170 facto
1637 1142 1884 1182 privilegiorum.
1898 1144 1943 1172 3¹¹³
1965 1143 2022 1173 fuit
2043 1153 2138 1183 super
2162 1145 2322 1184 supplica-

1415 1189 1569 1219 cionibus.
1588 1191 1627 1220 Et
1644 1191 1830 1231 supplicavit
1852 1202 1931 1222 unus
1951 1194 2034 1232 quod
2050 1193 2118 1232 ipse
2132 1194 2326 1233 reciperetur

1415 1239 1452 1268 ad
1465 1238 1673 1279 juramentum
1690 1241 1907 1270 tabellionatus
1927 1241 2029 1271 officii.
2047 1242 2088 1271 Et
2105 1243 2322 1282 supplicabant

1414 1288 1520 1327 plures
1536 1299 1594 1328 pro
1609 1289 1707 1318 literis
1730 1290 1892 1319 citatoriis.
1912 1291 1952 1320 Et
1969 1297 2058 1320 erant
2074 1292 2324 1331 supplicaciones

1415 1347 1522 1366 omnes
1537 1348 1697 1368 concesse.

1455 1386 1530 1416 Item
1564 1387 1618 1416 suit
1648 1388 1854 1428 congregacio
1885 1389 2037 1419 facultatis
2067 1390 2183 1419 arcium
2214 1392 2245 1420 2⁸
2273 1391 2324 1421 die

1414 1435 1510 1465 Maii*
1536 1438 1618 1476 apud
1647 1437 1792 1466 Sanctum
1813 1437 1966 1467 Julianum
1991 1438 2067 1467 hora
2098 1445 2204 1469 octava
2228 1450 2325 1480 supet·

1413 1485 1514 1515 tribus
1530 1485 1680 1515 articulis.
1698 1486 1822 1516 Primus
1840 1486 1896 1516 fuit
1911 1497 2005 1526 super
2018 1488 2096 1517 facto
2110 1489 2215 1518 rotuli.
2231 1489 2271 1519 Et
2285 1490 2324 1519 de

1414 1534 1467 1563 illo
1483 1535 1572 1564 nacio
1591 1545 1653 1564 non
1674 1535 1842 1564 intromisit
1860 1545 1904 1571 se,
1927 1537 1982 1565 sed
1998 1537 2082 1566 stetit
2098 1537 2128 1566 in
2151 1537 2226 1568 alias
2244 1539 2324 1568 deli-

1414 1584 1540 1613 beratis.
1561 1585 1607 1613 2¹¹⁸
1627 1585 1683 1614 fuit
1701 1585 1739 1613 ad
1760 1585 1944 1614 audiendum
1965 1585 2138 1625 juramenta
2159 1588 2325 1628 magistro·-

1414 1643 1482 1662 rum
1497 1633 1738 1663 examinatorum
1755 1640 1784 1663 et
1797 1634 1892 1663 eciam
1906 1635 2150 1666 bachalariorum
2163 1636 2195 1666 in
2212 1637 2324 1667 Sancta
2363 1655 2365 1657 -

1415 1682 1581 1712 Genovefa.
1609 1682 1649 1712 Et
1671 1683 1713 1712 ita
1739 1683 1795 1712 fuit
1819 1683 2008 1713 conclusum.
2032 1686 2078 1714 3¹²⁸
2097 1685 2245 1715 articulus
2266 1686 2322 1716 fuit

1415 1741 1510 1771 super
1530 1731 1815 1771 supplicacionihus
1838 1738 1910 1768 etc.‚
1938 1739 1968 1762 et
1991 1733 2067 1763 nulli
2092 1741 2179 1764 erant
2201 1735 2323 1775 suppli-

1414 1787 1531 1810 cantes.

1462 1889 1715 1918 Licenciaturi
1744 1889 1830 1918 anni
1860 1890 2057 1924 instantis,
2091 1891 2275 1922 videlicet

1817 1939 1919 1968 1404.

1454 2027 1622 2056 Nicholaus
1639 2027 1794 2067 Mulynar‚
1809 2027 1895 2067 cujus
1911 2029 2006 2058 bursa
2020 2029 2076 2059 Vll
2092 2029 2195 2059 solidi.

1453 2076 1610 2106 Johannes
1628 2077 1756 2112 Deman‚
1770 2076 1856 2116 cujus
1874 2078 1967 2107 bursa
1982 2077 2038 2107 VII
2056 2078 2160 2108 solidi.

1454 2125 1610 2155 Johannes
1626 2126 1663 2154 de
1682 2126 1822 2162 Colonia,
1835 2126 1922 2166 cujus
1937 2128 2033 2157 bursa
2047 2127 2103 2157 VII
2122 2127 2226 2157 solidi.

1456 2175 1640 2204 Fredericus
1661 2175 1698 2204 de
1717 2175 1868 2204 Medauch
1878 2175 1901 2211 ³,
1920 2175 2006 2214 cujus
2027 2178 2120 2206 bursa
2135 2177 2191 2206 VII
2216 2177 2319 2208 solidi.

1454 2223 1637 2252 Guillelmus
1655 2225 1692 2253 de
1707 2224 1866 2260 Avantria‚
1884 2224 1982 2265 [cujus
1998 2227 2093 2255 bursa
2106 2225 2134 2254 V
2149 2226 2220 2264 sol.]

1454 2273 1611 2302 Robertus
1624 2273 1752 2308 Thome,
1769 2272 1856 2312 cujus
1871 2275 1965 2303 bursa
1981 2274 2008 2303 V
2021 2275 2124 2304 solidi.

1453 2322 1587 2351 Jacobus
1605 2323 1643 2351 de
1659 2322 1814 2357 Haerlem,
1834 2322 1920 2362 cujus
1936 2324 2031 2353 bursa
2045 2324 2072 2353 V
2085 2324 2188 2353 solidi.

1453 2371 1629 2400 Jeronimus
1646 2372 1683 2400 de
1699 2371 1810 2411 Praga,
1826 2371 1912 2411 cujus
1925 2373 2020 2402 bursa
2038 2373 2065 2402 11
2083 2373 2184 2402 solidi.

1453 2420 1611 2449 Johannes
1628 2420 1779 2460 Derlyng,
1799 2420 1885 2459 cujus
1903 2422 1998 2451 bursa
2013 2421 2053 2451 VI
2072 2422 2163 2451 solidi
2183 2428 2212 2451 et
2227 2422 2267 2451 Vl
2288 2423 2318 2451 d.

1455 2469 1569 2498 Paulus
1586 2469 1740 2504 Gloterer‚
1760 2468 1847 2509 cujus
1865 2470 1959 2499 bursa
1981 2471 2116 2510 quinque
2135 2471 2238 2500 solidi.

1455 2517 1691 2546 Bartholomeus
1707 2518 1744 2546 de
1765 2517 1901 2553 Harlem,
1917 2517 2003 2557 cujus
2023 2519 2117 2548 bursa
2137 2518 2194 2548 VII
2215 2519 2318 2548 solidi.

1454 2566 1587 2595 Jacobus
1604 2567 1734 2602 Backer,
1751 2565 1838 2606 cujus
1851 2567 1946 2596 bursa
1961 2567 2096 2607 quinque
2113 2568 2215 2597 solidi.

1414 2680 1482 2695 anno
1488 2675 1546 2703 post
1559 2672 1638 2704 (1407)
1651 2672 1676 2695 in.
1687 2672 1855 2698 &nivet-sitan
1867 2673 1989 2706 Pragensi
1997 2673 2132 2705 (Monum.,
2143 2674 2159 2697 l.
2171 2683 2203 2703 c..
2215 2683 2241 2706 p.
2253 2675 2321 2707 391).

1415 2710 1522 2732 Caetera
1536 2708 1586 2732 uid.
1598 2709 1669 2738 apud
1682 2708 1815 2736 Kaussmv,
1830 2707 1847 2732 ί.
1860 2717 1891 2737 a,
1903 2711 1956 2732 not.

1445 2744 1467 2767 2.
1502 2743 1693 2772 Universitatis,
1705 2743 1803 2776 signati
1815 2743 1840 2767 in
1853 2744 1926 2767 curia
1935 2744 2101 2768 Benedictiet
2115 2745 2239 2776 reportati
2250 2745 2322 2769 Pari-

1413 2779 1464 2802 sios
1474 2787 1520 2810 pet·
1529 2778 1640 2803 nuntios.
1653 2778 1722 2802 Sient
1732 2787 1830 2810 semper
1841 2780 1939 2803 rotulus
1947 2779 2105 2803 occasionem
2115 2780 2187 2804 ‹ledtt
2200 2780 2323 2812 litigandi

1413 2815 1444 2837 de.
1458 2814 1587 2844 benefic-lis
1598 2814 1731 2838 concessis.

1445 2851 1467 2873 3.
1502 2852 1571 2882 Mag.
1585 2850 1610 2872 in
1622 2849 1708 2877 theol.,
1723 2852 1777 2873 nal.
1793 2850 1883 2874 Gallie.

1444 2886 1467 2908 4.
1502 2886 1515 2908 2
1529 2885 1569 2908 die
1585 2885 1645 2908 Maii
1660 2885 1727 2908 inter
1738 2885 1828 2908 lineas.

1445 2922 1466 2944 5.
1501 2922 1548 2943 Ms.
1563 2920 1693 2944 Medanth.
1709 2921 1863 2952 Designatur
1879 2921 2033 2946 Fredericus
2044 2922 2226 2954 Mydduchten.
