2632 3464
697 497 795 528 1349

374 569 614 608 [Procuratio
649 569 821 610 magistri
858 568 1016 599 Roberti
1053 569 1095 598 de

609 617 884 658 Dronghelen.]

330 694 403 734 (Γοι-
420 696 438 725 9
452 694 476 734 ¹’)
494 694 586 724 Anno
603 693 728 724 Domini
746 693 1038 730 M⁰.CCC⁰.XLIX⁰‚
1053 694 1102 723 die
1113 693 1201 724 XIII·

290 743 406 773 mensis
418 743 556 773 Januarii
569 743 646 772 sacta
659 742 716 772 suit
731 742 933 783 congregatio
946 742 1081 772 nationis
1091 742 1199 782 Angli-

289 802 366 821 csne
387 792 469 832 apud
491 792 638 822 Sanctum
657 791 810 822 Julianum
830 802 999 832 pauperem
1019 792 1058 821 ad
1080 791 1200 832 eligen—

289 841 360 871 dum
375 847 608 881 procuratorem
623 840 774 876 nationis,
791 847 822 871 et
839 841 872 870 in
889 840 942 870 illa
956 840 1198 881 congregatione

289 890 437 930 magister
452 889 608 919 Henricus
625 890 664 919 de
679 889 832 929 Mynden,
851 890 904 930 qui
922 899 980 930 pro
995 896 1067 920 tunc
1085 900 1199 929 procu-

287 945 373 968 rator
387 938 444 968 suit
462 938 649 968 substitutus
666 948 725 978 pro
745 938 895 979 magistro
910 939 1050 969 Johanne
1064 939 1198 968 Walteri

287 988 326 1017 de
342 986 499 1017 Aernhem
517 997 578 1017 una
597 997 667 1017 cum
686 987 812 1017 domino
827 994 964 1023 rectore,
982 988 1035 1028 qui
1051 998 1108 1028 pro
1126 994 1198 1017 tunc

286 1036 344 1066 suit
357 1034 494 1076 ejusdem
508 1036 655 1071 nationis,
669 1042 700 1066 et
713 1046 781 1066 cum
797 1036 866 1066 aliis
881 1037 1039 1077 magistris
1053 1037 1198 1067 omnibus

286 1083 423 1125 ejusdem
435 1084 571 1115 nationis
584 1085 699 1115 ibidem
712 1085 916 1116 existentibus
926 1109 933 1122 ,
944 1086 1000 1116 fuit
1012 1086 1128 1116 electus
1142 1096 1199 1126 per

285 1133 365 1164 viam
391 1134 533 1164 scrutinii
561 1134 760 1164 concorditer
788 1141 818 1164 et
843 1135 927 1165 nullo
953 1135 1140 1165 reclamante
1165 1135 1198 1164 in

285 1189 518 1222 procuratorem
542 1182 692 1223 magister
714 1183 893 1214 Robbertus
915 1185 953 1214 de
977 1183 1195 1225 Dronghelen‚

285 1230 420 1271 ejusdem
443 1232 594 1267 nationis,
618 1232 650 1261 in
676 1231 764 1273 cujus
788 1233 1008 1273 procuratione
1035 1240 1100 1263 acta
1125 1239 1198 1263 sunt

284 1291 345 1321 que
362 1287 545 1321 sequuntur.

325 1329 360 1359 ln
383 1330 494 1370 primis
525 1331 649 1360 suerunt
674 1331 855 1371 congregati
882 1332 988 1361 eadem
1014 1332 1064 1361 die
1088 1342 1196 1362 omnes

284 1376 424 1417 magistri
448 1378 583 1408 nationis
609 1378 750 1418 predicte
775 1379 814 1408 ad
835 1379 927 1408 simul
953 1380 1140 1414 cenandum,
1167 1385 1197 1409 et

282 1433 544 1466 consumpserunt
560 1427 641 1457 LXV
656 1427 787 1463 solidos,
803 1428 842 1457 de
857 1428 971 1468 quibus
991 1428 1082 1458 solvit
1097 1428 1194 1458 domi·

283 1484 343 1504 nus
361 1482 547 1515 procurator
567 1476 652 1506 XXX
675 1476 806 1512 solidos,
832 1483 862 1506 et
880 1477 1051 1513 residuum,
1075 1478 1195 1507 scilicet

282 1522 396 1554 XXXV
424 1523 556 1560 solidos,
583 1525 678 1555 solvit
705 1525 849 1555 dominus
875 1533 1020 1566 receptor
1042 1537 1080 1556 ex
1107 1534 1194 1566 parte

283 1579 429 1603 nationis.

323 1621 399 1651 Item
427 1621 519 1652 solvit
550 1622 706 1652 Henricus
737 1623 776 1652 de
806 1623 992 1664 Porteghael
1020 1623 1192 1664 bejauniam

281 1681 379 1706 suam,
394 1670 480 1701 xlX⁰
494 1671 544 1701 die
553 1671 708 1707 Januarii,
725 1672 926 1712 presentibus
943 1673 1069 1703 domino
1080 1684 1190 1713 procu-

280 1725 400 1755 ratore,
429 1720 580 1760 magistro
603 1720 745 1751 Johanne
766 1722 804 1751 de
826 1721 965 1751 Wesalia
989 1729 1020 1752 et
1043 1723 1192 1763 magistro

280 1767 474 1799 Theoderico
492 1770 531 1799 de
548 1769 724 1799 Hollandia.

321 1866 376 1897 In⁴
409 1866 497 1908 cujus
527 1868 752 1908 procur-acione
786 1870 935 1910 magister
966 1870 1123 1900 iohannes
1153 1872 1191 1900 de

278 1915 418 1947 Wesalia
434 1917 632 1947 concorditer
646 1918 678 1948 in
694 1928 820 1948 recessu
835 1918 972 1959 ejusdem
991 1920 1189 1955 substitutae,

279 1965 311 1995 in
341 1964 429 2005 cujus
461 1966 685 1997 substitucione
711 1968 852 2007 predicto
879 1968 1028 2008 magistro
1057 1969 1190 1999 Johanni

278 2014 368 2044 nscio
392 2015 549 2045 concessit
575 2026 668 2046 unum
697 2016 904 2047 bachalarium
928 2017 960 2047 in
983 2018 1082 2058 prima
1101 2018 1190 2048 audi-

277 2063 367 2094 cione
381 2064 420 2094 ad
436 2064 579 2094 Sanctam
595 2065 794 2096 Genovefam.

319 2112 395 2143 Item
419 2113 576 2144 concessit
598 2115 725 2151 nuncio,
746 2115 866 2146 scilicet
887 2116 1037 2156 magistro
1056 2117 1189 2147 Johanni

277 2162 405 2199 Thome,
421 2173 515 2194 unum
531 2164 750 2201 bachalarium,
767 2165 854 2206 cujus
867 2167 1028 2206 predictus
1042 2167 1191 2208 magister

276 2211 434 2242 lohannes
445 2213 484 2242 de
498 2212 638 2243 Wesalia
651 2220 699 2244 est
716 2221 900 2254 procurator
915 2215 946 2245 in
963 2218 1185 2256 promovendo.

685 2308 783 2338 1349

277 2376 519 2416 [Procul-atio
555 2379 730 2419 magistri
761 2380 915 2411 Henrici
948 2382 991 2412 de
1027 2382 1185 2423 Minda]

313 2457 406 2488 Anno
423 2458 548 2489 Domini
564 2439 819 2496 ffi.ccc⁰.XL13(,
832 2461 882 2491 die
898 2462 1025 2492 martis²
1046 2462 1187 2502 proxima

275 2513 346 2537 ante
371 2508 482 2538 festum
509 2509 608 2539 sancti
632 2509 802 2546 Valentini,
829 2511 905 2540 sacta
938 2511 1186 2552 congregacione

274 2555 415 2586 nacionis
436 2556 608 2598 Anglicane
624 2560 707 2599 apud
727 2561 871 2589 Sanctum
893 2559 1046 2590 Julianum
1067 2570 1186 2601 paupe-

275 2614 339 2636 rem
354 2605 393 2635 ad
407 2605 583 2646 eligendum
601 2614 846 2648 procuratorem,
863 2609 981 2639 electus
998 2610 1053 2639 suit
1068 2609 1100 2639 in
1115 2620 1185 2650 pro-

274 2660 447 2684 curatorem
481 2654 619 2696 ejusdem
655 2657 794 2687 nacionis
829 2657 1000 2699 Anglicane
1038 2658 1187 2700 magister

275 2701 430 2734 Henricus
457 2705 496 2734 de
522 2704 630 2735 Minda
655 2706 740 2737 nullo
770 2707 894 2747 penitus
921 2707 1122 2745 reclamante,
1154 2709 1185 2739 in

273 2750 360 2791 cujus
378 2753 602 2792 procuracione
620 2762 687 2785 acta
704 2762 776 2786 sunt
793 2766 852 2796 que
870 2763 1052 2797 sequuntur.

314 2799 419 2831 Primo
433 2802 715 2834 determinaverunt
728 2804 839 2836 solutis
853 2805 1011 2837 solvendis
1022 2806 1074 2837 isti
1089 2807 1183 2844 mlv.

306 2909 328 2934 Ι,
361 2910 421 2935 Atio
433 2910 589 2936 charactere.

304 2945 327 2970 8.
363 2946 392 2970 10
403 2946 547 2972 Februarii.

353 2991 467 3011 Auentina
483 2991 608 3013 chnut-rii
618 2993 707 3014 mimo.
717 2994 784 3015 Pnn‘a.
795 3005 821 3012 -
830 2995 844 3015 I.

807 423 919 450 LIBER
939 422 1253 450 PROCURATORUM
1273 423 1453 450 NATIONIS
1471 424 1717 451 ANGLICANAE

1236 943 1270 969 10

1235 1188 1268 1214 15

1232 1433 1267 1460 20

1230 1680 1264 1706 25

1228 1926 1263 1953 30

1226 2173 1261 2199 35

1225 2419 1259 2446 40

1222 2664 1257 2691 45

2172 429 2225 454 130

1310 498 1430 528 scilicet
1448 499 1592 529 dominus
1610 500 1758 540 Cyfridus
1776 501 1814 530 de
1832 501 2023 531 Monasterio
2044 503 2144 533 dictus
2166 505 2228 533 Lof

1310 547 1367 576 sub
1387 547 1537 587 magistro
1557 548 1694 578 Henrico
1714 550 1752 578 de
1771 549 1892 584 Minda,
1910 556 1982 580 tunc
2002 559 2220 591 procuratore,

1309 594 1397 636 cujus
1412 597 1504 626 bursa
1523 596 1564 626 VI
1584 597 1688 627 solidi.

1351 645 1426 674 Item
1462 645 1606 676 dominus
1640 646 1829 677 Wilhelmus
1865 648 1903 677 de
1939 648 2132 689 Novomagio
2165 652 2223 680 sub

1309 693 1458 733 magistro
1475 694 1615 724 Johanne
1635 696 1673 725 de
1689 695 1844 731 Wesalia‚
1865 695 1952 737 cujus
1970 698 2065 727 bursa
2085 699 2223 738 quinque

1310 742 1414 772 solidi.

1351 792 1426 821 Item
1451 793 1596 822 dominus
1616 793 1774 824 Johannes
1795 795 1833 824 de
1860 794 1991 824 Colonia
2016 796 2139 832 Scotus,
2165 799 2222 827 sub

1309 841 1458 880 magistro
1475 840 1601 871 Galtero
1621 843 1659 871 de
1679 843 1765 879 Dun,
1786 842 1873 883 cujus
1890 845 1983 874 bursa
2006 845 2065 875 1111
2085 846 2176 876 solidi
2193 854 2223 876 et

1307 889 1416 919 dimid.

1348 939 1424 968 Item
1453 940 1597 969 dominus
1632 940 1815 971 Florencius
1843 942 1986 982 Hugonis
2020 943 2127 984 Span³
2163 947 2220 975 sub

1307 988 1457 1028 magistro
1473 989 1668 1019 Theodorico
1688 990 1803 1026 Borre,
1821 990 1908 1030 cujus
1924 992 2018 1021 bursa
2037 993 2096 1022 1111
2114 994 2218 1024 solidi.

1348 1037 1423 1066 Item
1441 1038 1585 1067 dominus
1604 1038 1800 1069 Hermannus
1819 1041 1857 1069 de
1877 1040 2017 1070 Wesalia
2039 1043 2098 1071 sub
2122 1044 2222 1083 magi-

1307 1092 1372 1115 stro
1400 1086 1540 1116 Johanne
1565 1088 1603 1117 de
1627 1087 1766 1118 Wesalia
1791 1099 1847 1119 suo
1875 1090 1981 1125 fratre,
2009 1090 2097 1131 cujus
2125 1093 2220 1122 bursa

1307 1135 1412 1164 nichil.

1348 1184 1423 1214 Item
1449 1186 1593 1215 dominus
1621 1186 1818 1217 Hermannus
1850 1189 1888 1218 de
1917 1189 2033 1224 Clivis,
2064 1191 2121 1219 sub

1306 1234 1414 1263 eodem
1433 1235 1598 1275 magistro,
1615 1234 1702 1276 cujus
1718 1237 1813 1266 bursa
1831 1237 1927 1267 nichil

1347 1282 1421 1312 Item
1444 1284 1588 1314 dominus
1609 1285 1785 1315 Cristianus
1805 1286 1924 1316 Wrede
1949 1288 1987 1317 de
2009 1288 2119 1318 Mona-

1305 1332 1401 1361 sterio
1417 1333 1475 1362 sub
1491 1333 1640 1373 magistro
1655 1334 1792 1365 Henrico
1809 1337 1847 1365 de
1862 1335 1969 1366 Minda

1346 1381 1421 1410 Item
1436 1382 1580 1412 dominus
1593 1382 1750 1413 Johannes
1763 1385 1801 1414 de
1818 1385 1924 1415 Minda
1938 1387 1996 1415 sub
2011 1387 2120 1416 eodem

1304 1430 1454 1469 magistro
1471 1431 1608 1461 Henrico
1624 1433 1662 1462 de
1679 1432 1785 1462 Minda

1345 1478 1420 1508 Item
1438 1480 1582 1510 dominus
1598 1481 1744 1511 Nicolaus
1761 1483 1798 1512 de
1818 1481 1949 1512 Colonia
1966 1485 2004 1514 de
2015 1484 2119 1525 Aque-

1304 1527 1397 1557 ductu
1415 1529 1472 1557 sub
1488 1529 1596 1558 eodem
1612 1530 1761 1570 magistro

1344 1575 1419 1606 Item
1450 1577 1594 1607 dominus
1622 1577 1818 1609 Hermannus
1845 1580 1883 1609 de
1911 1580 2027 1611 Rotwil
2057 1583 2114 1611 sub

1303 1626 1411 1655 eodem
1426 1627 1576 1666 magistro

1343 1674 1419 1704 Item
1432 1676 1576 1706 dominus
1590 1677 1787 1708 Hermannus
1803 1678 1946 1709 Piscator
1965 1680 2002 1709 de
2016 1680 2118 1711 Wou-

1302 1724 1467 1754 sterhusen
1484 1726 1542 1754 sub
1557 1727 1664 1756 eodem
1681 1727 1830 1766 magistro

1343 1773 1417 1803 Item
1432 1774 1575 1804 dominus
1587 1775 1798 1806 Theodericus
1811 1778 1872 1816 [de]
1886 1777 2022 1819 Nelling,
2035 1779 2116 1809 filius

1301 1822 1455 1859 Nicholai,
1472 1825 1530 1853 suh
1545 1824 1694 1865 magistro
1711 1825 1858 1866 Regnero
1874 1827 1912 1856 de
1931 1826 2016 1857 Ecka

1342 1872 1417 1902 Item
1432 1873 1576 1903 dominus
1588 1873 1743 1904 Henricus
1757 1874 1856 1905 Albus
1869 1876 1908 1906 de
1924 1876 2043 1906 Linden
2058 1879 2115 1907 sub

1300 1921 1408 1950 eodem
1424 1922 1573 1962 magistro
2132 1938 2138 1962 J

1341 1969 1415 2000 Item
1432 1971 1576 2001 dominus
1592 1971 1757 2008 Martinus,
1774 1973 1856 2003 filius
1876 1973 1995 2004 Nicolai
2016 1976 2054 2005 de
2073 1975 2211 2010 Bomale,

1300 2019 1357 2048 sub
1375 2020 1524 2060 magistro
1538 2020 1674 2051 Henrico
1690 2022 1728 2052 de
1743 2022 1871 2058 Amem,
1890 2022 1977 2064 cujus
1994 2025 2088 2054 bursa
2103 2025 2209 2055 nichil.

1340 2068 1415 2098 Item
1448 2069 1591 2100 dominus
1624 2070 1782 2101 Johannes
1812 2071 1906 2102 Odini
1940 2074 1978 2103 de
2013 2073 2124 2104 Suecia
2153 2076 2211 2104 sub

1299 2117 1449 2157 magistro
1478 2118 1594 2149 Mathia
1617 2120 1656 2149 de
1686 2120 1812 2156 Suecia,
1839 2121 1926 2162 cujus
1952 2123 2046 2152 bursa
2074 2123 2211 2164 quinque

1299 2167 1403 2196 solidi.

1339 2215 1414 2246 Item
1429 2217 1573 2248 dominus
1586 2218 1720 2248 Thomas
1740 2220 1778 2248 de
1796 2220 1884 2249 Dunz
1902 2221 2014 2251 Scotus
2032 2223 2090 2251 sub
2111 2223 2210 2263 magi-

1298 2271 1364 2295 stro
1393 2265 1530 2297 Henrico
1558 2268 1596 2297 de
1627 2267 1797 2303 Smalhem‚
1833 2269 1920 2309 cujus
1952 2271 2046 2301 bursa
2078 2278 2211 2311 quatuor

1297 2314 1402 2344 solidi.

1338 2363 1413 2393 Item
1428 2365 1573 2395 dominus
1588 2365 1705 2396 Themo
1722 2373 1752 2396 et
1769 2367 1913 2398 dominus
1932 2369 2078 2398 Nicolaus
2097 2370 2207 2399 fratres

1296 2413 1334 2442 de
1361 2412 1552 2444 Monasterio
1578 2415 1651 2444 dicti
1673 2415 1780 2451 Judei,
1808 2417 1866 2446 sub
1898 2417 2045 2457 magistro
2071 2418 2208 2449 Henrico

1295 2471 1354 2491 van
1371 2461 1476 2492 Herne
1493 2463 1532 2492 de
1549 2463 1651 2500 Unna,
1671 2475 1802 2504 quorum
1819 2464 1982 2505 cujuslibet
2003 2467 2096 2496 bursa
2113 2467 2207 2507 quin-

1295 2521 1355 2551 que
1371 2511 1475 2541 solidi.

1335 2559 1408 2601 (Fal.
1428 2561 1476 2602 10)
1493 2561 1568 2592 Item
1588 2562 1732 2592 dominus
1753 2563 1928 2602 Stephanus
1947 2565 1984 2594 de
2006 2565 2205 2605 Langlandys

1295 2609 1407 2640 Scotus
1429 2611 1487 2640 sub
1511 2611 1662 2651 magistro
1686 2612 1812 2642 Gsltero
1837 2613 1875 2642 de
1897 2612 2088 2649 Wardehw,
2117 2613 2205 2655 cujus

1293 2658 1389 2688 bursa
1405 2658 1464 2689 1111
1484 2659 1588 2690 solidi.

1334 2707 1410 2738 Item
1435 2709 1579 2739 dominus
1599 2709 1786 2740 Wilhelmus
1811 2711 1848 2740 dc
1873 2711 2018 2741 Treveris
2039 2712 2140 2742 dictus
2166 2714 2204 2742 de

1294 2756 1493 2797 Boycdwilre
1511 2759 1569 2788 sub
1585 2759 1734 2798 magistro
1751 2759 1890 2789 Johanne
1901 2760 1938 2789 de
1951 2760 2101 2797 Wesalia,
2116 2761 2205 2801 cujus

1294 2806 1388 2836 bursa
1403 2806 1430 2836 V
1445 2806 1549 2837 solidi.

2173 1719 2202 1851 quorum
2163 1539 2204 1705 cujuslibet
2166 1431 2195 1525 bursa
2166 1312 2196 1418 nichil.

1324 2920 1347 2943 8.
1382 2920 1464 2951 Infra,
1479 2928 1505 2952 p.
1517 2920 1571 2949 132,
1588 2921 1614 2944 31
1630 2923 1656 2944 et
1667 2922 1698 2944 ³9
1711 2921 1780 2944 clare
1792 2922 1886 2953 Spaen.
