2632 3464
456 410 508 435 163

456 486 585 515 Alberto
606 487 689 525 quod
707 486 808 525 possit
827 486 924 525 recipi
941 492 1086 526 tanquam
1106 486 1210 515 socius
1227 486 1259 515 in
1275 487 1366 515 domo

457 536 608 565 Sorbone.
632 535 671 564 Et
698 545 880 564 concessum
901 535 957 565 fuit
978 535 1163 565 unanimiter
1178 535 1300 564 nemine
1315 545 1367 564 re-

455 585 615 614 clamante.

496 682 570 712 Item
588 682 656 711 XVI
675 683 724 711 die
745 682 861 711 mensis
883 682 1044 712 Februarii
1067 682 1098 711 in
1117 681 1365 721 congregacione

455 731 594 760 nacionis
619 732 700 770 apud
727 731 872 760 Sanctum
899 731 1066 762 Julianum.
1092 731 1288 760 continuatus
1318 737 1366 760 est

455 781 603 820 magister
622 781 719 809 David
744 781 775 809 in
799 786 1030 819 procuratorem
1054 780 1190 808 unanimi
1208 789 1365 809 concensu

454 830 589 859 omnium
606 829 834 869 magistrorum.

642 905 710 934 Isti
746 911 831 934 sunt
863 904 1175 934 determinantes.

496 977 601 1006 Primo
625 976 769 1005 dominus
795 976 972 1005 Alexander
996 977 1033 1005 de
1062 976 1209 1005 Karonna
1234 976 1362 1012 Scotus,

455 1025 542 1065 cujus
560 1027 654 1054 bursa
668 1025 740 1054 VIII
760 1025 862 1054 solidi.

495 1075 570 1104 Item
586 1075 729 1103 dominus
746 1074 903 1103 Johannes
920 1075 957 1103 de
975 1074 1036 1103 Ka-

454 1134 563 1158 ronna,
577 1125 669 1152 frater
682 1122 830 1162 ejusdem,
843 1122 929 1162 cujus
943 1124 1037 1152 bursa

456 1173 529 1202 VlIl
546 1173 648 1202 solidi.

495 1222 569 1251 Item
594 1222 737 1250 dominus
765 1221 881 1260 Symon
908 1222 1034 1257 Scotus,

458 1270 545 1310 cujus
558 1271 653 1300 eciam
666 1271 761 1300 bursa
773 1271 846 1299 VIII
860 1270 963 1300 solidi.

495 1320 570 1349 Item
597 1320 741 1349 dominus
769 1319 929 1349 Arnoldus
952 1321 989 1350 de
1018 1321 1249 1361 Composit[el],
1275 1320 1363 1361 cujus

453 1370 548 1398 bursa
559 1369 616 1398 XII
635 1369 738 1404 solidi,
753 1370 962 1399 determinans
977 1370 983 1388 ¹
1002 1377 1178 1410 reputatus,
1196 1372 1254 1400 sub
1269 1371 1363 1411 magi-

453 1425 517 1448 stro
535 1418 675 1447 Johanne
691 1419 729 1447 de
747 1418 889 1458 Vaselya.

493 1467 567 1497 Item
594 1467 738 1496 dominus
765 1468 922 1497 Johannes
950 1469 988 1497 de
1018 1469 1170 1498 Katthone
1202 1476 1363 1509 reputatus

453 1524 482 1546 et
506 1527 522 1546 a
547 1517 676 1546 nacione
700 1518 891 1556 approbatus
911 1518 1135 1553 determinans,
1159 1517 1246 1558 cujus
1269 1520 1364 1548 bursa

453 1566 558 1601 nichil,
576 1566 682 1601 nichil,
700 1566 731 1594 id
750 1572 797 1595 est
811 1567 960 1596 ditabitur
977 1567 1043 1597 Deo
1061 1567 1194 1597 volente.

1079 1101 1194 1130 Omnes
1216 1107 1281 1131 tres
1306 1103 1363 1131 sub

1143 1152 1292 1191 magistro

1111 1201 1253 1230 Waltero
1285 1201 1323 1230 de

1080 1250 1243 1279 Wardlaw
1257 1250 1360 1279 Scoto.

493 1666 567 1694 Item
587 1666 664 1694 facta
679 1666 925 1705 congregacione
941 1666 1081 1695 nacionis
1096 1666 1269 1706 Anglicane
1281 1668 1363 1706 apud

454 1715 597 1744 Sanctum
630 1714 784 1743 Julianum
816 1725 984 1754 pauperem
1018 1715 1087 1744 XVI
1119 1716 1168 1744 die
1202 1716 1363 1745 Februarii

452 1774 547 1803 super
570 1763 725 1792 eleccione
748 1755 971 1802 procuratoris,
995 1765 1113 1794 vocatis
1139 1766 1307 1800 vocandis,
1332 1765 1363 1794 in

454 1813 700 1853 congregacione
723 1812 858 1842 omnium
882 1813 1100 1853 magistrorum
1122 1814 1262 1844 nacionis
1283 1825 1363 1844 com—

451 1862 630 1901 parencium
644 1862 779 1891 unanimi
795 1872 951 1892 consensu
972 1863 1168 1892 continuatus
1190 1864 1245 1892 fuit
1264 1864 1363 1903 magi-

453 1918 517 1940 ster
533 1911 631 1940 David
647 1912 684 1940 de
701 1911 866 1950 Cugnerys
883 1912 1066 1941 antedictus.

494 1961 527 1989 In
545 1959 631 2000 cujus
651 1961 890 1999 procur[atoria]
908 1967 973 1990 acta
991 1968 1062 1990 sunt
1078 1972 1137 2000 que
1154 1969 1336 2001 sequuntur.

495 2009 598 2038 Primo
623 2010 653 2038 in
676 2010 923 2049 congregacione
944 2010 1095 2040 facultatis
1115 2011 1198 2050 apud
1218 2012 1363 2041 Sanctum

452 2059 606 2087 Julianum
637 2069 802 2098 pauperem
831 2069 979 2088 concessa
1012 2066 1059 2089 est
1089 2061 1211 2089 nacioni
1238 2061 1364 2091 cuilibet

454 2118 534 2137 unus
550 2108 755 2137 bachellarius
776 2109 807 2137 in
825 2109 964 2138 examine
981 2109 1091 2138 Sancte
1110 2109 1307 2149 Jenovephe,
1335 2117 1364 2140 et

453 2157 524 2186 licet
544 2163 762 2196 procuratores
785 2158 913 2186 aliarum
936 2158 1097 2187 nacionum
1120 2159 1285 2188 habuerint
1306 2170 1363 2199 pro

455 2216 487 2235 se
506 2206 699 2235 medietatem
714 2206 880 2246 cujuslibet
897 2207 941 2236 sic
958 2208 1111 2247 expediti,
1129 2215 1247 2247 partem
1263 2215 1364 2238 tamen

454 2256 543 2284 talem
562 2256 682 2284 nacioni
702 2256 862 2291 renuncio,
883 2263 913 2285 et
929 2257 1056 2296 parciali
1074 2258 1221 2296 porcione
1240 2265 1363 2287 conten-

454 2311 504 2334 tor
520 2315 577 2344 per
595 2305 651 2333 hoc
668 2305 816 2344 scriptum
830 2305 853 2335 ².

863 2400 961 2428 1353

459 2470 697 2507 [Procuratio
731 2471 903 2510 magistri
935 2471 1121 2500 Tilmanni
1153 2473 1195 2500 de
1228 2471 1362 2511 Eyke.]

495 2550 566 2589 (Fal.
587 2550 634 2589 20)
653 2550 743 2579 Anno
763 2550 887 2579 Domini
899 2550 1063 2580 millesimo
1080 2551 1196 2581 CCC¹¹¹⁰
1211 2552 1365 2591 quinqua-

454 2599 574 2638 gesimo
588 2599 695 2633 tercio,
714 2600 763 2628 die
776 2600 982 2629 sextadecima
996 2600 1112 2629 mensis
1124 2601 1244 2635 Marcii,
1258 2602 1365 2630 videli-

454 2655 502 2677 cet
516 2649 546 2676 in
554 2649 662 2687 vigilia
673 2649 859 2684 Palmarum,
874 2650 950 2678 sacta
963 2650 1211 2689 congregacione
1224 2650 1365 2680 nacionis

455 2697 624 2736 Anglicane
645 2699 726 2737 apud
746 2698 890 2727 Sanctum
909 2698 1062 2727 Julianum
1082 2709 1249 2738 pauperem
1271 2709 1366 2738 super

454 2746 609 2775 eleccione
628 2747 840 2786 procuratoris
857 2748 1010 2783 facienda,
1032 2747 1147 2777 electus
1166 2748 1221 2777 fuit
1239 2748 1269 2776 in
1290 2759 1365 2788 pro-

486 2835 508 2857 1.
541 2836 588 2857 Με.
602 2835 689 2865 polius
702 2835 902 2859 determinatus.

487 2871 509 2893 2.
544 2870 574 2892 ld
584 2870 699 2893 ultimum
708 2871 816 2899 verbum,
829 2874 974 2903 coopertum
987 2874 1144 2900 atramento,
1154 2880 1203 2903 pro
1216 2875 1285 2896 certo
1301 2873 1366 2896 dare

455 2913 506 2928 non
517 2914 659 2937 possumus.

488 2942 511 2964 3.
545 2942 558 2964 4
574 2941 679 2972 Aprilis.

1009 409 1233 436 AUCTARIUM
1257 409 1518 436 CHARTULARII
1543 410 1719 437 UNIVERS.
1745 411 1864 438 PARIS.

1420 681 1437 708 5

1402 928 1436 953 10

1401 1174 1435 1200 15

1401 1421 1435 1447 20

1401 1667 1434 1696 25

1401 1913 1435 1939 30

1402 2160 1435 2186 35

1402 2405 1436 2431 40

1403 2653 1436 2679 45

2332 415 2384 442 164

1476 493 1648 516 curatorem
1666 486 1803 527 ejusdem
1823 488 1963 518 nacionis
1981 489 2130 529 magister
2147 489 2327 521 Tilmannus
2344 492 2384 522 de

1476 535 1563 575 Eyke
1589 535 1760 566 Almannus
1785 537 1992 574 concorditer,
2022 538 2107 568 nullo
2132 539 2258 579 penitus
2284 540 2384 570 recla-

1475 591 1586 615 mante.
1607 586 1642 614 In
1660 585 1747 625 cujus
1765 587 1980 625 procuratoria
1996 593 2063 617 acta
2080 594 2153 617 sunt
2170 598 2229 628 que
2245 599 2384 629 sequun-

1474 639 1535 663 tur.

1515 683 1550 712 In
1564 684 1706 723 proxima
1721 684 1772 713 die
1788 691 1949 724 sequente,
1965 685 2111 715 videlicet
2127 686 2178 715 die
2193 686 2382 723 Palmarum,

1469 730 1586 771 juravit
1607 733 1802 772 procuratori
1822 734 1964 773 predicto
1989 741 2019 764 et
2038 735 2089 764 die
2110 735 2182 764 lune
2204 735 2384 766 licenciatus

1474 781 1530 811 fuit
1555 782 1637 821 apud
1665 781 1806 812 Sanctam
1832 782 2020 813 Genovefam
2046 783 2078 812 in
2101 784 2202 823 prima
2221 785 2384 815 audicione

1474 830 1618 860 dominus
1643 830 1802 861 Johannes
1827 832 1865 861 de
1890 832 1994 862 Caron
2020 832 2132 863 Scotus
2155 834 2212 863 sub
2235 833 2384 873 magistro

1474 879 1600 909 Galtero
1615 880 1653 908 de
1668 879 1838 910 Wardelau
1855 880 1959 917 Scoto,
1976 880 2064 920 cujus
2079 883 2176 912 bursa
2189 882 2262 912 VIII
2278 882 2383 912 solidi.

1514 928 1590 958 Item
1613 929 1690 957 facta
1711 929 1958 969 congregacione
1978 931 2121 960 nacionis
2145 930 2282 971 ejusdem
2302 932 2385 971 apud

1474 977 1620 1007 Sanctum
1640 977 1794 1007 Julianum
1816 978 1847 1007 in
1870 978 1920 1008 die
1940 979 2038 1010 sancti
2057 979 2241 1010 Ambrosii³
2268 990 2385 1011 convo-

1473 1026 1612 1066 catisque
1634 1026 1779 1056 omnibus
1799 1033 1829 1056 et
1844 1027 1977 1067 singulis
1997 1029 2168 1069 magistris,
2185 1029 2384 1069 supplicave-

1473 1082 1545 1105 runt
1562 1076 1678 1105 domini
1699 1076 1866 1106 Bertoldus
1884 1077 1922 1106 de
1939 1076 2109 1107 Camundia
2126 1085 2156 1108 et
2172 1078 2329 1108 Johannes
2345 1079 2384 1108 de

1473 1125 1666 1160 Calchoven,
1690 1131 1723 1154 ut
1746 1126 1840 1155 burse
1861 1135 1967 1155 eorum
1989 1126 2070 1156 dicte
2093 1127 2216 1157 nacioni
2238 1137 2276 1157 ex
2298 1134 2385 1167 parte

1472 1174 1601 1204 licencie
1619 1184 1725 1203 eorum
1744 1174 1863 1210 debite,
1881 1185 1958 1214 quas
1973 1182 2104 1215 propter
2121 1177 2272 1206 defectum
2289 1186 2386 1216 pecu-

1473 1223 1523 1252 nie
1538 1223 1623 1253 nullo
1639 1224 1732 1253 modo
1749 1223 1871 1253 solvere
1887 1230 2068 1263 potuerant,
2085 1225 2327 1255 remitterentur.
2345 1225 2386 1255 Et

1472 1282 1655 1302 concessum
1677 1272 1734 1302 suit
1764 1273 1808 1302 eis
1833 1273 1918 1302 nullo
1947 1274 2072 1312 penitus
2099 1274 2301 1311 reclamante,
2325 1274 2385 1304 hoc

1472 1328 1600 1361 excepto
1618 1323 1703 1361 quod
1720 1322 1851 1352 bedellis
1871 1322 2095 1352 satisfacerent.

1513 1371 1589 1400 Item
1617 1371 1732 1400 ibidem
1760 1372 1867 1401 eodem
1896 1378 2036 1411 tempore
2067 1372 2254 1412 supplicavit
2282 1372 2384 1403 dictus

1472 1421 1614 1450 dominus
1650 1420 1818 1450 Bertoldus
1856 1421 1895 1450 de
1927 1421 2099 1451 Camundia
2131 1428 2165 1451 ut
2200 1423 2294 1451 burse
2325 1431 2384 1461 pro

1471 1470 1653 1509 incepcione
1671 1469 1703 1498 in
1720 1470 1839 1499 artibus
1858 1470 1918 1499 sibi
1936 1470 2178 1506 remitterentur,
2196 1477 2225 1500 et
2242 1470 2386 1500 similiter

1472 1530 1655 1549 concessum
1680 1519 1736 1548 fuit
1757 1519 1842 1548 nullo
1868 1519 1992 1558 penitus
2015 1520 2216 1555 reclamante,
2241 1520 2385 1549 similiter

1473 1569 1598 1598 excluso
1614 1568 1720 1607 precio
1736 1568 1939 1598 bedellorum.

1513 1618 1588 1647 Item
1609 1618 1658 1647 die
1680 1617 1851 1657 sequente⁴
1871 1617 1946 1646 dicti
1965 1617 2132 1647 Bertoldus
2152 1619 2190 1647 de
2214 1617 2386 1648 Camundia

1472 1674 1502 1697 et
1529 1667 1686 1696 Johannes
1714 1667 1751 1696 de
1780 1667 1956 1696 Calchoven
1983 1668 2108 1707 fuerunt
2131 1668 2214 1707 apud
2240 1667 2383 1697 Sanctam

1473 1717 1659 1746 Genofevam
1675 1715 1827 1745 licenciati
1848 1716 1880 1745 in
1901 1717 2036 1745 secunda
2055 1716 2233 1751 audicione,
2252 1726 2384 1756 quorum

1472 1767 1567 1795 bursa
1582 1765 1688 1794 nichil.

1514 1816 1588 1844 Item
1604 1814 1784 1844 licenciatus
1802 1814 1857 1843 fuit
1873 1814 2016 1844 similiter
2031 1815 2062 1843 in
2073 1815 2208 1844 secunda
2219 1814 2382 1844 audicione

1472 1865 1554 1904 apud
1588 1864 1730 1893 Sanctam
1761 1863 1948 1893 Genosevam
1978 1863 2121 1893 dominus
2153 1863 2313 1893 Arnoldus
2344 1863 2382 1892 de

1473 1913 1655 1953 Conpostel‚
1675 1912 1762 1952 cujus
1782 1913 1876 1942 bursa
1894 1913 1952 1942 XII
1972 1913 2075 1942 solidi.

1514 1963 1588 1992 Item
1610 1962 1641 1991 in
1659 1963 1765 1991 eadem
1781 1961 1943 1991 audicione
1964 1962 2145 1991 licenciatus
2164 1962 2219 1991 fuit
2239 1962 2384 1991 dominus

1472 2011 1649 2041 Alexander
1663 2012 1701 2040 de
1718 2011 1820 2041 Caron
1838 2011 1960 2046 Scotus,
1978 2010 2065 2050 cujus
2079 2012 2173 2040 bursa
2188 2010 2260 2040 VIII
2278 2010 2381 2040 solidi.

1514 2061 1588 2090 Item
1607 2061 1656 2090 die
1675 2061 1745 2090 lune
1758 2060 1770 2079 ⁵
1788 2067 1861 2100 post
1879 2060 1959 2089 diem
1984 2060 2065 2089 beati
2081 2060 2252 2095 Ambrosii,
2269 2059 2386 2099 incepit

1473 2110 1616 2139 dominus
1636 2110 1803 2139 Bertoldus
1819 2110 1856 2138 de
1876 2109 2046 2139 Camundia
2063 2110 2119 2139 suh
2135 2109 2286 2149 magistro
2302 2109 2385 2138 Her-

1473 2169 1584 2188 manno
1600 2160 1638 2188 de
1654 2159 1781 2194 Rotwil,
1799 2157 1886 2199 cujus
1902 2159 1997 2188 bursa
2012 2158 2123 2194 nichil,
2141 2157 2247 2188 nichil.

1883 2253 1980 2281 1353

1532 2324 1772 2363 [Procuratio
1805 2323 1976 2364 magistri
2014 2322 2194 2363 Eglinghi
2226 2322 2333 2361 Bos.]

1514 2404 1605 2434 Anno
1619 2403 1744 2434 Domini
1758 2404 1834 2433 1353
1850 2410 2006 2439 currente,
2022 2404 2071 2433 13³
2085 2403 2134 2432 die
2150 2403 2281 2443 Aprilis,
2297 2402 2384 2432 scili-

1474 2460 1522 2484 cet
1543 2454 1573 2482 in
1595 2452 1725 2493 vigilia⁶
1746 2453 1843 2482 sancti
1867 2452 2012 2488 Tiburtii,
2034 2453 2111 2481 facta
2136 2451 2384 2492 congregacione

1474 2502 1614 2533 nacionis
1631 2502 1802 2542 Anglicane
1825 2502 1906 2541 apud
1928 2501 2072 2531 Sanctum
2092 2501 2247 2530 Julianum
2268 2510 2384 2540 paupe-

1473 2563 1538 2582 rem
1557 2558 1587 2581 et
1608 2551 1744 2581 omnium
1763 2551 1982 2591 magistrorum
2001 2550 2175 2590 sigillatim,
2194 2550 2309 2579 electus
2329 2549 2387 2580 suit

1474 2601 1671 2631 concorditer
1683 2600 1768 2630 nullo
1782 2600 1905 2639 penitus
1918 2599 2104 2629 reclamante
2117 2599 2265 2638 magister
2277 2598 2384 2638 Eglin-

1475 2650 1554 2690 ghus
1571 2651 1634 2679 Bos
1650 2651 1688 2679 de
1705 2648 1909 2684 Brfinswich,
1924 2648 2056 2677 clericus
2072 2647 2384 2678 Hildensiemmensis

1474 2699 1634 2739 dyocesis,
1656 2699 1688 2727 in
1709 2704 1942 2738 procuratorem
1964 2697 2046 2727 dicte
2065 2697 2224 2732 nacionis,
2244 2697 2275 2726 in
2296 2695 2387 2736 cujus

1475 2749 1688 2788 procuratoria
1704 2748 1780 2777 facta
1799 2754 1871 2777 sunt
1886 2746 1941 2775 hec
1961 2756 2020 2786 que
2037 2753 2220 2786 sequuntur.

1507 2838 1528 2859 [Δ.
1564 2839 1577 2859 5
1590 2835 1695 2868 Aprilis.

1506 2874 1527 2895 5.
1564 2873 1578 2895 8
1593 2871 1697 2903 Aprilis.

1505 2909 1529 2931 6.
1564 2908 1592 2930 13
1604 2907 1710 2938 Aprilis.
