2632 3464
429 430 488 456 275

429 507 513 545 apud
543 505 685 534 Sanctum
710 503 893 533 Materinum
917 501 954 530 ad
979 499 1162 530 audiendum
1189 497 1336 536 quasdam

433 556 549 584 litteras
566 554 675 583 missas
689 551 889 582 Universitati
905 560 922 579 a
937 549 1061 578 domino
1075 547 1222 587 episcopo
1237 545 1336 574 Seno-

432 602 611 638 monensi⁴;
638 602 670 631 in
695 601 808 640 quibus
839 599 950 628 litteris
982 598 1082 627 dictus
1104 595 1247 624 dominus
1269 590 1336 632 epi-

430 663 547 692 scopus
569 651 652 680 misit
674 649 874 679 Universitati
896 647 1043 676 beneficia
1062 644 1257 677 conferenda,
1279 652 1336 681 pro

432 702 568 741 qualibet
605 699 744 729 facultate
779 707 882 732 unum,
926 702 956 725 et
990 695 1021 724 in
1051 693 1190 723 facultate
1221 691 1336 720 arcium

433 750 614 780 beneficium
638 749 668 777 in
695 748 798 776 eadem
824 745 963 775 facultate
990 743 1208 772 conferendum
1241 740 1336 769 colla-

431 806 495 829 tum
523 799 577 827 fuit
607 797 755 836 magistro
785 794 917 824 Johanni
944 793 1028 821 Ance
1041 791 1066 827 ²,
1097 790 1182 820 nullo
1213 789 1335 829 penitus

432 849 628 878 reclamante.

472 897 547 926 Item
569 895 683 934 incepit
703 893 845 922 dominus
867 891 1054 921 VVilhelmus
1074 889 1257 928 Loderpape
1278 888 1335 916 sub

432 946 579 985 magistro
596 943 764 973 Wilhelmo
781 942 892 975 Buser,
910 938 996 978 cujus
1014 940 1107 967 bursa
1122 939 1140 966 6
1156 937 1214 966 sol.

473 995 546 1024 Item
557 994 632 1022 facta
642 990 880 1031 congregatione
892 988 1035 1022 nationis,
1048 988 1066 1016 3
1077 987 1125 1016 die
1137 986 1334 1020 Novembris,

430 1044 512 1083 apud
531 1043 673 1071 Sanctum
686 1039 869 1069 Materinum
882 1038 958 1066 hora
970 1036 1138 1076 primarum
1153 1036 1191 1064 ad
1208 1035 1336 1064 audien-

436 1093 507 1121 dum
532 1096 704 1129 compotum
727 1087 961 1117 inrotulatorum
982 1092 1011 1115 et
1028 1086 1065 1114 ad
1083 1085 1334 1124 supplicandum,

432 1142 464 1170 in
477 1140 575 1179 primo
591 1138 762 1167 ordinatum
774 1137 829 1165 suit
841 1136 965 1169 ibidem,
981 1135 1063 1173 quod
1076 1134 1094 1162 4
1105 1133 1334 1167 inrotulatores,

432 1189 549 1218 scilicet
564 1189 624 1217 duo
645 1188 682 1215 de
694 1186 792 1215 officio
807 1185 906 1219 electi,
919 1190 949 1213 et
960 1189 1103 1222 receptor
1114 1189 1143 1211 et
1153 1187 1337 1221 procurator

430 1245 460 1267 et
483 1237 613 1266 nuncius
632 1241 737 1265 essent
753 1234 828 1274 quiti
845 1240 875 1262 ct
889 1232 1021 1262 absoluti
1037 1233 1074 1260 de
1091 1231 1222 1271 pecunia
1238 1231 1337 1260 danda

429 1288 466 1316 ad
480 1286 623 1320 rotulum,
642 1285 723 1323 quod
738 1283 879 1311 omnibus
894 1283 972 1324 bene
988 1281 1102 1320 placuit
1119 1287 1148 1309 et
1163 1280 1308 1319 perfecte.

474 1335 613 1364 Ulterius
649 1332 792 1362 transivit
828 1331 941 1360 ibidem
977 1337 1006 1359 et
1036 1329 1150 1369 placuit
1181 1329 1335 1363 omnibus,

433 1385 551 1414 scilicet
567 1383 653 1412 sicud
670 1382 758 1421 prius
769 1381 941 1409 ordinatum
956 1379 1011 1408 suit
1023 1389 1079 1418 per
1091 1385 1163 1407 tunc
1176 1384 1337 1417 presentes

432 1434 513 1473 apud
545 1432 774 1464 Predicatores,
810 1430 932 1468 quando
968 1428 1062 1456 missa
1094 1427 1150 1457 fuit
1187 1427 1339 1456 celebrata

433 1493 489 1521 pro
507 1492 585 1521 papa
595 1481 750 1514 defuncto,
768 1479 849 1518 quod
864 1478 993 1517 quilibet
1004 1477 1194 1516 presentium
1212 1477 1339 1505 deberet

433 1532 505 1560 dare
522 1531 539 1559 2
554 1529 689 1569 regales.

473 1580 559 1608 Tunc
589 1578 719 1607 ulterius
746 1582 998 1616 computaverunt
1021 1575 1094 1604 dicti
1119 1574 1338 1603 inrotulatores

432 1630 470 1658 de
486 1628 628 1667 pecunia,
648 1636 737 1666 quam
750 1627 786 1654 ab
800 1625 973 1654 inrotulatis
986 1630 1178 1663 receperant,
1195 1624 1239 1653 sic
1255 1624 1338 1663 quod

431 1678 518 1706 nacio
541 1676 639 1705 adhuc
660 1675 771 1704 nuncio
793 1675 921 1703 deberet
937 1674 1009 1702 dare
1028 1674 1045 1702 5
1065 1674 1197 1708 francos,
1221 1679 1249 1701 et
1266 1679 1338 1701 tunc

434 1727 565 1755 nuncius
584 1731 667 1754 esset
679 1725 716 1753 de
734 1724 790 1753 100
805 1723 917 1751 francis
931 1722 1118 1761 persolutus.
1135 1722 1194 1759 Qui
1211 1732 1338 1761 compu-

431 1782 480 1805 tus
497 1776 533 1803 ab
550 1774 692 1802 omnibus
709 1773 763 1801 fuit
778 1773 976 1811 approbatus.

472 1824 512 1852 Et
541 1822 728 1862 supplicavit
760 1821 908 1860 magister
942 1819 1097 1849 Johannes
1129 1820 1336 1859 Ricmestorp,

433 1883 490 1912 pro
509 1879 582 1901 tunc
599 1877 792 1910 procurator,
812 1871 893 1908 quod
917 1870 998 1898 natio
1016 1869 1107 1898 vellet
1123 1876 1283 1908 expectare
1301 1870 1338 1898 de

433 1922 575 1961 pecunia,
592 1930 681 1959 quam
699 1919 845 1958 magistet·
860 1918 1006 1947 Albertus
1020 1919 1112 1947 frater
1123 1928 1196 1947 suus
1213 1919 1339 1947 deberet

431 1972 504 1999 dare
530 1971 567 1998 ad
595 1969 737 1997 rotulum.
767 1968 836 2007 lpse
861 1967 953 1996 vellet
978 1977 1036 2006 pro
1059 1977 1095 1996 eo
1119 1966 1285 2006 fidejubere
1310 1973 1339 1996 et

431 2021 504 2048 dare
531 2018 647 2047 nationi
670 2018 786 2046 litteras
812 2027 906 2056 super
927 2016 985 2044 hoc
1005 2016 1108 2055 sigillo
1129 2026 1185 2045 suo
1210 2017 1338 2055 proprio

432 2067 593 2107 sigillatas.
614 2066 703 2103 Quod
718 2076 898 2094 concessum
913 2065 967 2094 suit
982 2066 1019 2094 ab
1032 2065 1185 2094 omnibus.

475 2117 549 2145 Item
563 2115 748 2155 supplicavit
758 2115 904 2154 magister
914 2114 1067 2143 Henricus
1076 2114 1113 2142 de
1123 2114 1244 2148 Beesta‚
1256 2115 1339 2153 quod

435 2166 462 2194 si
477 2166 564 2194 fieret
581 2165 658 2193 alter
674 2164 792 2193 rotulus
813 2174 848 2192 eo
868 2165 1005 2198 absente,
1027 2163 1109 2202 quod
1129 2163 1340 2202 imponeretur

435 2221 578 2253 tanquam
590 2223 721 2252 presens
738 2213 847 2242 solutis
864 2212 1032 2241 solvendis.
1053 2212 1143 2249 Quod
1159 2222 1338 2241 concessum

434 2263 489 2292 suit
505 2263 541 2291 ab
562 2262 717 2291 omnibus.

474 2310 570 2340 Item³
591 2312 668 2339 sacta
691 2311 931 2350 congregatione
950 2310 1088 2339 nacionis
1104 2311 1140 2338 ad
1159 2310 1339 2349 supplican-

435 2361 504 2389 dum
522 2360 603 2399 apud
624 2359 767 2388 Sanctum
787 2359 940 2388 Julianum
957 2369 1134 2398 pauperem,
1154 2359 1339 2398 supplicavit

434 2409 578 2448 magister
598 2408 775 2437 VVillelmus
798 2408 1003 2447 Lodderpape
1030 2409 1112 2447 quod
1135 2408 1222 2437 nacio
1246 2408 1339 2438 vellet

433 2458 477 2486 sic
491 2463 652 2496 expectare
671 2458 708 2486 de
723 2457 853 2496 pecunia
871 2467 961 2495 quam
978 2458 1104 2486 deberet
1118 2458 1189 2486 dare
1203 2458 1240 2486 ad
1255 2463 1338 2486 rotu-

434 2507 495 2535 lum
517 2507 552 2535 ad
581 2516 673 2535 unum
705 2515 828 2540 annum,
857 2506 938 2544 quod
969 2506 1023 2534 fuit
1055 2506 1114 2534 sibi
1144 2516 1336 2541 concessum,

434 2556 598 2583 dummodo
618 2554 737 2593 juraret
758 2555 840 2593 quod
864 2560 935 2583 tunc
958 2555 1044 2583 daret
1063 2561 1093 2583 et
1114 2555 1200 2583 daret
1217 2555 1338 2583 nacioni

434 2604 550 2632 literam
572 2603 719 2637 officialis,
742 2603 824 2642 quod
845 2603 871 2631 si
889 2613 950 2631 non
970 2603 1105 2632 solveret
1119 2603 1198 2632 infra
1213 2614 1336 2639 annum,

434 2653 515 2691 quod
548 2658 631 2681 esset
654 2651 943 2681 excommunicatus.
976 2652 1041 2689 Que
1069 2652 1170 2680 omnia
1196 2653 1339 2690 promisit

466 2762 488 2785 1.
529 2764 548 2785 1.
567 2771 587 2785 e.
611 2762 814 2791 Cenomanensi,
833 2762 878 2793 qui
893 2765 953 2785 tunc
973 2762 1094 2793 temporis
1109 2762 1159 2794 fuit
1178 2762 1288 2786 Michael
1306 2763 1338 2787 de

435 2797 554 2825 Brachia,
574 2806 640 2829 mag.
660 2798 686 2821 in
705 2797 789 2825 theol„
809 2797 868 2821 olim
882 2798 907 2820 in
925 2798 1038 2821 Univers
1051 2798 1132 2821 Paris.
1150 2798 1262 2822 stadem.
1282 2799 1336 2822 Vid.

436 2833 554 2856 Chartul.
568 2833 699 2861 Univers.,
714 2833 746 2861 11,
759 2841 784 2864 p.
799 2834 852 2861 597,
866 2836 919 2857 not.
931 2834 969 2856 22.

468 2870 489 2891 2.
524 2870 583 2892 Nat.
599 2868 756 2897 Gallicanae,
771 2868 1025 2901 receptorigenerali.

468 2904 490 2926 3.
528 2904 598 2933 Quae
610 2906 749 2934 sequuntur
760 2907 818 2927 sunl
833 2904 927 2935 scripta
942 2903 1089 2928 charactere
1104 2905 1232 2936 sequentis
1242 2913 1337 2936 procu-

438 2938 530 2961 ratoris
542 2938 703 2962 Theoderici.

983 421 1206 450 AUCTARIUM
1226 417 1486 446 CHARTULARII
1504 416 1678 443 UNIVERS.
1700 416 1819 444 PARIS.

1373 937 1407 962 10

1374 1181 1407 1207 15

1375 1426 1409 1452 20

1375 1672 1409 1698 25

1376 1918 1410 1943 30

1377 2163 1410 2189 35

1376 2409 1410 2435 40

1375 2652 1409 2678 45

2302 417 2355 444 276

1445 493 1625 532 adimplere.
1651 493 1690 522 Et
1709 494 1840 533 pecunia
1857 494 1957 523 danda
1973 495 2012 523 ad
2030 493 2164 524 rotulum
2182 500 2271 524 erant
2288 500 2354 524 tres

1446 542 1540 571 franci
1554 543 1591 570 de
1608 541 1768 572 Francia⁴.
1784 542 1884 572 Solvit
1900 553 1937 572 ex
1952 549 2028 572 toto.

1485 590 1557 630 (lr‘ol.
1592 590 1639 630 47)
1669 590 1744 621 Item
1756 591 1769 610 ³
1795 592 1911 631 incepit
1939 592 2082 622 dominus
2112 591 2289 622 Florentius
2314 593 2353 622 de

1444 639 1591 669 Alcmade
1608 641 1665 669 sub
1680 641 1829 681 magistro
1843 640 2013 670 Wilhelmo
2029 640 2141 676 Buscr,
2159 639 2245 681 cujus
2256 642 2351 671 bursa

1444 690 1463 718 9
1474 689 1532 718 sol.

1486 738 1561 767 ltem
1593 738 1642 767 die
1669 737 1726 767 xl·
1749 738 1934 768 Novembris
1966 739 2043 768 hora
2071 739 2240 778 primarum
2274 739 2353 768 sacta

1445 797 1541 826 super
1564 787 1623 816 hoc
1652 788 1894 828 congregatione
1923 788 2058 817 nationis
2089 788 2171 827 apud
2204 787 2349 818 Sanctum

1445 836 1644 872 Maturinum,
1656 836 1800 876 promisit
1810 837 1893 866 natio
1909 837 2058 877 magistro
2070 836 2241 866 Wilhelmo
2252 836 2355 867 Buzer

1444 885 1557 914 nuncio
1573 886 1611 914 ad
1628 885 1741 914 curiam
1760 885 1882 916 solvere
1895 886 2022 926 triginta
2034 886 2168 920 francos,
2187 892 2281 926 prout
2296 885 2353 924 [in]

1444 934 1534 964 litera
1563 944 1658 974 super
1686 934 1744 963 hoc
1774 934 1833 964 sibi
1862 944 2011 964 concessa
2039 941 2069 964 et
2092 934 2226 974 sigillata
2247 934 2352 975 sigillo

1445 983 1579 1012 nationis
1594 983 1717 1023 plenius
1733 983 1918 1013 continetur.

1849 1077 1946 1107 1362

1504 1148 1600 1189 Mag.
1635 1148 1893 1179 Theodericus
1922 1149 2056 1188 Dystel
2080 1149 2122 1178 de
2149 1147 2288 1179 Unna⁶·

1487 1228 1562 1258 Item
1589 1229 1697 1258 eodem
1727 1229 1776 1258 die
1799 1229 1876 1258 sacta
1901 1229 2142 1268 congregatione
2167 1228 2302 1258 nationis
2322 1228 2355 1258 in

1447 1279 1555 1308 eodem
1586 1277 1655 1307 loco
1685 1277 1761 1307 hora
1784 1287 1985 1317 vesperarum
2011 1278 2050 1306 ad
2080 1277 2285 1307 ordinandum
2315 1278 2355 1307 de

1447 1326 1613 1362 officiariis,
1631 1326 1750 1356 scilicet
1763 1333 1976 1366 procuratore,
1993 1333 2166 1366 receptore,
2183 1333 2213 1356 et
2225 1327 2263 1355 ad
2274 1335 2355 1357 com-

1448 1377 1615 1415 putandum
1634 1382 1663 1405 et
1683 1375 1931 1416 supplicandum,
1950 1376 2136 1405 substitutus
2153 1375 2209 1405 fuit
2230 1375 2262 1404 in
2277 1385 2355 1416 pro-

1448 1432 1619 1455 curatorem
1638 1425 1786 1465 magister
1804 1424 2016 1454 Theodericus
2032 1425 2070 1453 de
2083 1424 2184 1454 Unna.

1489 1475 1563 1504 Item
1593 1474 1736 1503 omnibus
1773 1474 1930 1503 defalcatis
1965 1480 1996 1503 et
2025 1473 2177 1513 expositis
2210 1479 2354 1513 computo

1448 1525 1526 1553 facto
1549 1523 1697 1552 remansit
1718 1522 1884 1562 receptor⁷
1911 1523 2066 1562 obligatus
2085 1522 2201 1551 nationi
2228 1522 2260 1551 in
2284 1529 2355 1552 octo

1447 1573 1604 1612 regalibus
1624 1573 1725 1601 minus
1743 1571 1832 1601 Xllll
1853 1572 2000 1612 parisien.
2019 1571 2060 1600 Et
2077 1571 2262 1611 supplicavit
2274 1571 2355 1601 idem

1447 1628 1601 1661 receptor,
1622 1622 1705 1660 quod
1726 1631 1793 1650 cum
1815 1621 1847 1649 in
1866 1621 1926 1650 fine
1948 1620 2020 1649 anni
2040 1621 2169 1649 deberet
2187 1621 2246 1649 sibi
2266 1620 2354 1650 nacio

1447 1672 1520 1700 dare
1551 1671 1578 1700 11
1612 1670 1708 1700 libras
1739 1670 1905 1710 parisiens.
1940 1675 1970 1699 et
1998 1670 2066 1708 ipse
2094 1668 2157 1709 jam
2185 1669 2286 1699 iturus
2316 1670 2354 1699 ad

1448 1721 1562 1750 curiam
1578 1721 1655 1749 bene
1669 1719 1823 1759 indigeret
1842 1719 1982 1758 pecunia,
1997 1725 2031 1747 ut
2048 1718 2148 1747 statim
2164 1718 2246 1747 illam
2260 1727 2356 1758 pecu-

1447 1770 1528 1798 niam
1555 1769 1592 1798 de
1622 1778 1749 1804 summa,
1790 1778 1880 1808 quam
1917 1767 2034 1796 nationi
2072 1768 2213 1802 debehat,
2246 1773 2356 1807 posset

1447 1818 1610 1847 defalcare.
1631 1818 1719 1855 Quod
1740 1817 1795 1847 suit
1809 1826 2001 1852 concessum,
2016 1816 2182 1850 dummodo
2197 1816 2279 1846 natio
2292 1825 2355 1846 non

1448 1867 1579 1907 amplius
1605 1877 1662 1906 pro
1685 1867 1793 1896 eodem
1816 1866 1940 1895 sallario
1961 1865 2051 1895 istius
2071 1865 2143 1894 anni
2165 1870 2352 1900 moneretur,

1448 1923 1478 1946 et
1501 1917 1551 1945 ille
1574 1916 1627 1956 qui
1653 1926 1710 1955 per
1727 1915 1882 1945 nationem
1903 1915 2144 1944 constitueretur
2160 1914 2192 1943 in
2211 1920 2356 1954 recepto-

1448 1976 1524 2001 rem,
1551 1965 1644 1995 vellet
1668 1965 1782 1994 dictum
1815 1964 1946 1993 officium
1978 1974 2078 2002 usque
2101 1964 2137 1992 ad
2155 1963 2247 1992 finem
2269 1962 2353 1998 anni,

1449 2008 1566 2044 scilicet
1595 2015 1705 2044 festum
1739 2013 1836 2043 sancti
1868 2012 2090 2047 Bartholomei‚
2124 2022 2280 2041 exercere.
2315 2011 2356 2041 Et

1449 2064 1633 2093 constitutus
1653 2063 1708 2092 fuit
1725 2063 1756 2091 in
1774 2068 1967 2101 receptorem
1989 2061 2136 2101 magister
2158 2061 2354 2090 Hermannus

1449 2112 1578 2148 Consul,
1612 2112 1664 2151 qui
1702 2112 1857 2151 promisit,
1891 2111 1973 2150 quod
1997 2110 2090 2140 vellet
2116 2110 2194 2139 illud
2223 2109 2354 2139 officium

1448 2172 1546 2201 usque
1578 2162 1615 2190 ad
1643 2162 1732 2190 finem
1757 2160 1840 2195 anni,
1870 2160 1920 2189 vel
1944 2160 2042 2189 donec
2068 2159 2186 2188 rediret
2207 2158 2356 2198 magister

1449 2211 1603 2240 Henricus
1622 2211 1659 2239 de
1673 2211 1811 2249 Kempen
1826 2210 1866 2249 (et
1874 2207 2169 2249 juravitjuramenta
2184 2207 2352 2248 consueta).

1448 2270 1604 2294 exercere,
1624 2269 1686 2288 non
1704 2259 1846 2287 habendo
1858 2258 2020 2298 pecuniam
2036 2267 2094 2296 pro
2109 2257 2225 2286 labore.

1489 2309 1563 2338 Item
1589 2308 1730 2347 sequenti
1758 2306 1830 2336 die⁸
1850 2308 1926 2336 facta
1954 2306 2196 2346 congregatione
2221 2305 2355 2334 nationis

1448 2358 1524 2387 hora
1547 2358 1714 2397 primarum
1734 2356 1837 2386 Sancti
1857 2355 1965 2385 Jacobi
1984 2356 2067 2395 apud
2087 2354 2231 2384 Sanctum
2254 2354 2356 2384 Matu-

1447 2407 1548 2436 rinum
1568 2407 1605 2436 ad
1623 2406 1836 2446 reponendum
1855 2405 2016 2444 pecuniam
2031 2405 2069 2434 ad
2084 2404 2206 2433 archam
2222 2409 2252 2432 et
2264 2403 2355 2443 sigil-

1447 2456 1571 2485 landum
1580 2455 1685 2484 literas
1698 2464 1875 2490 concessas‚
1892 2454 1947 2483 fuit
1961 2453 2094 2493 sigillata
2104 2453 2193 2482 litera
2205 2452 2354 2492 magistro

1446 2505 1615 2534 wilhelmo
1646 2504 1748 2533 Buzer
1775 2513 1870 2543 super
1898 2503 1997 2543 gratia
2019 2502 2069 2531 die
2093 2501 2272 2541 precedenti
2294 2500 2354 2530 sibi

1448 2563 1605 2583 concessa.
1626 2553 1701 2582 Item
1724 2552 1780 2582 fuit
1800 2551 1934 2592 sigillata
1952 2551 2085 2580 Johanni
2100 2550 2222 2580 bedello
2242 2549 2354 2579 minori

1447 2603 1535 2632 litera
1558 2612 1652 2641 super
1674 2612 1730 2631 suo
1753 2601 1863 2636 officio,
1888 2600 1960 2640 quia
1978 2599 2126 2639 magister
2144 2599 2298 2628 Henricus
2316 2598 2354 2627 de

1447 2652 1585 2691 Kempen
1601 2657 1631 2680 et
1641 2650 1788 2690 magister
1804 2650 1999 2679 Hermannus
2015 2648 2132 2678 Consul
2146 2648 2303 2682 dicebant,
2320 2656 2355 2676 se

1477 2763 1501 2786 4.
1535 2762 1630 2786 Item...
1644 2761 1754 2785 Francia
1764 2760 1849 2784 deleta
1858 2762 1925 2784 sunt.
1939 2759 2024 2784 Solvit
2032 2767 2062 2783 ex
2070 2761 2124 2782 toto
2135 2757 2188 2782 alto
2198 2756 2352 2781 charactere.

1478 2800 1500 2821 5.
1538 2799 1609 2828 Quae
1631 2798 1779 2828 sequuntur,
1805 2796 1900 2827 scripta
1920 2798 1980 2819 sunt
2003 2802 2080 2818 manu
2099 2793 2264 2821 Theoderici,
2284 2791 2356 2825 cujus

1446 2841 1535 2857 nomen
1544 2833 1570 2856 in
1579 2833 1708 2864 principio
1719 2832 1786 2864 solii.

1477 2870 1500 2892 6.
1533 2870 1601 2892 Haec
1611 2868 1729 2900 leguntur
1739 2867 1765 2891 in
1779 2867 1895 2899 margine
1908 2865 2036 2898 superiori
2041 2865 2166 2898 paginae.

1477 2905 1500 2927 7.
1534 2903 1661 2927 Henricus
1675 2903 1707 2926 de
1721 2903 1846 2934 Kempen.

1477 2941 1500 2964 Β.
1534 2940 1563 2962 12
1576 2939 1710 2962 Novembr.
