2632 3464
290 470 344 497 005

290 545 402 576 nuatus
431 551 465 576 ut
498 545 682 586 precedens.
701 545 748 574 4·-
775 554 871 584 super
899 542 1195 583 supplicacionibus.

290 594 405 625 Nichil.

694 685 793 716 1399

330 758 439 798 [Acta
461 758 499 789 in
521 757 784 798 procuratoria
808 756 957 787 Alberti
985 755 1155 794 Thome.]

329 839 421 869 Facta
445 838 691 879 congregacione
712 837 852 867 nacionis
874 836 1057 876 Anglicane,
1080 835 1196 866 xvl112

289 888 340 918 die
380 888 497 918 mensis
540 887 727 918 Novembris
766 897 846 916 anno
889 885 1014 916 Domini
1052 884 1193 915 M.CCC.

286 936 480 972 LXXXXIX,
503 937 586 977 apud
605 936 752 966 Sanctum
773 935 962 965 Maturinum
986 944 1081 974 super
1095 934 1195 963 tribus

286 985 436 1016 articulis.
453 985 578 1016 Primus
595 991 661 1015 erat
679 995 775 1024 super
792 984 942 1014 electione
957 983 1030 1013 novi
1045 993 1195 1023 procura-

287 1034 367 1065 toris
373 1045 382 1070 ;
399 1035 555 1064 secundus
570 1043 666 1074 super
685 1033 883 1064 edificacione
901 1033 1053 1063 scolarum
1070 1032 1196 1062 facult-i-

286 1083 328 1114 tis
341 1083 473 1119 arcium
490 1083 606 1113 tercius
625 1082 774 1112 articulus
793 1092 889 1123 super
910 1081 1194 1122 supplicacionibus

287 1138 318 1162 et
334 1131 469 1172 injuriis.
487 1131 590 1172 Super
605 1132 707 1172 primo
717 1131 846 1162 articulo
861 1131 1058 1160 concorditer
1073 1130 1195 1160 nacioni

286 1180 402 1221 placuit
414 1180 532 1221 eligere
547 1191 660 1211 novum
676 1186 920 1220 procuratorem,
937 1186 967 1210 et
988 1179 1082 1219 elegit
1097 1179 1196 1219 magi-

287 1236 385 1260 strum
394 1229 556 1260 Albertum
567 1229 695 1260 Thome.
711 1229 814 1270 Super
827 1230 859 1258 2⁰
871 1228 1013 1263 articulo,
1025 1228 1098 1268 quia
1107 1228 1195 1257 nacio

285 1285 359 1310 tunc
382 1289 446 1309 non
466 1278 573 1309 hahuit
595 1279 768 1319 pecuniam,
791 1277 887 1308 nichil
907 1277 963 1308 fuit
985 1277 1111 1312 dictum,
1131 1283 1195 1306 tum

286 1328 359 1368 quia
370 1334 563 1369 receptorem
577 1338 640 1358 non
655 1327 829 1362 habuimus,
845 1333 876 1357 et
889 1326 948 1356 hoc
965 1326 1038 1366 quia
1051 1332 1196 1365 receptor

285 1377 426 1407 nacionis
459 1377 552 1413 alias,
579 1378 660 1406 bone
688 1377 835 1406 memorie
869 1376 1017 1416 magister
1048 1375 1193 1415 Egidius,

286 1426 450 1456 defunctus
472 1425 540 1462 fuit,
564 1425 652 1466 cujus
676 1425 778 1456 anima
802 1425 978 1465 requiescat
1000 1425 1031 1454 in
1056 1433 1142 1464 pace,
1166 1429 1197 1454 et

286 1475 357 1505 ideo
374 1475 451 1505 facta
463 1475 520 1505 suit
536 1474 632 1504 eciam
646 1475 767 1504 mencio
784 1474 816 1504 in
831 1474 959 1504 nacione
972 1474 1011 1503 ad
1021 1473 1195 1503 habendum

285 1529 489 1564 receptorem.
508 1523 619 1554 Nullus
634 1530 735 1554 tamen
757 1524 796 1553 de
818 1523 946 1552 nacione
970 1522 1068 1552 voluit
1085 1531 1196 1561 accep-

284 1578 352 1602 tare
366 1583 446 1603 onus
461 1573 500 1602 de
515 1573 711 1613 exponendo,
728 1572 801 1612 quia
817 1582 880 1601 non
895 1571 951 1601 suit
965 1571 1011 1601 eis
1026 1581 1100 1611 spes
1112 1572 1195 1611 quod

284 1621 361 1651 satis
382 1621 446 1652 cito
467 1621 735 1662 persolverentur;
761 1620 858 1651 eciam
888 1626 1018 1661 propter
1043 1620 1195 1650 defectum

283 1670 484 1711 pecuniarum
498 1670 585 1700 multi
599 1670 745 1700 dixerunt
757 1671 842 1710 quod
854 1680 917 1700 non
931 1675 1062 1710 possent
1073 1669 1123 1699 vel
1137 1669 1195 1698 sal·

284 1725 345 1749 tem
363 1720 447 1760 quod
467 1730 530 1750 non
552 1726 681 1760 possent
698 1720 781 1749 bono
808 1720 900 1749 modo
923 1728 1028 1748 carere
1054 1718 1196 1758 pecuniis

283 1768 361 1798 suis.
380 1767 530 1799 Finaliter
547 1769 662 1799 auditis
677 1768 746 1799 istis
764 1768 913 1808 magister
924 1767 1082 1798 Johannes
1098 1767 1196 1797 Fore-

283 1817 372 1848 starii
383 1817 423 1848 de
431 1818 479 1848 sui
487 1818 591 1858 gracia
601 1818 771 1858 acceptavit
778 1827 858 1847 onus
869 1817 1013 1847 videlicet
1021 1817 1082 1846 isto
1090 1817 1194 1851 modo,

283 1866 368 1906 quod
383 1866 451 1907 ipse
461 1873 545 1896 esset
554 1866 624 1897 loco
634 1873 666 1897 et
674 1867 772 1897 vicem
783 1876 897 1907 gerens
913 1865 1084 1905 receptoria
1098 1875 1196 1905 usque

282 1915 322 1945 ad
335 1915 499 1946 adventum
514 1915 734 1956 magistrorum
746 1915 755 1934 ⁴
771 1921 802 1944 et
811 1915 895 1955 quod
910 1920 1019 1954 posset
1033 1919 1197 1949 exonerari

283 1964 322 1994 ab
336 1963 448 2000 officio,
465 1965 589 2004 quando
601 1964 663 1994 sibi
675 1964 839 1994 videretur
853 1964 1013 2004 expedire.

323 2012 358 2042 In
375 2013 482 2043 eadem
499 2013 745 2054 congregacione
761 2014 839 2043 facta
855 2013 912 2042 suit
931 2012 1050 2042 mencio
1065 2013 1104 2042 de
1118 2013 1196 2042 sesto

283 2062 382 2092 sancti
416 2062 601 2092 Eadmundi.
636 2062 749 2092 lterum
780 2062 924 2092 omnibus
958 2061 1074 2102 placuit
1111 2063 1195 2101 quod

282 2111 371 2141 nacio
387 2111 501 2141 faceret
516 2112 626 2141 festum
636 2109 724 2152 juxta
737 2110 922 2141 laudabilem
939 2111 1193 2140 consuetudinem

281 2159 433 2190 nacionis.
450 2159 512 2190 Sed
533 2159 696 2189 difficultas
714 2159 770 2190 fuit
792 2159 824 2189 in
845 2159 1005 2199 peccuniis
1029 2159 1190 2189 habendis.

281 2209 377 2239 Nscio
396 2219 458 2238 non
483 2208 590 2238 habuit
614 2208 734 2248 aliquas
755 2208 816 2238 nisi
845 2209 924 2238 duos
949 2209 1086 2243 francos,
1113 2218 1192 2248 quos

281 2257 360 2287 dixit
380 2267 414 2287 se
438 2258 596 2298 recepisse
618 2257 768 2298 magister
790 2256 946 2287 Georius²
967 2258 1006 2286 ab
1030 2267 1092 2287 uno
1113 2257 1192 2286 inci-

278 2306 396 2347 piente,
415 2312 446 2336 et
460 2306 539 2336 istos
555 2307 643 2346 ipsos
665 2306 733 2346 ipse
753 2306 901 2336 offerebat
917 2306 954 2335 ad
975 2306 1190 2346 exponendum

279 2365 339 2396 pro
355 2355 439 2385 dicto
452 2355 541 2385 festo.
560 2354 600 2385 Et
613 2355 686 2395 quia
705 2355 757 2385 isti
772 2355 834 2385 duo
852 2354 948 2384 franci
967 2365 1028 2385 non
1048 2354 1191 2384 suffecis-

281 2410 351 2434 sent
365 2414 424 2445 pro
443 2404 538 2440 festo,
555 2404 624 2434 ideo
642 2404 743 2434 dictus
758 2404 907 2444 magister
920 2403 1077 2433 Johannes
1094 2403 1191 2433 Fore-

279 2453 368 2483 starii
382 2453 533 2494 supplens
547 2453 632 2483 vices
645 2452 818 2493 receptoris
835 2452 925 2487 dixit,
936 2453 1020 2492 quod
1037 2452 1098 2482 hiis
1115 2453 1190 2481 duo-

280 2502 339 2532 bus
361 2501 475 2532 francis
497 2501 590 2532 vellet
619 2502 830 2542 superaddere
855 2500 933 2531 alios
962 2507 1026 2531 tres
1050 2501 1188 2536 frankos,

279 2551 351 2581 dum
361 2557 462 2581 tamen
473 2551 540 2591 ipse
555 2550 719 2581 rehaberet
732 2551 771 2580 de
784 2550 895 2590 primis
907 2549 1067 2590 peccuniis
1081 2559 1189 2590 super-

278 2599 474 2630 venientibus
503 2599 637 2635 nacioni,
661 2606 691 2629 et
719 2600 802 2639 quod
833 2599 929 2629 eciam
958 2604 1095 2628 maneret
1120 2598 1188 2628 loco

279 2648 452 2688 receptoria
469 2658 631 2688 quousque
653 2647 713 2678 sibi
736 2654 821 2678 esset
841 2647 1041 2678 satisfactum.
1061 2647 1107 2678 De
1130 2647 1187 2677 hoc

278 2697 510 2737 regraciahatur
528 2697 588 2727 sihi
606 2697 695 2727 nacio
715 2703 745 2727 et
764 2696 879 2736 placuit
895 2696 977 2726 istud
991 2695 1188 2726 concorditer

283 2745 439 2776 omnibus.
457 2744 559 2786 Super
570 2746 602 2776 3·
615 2745 746 2776 articulo
761 2745 865 2775 nichil.

320 2793 413 2824 Facta
444 2794 692 2835 congregacione
725 2794 866 2824 nacionis
899 2794 1069 2835 Anglicane
1104 2794 1186 2834 apud

276 2842 442 2872 ecclesiam
462 2842 643 2874 Sanctorum
665 2843 778 2874 Cosme
800 2849 831 2873 et
848 2843 988 2873 Damiani
1010 2852 1091 2873 anno
1110 2843 1187 2873 1399

310 2951 334 2976 1.
368 2951 420 2985 Qm'
427 2955 533 2985 propter
541 2952 693 2985 spidenc’an
699 2953 812 2986 prosecta*
820 2956 903 2978 erant.

309 2987 335 3012 2.
367 2988 389 3012 1.
401 2996 425 3014 c.
440 2987 571 3020 Georgius
583 2987 616 3013 de
623 2988 696 3013 Ἀσία.

793 467 907 494 LIBER
927 466 1240 493 PROCURATORUM
1259 466 1439 493 NATIONIS
1457 466 1701 493 ANGLICANAE

1250 743 1267 769 5

1232 988 1266 1014 10

1233 1233 1266 1258 15

1232 1477 1266 1503 20

1233 1724 1266 1750 25

1229 2213 1263 2239 35

1227 2456 1261 2484 40

1225 2705 1258 2732 45

2159 469 2211 495 806

1305 543 1337 572 in
1357 543 1434 572 festo
1453 543 1680 582 Concepcionis
1695 549 1801 572 nostre
1821 543 1951 572 Domine
1970 550 2040 583 post
2062 555 2208 574 summam

1305 591 1430 621 missam
1457 592 1488 620 in
1518 591 1658 631 predicta
1683 592 1814 621 ecclesia
1837 602 1932 631 super
1957 594 2048 622 modo
2078 593 2209 623 habendi

1304 641 1483 680 peccuniam
1498 651 1556 681 pro
1568 641 1718 680 expositis
1732 641 1908 680 specialiter
1924 642 1955 670 in
1969 642 2109 677 ecclesia,
2124 643 2211 672 scili-

1305 696 1353 720 cet
1365 700 1422 729 pro
1438 690 1597 730 capellano
1610 690 1678 719 loco
1693 690 1801 725 curati,
1818 700 1876 729 pro
1891 690 2034 730 pedellis,
2052 701 2108 730 pro
2121 692 2211 721 offer—

1304 739 1394 768 toriis
1411 739 1477 769 sive
1489 739 1714 774 oblacionibus,
1730 739 1941 774 straminibus,
1960 740 2080 775 torciis‚
2097 741 2211 780 placuit

1304 788 1426 817 nacioni
1451 789 1534 827 quod
1564 788 1712 828 magister
1745 788 1902 817 ,lohannes
1938 788 2106 818 Forestarii
2142 789 2211 819 loco

1304 837 1476 877 receptoris
1490 838 1674 867 concederet
1688 837 1811 866 nacioni
1826 837 2016 876 peccuniam,
2029 848 2088 877 que
2106 849 2210 868 ascen-

1304 886 1391 916 deret
1407 896 1507 926 usque
1521 887 1560 915 ad
1581 887 1660 916 duos
1677 886 1726 915 vel
1746 891 1810 915 tres
1830 887 1967 922 srankos,
1990 893 2021 916 et
2042 889 2125 926 quod
2141 887 2209 927 ipse

1304 935 1516 965 conscriberet
1529 935 1670 975 exposita
1684 935 1737 964 illa
1750 941 1809 964 tam
1824 945 1882 975 pro
1900 935 2031 965 ecclesia
2048 947 2138 975 quam
2152 947 2209 976 pro

1303 984 1372 1014 aliis
1388 984 1475 1014 sactis
1490 984 1641 1020 nacionis,
1659 990 1689 1014 et
1701 985 1784 1024 quod
1802 984 1912 1014 iterum
1927 985 1965 1014 de
1980 985 2090 1024 primis
2102 996 2212 1025 peccu-

1303 1033 1364 1062 niis
1393 1033 1684 1073 supervenientibus
1716 1023 1837 1062 nacioni
1869 1033 1930 1062 sibi
1966 1034 2139 1064 satisfieret.
2173 1035 2212 1064 Et

1303 1083 1534 1122 regraciabatur
1549 1082 1637 1112 nacio
1653 1082 1713 1112 sibi
1728 1083 1766 1112 de
1779 1082 1838 1112 hoc
1850 1083 2019 1112 secundum
2027 1084 2111 1122 quod
2124 1090 2212 1113 tene-

1304 1132 1404 1166 batur,
1422 1132 1494 1171 quia
1512 1132 1647 1161 nondum
1663 1131 1781 1171 recepit
1797 1131 1925 1171 aliquid,
1945 1133 2000 1161 sed
2017 1133 2055 1162 de
2071 1133 2211 1172 propriis

1304 1181 1459 1221 exposuit.

1711 1273 1808 1304 1399

1305 1345 1376 1386 (Fal.
1417 1347 1453 1376 51
1470 1345 1494 1384 ¹³)
1534 1345 1624 1375 Acta
1664 1345 1699 1374 in
1735 1346 2000 1385 procuratoria
2037 1346 2210 1386 magistri

1371 1393 1555 1424 Gherardi
1581 1394 1712 1430 Brant,
1739 1394 1831 1424 alias
1858 1396 1900 1424 de
1927 1395 2142 1425 Davantria.

1345 1474 1508 1505 Celebrata
1531 1474 1778 1515 congregacione
1803 1474 1942 1504 nacionis
1962 1476 2042 1514 apud
2066 1475 2209 1505 Sanctum

1303 1523 1457 1554 <lulianum
1471 1533 1639 1564 pauperem
1657 1534 1737 1553 anno
1753 1523 1877 1553 Domini
1891 1524 1979 1559 1399,
1995 1524 2045 1553 die
2058 1525 2211 1555 sedecima

1304 1573 1421 1603 mensis
1433 1572 1627 1608 Decembris,
1637 1573 1715 1602 infra
1724 1573 1790 1602 8v¹¹¹¹
1801 1579 1831 1602 et
1846 1574 1913 1601 9mm
1923 1573 2016 1603 horas
2031 1580 2100 1603 ante
2116 1583 2211 1613 pran-

1304 1622 1388 1652 dium
1408 1631 1504 1661 super
1524 1622 1646 1651 duobus
1666 1621 1815 1651 articulis.
1836 1621 1960 1651 Primus
1980 1622 2126 1652 articulus
2146 1630 2212 1652 erat

1303 1672 1342 1700 ad
1355 1670 1530 1711 eligendum
1545 1681 1658 1700 novum
1671 1676 1904 1710 procuratorem
1917 1671 1966 1700 vel
1979 1671 2016 1700 ad
2031 1671 2209 1701 continuan-

1304 1721 1376 1750 dum
1392 1720 1560 1759 antiquum.
1573 1719 1734 1749 Secundus
1745 1719 1892 1749 articulus
1905 1726 1971 1749 erat
1981 1730 2076 1760 super
2087 1721 2209 1760 suppli-

1304 1768 1484 1799 cacionibus
1503 1775 1533 1798 et
1550 1767 1683 1809 injuriis.
1707 1768 1809 1808 Super
1827 1769 1927 1808 primo
1945 1768 2061 1798 electus
2082 1770 2138 1799 suit
2150 1780 2210 1799 una

1305 1827 1443 1847 consona
1463 1827 1538 1847 voce
1559 1817 1794 1857 magistrorum,
1820 1817 1941 1847 nemine
1968 1818 2207 1853 contradicente,

1305 1866 1484 1896 Gherardus
1503 1866 1610 1902 Erant,
1627 1866 1702 1895 alias
1720 1867 1757 1895 de
1780 1866 1956 1901 Davantria‚
1975 1867 2006 1895 in
2027 1873 2208 1906 procurato-

1304 1925 1369 1945 rem
1379 1915 1530 1945 nacionis.
1540 1915 1642 1955 Super
1651 1916 1683 1944 2ο
1695 1915 1789 1944 nichil
1803 1915 1857 1944 fuit
1867 1915 2054 1955 expeditum,
2065 1916 2135 1955 quia
2148 1922 2206 1946 etc.

1711 2022 1808 2051 1400

1343 2111 1436 2142 Facta
1448 2112 1694 2152 congregacione
1704 2111 1844 2141 nacionis
1860 2110 2042 2151 Anglicane,
2057 2111 2142 2142 vnl-
2157 2112 2207 2141 die

1302 2161 1418 2191 mensis
1435 2161 1584 2197 Januarii,
1596 2161 1677 2200 apud
1694 2160 1836 2190 Sanctum
1852 2160 2005 2190 sulianum
2019 2170 2114 2201 super
2128 2162 2208 2191 duo-

1301 2211 1360 2240 bus
1377 2209 1527 2240 articulis.
1553 2210 1677 2239 Primus
1698 2209 1846 2239 articulus
1868 2215 1933 2239 erat
1960 2219 2055 2249 super
2079 2210 2207 2239 ordina-

1300 2259 1389 2288 cione
1410 2265 1441 2288 et
1463 2258 1674 2298 disposicione
1696 2259 1805 2287 domus
1829 2258 1872 2287 ad
1893 2269 1983 2287 cornu
2004 2259 2083 2287 cervi
2105 2260 2204 2298 quoad

1300 2308 1361 2338 duo
1373 2313 1498 2347 puncta.
1515 2307 1651 2337 Primum
1672 2313 1828 2347 punctum,
1848 2307 1918 2346 quia
1936 2307 2075 2347 predicta
2095 2308 2205 2337 domus

1299 2356 1396 2386 locata
1407 2356 1492 2386 suita
1505 2356 1689 2396 quibusdam
1699 2355 1822 2385 Schotis
1834 2356 1931 2395 ipsam
1945 2355 2020 2385 alias
2034 2355 2204 2386 inhabitan—

1299 2405 1394 2440 tibus,
1417 2404 1470 2445 qui
1497 2414 1564 2434 cum
1590 2404 1784 2434 mortalitas⁸
1816 2404 1965 2444 Pax-ysius
1988 2414 2020 2433 se
2055 2404 2204 2444 inceperit

1298 2453 1484 2493 amplificare
1497 2453 1536 2483 ad
1553 2459 1760 2493 augmentum,
1779 2463 1838 2483 una
1855 2463 1922 2483 cuin
1939 2453 2079 2492 pluribus
2095 2453 2203 2483 timore

1298 2501 1364 2542 ejus
1385 2502 1517 2543 fugitivi,
1537 2512 1591 2532 sua
1614 2502 1744 2542 negocia
1765 2512 1832 2531 cum
1850 2502 1986 2531 clavibus
2005 2502 2113 2531 domus
2131 2512 2204 2541 pre-

1297 2551 1379 2581 dicte
1404 2561 1442 2581 ex
1462 2551 1566 2580 eadem
1590 2552 1708 2591 absque
1729 2551 1806 2580 scitu
1833 2557 1863 2580 et
1889 2560 2042 2580 consensu
2064 2551 2204 2581 nacionis

1296 2601 1508 2640 deportantes,
1526 2599 1624 2639 ipsam
1649 2599 1774 2640 penitus
1793 2610 1916 2630 vacuam
1942 2606 1972 2629 et
1993 2600 2203 2639 inoccupatam

1296 2648 1494 2684 dimiserunt,
1517 2654 1548 2678 et
1567 2649 1653 2688 quia,
1680 2649 1767 2678 sicud
1794 2658 1899 2678 eorum
1922 2658 2064 2677 recessus
2090 2648 2203 2678 noticie

1295 2697 1435 2727 nacionis
1449 2697 1504 2727 suit
1518 2697 1707 2737 incognitus,
1726 2697 1765 2726 ita
1783 2707 1838 2726 nec
1859 2707 1963 2726 eornm
1981 2697 2130 2726 adventus
2147 2697 2203 2727 fuit

1294 2752 1421 2776 actenus
1439 2746 1562 2775 nacioni
1587 2746 1798 2786 significatus:
1818 2751 2006 2785 quapropter
2025 2746 2063 2774 ad
2083 2745 2203 2775 delibe-

1295 2794 1449 2825 racionem
1483 2794 1699 2835 magistrorum
1730 2794 1890 2834 proposui,
1919 2794 1992 2834 quid
2022 2804 2116 2834 supra
2142 2794 2200 2824 hoc

1294 2843 1455 2884 expediret
1478 2844 1693 2878 ordinandum,
1719 2853 1756 2872 an
1779 2843 1898 2873 scilicet
1925 2843 2093 2883 expediens
2117 2850 2201 2873 esset

1326 2954 1349 2978 ³.
1385 2955 1419 2979 De
1431 2962 1483 2986 qua
1496 2952 1653 2978 mortalitate
1663 2961 1751 2985 supra,
1765 2961 1791 2985 p.
1805 2954 1858 2982 80³,
1870 2956 1923 2978 noe.
1936 2954 1959 2976 3.
