<?xml version="1.0" encoding="UTF-8"?>
<!DOCTYPE html PUBLIC "-//W3C//DTD XHTML 1.0 Transitional//EN"
    "http://www.w3.org/TR/xhtml1/DTD/xhtml1-transitional.dtd">
<html xmlns="http://www.w3.org/1999/xhtml" xml:lang="en" lang="en">
 <head>
  <title>
</title>
<meta http-equiv="Content-Type" content="text/html;charset=utf-8" />
  <meta name='ocr-system' content='tesseract 3.04.00' />
  <meta name='ocr-capabilities' content='ocr_page ocr_carea ocr_par ocr_line ocrx_word'/>
</head>
<body>
  <div class='ocr_page' id='page_1' title='image "auctariumchartul01univuoft_0046.png"; bbox 0 0 2632 3464; ppageno 0'>
   <div class='ocr_carea' id='block_1_1' title="bbox 268 769 378 795">
    <p class='ocr_par' dir='ltr' id='par_1_1' title="bbox 268 769 378 795">
     <span class='ocr_line' id='line_1_1' title="bbox 268 769 378 795; baseline 0.009 -1"><span class='ocrx_word' id='word_1_1' title='bbox 268 769 378 795; x_wconf 77' lang='lat' dir='ltr'>Patavii</span> 
     </span>
    </p>
   </div>
   <div class='ocr_carea' id='block_1_2' title="bbox 265 1393 375 1427">
    <p class='ocr_par' dir='ltr' id='par_1_2' title="bbox 265 1393 375 1427">
     <span class='ocr_line' id='line_1_2' title="bbox 265 1393 375 1427; baseline 0 -9"><span class='ocrx_word' id='word_1_2' title='bbox 265 1393 375 1427; x_wconf 82' lang='lat' dir='ltr'>Pragae</span> 
     </span>
    </p>
   </div>
   <div class='ocr_carea' id='block_1_3' title="bbox 400 395 1538 423">
    <p class='ocr_par' dir='ltr' id='par_1_3' title="bbox 400 395 1538 423">
     <span class='ocr_line' id='line_1_3' title="bbox 400 395 1538 423; baseline 0.003 -3"><span class='ocrx_word' id='word_1_3' title='bbox 400 403 433 420; x_wconf 78' lang='lat' dir='ltr'>n.</span> <span class='ocrx_word' id='word_1_4' title='bbox 1056 400 1059 406; x_wconf 69' lang='grc'><strong>“</strong></span> <span class='ocrx_word' id='word_1_5' title='bbox 1099 405 1106 415; x_wconf 77' lang='grc'>-’</span> <span class='ocrx_word' id='word_1_6' title='bbox 1148 416 1178 420; x_wconf 23' lang='lat' dir='ltr'><strong><em>f</em></strong></span> <span class='ocrx_word' id='word_1_7' title='bbox 1228 395 1506 423; x_wconf 63' lang='lat' dir='ltr'>anonucwo-</span> <span class='ocrx_word' id='word_1_8' title='bbox 1536 407 1538 410; x_wconf 63' lang='grc'>’</span> 
     </span>
    </p>
   </div>
   <div class='ocr_carea' id='block_1_4' title="bbox 445 470 1822 512">
    <p class='ocr_par' dir='ltr' id='par_1_4' title="bbox 445 470 1822 512">
     <span class='ocr_line' id='line_1_4' title="bbox 445 470 1822 512; baseline 0.001 -10"><span class='ocrx_word' id='word_1_9' title='bbox 445 470 614 502; x_wconf 82' lang='lat' dir='ltr'>Johannes</span> <span class='ocrx_word' id='word_1_10' title='bbox 634 470 676 503; x_wconf 91' lang='lat' dir='ltr'>de</span> <span class='ocrx_word' id='word_1_11' title='bbox 690 471 900 504; x_wconf 84' lang='lat' dir='ltr'>Rodenstein</span> <span class='ocrx_word' id='word_1_12' title='bbox 916 471 940 511; x_wconf 87' lang='lat'>¹,</span> <span class='ocrx_word' id='word_1_13' title='bbox 971 494 973 498; x_wconf 54' lang='lat'>.</span> <span class='ocrx_word' id='word_1_14' title='bbox 1412 472 1581 504; x_wconf 82' lang='lat' dir='ltr'>Johannes</span> <span class='ocrx_word' id='word_1_15' title='bbox 1602 471 1643 504; x_wconf 88' lang='lat' dir='ltr'>de</span> <span class='ocrx_word' id='word_1_16' title='bbox 1666 471 1822 512; x_wconf 84' lang='lat' dir='ltr'>Saxonia,</span> 
     </span>
    </p>
   </div>
   <div class='ocr_carea' id='block_1_5' title="bbox 445 528 1734 569">
    <p class='ocr_par' dir='ltr' id='par_1_5' title="bbox 445 528 1734 569">
     <span class='ocr_line' id='line_1_5' title="bbox 445 528 1734 569; baseline 0.002 -9"><span class='ocrx_word' id='word_1_17' title='bbox 445 529 614 561; x_wconf 73' lang='lat' dir='ltr'>johannes</span> <span class='ocrx_word' id='word_1_18' title='bbox 626 528 667 561; x_wconf 93' lang='lat' dir='ltr'>de</span> <span class='ocrx_word' id='word_1_19' title='bbox 681 530 877 562; x_wconf 89' lang='lat' dir='ltr'>Groesbeck</span> <span class='ocrx_word' id='word_1_20' title='bbox 891 529 916 569; x_wconf 70' lang='lat'>²,</span> <span class='ocrx_word' id='word_1_21' title='bbox 1410 530 1579 562; x_wconf 86' lang='lat' dir='ltr'>Johannes</span> <span class='ocrx_word' id='word_1_22' title='bbox 1598 530 1734 562; x_wconf 79' lang='lat' dir='ltr'><strong>Gruter.</strong></span> 
     </span>
    </p>
   </div>
   <div class='ocr_carea' id='block_1_6' title="bbox 445 586 775 626">
    <p class='ocr_par' dir='ltr' id='par_1_6' title="bbox 445 586 775 626">
     <span class='ocr_line' id='line_1_6' title="bbox 445 586 775 626; baseline 0.003 -8"><span class='ocrx_word' id='word_1_23' title='bbox 445 586 614 619; x_wconf 84' lang='lat' dir='ltr'>Johannes</span> <span class='ocrx_word' id='word_1_24' title='bbox 630 587 737 619; x_wconf 89' lang='lat' dir='ltr'>Ruter</span> <span class='ocrx_word' id='word_1_25' title='bbox 750 587 775 626; x_wconf 88' lang='lat'>³,</span> 
     </span>
    </p>
   </div>
   <div class='ocr_carea' id='block_1_7' title="bbox 449 668 2177 735">
    <p class='ocr_par' dir='ltr' id='par_1_7' title="bbox 449 668 2177 735">
     <span class='ocr_line' id='line_1_7' title="bbox 449 668 2177 735; baseline 0.001 -14"><span class='ocrx_word' id='word_1_26' title='bbox 449 687 548 722; x_wconf 86' lang='lat' dir='ltr'>Raro</span> <span class='ocrx_word' id='word_1_27' title='bbox 571 687 765 722; x_wconf 85' lang='lat' dir='ltr'>Bononiae</span> <span class='ocrx_word' id='word_1_28' title='bbox 785 685 999 722; x_wconf 84' lang='lat' dir='ltr'>medicinae</span> <span class='ocrx_word' id='word_1_29' title='bbox 1020 668 1266 729; x_wconf 79' lang='lat' dir='ltr'>studuerunt3</span> <span class='ocrx_word' id='word_1_30' title='bbox 1287 685 1446 722; x_wconf 85' lang='lat' dir='ltr'>affertur</span> <span class='ocrx_word' id='word_1_31' title='bbox 1464 684 1631 722; x_wconf 89' lang='lat' dir='ltr'>Jacobus</span> <span class='ocrx_word' id='word_1_32' title='bbox 1648 686 1800 722; x_wconf 88' lang='lat' dir='ltr'>Martini</span> <span class='ocrx_word' id='word_1_33' title='bbox 1820 684 1869 721; x_wconf 94' lang='lat' dir='ltr'>de</span> <span class='ocrx_word' id='word_1_34' title='bbox 1894 684 2135 735; x_wconf 87' lang='lat' dir='ltr'>Middelberg</span> <span class='ocrx_word' id='word_1_35' title='bbox 2150 688 2177 722; x_wconf 88' lang='lat'>⁴.</span> 
     </span>
    </p>
   </div>
   <div class='ocr_carea' id='block_1_8' title="bbox 396 761 2328 1019">
    <p class='ocr_par' dir='ltr' id='par_1_8' title="bbox 396 761 2328 1019">
     <span class='ocr_line' id='line_1_8' title="bbox 448 761 2327 812; baseline 0.002 -15"><span class='ocrx_word' id='word_1_36' title='bbox 448 762 648 798; x_wconf 78' lang='lat' dir='ltr'>Patavium</span> <span class='ocrx_word' id='word_1_37' title='bbox 662 761 734 798; x_wconf 90' lang='lat' dir='ltr'>hac</span> <span class='ocrx_word' id='word_1_38' title='bbox 754 769 986 812; x_wconf 85' lang='lat' dir='ltr'>tempestate</span> <span class='ocrx_word' id='word_1_39' title='bbox 1001 762 1169 797; x_wconf 91' lang='lat' dir='ltr'>nondum</span> <span class='ocrx_word' id='word_1_40' title='bbox 1191 769 1251 798; x_wconf 88' lang='lat' dir='ltr'>tot</span> <span class='ocrx_word' id='word_1_41' title='bbox 1265 761 1468 798; x_wconf 88' lang='lat' dir='ltr'>Alemanni</span> <span class='ocrx_word' id='word_1_42' title='bbox 1491 768 1739 798; x_wconf 85' lang='lat' dir='ltr'>accesserunt</span> <span class='ocrx_word' id='word_1_43' title='bbox 1753 769 1848 811; x_wconf 92' lang='lat' dir='ltr'>quot</span> <span class='ocrx_word' id='word_1_44' title='bbox 1863 774 1965 798; x_wconf 89' lang='lat' dir='ltr'>saec.</span> <span class='ocrx_word' id='word_1_45' title='bbox 1987 763 2164 812; x_wconf 85' lang='lat' dir='ltr'>sequenti</span> <span class='ocrx_word' id='word_1_46' title='bbox 2180 763 2204 798; x_wconf 80' lang='lat'>⁵.</span> <span class='ocrx_word' id='word_1_47' title='bbox 2226 763 2327 800; x_wconf 87' lang='lat' dir='ltr'>Nihi-</span> 
     </span>
     <span class='ocr_line' id='line_1_9' title="bbox 399 829 2327 880; baseline 0.002 -14"><span class='ocrx_word' id='word_1_48' title='bbox 399 830 566 867; x_wconf 87' lang='lat' dir='ltr'>lominus</span> <span class='ocrx_word' id='word_1_49' title='bbox 582 844 683 867; x_wconf 89' lang='lat' dir='ltr'>nunc</span> <span class='ocrx_word' id='word_1_50' title='bbox 698 832 814 868; x_wconf 88' lang='lat' dir='ltr'>etiam</span> <span class='ocrx_word' id='word_1_51' title='bbox 828 830 984 880; x_wconf 91' lang='lat' dir='ltr'>quidam</span> <span class='ocrx_word' id='word_1_52' title='bbox 1000 832 1168 866; x_wconf 89' lang='lat' dir='ltr'>nationis</span> <span class='ocrx_word' id='word_1_53' title='bbox 1182 830 1419 879; x_wconf 86' lang='lat' dir='ltr'>Anglicanae</span> <span class='ocrx_word' id='word_1_54' title='bbox 1429 831 1512 880; x_wconf 84' lang='lat' dir='ltr'>jura</span> <span class='ocrx_word' id='word_1_55' title='bbox 1532 829 1769 867; x_wconf 86' lang='lat' dir='ltr'>audiverunt.</span> <span class='ocrx_word' id='word_1_56' title='bbox 1793 831 1899 867; x_wconf 88' lang='lat' dir='ltr'>Sicut</span> <span class='ocrx_word' id='word_1_57' title='bbox 1913 832 2122 875; x_wconf 84' lang='lat' dir='ltr'>Bononiae,</span> <span class='ocrx_word' id='word_1_58' title='bbox 2145 833 2198 868; x_wconf 89' lang='lat' dir='ltr'>ita</span> <span class='ocrx_word' id='word_1_59' title='bbox 2211 833 2327 869; x_wconf 85' lang='lat' dir='ltr'>etiam</span> 
     </span>
     <span class='ocr_line' id='line_1_10' title="bbox 397 899 2328 950; baseline 0.002 -14"><span class='ocrx_word' id='word_1_60' title='bbox 397 900 548 937; x_wconf 87' lang='lat' dir='ltr'>Paduae</span> <span class='ocrx_word' id='word_1_61' title='bbox 577 908 762 950; x_wconf 89' lang='lat' dir='ltr'>quantum</span> <span class='ocrx_word' id='word_1_62' title='bbox 790 899 838 936; x_wconf 92' lang='lat' dir='ltr'>ad</span> <span class='ocrx_word' id='word_1_63' title='bbox 867 913 911 937; x_wconf 94' lang='lat' dir='ltr'>ea</span> <span class='ocrx_word' id='word_1_64' title='bbox 942 912 1039 949; x_wconf 89' lang='lat' dir='ltr'>quae</span> <span class='ocrx_word' id='word_1_65' title='bbox 1058 900 1106 935; x_wconf 86' lang='lat' dir='ltr'>ad</span> <span class='ocrx_word' id='word_1_66' title='bbox 1130 901 1324 936; x_wconf 86' lang='lat' dir='ltr'>nationem</span> <span class='ocrx_word' id='word_1_67' title='bbox 1348 899 1600 948; x_wconf 86' lang='lat' dir='ltr'>Anglicanam</span> <span class='ocrx_word' id='word_1_68' title='bbox 1626 900 1744 936; x_wconf 87' lang='lat' dir='ltr'>Paris.</span> <span class='ocrx_word' id='word_1_69' title='bbox 1773 900 1978 949; x_wconf 86' lang='lat' dir='ltr'>pertinent,</span> <span class='ocrx_word' id='word_1_70' title='bbox 2004 900 2249 938; x_wconf 89' lang='lat' dir='ltr'>solummodo</span> <span class='ocrx_word' id='word_1_71' title='bbox 2278 901 2328 939; x_wconf 89' lang='lat' dir='ltr'>de</span> 
     </span>
     <span class='ocr_line' id='line_1_11' title="bbox 396 968 2327 1019; baseline 0.002 -13"><span class='ocrx_word' id='word_1_72' title='bbox 396 970 619 1007; x_wconf 87' lang='lat' dir='ltr'>Alemannis</span> <span class='ocrx_word' id='word_1_73' title='bbox 646 977 751 1006; x_wconf 89' lang='lat' dir='ltr'>certa</span> <span class='ocrx_word' id='word_1_74' title='bbox 785 969 973 1019; x_wconf 86' lang='lat' dir='ltr'>quaedam</span> <span class='ocrx_word' id='word_1_75' title='bbox 995 969 1195 1006; x_wconf 85' lang='lat' dir='ltr'>habentur.</span> <span class='ocrx_word' id='word_1_76' title='bbox 1223 968 1279 1006; x_wconf 92' lang='lat' dir='ltr'>De</span> <span class='ocrx_word' id='word_1_77' title='bbox 1304 970 1429 1005; x_wconf 88' lang='lat' dir='ltr'>Scotis</span> <span class='ocrx_word' id='word_1_78' title='bbox 1452 969 1515 1005; x_wconf 87' lang='lat' dir='ltr'>vix</span> <span class='ocrx_word' id='word_1_79' title='bbox 1542 968 1686 1018; x_wconf 88' lang='lat' dir='ltr'>aliquid</span> <span class='ocrx_word' id='word_1_80' title='bbox 1709 976 1798 1005; x_wconf 85' lang='lat' dir='ltr'>ante</span> <span class='ocrx_word' id='word_1_81' title='bbox 1821 981 1922 1006; x_wconf 87' lang='lat' dir='ltr'>saec.</span> <span class='ocrx_word' id='word_1_82' title='bbox 1949 983 2009 1005; x_wconf 78' lang='lat' dir='ltr'>xvi</span> <span class='ocrx_word' id='word_1_83' title='bbox 2035 971 2179 1007; x_wconf 88' lang='lat' dir='ltr'>scimus</span> <span class='ocrx_word' id='word_1_84' title='bbox 2195 971 2221 1007; x_wconf 76' lang='lat'>⁶.</span> <span class='ocrx_word' id='word_1_85' title='bbox 2253 973 2327 1009; x_wconf 82' lang='lat' dir='ltr'>Pro</span> 
     </span>
    </p>
   </div>
   <div class='ocr_carea' id='block_1_9' title="bbox 2443 38 2532 60">
    <p class='ocr_par' dir='ltr' id='par_1_9' title="bbox 2443 38 2532 60">
     <span class='ocr_line' id='line_1_12' title="bbox 2443 38 2532 60; baseline 0 3404"><span class='ocrx_word' id='word_1_86' title='bbox 2443 38 2532 60; x_wconf 95' lang='lat' dir='ltr'> </span> 
     </span>
    </p>
   </div>
   <div class='ocr_carea' id='block_1_10' title="bbox 395 1038 1894 1087">
    <p class='ocr_par' dir='ltr' id='par_1_10' title="bbox 395 1038 1894 1087">
     <span class='ocr_line' id='line_1_13' title="bbox 395 1038 1894 1087; baseline -0.001 -12"><span class='ocrx_word' id='word_1_87' title='bbox 395 1039 619 1076; x_wconf 89' lang='lat' dir='ltr'>Alemannis</span> <span class='ocrx_word' id='word_1_88' title='bbox 639 1039 755 1075; x_wconf 87' lang='lat' dir='ltr'>etiam</span> <span class='ocrx_word' id='word_1_89' title='bbox 776 1040 934 1075; x_wconf 90' lang='lat' dir='ltr'>minime</span> <span class='ocrx_word' id='word_1_90' title='bbox 955 1046 997 1075; x_wconf 88' lang='lat' dir='ltr'>ut</span> <span class='ocrx_word' id='word_1_91' title='bbox 1018 1039 1213 1075; x_wconf 85' lang='lat' dir='ltr'>Bononiae</span> <span class='ocrx_word' id='word_1_92' title='bbox 1234 1038 1458 1075; x_wconf 86' lang='lat' dir='ltr'>matriculae</span> <span class='ocrx_word' id='word_1_93' title='bbox 1479 1051 1580 1075; x_wconf 89' lang='lat' dir='ltr'>saec.</span> <span class='ocrx_word' id='word_1_94' title='bbox 1600 1051 1662 1074; x_wconf 79' lang='lat' dir='ltr'>xiv</span> <span class='ocrx_word' id='word_1_95' title='bbox 1676 1045 1894 1087; x_wconf 86' lang='lat' dir='ltr'>supersunt.</span> 
     </span>
    </p>
   </div>
   <div class='ocr_carea' id='block_1_11' title="bbox 440 1155 855 1310">
    <p class='ocr_par' dir='ltr' id='par_1_11' title="bbox 440 1155 855 1310">
     <span class='ocr_line' id='line_1_14' title="bbox 440 1155 855 1194; baseline -0.005 -6"><span class='ocrx_word' id='word_1_96' title='bbox 440 1156 609 1188; x_wconf 89' lang='lat' dir='ltr'>Johannes</span> <span class='ocrx_word' id='word_1_97' title='bbox 629 1155 816 1188; x_wconf 82' lang='lat' dir='ltr'>Kalchofen</span> <span class='ocrx_word' id='word_1_98' title='bbox 830 1155 855 1194; x_wconf 85' lang='lat'>7,</span> 
     </span>
     <span class='ocr_line' id='line_1_15' title="bbox 442 1213 849 1252; baseline -0.005 -6"><span class='ocrx_word' id='word_1_99' title='bbox 442 1214 574 1246; x_wconf 91' lang='lat' dir='ltr'>Sdenco</span> <span class='ocrx_word' id='word_1_100' title='bbox 593 1213 635 1245; x_wconf 92' lang='lat' dir='ltr'>de</span> <span class='ocrx_word' id='word_1_101' title='bbox 648 1213 810 1246; x_wconf 90' lang='lat' dir='ltr'>Bohemia</span> <span class='ocrx_word' id='word_1_102' title='bbox 824 1213 849 1252; x_wconf 81' lang='lat'>⁸,</span> 
     </span>
     <span class='ocr_line' id='line_1_16' title="bbox 440 1271 845 1310; baseline -0.002 -6"><span class='ocrx_word' id='word_1_103' title='bbox 440 1272 611 1305; x_wconf 86' lang='lat' dir='ltr'>Gerardus</span> <span class='ocrx_word' id='word_1_104' title='bbox 625 1272 804 1304; x_wconf 90' lang='lat' dir='ltr'>Swechten</span> <span class='ocrx_word' id='word_1_105' title='bbox 821 1271 845 1310; x_wconf 77' lang='grc'>9,</span> 
     </span>
    </p>
   </div>
   <div class='ocr_carea' id='block_1_12' title="bbox 1407 1153 1884 1198">
    <p class='ocr_par' dir='ltr' id='par_1_12' title="bbox 1407 1153 1884 1198">
     <span class='ocr_line' id='line_1_17' title="bbox 1407 1153 1884 1198; baseline 0.002 -12"><span class='ocrx_word' id='word_1_106' title='bbox 1407 1154 1572 1187; x_wconf 87' lang='lat' dir='ltr'>Henricus</span> <span class='ocrx_word' id='word_1_107' title='bbox 1589 1153 1631 1189; x_wconf 85' lang='lat' dir='ltr'>de</span> <span class='ocrx_word' id='word_1_108' title='bbox 1647 1153 1832 1198; x_wconf 83' lang='lat' dir='ltr'>Odendorp</span> <span class='ocrx_word' id='word_1_109' title='bbox 1847 1153 1884 1193; x_wconf 89' lang='lat'>¹⁰,</span> 
     </span>
    </p>
   </div>
   <div class='ocr_carea' id='block_1_13' title="bbox 1407 1211 1891 1304">
    <p class='ocr_par' dir='ltr' id='par_1_13' title="bbox 1407 1211 1891 1304">
     <span class='ocr_line' id='line_1_18' title="bbox 1407 1211 1891 1257; baseline 0 -13"><span class='ocrx_word' id='word_1_110' title='bbox 1407 1212 1613 1245; x_wconf 86' lang='lat' dir='ltr'>Benedictus</span> <span class='ocrx_word' id='word_1_111' title='bbox 1628 1211 1671 1244; x_wconf 90' lang='lat' dir='ltr'>de</span> <span class='ocrx_word' id='word_1_112' title='bbox 1690 1211 1838 1257; x_wconf 81' lang='lat' dir='ltr'>Ungaria</span> <span class='ocrx_word' id='word_1_113' title='bbox 1853 1212 1891 1251; x_wconf 88' lang='lat'>¹¹,</span> 
     </span>
     <span class='ocr_line' id='line_1_19' title="bbox 1408 1269 1646 1304; baseline 0.004 -1"><span class='ocrx_word' id='word_1_114' title='bbox 1408 1271 1470 1303; x_wconf 91' lang='lat' dir='ltr'>Job</span> <span class='ocrx_word' id='word_1_115' title='bbox 1485 1271 1597 1304; x_wconf 86' lang='lat' dir='ltr'>Vener</span> <span class='ocrx_word' id='word_1_116' title='bbox 1610 1269 1646 1304; x_wconf 71' lang='lat'>¹².</span> 
     </span>
    </p>
   </div>
   <div class='ocr_carea' id='block_1_14' title="bbox 445 1369 2327 1434">
    <p class='ocr_par' dir='ltr' id='par_1_14' title="bbox 445 1369 2327 1434">
     <span class='ocr_line' id='line_1_20' title="bbox 445 1369 2327 1434; baseline 0.003 -15"><span class='ocrx_word' id='word_1_117' title='bbox 445 1383 606 1432; x_wconf 87' lang='lat' dir='ltr'>Quidam</span> <span class='ocrx_word' id='word_1_118' title='bbox 620 1384 787 1420; x_wconf 87' lang='lat' dir='ltr'>nationis</span> <span class='ocrx_word' id='word_1_119' title='bbox 807 1382 1043 1433; x_wconf 84' lang='lat' dir='ltr'>Anglicanae</span> <span class='ocrx_word' id='word_1_120' title='bbox 1066 1383 1233 1434; x_wconf 80' lang='lat' dir='ltr'>Pragam</span> <span class='ocrx_word' id='word_1_121' title='bbox 1252 1381 1416 1433; x_wconf 88' lang='lat' dir='ltr'>profecti</span> <span class='ocrx_word' id='word_1_122' title='bbox 1438 1369 1540 1426; x_wconf 65' lang='lat' dir='ltr'>sunt,</span> <span class='ocrx_word' id='word_1_123' title='bbox 1565 1390 1607 1419; x_wconf 90' lang='lat' dir='ltr'>ut</span> <span class='ocrx_word' id='word_1_124' title='bbox 1623 1383 1699 1431; x_wconf 88' lang='lat' dir='ltr'>juri</span> <span class='ocrx_word' id='word_1_125' title='bbox 1715 1382 1928 1420; x_wconf 87' lang='lat' dir='ltr'>studerent.</span> <span class='ocrx_word' id='word_1_126' title='bbox 1954 1383 2170 1422; x_wconf 90' lang='lat' dir='ltr'>Dolendum</span> <span class='ocrx_word' id='word_1_127' title='bbox 2193 1387 2327 1424; x_wconf 82' lang='lat' dir='ltr'>matri-</span> 
     </span>
    </p>
   </div>
   <div class='ocr_carea' id='block_1_15' title="bbox 394 1451 2238 1504">
    <p class='ocr_par' dir='ltr' id='par_1_15' title="bbox 394 1451 2238 1504">
     <span class='ocr_line' id='line_1_21' title="bbox 394 1451 2238 1504; baseline 0.001 -14"><span class='ocrx_word' id='word_1_128' title='bbox 394 1453 519 1490; x_wconf 85' lang='lat' dir='ltr'>culam</span> <span class='ocrx_word' id='word_1_129' title='bbox 531 1454 754 1503; x_wconf 87' lang='lat' dir='ltr'>juristarum</span> <span class='ocrx_word' id='word_1_130' title='bbox 775 1452 823 1489; x_wconf 88' lang='lat' dir='ltr'>ab</span> <span class='ocrx_word' id='word_1_131' title='bbox 841 1466 901 1489; x_wconf 90' lang='lat' dir='ltr'>an.</span> <span class='ocrx_word' id='word_1_132' title='bbox 923 1453 1017 1489; x_wconf 77' lang='lat'>1372</span> <span class='ocrx_word' id='word_1_133' title='bbox 1033 1460 1183 1490; x_wconf 87' lang='lat' dir='ltr'>tantum</span> <span class='ocrx_word' id='word_1_134' title='bbox 1203 1464 1421 1502; x_wconf 88' lang='lat' dir='ltr'>superesse.</span> <span class='ocrx_word' id='word_1_135' title='bbox 1443 1451 1636 1488; x_wconf 86' lang='lat' dir='ltr'>Nonnulla</span> <span class='ocrx_word' id='word_1_136' title='bbox 1655 1453 1814 1489; x_wconf 90' lang='lat' dir='ltr'>nomina</span> <span class='ocrx_word' id='word_1_137' title='bbox 1834 1460 1968 1490; x_wconf 88' lang='lat' dir='ltr'>notare</span> <span class='ocrx_word' id='word_1_138' title='bbox 1993 1467 2214 1504; x_wconf 90' lang='lat' dir='ltr'>possumus.</span> <span class='ocrx_word' id='word_1_139' title='bbox 2236 1461 2238 1463; x_wconf 74' lang='grc'><strong><em>’</em></strong></span> 
     </span>
    </p>
   </div>
   <div class='ocr_carea' id='block_1_16' title="bbox 436 1556 855 1602">
    <p class='ocr_par' dir='ltr' id='par_1_16' title="bbox 436 1556 855 1602">
     <span class='ocr_line' id='line_1_22' title="bbox 436 1556 855 1602; baseline -0.002 -13"><span class='ocrx_word' id='word_1_140' title='bbox 436 1556 631 1590; x_wconf 84' lang='lat' dir='ltr'>Fridericus</span> <span class='ocrx_word' id='word_1_141' title='bbox 649 1556 806 1602; x_wconf 86' lang='lat' dir='ltr'>Junghen</span> <span class='ocrx_word' id='word_1_142' title='bbox 818 1556 855 1595; x_wconf 81' lang='lat'>¹³,</span> 
     </span>
    </p>
   </div>
   <div class='ocr_carea' id='block_1_17' title="bbox 387 1696 1303 2966">
    <p class='ocr_par' dir='ltr' id='par_1_17' title="bbox 433 1696 732 1735">
     <span class='ocr_line' id='line_1_23' title="bbox 433 1696 732 1735; baseline -0.007 -9"><span class='ocrx_word' id='word_1_143' title='bbox 433 1698 461 1726; x_wconf 92' lang='lat'>1.</span> <span class='ocrx_word' id='word_1_144' title='bbox 506 1696 642 1735; x_wconf 77' lang='lat' dir='ltr'>lbid.‚p.</span> <span class='ocrx_word' id='word_1_145' title='bbox 663 1696 732 1725; x_wconf 88' lang='lat'><strong>161.</strong></span> 
     </span>
    </p>

    <p class='ocr_par' dir='ltr' id='par_1_18' title="bbox 430 1744 963 1784">
     <span class='ocr_line' id='line_1_24' title="bbox 430 1744 963 1784; baseline -0.004 -9"><span class='ocrx_word' id='word_1_146' title='bbox 430 1747 460 1775; x_wconf 87' lang='lat'>2.</span> <span class='ocrx_word' id='word_1_147' title='bbox 504 1746 596 1780; x_wconf 60' lang='lat' dir='ltr'><em>thid„</em></span> <span class='ocrx_word' id='word_1_148' title='bbox 616 1755 647 1784; x_wconf 89' lang='lat' dir='ltr'>p.</span> <span class='ocrx_word' id='word_1_149' title='bbox 664 1745 733 1782; x_wconf 86' lang='lat'><strong>165,</strong></span> <span class='ocrx_word' id='word_1_150' title='bbox 750 1745 790 1774; x_wconf 89' lang='lat' dir='ltr'>ad</span> <span class='ocrx_word' id='word_1_151' title='bbox 804 1754 854 1774; x_wconf 88' lang='lat' dir='ltr'>an.</span> <span class='ocrx_word' id='word_1_152' title='bbox 873 1744 963 1774; x_wconf 93' lang='lat'><strong>1412.</strong></span> 
     </span>
    </p>

    <p class='ocr_par' dir='ltr' id='par_1_19' title="bbox 390 1793 1303 1973">
     <span class='ocr_line' id='line_1_25' title="bbox 430 1793 1302 1833; baseline -0.003 -8"><span class='ocrx_word' id='word_1_153' title='bbox 430 1796 460 1825; x_wconf 93' lang='grc'>3.</span> <span class='ocrx_word' id='word_1_154' title='bbox 504 1795 582 1824; x_wconf 89' lang='lat' dir='ltr'>Tres</span> <span class='ocrx_word' id='word_1_155' title='bbox 594 1800 761 1833; x_wconf 88' lang='lat' dir='ltr'>sequentes</span> <span class='ocrx_word' id='word_1_156' title='bbox 770 1793 857 1823; x_wconf 86' lang='lat' dir='ltr'>dubii</span> <span class='ocrx_word' id='word_1_157' title='bbox 872 1799 955 1823; x_wconf 84' lang='lat' dir='ltr'>sunt.</span> <span class='ocrx_word' id='word_1_158' title='bbox 969 1793 1015 1823; x_wconf 90' lang='lat' dir='ltr'>De</span> <span class='ocrx_word' id='word_1_159' title='bbox 1033 1794 1134 1833; x_wconf 88' lang='lat' dir='ltr'>primo</span> <span class='ocrx_word' id='word_1_160' title='bbox 1152 1793 1302 1833; x_wconf 85' lang='lat' dir='ltr'>(Reuter),</span> 
     </span>
     <span class='ocr_line' id='line_1_26' title="bbox 390 1843 1302 1883; baseline -0.003 -8"><span class='ocrx_word' id='word_1_161' title='bbox 390 1846 452 1875; x_wconf 84' lang='lat' dir='ltr'>vid.</span> <span class='ocrx_word' id='word_1_162' title='bbox 470 1845 560 1881; x_wconf 67' lang='lat' dir='ltr'>ibid„</span> <span class='ocrx_word' id='word_1_163' title='bbox 580 1854 611 1883; x_wconf 90' lang='lat' dir='ltr'>p.</span> <span class='ocrx_word' id='word_1_164' title='bbox 633 1844 701 1881; x_wconf 89' lang='lat'><strong>137,</strong></span> <span class='ocrx_word' id='word_1_165' title='bbox 716 1844 753 1872; x_wconf 82' lang='lat' dir='ltr'>ad</span> <span class='ocrx_word' id='word_1_166' title='bbox 769 1853 818 1873; x_wconf 89' lang='lat' dir='ltr'>an.</span> <span class='ocrx_word' id='word_1_167' title='bbox 842 1843 932 1872; x_wconf 88' lang='lat'><strong>1376.</strong></span> <span class='ocrx_word' id='word_1_168' title='bbox 952 1843 998 1872; x_wconf 91' lang='lat' dir='ltr'>De</span> <span class='ocrx_word' id='word_1_169' title='bbox 1015 1844 1164 1880; x_wconf 89' lang='lat' dir='ltr'>secundo,</span> <span class='ocrx_word' id='word_1_170' title='bbox 1181 1853 1213 1883; x_wconf 88' lang='lat' dir='ltr'>p.</span> <span class='ocrx_word' id='word_1_171' title='bbox 1233 1843 1302 1880; x_wconf 88' lang='lat'><strong>153,</strong></span> 
     </span>
     <span class='ocr_line' id='line_1_27' title="bbox 390 1892 1303 1933; baseline -0.002 -9"><span class='ocrx_word' id='word_1_172' title='bbox 390 1895 428 1924; x_wconf 89' lang='lat' dir='ltr'>de</span> <span class='ocrx_word' id='word_1_173' title='bbox 445 1894 548 1931; x_wconf 83' lang='lat' dir='ltr'>tertio,</span> <span class='ocrx_word' id='word_1_174' title='bbox 563 1904 595 1933; x_wconf 90' lang='lat' dir='ltr'>p.</span> <span class='ocrx_word' id='word_1_175' title='bbox 614 1893 682 1923; x_wconf 85' lang='lat'><strong>158.</strong></span> <span class='ocrx_word' id='word_1_176' title='bbox 701 1893 785 1922; x_wconf 87' lang='lat' dir='ltr'>Idem</span> <span class='ocrx_word' id='word_1_177' title='bbox 801 1893 839 1922; x_wconf 85' lang='lat' dir='ltr'>de</span> <span class='ocrx_word' id='word_1_178' title='bbox 854 1892 994 1922; x_wconf 87' lang='lat' dir='ltr'>Johanne</span> <span class='ocrx_word' id='word_1_179' title='bbox 1010 1893 1047 1922; x_wconf 89' lang='lat' dir='ltr'>de</span> <span class='ocrx_word' id='word_1_180' title='bbox 1064 1892 1161 1922; x_wconf 88' lang='lat' dir='ltr'>Erkel</span> <span class='ocrx_word' id='word_1_181' title='bbox 1176 1893 1218 1932; x_wconf 91' lang='lat' dir='ltr'>(p.</span> <span class='ocrx_word' id='word_1_182' title='bbox 1236 1892 1303 1931; x_wconf 88' lang='lat'>101)</span> 
     </span>
     <span class='ocr_line' id='line_1_28' title="bbox 391 1944 566 1973; baseline -0.006 0"><span class='ocrx_word' id='word_1_183' title='bbox 391 1944 566 1973; x_wconf 89' lang='lat' dir='ltr'>dicendum.</span> 
     </span>
    </p>

    <p class='ocr_par' dir='ltr' id='par_1_20' title="bbox 431 1990 1206 2030">
     <span class='ocr_line' id='line_1_29' title="bbox 431 1990 1206 2030; baseline -0.003 -7"><span class='ocrx_word' id='word_1_184' title='bbox 431 1994 460 2023; x_wconf 89' lang='lat'>4.</span> <span class='ocrx_word' id='word_1_185' title='bbox 504 1992 563 2021; x_wconf 83' lang='lat' dir='ltr'>vid</span> <span class='ocrx_word' id='word_1_186' title='bbox 593 1992 752 2027; x_wconf 61' lang='lat' dir='ltr'>Kaussmv,</span> <span class='ocrx_word' id='word_1_187' title='bbox 770 1992 923 2027; x_wconf 73' lang='lat' dir='ltr'>Matrilrel,</span> <span class='ocrx_word' id='word_1_188' title='bbox 939 1990 964 2026; x_wconf 92' lang='lat'>1,</span> <span class='ocrx_word' id='word_1_189' title='bbox 979 2001 1011 2030; x_wconf 90' lang='lat' dir='ltr'>p.</span> <span class='ocrx_word' id='word_1_190' title='bbox 1025 1991 1056 2028; x_wconf 92' lang='lat'>8,</span> <span class='ocrx_word' id='word_1_191' title='bbox 1075 1997 1140 2020; x_wconf 91' lang='lat' dir='ltr'>not.</span> <span class='ocrx_word' id='word_1_192' title='bbox 1159 1991 1206 2021; x_wconf 91' lang='lat'>18.</span> 
     </span>
    </p>

    <p class='ocr_par' dir='ltr' id='par_1_21' title="bbox 387 2039 1303 2907">
     <span class='ocr_line' id='line_1_30' title="bbox 430 2039 1302 2080; baseline -0.002 -9"><span class='ocrx_word' id='word_1_193' title='bbox 430 2044 459 2072; x_wconf 89' lang='lat'><strong>5.</strong></span> <span class='ocrx_word' id='word_1_194' title='bbox 503 2041 573 2071; x_wconf 92' lang='lat' dir='ltr'>Vid.</span> <span class='ocrx_word' id='word_1_195' title='bbox 594 2041 750 2077; x_wconf 71' lang='lat' dir='ltr'>Luscum,</span> <span class='ocrx_word' id='word_1_196' title='bbox 770 2042 846 2070; x_wconf 82' lang='lat' dir='ltr'>Vorl.</span> <span class='ocrx_word' id='word_1_197' title='bbox 861 2041 1014 2075; x_wconf 63' lang='lat' dir='ltr'>Miulzeit„</span> <span class='ocrx_word' id='word_1_198' title='bbox 1034 2051 1063 2079; x_wconf 91' lang='lat' dir='ltr'>p.</span> <span class='ocrx_word' id='word_1_199' title='bbox 1081 2041 1119 2070; x_wconf 87' lang='lat'>35</span> <span class='ocrx_word' id='word_1_200' title='bbox 1136 2050 1199 2080; x_wconf 85' lang='lat' dir='ltr'>sq.,</span> <span class='ocrx_word' id='word_1_201' title='bbox 1215 2039 1302 2080; x_wconf 92' lang='lat' dir='ltr'>cujus</span> 
     </span>
     <span class='ocr_line' id='line_1_31' title="bbox 390 2088 1303 2130; baseline -0.003 -9"><span class='ocrx_word' id='word_1_202' title='bbox 390 2098 492 2121; x_wconf 90' lang='lat' dir='ltr'>tamen</span> <span class='ocrx_word' id='word_1_203' title='bbox 509 2089 686 2130; x_wconf 81' lang='lat' dir='ltr'>conjectura</span> <span class='ocrx_word' id='word_1_204' title='bbox 702 2101 733 2129; x_wconf 90' lang='lat' dir='ltr'>p.</span> <span class='ocrx_word' id='word_1_205' title='bbox 750 2090 790 2119; x_wconf 89' lang='lat'>36</span> <span class='ocrx_word' id='word_1_206' title='bbox 806 2090 969 2129; x_wconf 87' lang='lat' dir='ltr'>proposita</span> <span class='ocrx_word' id='word_1_207' title='bbox 988 2089 1115 2119; x_wconf 91' lang='lat' dir='ltr'>omnino</span> <span class='ocrx_word' id='word_1_208' title='bbox 1134 2088 1303 2129; x_wconf 90' lang='lat' dir='ltr'>rejicienda</span> 
     </span>
     <span class='ocr_line' id='line_1_32' title="bbox 390 2138 1302 2179; baseline -0.003 -9"><span class='ocrx_word' id='word_1_209' title='bbox 390 2147 449 2170; x_wconf 89' lang='lat' dir='ltr'>est.</span> <span class='ocrx_word' id='word_1_210' title='bbox 481 2140 515 2170; x_wconf 91' lang='lat' dir='ltr'>ln</span> <span class='ocrx_word' id='word_1_211' title='bbox 545 2140 621 2169; x_wconf 91' lang='lat' dir='ltr'>eccl.</span> <span class='ocrx_word' id='word_1_212' title='bbox 653 2139 932 2179; x_wconf 81' lang='lat' dir='ltr'>Augustinensium</span> <span class='ocrx_word' id='word_1_213' title='bbox 964 2139 1083 2168; x_wconf 85' lang='lat' dir='ltr'>Patavii</span> <span class='ocrx_word' id='word_1_214' title='bbox 1111 2138 1185 2168; x_wconf 90' lang='lat' dir='ltr'>olim</span> <span class='ocrx_word' id='word_1_215' title='bbox 1215 2138 1302 2178; x_wconf 85' lang='lat' dir='ltr'>lege-</span> 
     </span>
     <span class='ocr_line' id='line_1_33' title="bbox 391 2187 1299 2229; baseline -0.002 -10"><span class='ocrx_word' id='word_1_216' title='bbox 391 2191 481 2219; x_wconf 87' lang='lat' dir='ltr'>batur</span> <span class='ocrx_word' id='word_1_217' title='bbox 503 2199 599 2229; x_wconf 88' lang='lat' dir='ltr'>super</span> <span class='ocrx_word' id='word_1_218' title='bbox 614 2189 747 2228; x_wconf 89' lang='lat' dir='ltr'>quodam</span> <span class='ocrx_word' id='word_1_219' title='bbox 767 2188 871 2228; x_wconf 87' lang='lat' dir='ltr'>lapide</span> <span class='ocrx_word' id='word_1_220' title='bbox 896 2187 1084 2227; x_wconf 83' lang='lat' dir='ltr'>sepulchrali</span> <span class='ocrx_word' id='word_1_221' title='bbox 1108 2188 1273 2227; x_wconf 82' lang='lat' dir='ltr'>inscriptio</span> <span class='ocrx_word' id='word_1_222' title='bbox 1293 2199 1299 2216; x_wconf 92' lang='lat'>:</span> 
     </span>
     <span class='ocr_line' id='line_1_34' title="bbox 393 2237 1302 2278; baseline 0.001 -12"><span class='ocrx_word' id='word_1_223' title='bbox 393 2252 406 2267; x_wconf 90' lang='lat'>«</span> <span class='ocrx_word' id='word_1_224' title='bbox 426 2239 510 2268; x_wconf 86' lang='lat' dir='ltr'>Haec</span> <span class='ocrx_word' id='word_1_225' title='bbox 524 2238 683 2278; x_wconf 84' lang='lat' dir='ltr'>sepultura</span> <span class='ocrx_word' id='word_1_226' title='bbox 693 2244 741 2267; x_wconf 88' lang='lat' dir='ltr'>est</span> <span class='ocrx_word' id='word_1_227' title='bbox 752 2237 916 2267; x_wconf 79' lang='lat' dir='ltr'>Societatis</span> <span class='ocrx_word' id='word_1_228' title='bbox 930 2237 1171 2267; x_wconf 88' lang='lat' dir='ltr'>Teutonicorum</span> <span class='ocrx_word' id='word_1_229' title='bbox 1186 2237 1302 2267; x_wconf 73' lang='lat' dir='ltr'>sacim-</span> 
     </span>
     <span class='ocr_line' id='line_1_35' title="bbox 391 2286 1298 2326; baseline -0.003 -8"><span class='ocrx_word' id='word_1_230' title='bbox 391 2289 466 2318; x_wconf 91' lang='lat' dir='ltr'>tium</span> <span class='ocrx_word' id='word_1_231' title='bbox 501 2288 671 2322; x_wconf 87' lang='lat' dir='ltr'>sot.lares‚</span> <span class='ocrx_word' id='word_1_232' title='bbox 705 2297 795 2326; x_wconf 79' lang='lat' dir='ltr'>quam</span> <span class='ocrx_word' id='word_1_233' title='bbox 831 2288 969 2316; x_wconf 77' lang='lat' dir='ltr'>fecerunt</span> <span class='ocrx_word' id='word_1_234' title='bbox 1000 2286 1068 2316; x_wconf 88' lang='lat' dir='ltr'>fieri</span> <span class='ocrx_word' id='word_1_235' title='bbox 1112 2297 1161 2316; x_wconf 93' lang='lat' dir='ltr'>an.</span> <span class='ocrx_word' id='word_1_236' title='bbox 1208 2286 1298 2315; x_wconf 90' lang='lat' dir='ltr'>Dom.</span> 
     </span>
     <span class='ocr_line' id='line_1_36' title="bbox 391 2335 1301 2372; baseline -0.005 -4"><span class='ocrx_word' id='word_1_237' title='bbox 391 2336 693 2372; x_wconf 80' lang='lat' dir='ltr'><strong>MCCCCXXXVH,</strong></span> <span class='ocrx_word' id='word_1_238' title='bbox 707 2337 744 2365; x_wconf 91' lang='lat' dir='ltr'>de</span> <span class='ocrx_word' id='word_1_239' title='bbox 758 2347 863 2366; x_wconf 89' lang='lat' dir='ltr'>mense</span> <span class='ocrx_word' id='word_1_240' title='bbox 877 2336 1038 2366; x_wconf 80' lang='lat' dir='ltr'>Februarii</span> <span class='ocrx_word' id='word_1_241' title='bbox 1056 2349 1082 2365; x_wconf 73' lang='lat'>12.</span> <span class='ocrx_word' id='word_1_242' title='bbox 1102 2348 1115 2363; x_wconf 74' lang='grc' dir='ltr'><em>α</em></span> <span class='ocrx_word' id='word_1_243' title='bbox 1133 2335 1271 2365; x_wconf 85' lang='lat' dir='ltr'>Sotlares</span> <span class='ocrx_word' id='word_1_244' title='bbox 1287 2347 1301 2363; x_wconf 74' lang='lat' dir='ltr'>n</span> 
     </span>
     <span class='ocr_line' id='line_1_37' title="bbox 390 2385 1303 2425; baseline -0.001 -9"><span class='ocrx_word' id='word_1_245' title='bbox 390 2387 514 2416; x_wconf 83' lang='lat' dir='ltr'>videtur</span> <span class='ocrx_word' id='word_1_246' title='bbox 532 2386 571 2416; x_wconf 90' lang='lat' dir='ltr'>cl.</span> <span class='ocrx_word' id='word_1_247' title='bbox 587 2386 724 2415; x_wconf 89' lang='lat' dir='ltr'>Luschin</span> <span class='ocrx_word' id='word_1_248' title='bbox 738 2395 798 2415; x_wconf 85' lang='lat' dir='ltr'>vox</span> <span class='ocrx_word' id='word_1_249' title='bbox 817 2385 934 2420; x_wconf 78' lang='lat' dir='ltr'>inanis,</span> <span class='ocrx_word' id='word_1_250' title='bbox 950 2385 1134 2425; x_wconf 81' lang='lat' dir='ltr'>corrigenda</span> <span class='ocrx_word' id='word_1_251' title='bbox 1150 2386 1182 2414; x_wconf 92' lang='lat' dir='ltr'>in</span> <span class='ocrx_word' id='word_1_252' title='bbox 1199 2397 1212 2412; x_wconf 76' lang='grc' dir='ltr'>(ι</span> <span class='ocrx_word' id='word_1_253' title='bbox 1231 2395 1303 2415; x_wconf 88' lang='lat' dir='ltr'>sco-</span> 
     </span>
     <span class='ocr_line' id='line_1_38' title="bbox 392 2434 1302 2470; baseline -0.002 -5"><span class='ocrx_word' id='word_1_254' title='bbox 392 2437 472 2466; x_wconf 86' lang='lat' dir='ltr'>lares</span> <span class='ocrx_word' id='word_1_255' title='bbox 489 2448 517 2465; x_wconf 75' lang='lat'>».</span> <span class='ocrx_word' id='word_1_256' title='bbox 537 2435 576 2464; x_wconf 87' lang='lat' dir='ltr'>Et</span> <span class='ocrx_word' id='word_1_257' title='bbox 591 2436 636 2465; x_wconf 88' lang='lat' dir='ltr'>sic</span> <span class='ocrx_word' id='word_1_258' title='bbox 652 2436 894 2464; x_wconf 83' lang='lat' dir='ltr'>demonstratum</span> <span class='ocrx_word' id='word_1_259' title='bbox 911 2441 1006 2470; x_wconf 88' lang='lat' dir='ltr'>esset,</span> <span class='ocrx_word' id='word_1_260' title='bbox 1026 2434 1186 2464; x_wconf 85' lang='lat' dir='ltr'>scholares</span> <span class='ocrx_word' id='word_1_261' title='bbox 1200 2440 1302 2464; x_wconf 88' lang='lat' dir='ltr'>teuto-</span> 
     </span>
     <span class='ocr_line' id='line_1_39' title="bbox 391 2483 1299 2525; baseline -0.003 -10"><span class='ocrx_word' id='word_1_262' title='bbox 391 2486 478 2515; x_wconf 91' lang='lat' dir='ltr'>nicos</span> <span class='ocrx_word' id='word_1_263' title='bbox 494 2485 556 2525; x_wconf 86' lang='lat' dir='ltr'>jam</span> <span class='ocrx_word' id='word_1_264' title='bbox 576 2495 625 2514; x_wconf 84' lang='lat' dir='ltr'>an.</span> <span class='ocrx_word' id='word_1_265' title='bbox 649 2485 725 2514; x_wconf 92' lang='lat'><strong>1437</strong></span> <span class='ocrx_word' id='word_1_266' title='bbox 747 2483 936 2523; x_wconf 79' lang='lat' dir='ltr'>sepulturam</span> <span class='ocrx_word' id='word_1_267' title='bbox 959 2483 1118 2523; x_wconf 83' lang='lat' dir='ltr'>propriam</span> <span class='ocrx_word' id='word_1_268' title='bbox 1141 2483 1299 2513; x_wconf 86' lang='lat' dir='ltr'>habuisse.</span> 
     </span>
     <span class='ocr_line' id='line_1_40' title="bbox 389 2532 1302 2574; baseline -0.003 -10"><span class='ocrx_word' id='word_1_269' title='bbox 389 2535 448 2564; x_wconf 87' lang='lat' dir='ltr'>Ast</span> <span class='ocrx_word' id='word_1_270' title='bbox 459 2534 615 2574; x_wconf 86' lang='lat' dir='ltr'>appositio</span> <span class='ocrx_word' id='word_1_271' title='bbox 633 2545 647 2561; x_wconf 75' lang='grc' dir='ltr'><strong>α</strong></span> <span class='ocrx_word' id='word_1_272' title='bbox 668 2533 842 2563; x_wconf 84' lang='lat' dir='ltr'>facientium</span> <span class='ocrx_word' id='word_1_273' title='bbox 855 2545 870 2561; x_wconf 71' lang='lat' dir='ltr'>n</span> <span class='ocrx_word' id='word_1_274' title='bbox 891 2534 929 2562; x_wconf 86' lang='lat' dir='ltr'>ad</span> <span class='ocrx_word' id='word_1_275' title='bbox 944 2545 958 2560; x_wconf 78' lang='grc' dir='ltr'><em>α</em></span> <span class='ocrx_word' id='word_1_276' title='bbox 976 2532 1140 2562; x_wconf 85' lang='lat' dir='ltr'>Societatis</span> <span class='ocrx_word' id='word_1_277' title='bbox 1156 2532 1302 2562; x_wconf 86' lang='lat' dir='ltr'>Teutoni-</span> 
     </span>
     <span class='ocr_line' id='line_1_41' title="bbox 389 2582 1300 2621; baseline -0.003 -8"><span class='ocrx_word' id='word_1_278' title='bbox 389 2594 495 2613; x_wconf 91' lang='lat' dir='ltr'>corum</span> <span class='ocrx_word' id='word_1_279' title='bbox 516 2596 529 2610; x_wconf 73' lang='lat' dir='ltr'><strong><em>n</em></strong></span> <span class='ocrx_word' id='word_1_280' title='bbox 551 2583 643 2612; x_wconf 90' lang='lat' dir='ltr'>nobis</span> <span class='ocrx_word' id='word_1_281' title='bbox 660 2582 787 2617; x_wconf 89' lang='lat' dir='ltr'>indicat,</span> <span class='ocrx_word' id='word_1_282' title='bbox 804 2582 854 2611; x_wconf 89' lang='lat' dir='ltr'>hic</span> <span class='ocrx_word' id='word_1_283' title='bbox 869 2582 919 2621; x_wconf 87' lang='lat' dir='ltr'>agi</span> <span class='ocrx_word' id='word_1_284' title='bbox 935 2583 973 2611; x_wconf 93' lang='lat' dir='ltr'>de</span> <span class='ocrx_word' id='word_1_285' title='bbox 991 2583 1122 2621; x_wconf 88' lang='lat' dir='ltr'>quadam</span> <span class='ocrx_word' id='word_1_286' title='bbox 1141 2582 1300 2616; x_wconf 84' lang='lat' dir='ltr'>societate,</span> 
     </span>
     <span class='ocr_line' id='line_1_42' title="bbox 389 2631 1300 2672; baseline -0.002 -10"><span class='ocrx_word' id='word_1_287' title='bbox 389 2643 467 2672; x_wconf 86' lang='lat' dir='ltr'>quae</span> <span class='ocrx_word' id='word_1_288' title='bbox 494 2633 525 2661; x_wconf 91' lang='lat' dir='ltr'>in</span> <span class='ocrx_word' id='word_1_289' title='bbox 550 2638 615 2661; x_wconf 88' lang='lat' dir='ltr'>arte</span> <span class='ocrx_word' id='word_1_290' title='bbox 642 2632 746 2671; x_wconf 89' lang='lat' dir='ltr'>aliqua</span> <span class='ocrx_word' id='word_1_291' title='bbox 765 2632 958 2661; x_wconf 80' lang='lat' dir='ltr'>versabatur.</span> <span class='ocrx_word' id='word_1_292' title='bbox 979 2631 1041 2661; x_wconf 90' lang='lat' dir='ltr'>Sed</span> <span class='ocrx_word' id='word_1_293' title='bbox 1069 2633 1222 2670; x_wconf 76' lang='lat' dir='ltr'>quanam?</span> <span class='ocrx_word' id='word_1_294' title='bbox 1245 2631 1300 2660; x_wconf 91' lang='lat' dir='ltr'>Isti</span> 
     </span>
     <span class='ocr_line' id='line_1_43' title="bbox 388 2680 1301 2715; baseline -0.002 -4"><span class='ocrx_word' id='word_1_295' title='bbox 388 2682 549 2711; x_wconf 87' lang='lat' dir='ltr'>Teutonici</span> <span class='ocrx_word' id='word_1_296' title='bbox 585 2682 724 2711; x_wconf 77' lang='lat' dir='ltr'>fecerunt</span> <span class='ocrx_word' id='word_1_297' title='bbox 754 2680 923 2715; x_wconf 86' lang='lat' dir='ltr'>sotulares,</span> <span class='ocrx_word' id='word_1_298' title='bbox 956 2681 976 2709; x_wconf 91' lang='lat' dir='ltr'>i.</span> <span class='ocrx_word' id='word_1_299' title='bbox 1010 2691 1037 2710; x_wconf 90' lang='lat' dir='ltr'>e.</span> <span class='ocrx_word' id='word_1_300' title='bbox 1076 2686 1173 2710; x_wconf 88' lang='lat' dir='ltr'>artem</span> <span class='ocrx_word' id='word_1_301' title='bbox 1204 2680 1301 2710; x_wconf 90' lang='lat' dir='ltr'>sutri-</span> 
     </span>
     <span class='ocr_line' id='line_1_44' title="bbox 388 2730 1297 2767; baseline -0.002 -7"><span class='ocrx_word' id='word_1_302' title='bbox 388 2741 457 2760; x_wconf 89' lang='lat' dir='ltr'>nam</span> <span class='ocrx_word' id='word_1_303' title='bbox 484 2731 679 2760; x_wconf 87' lang='lat' dir='ltr'>exercebant.</span> <span class='ocrx_word' id='word_1_304' title='bbox 703 2731 851 2759; x_wconf 73' lang='lat' dir='ltr'>Deutsche</span> <span class='ocrx_word' id='word_1_305' title='bbox 872 2730 1193 2767; x_wconf 78' lang='lat' dir='ltr'>Schuhmaclzerzunft,</span> <span class='ocrx_word' id='word_1_306' title='bbox 1211 2739 1273 2758; x_wconf 92' lang='lat' dir='ltr'>non</span> <span class='ocrx_word' id='word_1_307' title='bbox 1291 2741 1297 2759; x_wconf 71' lang='grc' dir='ltr'><strong>ι</strong></span> 
     </span>
     <span class='ocr_line' id='line_1_45' title="bbox 387 2778 1300 2816; baseline -0.002 -7"><span class='ocrx_word' id='word_1_308' title='bbox 387 2781 535 2809; x_wconf 78' lang='lat' dir='ltr'>Deutsche</span> <span class='ocrx_word' id='word_1_309' title='bbox 554 2780 895 2816; x_wconf 70' lang='lat' dir='ltr'>Schoelermacherzunst.</span> <span class='ocrx_word' id='word_1_310' title='bbox 912 2778 1037 2808; x_wconf 83' lang='lat' dir='ltr'>Attenta</span> <span class='ocrx_word' id='word_1_311' title='bbox 1058 2785 1213 2808; x_wconf 88' lang='lat' dir='ltr'>structura</span> <span class='ocrx_word' id='word_1_312' title='bbox 1231 2788 1300 2808; x_wconf 89' lang='lat' dir='ltr'>ver-</span> 
     </span>
     <span class='ocr_line' id='line_1_46' title="bbox 388 2827 1299 2868; baseline -0.001 -11"><span class='ocrx_word' id='word_1_313' title='bbox 388 2830 497 2859; x_wconf 89' lang='lat' dir='ltr'>borum</span> <span class='ocrx_word' id='word_1_314' title='bbox 527 2829 558 2858; x_wconf 93' lang='lat' dir='ltr'>in</span> <span class='ocrx_word' id='word_1_315' title='bbox 589 2828 806 2868; x_wconf 83' lang='lat' dir='ltr'>inscriptione,</span> <span class='ocrx_word' id='word_1_316' title='bbox 832 2840 846 2856; x_wconf 76' lang='lat' dir='ltr'>cx</span> <span class='ocrx_word' id='word_1_317' title='bbox 878 2827 1015 2858; x_wconf 84' lang='lat' dir='ltr'>scolares</span> <span class='ocrx_word' id='word_1_318' title='bbox 1043 2840 1056 2856; x_wconf 70' lang='lat' dir='ltr'>n</span> <span class='ocrx_word' id='word_1_319' title='bbox 1085 2828 1211 2857; x_wconf 88' lang='lat' dir='ltr'>omuino</span> <span class='ocrx_word' id='word_1_320' title='bbox 1239 2837 1299 2857; x_wconf 88' lang='lat' dir='ltr'>vox</span> 
     </span>
     <span class='ocr_line' id='line_1_47' title="bbox 387 2878 599 2907; baseline 0 0"><span class='ocrx_word' id='word_1_321' title='bbox 387 2878 489 2907; x_wconf 89' lang='lat' dir='ltr'>inanis</span> <span class='ocrx_word' id='word_1_322' title='bbox 507 2883 599 2907; x_wconf 81' lang='lat' dir='ltr'>esset.</span> 
     </span>
    </p>

    <p class='ocr_par' dir='ltr' id='par_1_22' title="bbox 429 2927 1298 2966">
     <span class='ocr_line' id='line_1_48' title="bbox 429 2927 1298 2966; baseline -0.001 -10"><span class='ocrx_word' id='word_1_323' title='bbox 429 2928 458 2956; x_wconf 88' lang='lat'><strong>6.</strong></span> <span class='ocrx_word' id='word_1_324' title='bbox 502 2927 573 2957; x_wconf 85' lang='lat' dir='ltr'>Vid.</span> <span class='ocrx_word' id='word_1_325' title='bbox 602 2927 763 2962; x_wconf 67' lang='lat' dir='ltr'>Axnmcu,</span> <span class='ocrx_word' id='word_1_326' title='bbox 791 2930 836 2956; x_wconf 87' lang='lat' dir='ltr'>De</span> <span class='ocrx_word' id='word_1_327' title='bbox 861 2928 982 2955; x_wconf 81' lang='lat' dir='ltr'>natione</span> <span class='ocrx_word' id='word_1_328' title='bbox 1007 2928 1132 2966; x_wconf 78' lang='lat' dir='ltr'>Anglica</span> <span class='ocrx_word' id='word_1_329' title='bbox 1156 2933 1184 2955; x_wconf 81' lang='lat' dir='ltr'>et</span> <span class='ocrx_word' id='word_1_330' title='bbox 1210 2928 1298 2956; x_wconf 87' lang='lat' dir='ltr'>Scota</span> 
     </span>
    </p>
   </div>
   <div class='ocr_carea' id='block_1_18' title="bbox 1398 1555 1823 1602">
    <p class='ocr_par' dir='ltr' id='par_1_23' title="bbox 1398 1555 1823 1602">
     <span class='ocr_line' id='line_1_49' title="bbox 1398 1555 1823 1602; baseline 0 -14"><span class='ocrx_word' id='word_1_331' title='bbox 1398 1555 1564 1588; x_wconf 88' lang='lat' dir='ltr'>Henricus</span> <span class='ocrx_word' id='word_1_332' title='bbox 1577 1555 1619 1588; x_wconf 90' lang='lat' dir='ltr'>de</span> <span class='ocrx_word' id='word_1_333' title='bbox 1634 1556 1772 1602; x_wconf 88' lang='lat' dir='ltr'>Angern</span> <span class='ocrx_word' id='word_1_334' title='bbox 1786 1555 1823 1597; x_wconf 76' lang='lat'>¹⁴,</span> 
     </span>
    </p>
   </div>
   <div class='ocr_carea' id='block_1_19' title="bbox 1404 1696 2340 2955">
    <p class='ocr_par' dir='ltr' id='par_1_24' title="bbox 1410 1696 2324 1784">
     <span class='ocr_line' id='line_1_50' title="bbox 1410 1696 2324 1736; baseline 0.002 -10"><span class='ocrx_word' id='word_1_335' title='bbox 1410 1696 1594 1726; x_wconf 77' lang='lat' dir='ltr'>Juristarum</span> <span class='ocrx_word' id='word_1_336' title='bbox 1623 1697 1831 1726; x_wconf 74' lang='lat' dir='ltr'>Universieatis</span> <span class='ocrx_word' id='word_1_337' title='bbox 1853 1698 2035 1735; x_wconf 79' lang='lat' dir='ltr'>Patavinae,</span> <span class='ocrx_word' id='word_1_338' title='bbox 2068 1696 2200 1735; x_wconf 87' lang='lat' dir='ltr'>Patavii,</span> <span class='ocrx_word' id='word_1_339' title='bbox 2233 1697 2324 1736; x_wconf 79' lang='lat'><strong>1892,</strong></span> 
     </span>
     <span class='ocr_line' id='line_1_51' title="bbox 1413 1744 1535 1784; baseline 0.008 -10"><span class='ocrx_word' id='word_1_340' title='bbox 1413 1755 1444 1784; x_wconf 90' lang='lat' dir='ltr'>p.</span> <span class='ocrx_word' id='word_1_341' title='bbox 1467 1744 1535 1775; x_wconf 91' lang='grc'><strong>129.</strong></span> 
     </span>
    </p>

    <p class='ocr_par' dir='ltr' id='par_1_25' title="bbox 1411 1793 2326 1933">
     <span class='ocr_line' id='line_1_52' title="bbox 1453 1793 2325 1836; baseline 0.003 -13"><span class='ocrx_word' id='word_1_342' title='bbox 1453 1795 1481 1823; x_wconf 96' lang='grc'>7.</span> <span class='ocrx_word' id='word_1_343' title='bbox 1525 1793 1595 1824; x_wconf 89' lang='lat' dir='ltr'>Vid.</span> <span class='ocrx_word' id='word_1_344' title='bbox 1625 1803 1734 1833; x_wconf 82' lang='lat' dir='ltr'>supra,</span> <span class='ocrx_word' id='word_1_345' title='bbox 1765 1805 1796 1834; x_wconf 91' lang='lat' dir='ltr'>p.</span> <span class='ocrx_word' id='word_1_346' title='bbox 1826 1804 1940 1831; x_wconf 74' lang='lat' dir='ltr'><strong>xxxix,</strong></span> <span class='ocrx_word' id='word_1_347' title='bbox 1965 1801 2030 1825; x_wconf 88' lang='lat' dir='ltr'>not.</span> <span class='ocrx_word' id='word_1_348' title='bbox 2057 1795 2087 1826; x_wconf 87' lang='lat'>3.</span> <span class='ocrx_word' id='word_1_349' title='bbox 2118 1795 2215 1825; x_wconf 89' lang='lat' dir='ltr'>Deest</span> <span class='ocrx_word' id='word_1_350' title='bbox 2242 1796 2325 1836; x_wconf 82' lang='lat' dir='ltr'>apud</span> 
     </span>
     <span class='ocr_line' id='line_1_53' title="bbox 1412 1842 2326 1881; baseline 0.003 -9"><span class='ocrx_word' id='word_1_351' title='bbox 1412 1842 1549 1881; x_wconf 66' lang='lat' dir='ltr'>Gnouu,</span> <span class='ocrx_word' id='word_1_352' title='bbox 1570 1844 1756 1872; x_wconf 80' lang='lat' dir='ltr'>Monumenti</span> <span class='ocrx_word' id='word_1_353' title='bbox 1778 1844 1860 1873; x_wconf 82' lang='lat' dir='ltr'>della</span> <span class='ocrx_word' id='word_1_354' title='bbox 1883 1845 2052 1875; x_wconf 71' lang='lat' dir='ltr'>Universitd</span> <span class='ocrx_word' id='word_1_355' title='bbox 2071 1845 2105 1873; x_wconf 84' lang='lat' dir='ltr'>di</span> <span class='ocrx_word' id='word_1_356' title='bbox 2132 1845 2272 1881; x_wconf 72' lang='lat' dir='ltr'>Padova,</span> <span class='ocrx_word' id='word_1_357' title='bbox 2295 1851 2326 1875; x_wconf 88' lang='lat' dir='ltr'>et</span> 
     </span>
     <span class='ocr_line' id='line_1_54' title="bbox 1411 1891 2234 1933; baseline 0.004 -12"><span class='ocrx_word' id='word_1_358' title='bbox 1411 1891 1567 1929; x_wconf 74' lang='lat' dir='ltr'>Luscum,</span> <span class='ocrx_word' id='word_1_359' title='bbox 1587 1894 1755 1932; x_wconf 72' lang='lat' dir='ltr'>Vorldusz&#39;ge</span> <span class='ocrx_word' id='word_1_360' title='bbox 1767 1894 2006 1933; x_wconf 79' lang='lat' dir='ltr'>Minheilungen,</span> <span class='ocrx_word' id='word_1_361' title='bbox 2027 1900 2098 1931; x_wconf 89' lang='lat' dir='ltr'>etc.,</span> <span class='ocrx_word' id='word_1_362' title='bbox 2116 1905 2146 1933; x_wconf 91' lang='lat' dir='ltr'>p.</span> <span class='ocrx_word' id='word_1_363' title='bbox 2166 1895 2234 1924; x_wconf 91' lang='grc'><strong>107.</strong></span> 
     </span>
    </p>

    <p class='ocr_par' dir='ltr' id='par_1_26' title="bbox 1450 1941 2198 1980">
     <span class='ocr_line' id='line_1_55' title="bbox 1450 1941 2198 1980; baseline 0.001 -9"><span class='ocrx_word' id='word_1_364' title='bbox 1450 1942 1481 1972; x_wconf 90' lang='grc'>8.</span> <span class='ocrx_word' id='word_1_365' title='bbox 1526 1941 1662 1976; x_wconf 71' lang='lat' dir='ltr'>Gnonu.</span> <span class='ocrx_word' id='word_1_366' title='bbox 1681 1944 1701 1971; x_wconf 92' lang='lat' dir='ltr'>l.</span> <span class='ocrx_word' id='word_1_367' title='bbox 1720 1953 1761 1979; x_wconf 88' lang='lat' dir='ltr'>c.‚</span> <span class='ocrx_word' id='word_1_368' title='bbox 1775 1941 1816 1980; x_wconf 89' lang='lat'>11,</span> <span class='ocrx_word' id='word_1_369' title='bbox 1833 1946 1866 1972; x_wconf 75' lang='lat'>11⁰</span> <span class='ocrx_word' id='word_1_370' title='bbox 1882 1943 1971 1978; x_wconf 87' lang='lat'><strong>1309,</strong></span> <span class='ocrx_word' id='word_1_371' title='bbox 1991 1943 2029 1972; x_wconf 83' lang='lat' dir='ltr'>ad</span> <span class='ocrx_word' id='word_1_372' title='bbox 2043 1953 2092 1972; x_wconf 88' lang='lat' dir='ltr'>an.</span> <span class='ocrx_word' id='word_1_373' title='bbox 2110 1944 2198 1978; x_wconf 82' lang='lat'><strong>1370,</strong></span> 
     </span>
    </p>

    <p class='ocr_par' dir='ltr' id='par_1_27' title="bbox 1451 1991 2323 2030">
     <span class='ocr_line' id='line_1_56' title="bbox 1451 1991 2323 2030; baseline 0.003 -10"><span class='ocrx_word' id='word_1_374' title='bbox 1451 1992 1481 2021; x_wconf 87' lang='lat'>9.</span> <span class='ocrx_word' id='word_1_375' title='bbox 1524 1991 1616 2025; x_wconf 77' lang='lat' dir='ltr'>Ibid..</span> <span class='ocrx_word' id='word_1_376' title='bbox 1634 1991 1659 2028; x_wconf 95' lang='lat'>1,</span> <span class='ocrx_word' id='word_1_377' title='bbox 1679 1994 1713 2020; x_wconf 90' lang='lat' dir='ltr'>n⁰</span> <span class='ocrx_word' id='word_1_378' title='bbox 1729 1991 1799 2027; x_wconf 89' lang='lat'><strong>662,</strong></span> <span class='ocrx_word' id='word_1_379' title='bbox 1823 1992 1933 2021; x_wconf 91' lang='lat' dir='ltr'>doctor</span> <span class='ocrx_word' id='word_1_380' title='bbox 1954 1993 2085 2030; x_wconf 66' lang='lat' dir='ltr'>decret„</span> <span class='ocrx_word' id='word_1_381' title='bbox 2103 1993 2140 2021; x_wconf 86' lang='lat' dir='ltr'>ad</span> <span class='ocrx_word' id='word_1_382' title='bbox 2161 1992 2323 2023; x_wconf 60' lang='lat' dir='ltr'>arn-1387.</span> 
     </span>
    </p>

    <p class='ocr_par' dir='ltr' id='par_1_28' title="bbox 1404 2039 2340 2572">
     <span class='ocr_line' id='line_1_57' title="bbox 1453 2039 2324 2080; baseline 0.003 -11"><span class='ocrx_word' id='word_1_383' title='bbox 1453 2041 1500 2070; x_wconf 89' lang='lat'>10.</span> <span class='ocrx_word' id='word_1_384' title='bbox 1545 2039 1586 2070; x_wconf 92' lang='lat' dir='ltr'>Ut</span> <span class='ocrx_word' id='word_1_385' title='bbox 1600 2041 1710 2070; x_wconf 83' lang='lat' dir='ltr'>doctor</span> <span class='ocrx_word' id='word_1_386' title='bbox 1723 2039 1788 2080; x_wconf 91' lang='lat' dir='ltr'>jur.</span> <span class='ocrx_word' id='word_1_387' title='bbox 1807 2047 1868 2071; x_wconf 85' lang='lat' dir='ltr'>utr.</span> <span class='ocrx_word' id='word_1_388' title='bbox 1887 2041 2064 2071; x_wconf 85' lang='lat' dir='ltr'>Aurelianis</span> <span class='ocrx_word' id='word_1_389' title='bbox 2085 2041 2213 2079; x_wconf 86' lang='lat' dir='ltr'>studuit,</span> <span class='ocrx_word' id='word_1_390' title='bbox 2232 2048 2264 2072; x_wconf 85' lang='lat' dir='ltr'>et</span> <span class='ocrx_word' id='word_1_391' title='bbox 2285 2043 2324 2072; x_wconf 78' lang='lat' dir='ltr'>ad</span> 
     </span>
     <span class='ocr_line' id='line_1_58' title="bbox 1410 2089 2322 2130; baseline 0.004 -12"><span class='ocrx_word' id='word_1_392' title='bbox 1410 2099 1460 2120; x_wconf 87' lang='lat' dir='ltr'>an.</span> <span class='ocrx_word' id='word_1_393' title='bbox 1482 2090 1570 2125; x_wconf 90' lang='lat'><strong>1382,</strong></span> <span class='ocrx_word' id='word_1_394' title='bbox 1590 2089 1702 2120; x_wconf 85' lang='lat' dir='ltr'>Octob.</span> <span class='ocrx_word' id='word_1_395' title='bbox 1723 2089 1754 2127; x_wconf 93' lang='lat'>4,</span> <span class='ocrx_word' id='word_1_396' title='bbox 1778 2089 1854 2120; x_wconf 91' lang='lat' dir='ltr'>ibid.</span> <span class='ocrx_word' id='word_1_397' title='bbox 1877 2090 2004 2120; x_wconf 78' lang='lat' dir='ltr'>affertur</span> <span class='ocrx_word' id='word_1_398' title='bbox 2023 2090 2217 2130; x_wconf 68' lang='lat' dir='ltr'>(Founmmz,</span> <span class='ocrx_word' id='word_1_399' title='bbox 2238 2093 2261 2121; x_wconf 93' lang='lat' dir='ltr'>l.</span> <span class='ocrx_word' id='word_1_400' title='bbox 2281 2102 2322 2127; x_wconf 79' lang='lat' dir='ltr'>c.,</span> 
     </span>
     <span class='ocr_line' id='line_1_59' title="bbox 1411 2138 2324 2180; baseline 0.002 -12"><span class='ocrx_word' id='word_1_401' title='bbox 1411 2139 1436 2173; x_wconf 93' lang='lat' dir='ltr'>l,</span> <span class='ocrx_word' id='word_1_402' title='bbox 1456 2138 1539 2179; x_wconf 84' lang='lat'><strong>148);</strong></span> <span class='ocrx_word' id='word_1_403' title='bbox 1565 2138 1677 2168; x_wconf 86' lang='lat' dir='ltr'>Octob.</span> <span class='ocrx_word' id='word_1_404' title='bbox 1700 2140 1749 2176; x_wconf 88' lang='lat'>12,</span> <span class='ocrx_word' id='word_1_405' title='bbox 1771 2138 1902 2169; x_wconf 84' lang='lat' dir='ltr'>Parisiis</span> <span class='ocrx_word' id='word_1_406' title='bbox 1924 2139 2025 2179; x_wconf 83' lang='lat' dir='ltr'>(infra,</span> <span class='ocrx_word' id='word_1_407' title='bbox 2047 2150 2078 2179; x_wconf 91' lang='lat' dir='ltr'>p.</span> <span class='ocrx_word' id='word_1_408' title='bbox 2100 2141 2171 2177; x_wconf 87' lang='lat'><strong>628,</strong></span> <span class='ocrx_word' id='word_1_409' title='bbox 2191 2139 2253 2180; x_wconf 87' lang='lat'><strong>44),</strong></span> <span class='ocrx_word' id='word_1_410' title='bbox 2270 2140 2324 2170; x_wconf 83' lang='lat' dir='ltr'>ubi</span> 
     </span>
     <span class='ocr_line' id='line_1_60' title="bbox 1404 2187 2340 2229; baseline 0.003 -12"><span class='ocrx_word' id='word_1_411' title='bbox 1404 2187 1469 2228; x_wconf 85' lang='lat' dir='ltr'>jam</span> <span class='ocrx_word' id='word_1_412' title='bbox 1483 2194 1575 2218; x_wconf 73' lang='lat' dir='ltr'>,antea</span> <span class='ocrx_word' id='word_1_413' title='bbox 1592 2197 1673 2228; x_wconf 84' lang='lat' dir='ltr'>mag.</span> <span class='ocrx_word' id='word_1_414' title='bbox 1690 2194 1760 2226; x_wconf 57' lang='lat' dir='ltr'>art„</span> <span class='ocrx_word' id='word_1_415' title='bbox 1779 2187 1956 2218; x_wconf 85' lang='lat' dir='ltr'>Aurelianis</span> <span class='ocrx_word' id='word_1_416' title='bbox 1971 2189 2022 2218; x_wconf 89' lang='lat' dir='ltr'>lic.</span> <span class='ocrx_word' id='word_1_417' title='bbox 2042 2189 2075 2218; x_wconf 91' lang='lat' dir='ltr'>in</span> <span class='ocrx_word' id='word_1_418' title='bbox 2090 2189 2152 2229; x_wconf 83' lang='lat' dir='ltr'>leg.</span> <span class='ocrx_word' id='word_1_419' title='bbox 2164 2189 2224 2219; x_wconf 88' lang='lat' dir='ltr'>An.</span> <span class='ocrx_word' id='word_1_420' title='bbox 2245 2189 2324 2220; x_wconf 84' lang='lat'><strong>1383</strong></span> <span class='ocrx_word' id='word_1_421' title='bbox 2338 2219 2340 2221; x_wconf 73' lang='grc'><strong>,</strong></span> 
     </span>
     <span class='ocr_line' id='line_1_61' title="bbox 1410 2237 2325 2274; baseline 0.002 -8"><span class='ocrx_word' id='word_1_422' title='bbox 1410 2237 1624 2274; x_wconf 83' lang='lat' dir='ltr'>Vindobonae,</span> <span class='ocrx_word' id='word_1_423' title='bbox 1643 2237 1768 2266; x_wconf 90' lang='lat' dir='ltr'>minime</span> <span class='ocrx_word' id='word_1_424' title='bbox 1791 2243 1893 2267; x_wconf 85' lang='lat' dir='ltr'>tamen</span> <span class='ocrx_word' id='word_1_425' title='bbox 1910 2244 1983 2267; x_wconf 89' lang='lat' dir='ltr'>tunc</span> <span class='ocrx_word' id='word_1_426' title='bbox 2001 2238 2110 2268; x_wconf 89' lang='lat' dir='ltr'>doctor</span> <span class='ocrx_word' id='word_1_427' title='bbox 2129 2239 2246 2268; x_wconf 83' lang='lat' dir='ltr'>decret.</span> <span class='ocrx_word' id='word_1_428' title='bbox 2267 2238 2325 2268; x_wconf 85' lang='lat' dir='ltr'>suit</span> 
     </span>
     <span class='ocr_line' id='line_1_62' title="bbox 1412 2285 2324 2326; baseline 0 -10"><span class='ocrx_word' id='word_1_429' title='bbox 1412 2286 1525 2326; x_wconf 84' lang='lat' dir='ltr'>(minus</span> <span class='ocrx_word' id='word_1_430' title='bbox 1545 2292 1629 2316; x_wconf 85' lang='lat' dir='ltr'>recte</span> <span class='ocrx_word' id='word_1_431' title='bbox 1648 2285 1832 2321; x_wconf 68' lang='lat' dir='ltr'>Ascuncn.</span> <span class='ocrx_word' id='word_1_432' title='bbox 1859 2288 1964 2316; x_wconf 63' lang='grc' dir='ltr'><strong>(ἔθει-11.</strong></span> <span class='ocrx_word' id='word_1_433' title='bbox 1982 2287 2037 2316; x_wconf 83' lang='lat' dir='ltr'>der·</span> <span class='ocrx_word' id='word_1_434' title='bbox 2059 2289 2177 2316; x_wconf 81' lang='lat' dir='ltr'>Wiener·</span> <span class='ocrx_word' id='word_1_435' title='bbox 2198 2289 2324 2318; x_wconf 75' lang='lat' dir='ltr'>Univer-</span> 
     </span>
     <span class='ocr_line' id='line_1_63' title="bbox 1411 2335 2323 2375; baseline 0.002 -11"><span class='ocrx_word' id='word_1_436' title='bbox 1411 2337 1499 2372; x_wconf 73' lang='grc' dir='ltr'><em>εἰιᾱε,</em></span> <span class='ocrx_word' id='word_1_437' title='bbox 1521 2335 1546 2372; x_wconf 89' lang='lat'>1,</span> <span class='ocrx_word' id='word_1_438' title='bbox 1565 2336 1615 2373; x_wconf 88' lang='lat'>31,</span> <span class='ocrx_word' id='word_1_439' title='bbox 1632 2336 1683 2373; x_wconf 86' lang='lat'>44,</span> <span class='ocrx_word' id='word_1_440' title='bbox 1699 2335 1783 2375; x_wconf 86' lang='lat' dir='ltr'>etc.).</span> <span class='ocrx_word' id='word_1_441' title='bbox 1800 2335 1860 2365; x_wconf 92' lang='lat' dir='ltr'>An.</span> <span class='ocrx_word' id='word_1_442' title='bbox 1884 2336 1973 2374; x_wconf 90' lang='lat'><strong>1387,</strong></span> <span class='ocrx_word' id='word_1_443' title='bbox 1991 2336 2129 2373; x_wconf 77' lang='lat' dir='ltr'>paduae,</span> <span class='ocrx_word' id='word_1_444' title='bbox 2149 2343 2180 2366; x_wconf 83' lang='lat' dir='ltr'>et</span> <span class='ocrx_word' id='word_1_445' title='bbox 2195 2336 2272 2366; x_wconf 89' lang='lat' dir='ltr'>ibid.</span> <span class='ocrx_word' id='word_1_446' title='bbox 2290 2336 2323 2366; x_wconf 90' lang='lat' dir='ltr'>in</span> 
     </span>
     <span class='ocr_line' id='line_1_64' title="bbox 1407 2384 2321 2425; baseline 0.001 -11"><span class='ocrx_word' id='word_1_447' title='bbox 1407 2384 1478 2425; x_wconf 86' lang='lat' dir='ltr'>jure</span> <span class='ocrx_word' id='word_1_448' title='bbox 1496 2395 1563 2414; x_wconf 86' lang='lat' dir='ltr'>can.</span> <span class='ocrx_word' id='word_1_449' title='bbox 1583 2390 1614 2414; x_wconf 86' lang='lat' dir='ltr'>et</span> <span class='ocrx_word' id='word_1_450' title='bbox 1632 2384 1691 2415; x_wconf 91' lang='lat' dir='ltr'>civ.</span> <span class='ocrx_word' id='word_1_451' title='bbox 1711 2385 1904 2414; x_wconf 80' lang='lat' dir='ltr'>doctoratum</span> <span class='ocrx_word' id='word_1_452' title='bbox 1923 2385 2042 2424; x_wconf 88' lang='lat' dir='ltr'>recepit</span> <span class='ocrx_word' id='word_1_453' title='bbox 2058 2384 2206 2425; x_wconf 71' lang='lat' dir='ltr'>(Gnouu,</span> <span class='ocrx_word' id='word_1_454' title='bbox 2230 2385 2272 2423; x_wconf 89' lang='lat' dir='ltr'>ll,</span> <span class='ocrx_word' id='word_1_455' title='bbox 2289 2386 2321 2423; x_wconf 84' lang='lat'>2,</span> 
     </span>
     <span class='ocr_line' id='line_1_65' title="bbox 1412 2433 2322 2474; baseline 0.001 -11"><span class='ocrx_word' id='word_1_456' title='bbox 1412 2438 1456 2463; x_wconf 83' lang='lat' dir='ltr'>n0·</span> <span class='ocrx_word' id='word_1_457' title='bbox 1477 2435 1565 2470; x_wconf 86' lang='lat'><strong>1668,</strong></span> <span class='ocrx_word' id='word_1_458' title='bbox 1590 2433 1690 2474; x_wconf 87' lang='grc'><strong>1671).</strong></span> <span class='ocrx_word' id='word_1_459' title='bbox 1711 2434 1773 2464; x_wconf 93' lang='lat' dir='ltr'>An.</span> <span class='ocrx_word' id='word_1_460' title='bbox 1800 2434 1876 2464; x_wconf 89' lang='lat'><strong>1389</strong></span> <span class='ocrx_word' id='word_1_461' title='bbox 1898 2433 2100 2464; x_wconf 81' lang='lat' dir='ltr'>vindobonae</span> <span class='ocrx_word' id='word_1_462' title='bbox 2122 2440 2151 2464; x_wconf 86' lang='lat' dir='ltr'>et</span> <span class='ocrx_word' id='word_1_463' title='bbox 2173 2434 2322 2464; x_wconf 82' lang='lat' dir='ltr'>Coloniae</span> 
     </span>
     <span class='ocr_line' id='line_1_66' title="bbox 1412 2483 2320 2523; baseline -0.001 -10"><span class='ocrx_word' id='word_1_464' title='bbox 1412 2483 1451 2523; x_wconf 92' lang='lat' dir='ltr'>(v.</span> <span class='ocrx_word' id='word_1_465' title='bbox 1479 2483 1667 2519; x_wconf 62' lang='lat' dir='ltr'>Aminnea,</span> <span class='ocrx_word' id='word_1_466' title='bbox 1696 2494 1727 2523; x_wconf 91' lang='lat' dir='ltr'>p.</span> <span class='ocrx_word' id='word_1_467' title='bbox 1761 2484 1814 2522; x_wconf 83' lang='lat'><strong>543</strong></span> <span class='ocrx_word' id='word_1_468' title='bbox 1845 2483 2008 2519; x_wconf 66' lang='lat' dir='ltr'>Kssussmv,</span> <span class='ocrx_word' id='word_1_469' title='bbox 2042 2485 2200 2521; x_wconf 80' lang='lat' dir='ltr'>Matrikel,</span> <span class='ocrx_word' id='word_1_470' title='bbox 2230 2483 2260 2521; x_wconf 91' lang='grc' dir='ltr'>Ι,</span> <span class='ocrx_word' id='word_1_471' title='bbox 2282 2484 2320 2520; x_wconf 82' lang='grc'><strong>8;</strong></span> 
     </span>
     <span class='ocr_line' id='line_1_67' title="bbox 1411 2532 1787 2572; baseline 0.003 -10"><span class='ocrx_word' id='word_1_472' title='bbox 1411 2533 1565 2568; x_wconf 73' lang='lat' dir='ltr'>Luscum,</span> <span class='ocrx_word' id='word_1_473' title='bbox 1583 2534 1604 2562; x_wconf 88' lang='lat' dir='ltr'>l.</span> <span class='ocrx_word' id='word_1_474' title='bbox 1620 2543 1660 2567; x_wconf 83' lang='lat' dir='ltr'>c.,</span> <span class='ocrx_word' id='word_1_475' title='bbox 1679 2542 1710 2572; x_wconf 87' lang='lat' dir='ltr'>p.</span> <span class='ocrx_word' id='word_1_476' title='bbox 1725 2532 1787 2572; x_wconf 86' lang='grc'><strong>46).</strong></span> 
     </span>
    </p>

    <p class='ocr_par' dir='ltr' id='par_1_29' title="bbox 1452 2581 1885 2621">
     <span class='ocr_line' id='line_1_68' title="bbox 1452 2581 1885 2621; baseline 0 -10"><span class='ocrx_word' id='word_1_477' title='bbox 1452 2583 1501 2611; x_wconf 93' lang='grc'>11.</span> <span class='ocrx_word' id='word_1_478' title='bbox 1546 2581 1628 2611; x_wconf 72' lang='lat' dir='ltr'>lnsra</span> <span class='ocrx_word' id='word_1_479' title='bbox 1642 2592 1674 2621; x_wconf 92' lang='lat' dir='ltr'>p.</span> <span class='ocrx_word' id='word_1_480' title='bbox 1690 2582 1762 2619; x_wconf 88' lang='grc'><strong>927,</strong></span> <span class='ocrx_word' id='word_1_481' title='bbox 1779 2588 1842 2612; x_wconf 91' lang='lat' dir='ltr'>not.</span> <span class='ocrx_word' id='word_1_482' title='bbox 1856 2582 1885 2611; x_wconf 91' lang='lat'>3.</span> 
     </span>
    </p>

    <p class='ocr_par' dir='ltr' id='par_1_30' title="bbox 1410 2630 2319 2711">
     <span class='ocr_line' id='line_1_69' title="bbox 1452 2630 2319 2671; baseline 0.001 -11"><span class='ocrx_word' id='word_1_483' title='bbox 1452 2631 1500 2661; x_wconf 91' lang='lat'>12.</span> <span class='ocrx_word' id='word_1_484' title='bbox 1545 2630 1681 2668; x_wconf 66' lang='lat' dir='ltr'>GnomA,</span> <span class='ocrx_word' id='word_1_485' title='bbox 1696 2632 1717 2661; x_wconf 90' lang='lat' dir='ltr'>l.</span> <span class='ocrx_word' id='word_1_486' title='bbox 1729 2642 1769 2667; x_wconf 84' lang='lat' dir='ltr'>c.‚</span> <span class='ocrx_word' id='word_1_487' title='bbox 1784 2631 1815 2668; x_wconf 89' lang='lat'>2,</span> <span class='ocrx_word' id='word_1_488' title='bbox 1829 2641 1861 2671; x_wconf 89' lang='lat' dir='ltr'>p.</span> <span class='ocrx_word' id='word_1_489' title='bbox 1879 2631 1950 2668; x_wconf 88' lang='lat'><strong>396,</strong></span> <span class='ocrx_word' id='word_1_490' title='bbox 1965 2634 1998 2660; x_wconf 85' lang='lat' dir='ltr'>n⁰</span> <span class='ocrx_word' id='word_1_491' title='bbox 2010 2630 2100 2666; x_wconf 85' lang='lat'><strong>2184,</strong></span> <span class='ocrx_word' id='word_1_492' title='bbox 2115 2631 2153 2660; x_wconf 86' lang='lat' dir='ltr'>ad</span> <span class='ocrx_word' id='word_1_493' title='bbox 2167 2641 2216 2661; x_wconf 85' lang='lat' dir='ltr'>an.</span> <span class='ocrx_word' id='word_1_494' title='bbox 2230 2630 2319 2661; x_wconf 86' lang='lat'><strong>1402.</strong></span> 
     </span>
     <span class='ocr_line' id='line_1_70' title="bbox 1410 2679 2242 2711; baseline -0.004 -1"><span class='ocrx_word' id='word_1_495' title='bbox 1410 2679 1504 2710; x_wconf 89' lang='lat' dir='ltr'>Prius</span> <span class='ocrx_word' id='word_1_496' title='bbox 1517 2679 1690 2711; x_wconf 81' lang='lat' dir='ltr'>Bononiae.</span> <span class='ocrx_word' id='word_1_497' title='bbox 2240 2705 2242 2707; x_wconf 79' lang='grc'>,</span> 
     </span>
    </p>

    <p class='ocr_par' dir='ltr' id='par_1_31' title="bbox 1408 2729 2324 2867">
     <span class='ocr_line' id='line_1_71' title="bbox 1451 2729 2324 2767; baseline -0.002 -8"><span class='ocrx_word' id='word_1_498' title='bbox 1451 2730 1499 2759; x_wconf 91' lang='grc'>13.</span> <span class='ocrx_word' id='word_1_499' title='bbox 1540 2729 1648 2758; x_wconf 81' lang='lat' dir='ltr'>Album</span> <span class='ocrx_word' id='word_1_500' title='bbox 1671 2739 1724 2758; x_wconf 76' lang='lat' dir='ltr'>seu</span> <span class='ocrx_word' id='word_1_501' title='bbox 1738 2731 1899 2758; x_wconf 79' lang='lat' dir='ltr'>matricula</span> <span class='ocrx_word' id='word_1_502' title='bbox 1917 2730 1980 2767; x_wconf 77' lang='lat' dir='ltr'>fac.</span> <span class='ocrx_word' id='word_1_503' title='bbox 1991 2729 2091 2766; x_wconf 75' lang='lat' dir='ltr'>juria.</span> <span class='ocrx_word' id='word_1_504' title='bbox 2112 2729 2324 2759; x_wconf 76' lang='lat' dir='ltr'>Universitatis</span> 
     </span>
     <span class='ocr_line' id='line_1_72' title="bbox 1408 2777 2319 2818; baseline 0 -11"><span class='ocrx_word' id='word_1_505' title='bbox 1408 2780 1502 2818; x_wconf 79' lang='lat' dir='ltr'>Prag.</span> <span class='ocrx_word' id='word_1_506' title='bbox 1534 2777 1766 2818; x_wconf 90' lang='lat'><strong>(1372-1418),</strong></span> <span class='ocrx_word' id='word_1_507' title='bbox 1799 2778 1830 2807; x_wconf 90' lang='lat' dir='ltr'>in</span> <span class='ocrx_word' id='word_1_508' title='bbox 1861 2781 2053 2807; x_wconf 83' lang='lat' dir='ltr'>Monumenta</span> <span class='ocrx_word' id='word_1_509' title='bbox 2085 2778 2153 2806; x_wconf 83' lang='lat' dir='ltr'>hist.</span> <span class='ocrx_word' id='word_1_510' title='bbox 2186 2779 2319 2808; x_wconf 75' lang='lat' dir='ltr'>Univers.</span> 
     </span>
     <span class='ocr_line' id='line_1_73' title="bbox 1408 2826 2259 2867; baseline 0 -11"><span class='ocrx_word' id='word_1_511' title='bbox 1408 2830 1516 2867; x_wconf 68' lang='lat' dir='ltr'>Prag„</span> <span class='ocrx_word' id='word_1_512' title='bbox 1538 2827 1578 2862; x_wconf 91' lang='lat' dir='ltr'>ll,</span> <span class='ocrx_word' id='word_1_513' title='bbox 1597 2829 1612 2857; x_wconf 98' lang='lat'><strong>1</strong></span> <span class='ocrx_word' id='word_1_514' title='bbox 1629 2826 1775 2867; x_wconf 82' lang='lat' dir='ltr'>(Pragae,</span> <span class='ocrx_word' id='word_1_515' title='bbox 1795 2826 1892 2862; x_wconf 80' lang='lat'><strong>1834),</strong></span> <span class='ocrx_word' id='word_1_516' title='bbox 1911 2837 1942 2866; x_wconf 92' lang='lat' dir='ltr'>p.</span> <span class='ocrx_word' id='word_1_517' title='bbox 1963 2827 2032 2862; x_wconf 88' lang='lat'><strong>123,</strong></span> <span class='ocrx_word' id='word_1_518' title='bbox 2047 2827 2086 2856; x_wconf 90' lang='lat' dir='ltr'>ad</span> <span class='ocrx_word' id='word_1_519' title='bbox 2102 2836 2152 2856; x_wconf 90' lang='lat' dir='ltr'>an.</span> <span class='ocrx_word' id='word_1_520' title='bbox 2170 2827 2259 2856; x_wconf 89' lang='lat'><strong>1376.</strong></span> 
     </span>
    </p>

    <p class='ocr_par' dir='ltr' id='par_1_32' title="bbox 1410 2875 2318 2955">
     <span class='ocr_line' id='line_1_74' title="bbox 1450 2875 2318 2916; baseline 0 -11"><span class='ocrx_word' id='word_1_521' title='bbox 1450 2877 1497 2905; x_wconf 87' lang='lat'>14.</span> <span class='ocrx_word' id='word_1_522' title='bbox 1521 2876 1614 2914; x_wconf 87' lang='lat' dir='ltr'>Ibid.‚</span> <span class='ocrx_word' id='word_1_523' title='bbox 1628 2886 1660 2916; x_wconf 91' lang='lat' dir='ltr'>p.</span> <span class='ocrx_word' id='word_1_524' title='bbox 1676 2877 1705 2912; x_wconf 83' lang='lat'>5,</span> <span class='ocrx_word' id='word_1_525' title='bbox 1724 2877 1772 2906; x_wconf 88' lang='lat'>10.</span> <span class='ocrx_word' id='word_1_526' title='bbox 1794 2876 1862 2911; x_wconf 88' lang='grc'><strong>126,</strong></span> <span class='ocrx_word' id='word_1_527' title='bbox 1884 2875 2036 2905; x_wconf 87' lang='lat' dir='ltr'>baccalar.</span> <span class='ocrx_word' id='word_1_528' title='bbox 2062 2876 2192 2911; x_wconf 69' lang='lat' dir='ltr'>decret„</span> <span class='ocrx_word' id='word_1_529' title='bbox 2211 2876 2250 2905; x_wconf 87' lang='lat' dir='ltr'>ad</span> <span class='ocrx_word' id='word_1_530' title='bbox 2269 2886 2318 2905; x_wconf 85' lang='lat' dir='ltr'>an.</span> 
     </span>
     <span class='ocr_line' id='line_1_75' title="bbox 1410 2926 1501 2955; baseline 0 0"><span class='ocrx_word' id='word_1_531' title='bbox 1410 2926 1501 2955; x_wconf 90' lang='lat'><strong>1381.</strong></span> 
     </span>
    </p>
   </div>
   <div class='ocr_carea' id='block_1_20' title="bbox 2562 0 2632 3464">
    <p class='ocr_par' dir='ltr' id='par_1_33' title="bbox 2562 0 2632 3464">
     <span class='ocr_line' id='line_1_76' title="bbox 2562 0 2632 3464; baseline 0 0"><span class='ocrx_word' id='word_1_532' title='bbox 2562 0 2632 3464; x_wconf 95' lang='lat' dir='ltr'> </span> 
     </span>
    </p>
   </div>
  </div>
 </body>
</html>
