2632 3464
434 419 484 444 287
972 410 1194 437 AUCTARIUM
1215 407 1473 435 CHARTULARII
1493 407 1667 434 UNIVERS.
1690 407 1808 433 PARIS.
2298 408 2350 434 288

434 494 514 533 apud
531 492 674 522 Sanctum
692 490 882 523 Severinum,
900 495 929 517 et
945 487 1138 527 supplicabat
1155 485 1243 514 nacio
1256 484 1336 514 Uni-

433 541 570 571 versitati
586 547 735 580 quatenus
752 539 915 568 interesset
932 543 962 566 et
979 543 1115 565 cessaret
1134 535 1185 563 illa
1203 540 1291 563 nocte
1307 540 1337 563 et

434 592 471 620 de
487 600 573 619 mane
590 595 736 628 sequente
754 599 771 617 a
787 586 993 621 leccionibus;
1016 585 1098 624 quod
1115 584 1160 613 sic
1178 583 1336 612 facultates

433 645 664 673 concesserunt,
697 637 833 676 theologi
864 645 938 665 vero
969 634 1027 663 soli
1062 634 1334 671 interempserunt,

433 688 538 717 artiste
554 694 652 716 autem
666 687 703 715 de
719 685 822 725 gracia
840 694 901 713 non
917 683 1068 723 legerunt.

473 736 547 766 Item
585 737 661 764 facta
694 733 940 773 congregacione
980 731 1118 760 nacionis
1164 730 1335 769 Anglicane

434 787 468 815 11
491 785 550 814 kal.
576 783 742 824 Augusfi',
768 783 924 811 ,lohannes
949 782 985 809 de
1010 779 1154 809 Treveris
1175 779 1334 818 predictus

432 834 552 863 noviter
570 834 684 862 electus
705 832 736 861 in
760 831 911 860 bedellum
927 829 1043 869 juravit
1060 829 1181 858 nacioni
1196 828 1334 867 predicte

433 883 598 912 secundum
630 880 881 910 consuetudinem
917 880 954 907 ab
985 878 1120 916 antiquis
1145 883 1332 906 consuetam.

433 932 506 961 Item
524 932 630 960 eodem
648 930 697 959 die
714 928 828 968 juravit
846 928 945 957 dictus
961 927 1100 956 bedellus
1120 925 1332 960 Universitati,

432 986 461 1009 et
491 986 555 1008 erat
578 977 782 1018 congregacio
810 976 1027 1006 Universitatis
1063 985 1121 1014 pro
1152 981 1224 1004 tunc
1253 974 1334 1014 apud

432 1028 575 1057 Sanctum
591 1027 761 1056 Metilinum
777 1026 808 1054 in
826 1026 875 1054 die
893 1026 980 1054 beate
1002 1025 1099 1053 Marie
1117 1024 1298 1063 Magdalene
1308 1022 1332 1057 ²,

431 1084 459 1106 et
475 1077 616 1106 similiter
630 1074 800 1104 nacionis³.

472 1127 545 1155 Item
568 1135 647 1154 anno
677 1124 800 1153 Domini
823 1134 884 1162 quo
910 1133 1015 1162 supra,
1038 1122 1069 1151 in
1092 1122 1227 1151 crastino
1247 1122 1333 1150 beate

430 1175 526 1203 Marie
560 1174 756 1213 Magdalene‚
796 1173 872 1201 facta
913 1171 1157 1212 congregacione
1199 1170 1333 1199 nationis

429 1223 599 1262 Anglicane
612 1223 692 1262 apud
709 1222 852 1251 Sanctum
863 1221 1015 1250 Iulianum
1030 1230 1207 1259 pauperem,
1218 1219 1332 1248 delibe-

430 1279 524 1301 ratum
547 1278 611 1301 erat
630 1271 824 1300 concorditer
845 1280 900 1309 per
918 1270 1083 1309 magistros
1104 1268 1242 1298 nacionis
1258 1278 1332 1308 pre-

429 1321 507 1350 dicte
523 1321 605 1359 quod
618 1321 716 1359 virga,
735 1330 825 1359 quam
844 1320 1060 1349 Coenraerdus
1073 1319 1152 1347 bone
1172 1317 1330 1352 memorie,

429 1371 580 1408 quondam
607 1369 746 1408 predicte
780 1368 918 1397 nacionis
956 1368 1112 1402 hedellus,
1150 1368 1221 1396 dum
1256 1366 1332 1395 vixit

428 1419 585 1453 habuerat,
604 1419 660 1447 sub
670 1428 766 1447 uxore
782 1417 882 1456 ipsius
893 1427 929 1446 ex
942 1423 1029 1456 parte
1040 1416 1179 1445 nacionis
1192 1416 1330 1455 predicte

427 1477 484 1506 per
497 1474 646 1496 rectorem
662 1466 880 1496 Universitatis
895 1472 1109 1500 arrestaretur‚
1129 1466 1227 1494 donec
1243 1465 1330 1494 nacio

427 1516 554 1545 firmiter
569 1516 673 1551 sciret,
691 1526 729 1544 an
745 1522 828 1544 esset
843 1515 890 1544 sui
909 1525 945 1544 an
959 1525 1031 1543 non.

469 1565 541 1594 Item
560 1566 642 1604 quod
664 1575 741 1594 uxor
758 1565 832 1594 dicti
850 1564 1039 1594 Coenraerdi
1054 1573 1188 1603 pannum
1207 1563 1330 1592 funera-

428 1614 485 1643 lem
504 1624 559 1653 per
575 1615 804 1644 Coenraerdum
823 1623 918 1652 super
937 1623 1064 1652 parvum
1083 1619 1207 1652 pontem
1226 1622 1282 1651 pro
1302 1612 1329 1641 ll

428 1663 540 1692 francis
562 1663 740 1702 obligatum,
764 1663 816 1701 qui
837 1662 897 1691 sibi
911 1662 960 1692 vel
981 1672 996 1690 a
1012 1662 1139 1691 nacione
1154 1662 1234 1691 vela
1253 1671 1329 1701 pro-

427 1712 526 1740 vincia
553 1712 731 1740 Alamannie
768 1718 855 1740 erant
893 1711 1043 1750 persoluti
1080 1721 1135 1750 per
1170 1711 1328 1740 nacionem

427 1760 625 1800 Anglicanam
642 1767 671 1790 et
687 1761 877 1800 provinciam
897 1760 1086 1795 Alamannie,
1109 1760 1259 1789 redimere
1275 1770 1329 1789 sua

426 1810 557 1848 pecunia
587 1810 713 1848 propria
740 1816 902 1849 cogeretur
932 1815 961 1838 et
985 1810 1022 1838 ad
1054 1819 1141 1838 usum
1178 1809 1328 1838 dictorum

427 1859 568 1893 duorum,
592 1859 689 1887 donec
715 1859 847 1887 sciretur
880 1857 965 1897 cujus
994 1858 1087 1897 panni
1115 1864 1230 1892 essent,
1270 1868 1329 1887 una

427 1917 493 1935 cum
518 1917 619 1946 panno
639 1917 655 1935 a
674 1907 794 1936 bedello
818 1907 956 1936 Johanne
978 1907 1116 1936 nacionis
1138 1907 1274 1946 predicte
1298 1907 1328 1935 in

427 1966 515 1985 manu
532 1966 640 1985 secura
654 1962 834 1995 poneretur.

468 2004 541 2033 Item
565 2015 743 2033 concessum
765 2011 830 2033 erat
846 2006 929 2044 quod
945 2005 1084 2044 magistri
1100 2005 1237 2034 nacionis
1255 2015 1328 2044 pre-

427 2053 506 2081 dicte
535 2053 587 2091 qui
614 2053 756 2082 continue
778 2063 834 2092 per
855 2063 966 2082 annum
990 2053 1104 2082 vellent
1125 2053 1239 2093 legere,
1271 2064 1327 2092 pro

427 2101 544 2130 meliori
570 2102 635 2130 soro
661 2110 723 2141 quo
748 2108 877 2141 possent
899 2112 959 2131 una
989 2112 1056 2131 cum
1078 2102 1202 2131 vbedello
1227 2103 1327 2131 scolas

427 2151 644 2179 conducerent.

466 2199 539 2227 Item
563 2199 747 2238 supplicavit
770 2199 927 2229 ,Iohannes
952 2201 989 2228 de
1015 2199 1160 2229 Treveris
1188 2200 1326 2230 bedellus

426 2248 600 2286 supradicte
624 2249 761 2277 nacionis
782 2249 898 2277 electus
919 2255 948 2277 et
960 2247 1082 2288 juratus
1100 2255 1250 2288 quatenus
1267 2250 1327 2278 sibi

426 2296 513 2324 litera
528 2297 564 2325 de
581 2297 638 2325 hoc
655 2298 737 2336 quod
753 2303 835 2326 esset
853 2297 992 2326 bedellus
1008 2309 1024 2325 a
1043 2298 1171 2327 nacione
1191 2299 1327 2337 predicta

425 2351 625 2383 prestaretur,
643 2356 701 2384 que
716 2346 905 2385 supplicacio
924 2356 940 2374 a
956 2346 1094 2385 quolibet
1109 2347 1326 2386 magistrorum

426 2400 490 2422 erat
505 2404 662 2423 concessa.

467 2443 540 2470 Item
564 2453 642 2471 anno
659 2453 720 2482 quo
739 2454 843 2482 supra,
863 2445 911 2473 13⁰
929 2444 989 2472 kal.
1010 2443 1142 2483 Augusti
1152 2444 1162 2462 ’ἱ
1180 2445 1327 2484 magister

427 2491 620 2520 Hermannus
635 2493 672 2520 de
691 2492 823 2521 Saxonia
836 2499 979 2531 receptor
992 2493 1091 2532 ipsius
1109 2494 1252 2532 exposuit
1269 2504 1326 2533 pro

426 2539 561 2568 candeliS
593 2547 622 2568 et
645 2551 702 2579 pro
726 2541 931 2570 servientibus
955 2543 992 2570 ad
1013 2543 1187 2581 exsequias,
1216 2543 1260 2571 sic
1289 2544 1326 2571 ad

426 2598 516 2616 unum
540 2588 583 2617 sic
602 2590 638 2617 ad
661 2589 753 2624 aliud,
776 2590 802 2619 ll
824 2590 919 2619 libras
943 2591 1036 2629 paris.
1061 2597 1090 2619 et
1111 2591 1151 2619 IX
1169 2592 1324 2620 denarios.

466 2637 536 2675 (Is'ol.
566 2637 639 2677 491²)
658 2638 731 2667 Item
748 2649 827 2668 anno
842 2639 965 2668 Domini
982 2650 1042 2678 quo
1058 2650 1152 2678 supra
1164 2640 1241 2669 facta
1257 2651 1326 2669 con-

425 2685 610 2724 gregacione
637 2687 775 2716 nacionis
801 2689 883 2726 apud
908 2688 1051 2717 Sanctum
1074 2689 1227 2717 Julianum
1250 2700 1326 2728 pau-

427 2744 540 2772 perem,
559 2735 644 2763 nacio
658 2736 741 2764 dedit
751 2737 913 2775 deputatos
925 2738 961 2765 ad
974 2737 1156 2766 audiendum
1169 2738 1325 2767 mulierem

457 2821 478 2843 1.
513 2823 540 2843 22
553 2822 622 2845 lulis.
643 2825 687 2846 Ass.
704 2824 722 2846 ll
740 2824 790 2847 kat.

456 2857 478 2878 2.
512 2858 540 2879 22
555 2857 625 2881 Julii.

456 2892 478 2914 3.
511 2893 530 2914 I.
546 2901 566 2915 e.
581 2894 752 2924 congregacio
767 2895 891 2918 nacionis.

457 2927 478 2950 4.
513 2928 541 2950 20
552 2927 620 2951 Julii,
883 2933 885 2935 ’

1372 929 1405 954 10

1371 1174 1404 1199 15

1369 1419 1402 1445 20

1367 1665 1400 1691 25

1366 1911 1399 1936 30

1365 2157 1398 2182 35

1364 2402 1397 2427 40

1363 2646 1397 2672 45

1445 483 1559 512 ibidem
1577 483 1614 512 ad
1632 483 1776 522 placitum
1799 493 1900 512 coram
1919 489 2039 512 rectore
2058 482 2277 513 Universitatis
2295 493 2352 523 pro

1444 538 1515 562 tunc
1526 533 1645 561 citatam
1654 533 1685 561 5⁰
1696 531 1756 561 kal.
1767 531 1901 572 Augusti
1910 531 1934 567 ³,
1948 532 2128 572 magistrum
2143 532 2352 563 Hermannum

1445 582 1483 610 de
1504 581 1647 620 Saxonya
1664 587 1695 610 et
1714 581 1895 621 magistrum
1913 581 2082 610 Johannem
2098 581 2182 611 Neve
2204 591 2264 611 una
2283 592 2351 612 cum

1444 636 1647 670 procuratore
1671 629 1811 659 nacionis
1838 630 1990 670 predicte,
2018 636 2048 659 et
2070 630 2235 670 proposuit
2263 631 2353 660 nacio

1444 679 1565 708 mulieri
1598 679 1680 718 quod
1719 679 1825 719 virga,
1856 689 1946 719 quam
1982 679 2182 709 Coenrardus
2211 680 2353 719 predicte

1445 728 1584 757 nacionis
1602 727 1742 757 bedellus
1764 729 1835 758 dum
1853 728 1930 758 vixit
1949 728 2109 764 habuerat,
2131 729 2168 758 ad
2190 729 2352 758 nacionem

1444 777 1613 816 predictam
1634 777 1732 816 ipsam
1750 777 1869 806 scilicet
1885 777 2070 817 pertineret,
2089 787 2147 817 pro
2165 787 2226 817 quo
2241 777 2353 807 mulier

1443 826 1552 855 levatis
1574 826 1682 865 digitis
1699 826 1797 855 voluit
1815 825 1937 866 jurare,
1961 827 2016 856 sed
2040 826 2128 856 nacio
2148 837 2210 856 non
2240 832 2352 857 curans

1443 876 1481 904 de
1500 874 1565 914 ejus
1574 874 1749 914 juramento
1767 881 1930 915 postquam
1947 875 2074 915 incepit,
2089 875 2117 905 ei
2133 875 2250 905 dimisit
2265 875 2352 916 jura-

1443 931 1589 953 mentum.
1608 924 1683 953 Item
1700 924 1732 953 2⁰
1750 924 1915 964 proposuit
1931 925 2014 964 quod
2030 923 2229 954 Coenrardus
2244 925 2352 965 predi-

1443 979 1511 1002 ctus
1539 983 1633 1002 unum
1659 983 1795 1012 pannum
1826 973 1993 1003 suneralem
2020 974 2070 1003 vel
2097 974 2134 1003 ad
2160 974 2351 1013 provinciam

1443 1021 1633 1061 Alemannye
1655 1022 1859 1061 pertinentem
1876 1022 1926 1052 vel
1943 1023 1981 1052 ad
1999 1023 2159 1052 nacionem
2177 1033 2236 1062 pro
2256 1033 2351 1062 pecu-

1442 1071 1493 1100 nia
1514 1071 1721 1106 candelarum,
1749 1081 1839 1111 quam
1865 1071 2082 1102 Coenraerdus
2108 1083 2123 1101 a
2149 1078 2351 1112 procuratore

1438 1121 1601 1159 *provincie
1625 1120 1674 1150 vel
1696 1131 1713 1149 a
1737 1127 1899 1160 receptore
1927 1121 2067 1150 nacionis
2095 1121 2244 1161 integram
2271 1121 2352 1151 leva-

1442 1176 1537 1198 verat.
1570 1170 1793 1209 Respondebat
1823 1169 1933 1199 mulier
1963 1171 2046 1209 quod
2080 1170 2195 1199 dictum
2215 1179 2350 1210 pannum

1441 1228 1500 1258 pro
1515 1219 1562 1247 2¹¹³
1577 1219 1690 1248 francis
1709 1219 1878 1258 obligatum
1892 1219 2025 1248 libenter
2041 1219 2194 1248 redimere
2209 1219 2302 1248 vellet
2312 1219 2350 1248 ad

1441 1277 1530 1297 usum
1546 1268 1685 1297 nacionis
1701 1274 1753 1297 aut
1768 1268 1938 1307 provincie.

1482 1317 1557 1346 Item
1567 1316 1579 1334 θ
1596 1318 1673 1346 facta
1688 1317 1935 1357 congregacione
1950 1317 2090 1346 nacionis
2107 1318 2189 1357 apud
2205 1317 2350 1347 Sanctum

1441 1366 1619 1395 Metelinum
1655 1367 1693 1395 ad
1729 1366 1914 1396 audiendum
1953 1373 2128 1406 computum
2163 1367 2348 1406 receptoris,

1440 1425 1520 1444 anno
1531 1415 1655 1444 Domini
1667 1416 1756 1445 1363ο
1771 1415 1888 1445 mensis
1903 1415 2036 1455 Augusti
2049 1416 2098 1445 die
2111 1415 2176 1451 V1²‚
2189 1422 2350 1455 computa-

1439 1464 1483 1494 vit
1496 1464 1640 1493 dominus
1654 1471 1798 1504 receptor
1814 1465 1962 1505 magister
1980 1464 2177 1494 Hermannus
2193 1465 2230 1494 de
2249 1464 2348 1494 Saxo-

1439 1513 1501 1549 nia,
1528 1514 1582 1553 qui
1606 1514 1750 1543 omnibus
1780 1514 1964 1554 computatis
1993 1514 2164 1553 permansit
2193 1513 2349 1554 obligatus

1439 1562 1562 1592 nacioni
1582 1563 1614 1592 in
1636 1562 1664 1592 11
1682 1562 1783 1598 libris,
1803 1563 1861 1592 XII
1879 1563 1989 1592 solidis
2010 1569 2040 1592 et
2062 1562 2134 1592 VIII
2155 1563 2302 1599 denariis,
2318 1569 2350 1593 et

1439 1611 1495 1640 suit
1509 1611 1575 1651 ejus
1591 1618 1752 1651 compotus
1765 1613 1965 1651 approbatus.

1480 1661 1554 1690 Item
1583 1661 1655 1690 emit
1688 1661 1830 1691 dominus
1866 1668 2010 1700 receptor
2044 1661 2202 1700 predictus
2234 1661 2283 1691 die
2321 1660 2348 1690 V

1439 1710 1555 1739 mensis
1569 1710 1702 1749 predicti
1725 1710 1950 1750 quinquaginta
1966 1709 2097 1749 anipos⁷
2113 1720 2170 1749 pro
2190 1710 2251 1739 3¹³³·
2271 1710 2349 1740 soli-

1439 1759 1499 1794 dis,
1521 1759 1558 1787 de
1578 1760 1691 1798 quibus
1711 1759 1898 1799 computavit
1917 1759 2039 1788 nacioni
2060 1759 2091 1788 in
2114 1759 2347 1798 computacione

1438 1808 1612 1837 immediate
1630 1809 1815 1848 precedente
1829 1809 1866 1838 ad
1882 1818 1971 1838 usum
1987 1815 2148 1848 compotus
2163 1808 2316 1838 nacionis.

1479 1857 1554 1886 Item
1578 1857 1633 1887 suit
1655 1858 1855 1887 deliberatum
1883 1857 1914 1886 in
1944 1857 2066 1886 natione
2094 1857 2178 1896 quod
2203 1863 2348 1897 receptor

1437 1916 1497 1935 una
1530 1917 1597 1935 cum
1628 1913 1828 1945 procuratore
1859 1913 1996 1936 emerent
2023 1906 2142 1946 virgam
2173 1906 2346 1936 Coenrardi

1437 1955 1550 1984 bedelli
1577 1956 1689 1985 mortui
1715 1956 1753 1985 ad
1779 1966 1868 1985 usum
1893 1955 2034 1984 nacionis
2060 1955 2198 1995 predicte
2223 1955 2273 1985 die
2292 1955 2347 1985 illo

1438 2004 1557 2033 scilicet
1573 2015 1635 2043 quo
1653 2005 1840 2044 computavit
1858 2004 2001 2034 dominus
2018 2010 2173 2043 receptor.

1478 2053 1552 2083 Item
1563 2054 1682 2093 recepit
1694 2053 1837 2083 dominus
1850 2060 1994 2093 receptor
2004 2059 2076 2082 tunc
2090 2063 2126 2082 ex
2140 2053 2231 2082 archa
2243 2053 2346 2082 nacio-

1437 2102 1485 2132 nis
1511 2104 1548 2132 de
1570 2102 1699 2132 licencia
1719 2102 1859 2132 nacionis
1880 2113 1972 2132 unum
1997 2108 2115 2132 scutum
2138 2102 2295 2142 antiquum
2316 2108 2347 2132 et

1436 2162 1528 2181 unum
1551 2151 1710 2187 florenum,
1735 2158 1765 2181 et
1789 2158 2005 2181 remanserunt
2031 2150 2062 2180 in
2086 2151 2179 2180 archa
2205 2150 2346 2181 nacionis

1437 2202 1497 2230 duo
1516 2207 1602 2230 scuta
1616 2201 1751 2240 antiqua.

1477 2250 1551 2279 Item
1583 2251 1690 2279 eodem
1717 2250 1766 2279 die
1795 2249 1916 2289 posita⁸
1945 2256 2011 2279 erat
2041 2249 2130 2279 litera
2161 2250 2199 2278 ad
2222 2249 2344 2278 archam

1436 2299 1575 2328 nacionis
1598 2298 1732 2338 sigillata
1755 2298 1859 2338 sigillo
1882 2298 2033 2334 officialis,
2059 2298 2091 2327 in
2114 2308 2174 2337 qua
2196 2297 2346 2338 magister

1436 2347 1601 2377 Thotrieus
1623 2348 1661 2377 de
1687 2347 1851 2376 Hollandia
1873 2358 1906 2377 se
1928 2347 2120 2387 obligaverat
2137 2348 2248 2376 bursas
2272 2356 2344 2376 suas

1435 2396 1557 2426 nacioni
1576 2407 1609 2425 se
1623 2397 1805 2432 soluturum,
1826 2406 1893 2426 cum
1907 2397 1944 2425 de
1960 2396 2109 2426 beneficio
2124 2396 2173 2425 vel
2187 2396 2225 2424 de
2241 2395 2345 2435 aliquo

1435 2446 1495 2475 alio
1506 2446 1587 2475 bono
1603 2451 1654 2474 aut
1669 2445 1823 2484 aliquibus
1839 2445 1908 2475 aliis
1924 2445 2015 2474 bonis
2033 2445 2146 2474 habere
2159 2450 2278 2484 posset.

1476 2494 1550 2523 Item
1567 2505 1646 2523 anno
1665 2504 1725 2533 quo
1744 2504 1839 2533 supra
1853 2496 1926 2523 emit
1940 2493 2028 2523 nacio
2043 2493 2215 2534 Anglicana
2226 2493 2344 2532 virgam

1435 2543 1547 2572 bedelli
1577 2543 1688 2572 mortui
1722 2550 1828 2572 contra
1866 2553 1992 2572 uxorem
2025 2541 2091 2582 ejus
2125 2542 2262 2571 relictam
2294 2541 2344 2571 die

1434 2592 1533 2621 V111v2
1546 2592 1662 2621 mensis
1676 2592 1811 2632 Augusti
1830 2602 1887 2631 pro
1902 2591 1961 2621 1111
1981 2591 2106 2620 francis.

1476 2641 1550 2670 Item
1564 2651 1621 2680 pro
1637 2647 1710 2671 tunc
1724 2642 1897 2680 ponebatur
1912 2641 2001 2670 litera
2016 2640 2154 2670 officialis
2168 2641 2206 2669 ad
2221 2639 2343 2668 archam

1435 2690 1585 2725 nacionis,
1606 2691 1636 2719 in
1652 2701 1712 2730 qua
1730 2690 1878 2730 magister
1893 2688 2106 2719 Theodoricus
2122 2690 2159 2718 de
2178 2688 2344 2718 Hollandia

1435 2739 1584 2778 obligavit
1602 2750 1634 2768 se
1651 2739 1772 2768 nacioni
1787 2739 1959 2768 soluturum
1973 2740 2084 2767 bursas
2099 2748 2181 2767 suas.

1466 2828 1488 2849 5.
1524 2828 1552 2849 28
1565 2827 1634 2849 Julii.

1466 2864 1489 2884 6.
1525 2863 1578 2893 Que
1591 2865 1730 2893 sequuntur
1743 2862 1796 2885 alio
1811 2862 1968 2885 vhmactere.

1466 2898 1487 2919 7.
1523 2898 1541 2919 Ι.
1556 2906 1577 2920 e.
1590 2898 1717 2928 hanupos.

1466 2934 1488 2957 8.
1523 2934 1570 2956 Ms.
1585 2934 1695 2963 positus.
