2632 3464
293 441 346 467 505

331 516 406 546 ltem
434 517 512 546 facta
533 516 590 546 fuit
617 516 824 557 congregacio
851 515 991 545 nacionis
1013 515 1197 556 Anglicane,

292 565 399 604 quinta
415 565 465 594 die
480 566 597 595 mensis
614 565 772 600 Octobris,
793 575 853 605 que
873 565 929 594 fuit
947 564 1083 594 crastina
1100 564 1198 594 sancti

291 613 461 649 Francisci,
484 615 567 654 apud
585 613 802 644 predicatores
824 613 856 643 in
875 614 966 643 domo
983 613 1145 653 capitulari
1161 613 1199 643 ad

292 663 540 702 supplicandum,
551 669 581 692 et
596 669 683 693 erant
692 669 824 702 quatuor
838 662 1062 702 supplicantes,
1079 662 1201 692 scilicet

290 711 440 751 magister
471 712 626 742 Henricus
659 711 828 752 Langhals,
857 711 1006 751 magister
1037 711 1130 751 Hugo
1160 712 1199 741 de

290 759 453 796 Hervorst,
471 761 619 802 magister
630 760 787 791 ¹lohannes
801 759 864 790 Coc
879 766 910 790 et
923 760 1073 800 magister
1085 760 1198 790 Johan-

290 820 346 839 nes
359 809 626 840 Mfinchemannus
640 810 678 839 de
698 809 872 849 Maguncia.
891 809 997 839 Primo
1012 809 1200 850 supplicavit

289 859 438 899 magister
464 858 620 889 Henricus
647 858 815 898 Langhals‚
847 868 915 888 cum
937 865 1067 898 propter
1090 869 1199 888 causas

289 908 440 948 speciales
462 913 547 938 esset
560 908 660 938 iturus
679 908 718 937 ad
734 914 839 947 partes
857 913 888 937 et
904 917 984 943 cum,
1003 914 1038 938 ut
1052 907 1197 943 asseruit,

288 963 373 986 esset
389 957 421 986 in
441 956 528 986 brevi
547 956 696 996 Parysius
714 966 898 987 reversurus
915 957 1046 986 colendo
1064 957 1199 986 studium

289 1015 378 1035 suum
394 1006 474 1036 sicut
489 1005 636 1036 hactenus
648 1005 730 1041 fecit,
742 1007 826 1046 quod
839 1006 866 1035 si
881 1006 1076 1046 contingeret
1088 1015 1199 1046 papam

288 1055 367 1084 mori
391 1061 421 1084 et
447 1054 582 1084 rotulum
602 1055 641 1084 ad
666 1054 782 1084 curiam
806 1055 967 1090 destinari,
994 1055 1077 1095 quod
1093 1061 1200 1095 posset

289 1103 451 1133 inrotulari
475 1110 619 1143 tanquam
644 1113 775 1143 presens
783 1115 791 1139 ;
813 1102 900 1144 cujus
921 1104 1113 1144 supplicacio
1134 1111 1200 1134 erat

287 1162 437 1182 concessa
451 1153 621 1182 secundum
637 1153 720 1192 quod
735 1153 824 1182 nacio
838 1159 960 1192 poterat
975 1154 1156 1183 concedere.

327 1202 360 1231 2⁰
385 1201 538 1242 Magister
567 1201 659 1242 Hugo
686 1202 724 1232 de
748 1201 902 1232 Hervorst
930 1202 1117 1242 supplicavit
1140 1212 1198 1242 pro

288 1251 489 1291 reparacione
511 1260 635 1280 suarum
660 1251 828 1287 scolarum,
848 1261 925 1291 quas
950 1252 1010 1281 sibi
1035 1252 1124 1281 nacio
1142 1261 1199 1291 per

288 1309 400 1329 annum
430 1299 596 1330 concessit.
621 1299 661 1330 Et
687 1310 782 1340 super
807 1299 868 1330 hiis
892 1300 981 1330 nacio
1002 1301 1196 1337 deliberavit,

287 1358 355 1378 cum
370 1348 459 1378 nacio
479 1355 586 1378 nostra
603 1358 692 1378 usum
717 1355 747 1379 et
770 1349 993 1389 proprietatem
1019 1349 1148 1380 haberet
1166 1350 1198 1380 in

287 1397 350 1427 illis
377 1397 484 1436 scolis,
515 1397 703 1428 racionabile
724 1403 790 1427 erat
818 1407 904 1427 suam
934 1398 1197 1438 supplicacionem

289 1447 471 1476 concedere.

327 1495 478 1536 Magister
494 1495 651 1526 lohannes
667 1495 732 1527 Coc
746 1496 778 1525 3ο
792 1496 980 1536 supplicavit
993 1505 1052 1537 pro
1069 1506 1197 1537 repara-

288 1544 376 1574 cione
395 1554 519 1574 suarum
543 1544 713 1581 scolarum,
734 1555 811 1584 quas
829 1545 890 1574 sibi
912 1545 1001 1575 nacio
1028 1546 1194 1576 concessit.

288 1593 390 1633 Super
404 1603 465 1633 qua
481 1593 571 1623 nacio
593 1593 786 1630 deliberavit,
804 1604 872 1624 cum
894 1604 956 1624 non
974 1594 1103 1624 haberet
1119 1605 1197 1635 pro-

286 1643 448 1683 prietatem
462 1642 495 1672 in
510 1642 573 1673 illis
590 1642 697 1678 scolis,
713 1643 768 1673 sed
784 1643 883 1673 solum
899 1653 1000 1679 usum,
1019 1645 1102 1684 quod
1119 1654 1197 1684 pro-

286 1691 453 1731 prietarius
476 1697 561 1721 esset
582 1692 743 1722 adeundus
760 1698 790 1722 et
814 1693 942 1722 deberet
962 1693 1093 1732 requiri,
1113 1693 1197 1733 quod

286 1740 400 1770 faceret
418 1739 520 1770 scolas
535 1741 720 1776 restaurari,
737 1747 768 1771 et
782 1740 810 1771 si
825 1747 969 1782 negaret,
985 1742 1073 1772 fieret
1088 1748 1196 1782 prote-

286 1789 384 1819 stacio
412 1795 521 1819 contra
546 1799 615 1820 eum
641 1795 672 1819 et
700 1790 866 1820 doceretur
889 1801 970 1827 eum,
999 1792 1082 1831 quod
1113 1798 1198 1822 esset

286 1838 496 1868 necessarium
506 1838 609 1868 scolas
624 1837 693 1868 illas
708 1848 865 1878 reparare,
883 1839 910 1869 si
922 1839 1036 1880 aliquis
1049 1840 1197 1880 magister

285 1887 319 1916 in
339 1887 385 1917 eis
403 1887 531 1917 deberet
549 1897 670 1928 regere,
688 1894 718 1917 et
733 1894 806 1918 tunc
820 1889 909 1918 nacio
927 1887 998 1928 jure
1014 1889 1192 1929 inquilinii⁴

286 1936 400 1965 faceret
413 1945 466 1966 eas
483 1937 650 1966 restaurari
666 1937 724 1966 sub
741 1938 888 1977 expensis
904 1937 1036 1977 predicti
1049 1939 1196 1978 proprie-

287 1985 369 2020 tarii,
396 1984 576 2014 defalcando
600 1985 660 2015 sibi
686 1992 802 2016 tantum
829 1987 867 2016 de
896 1986 1018 2028 locagio
1050 1994 1196 2028 quantum

287 2033 477 2063 restauracio
491 2033 644 2064 scolarum
661 2035 900 2066 deconstaverit.

326 2081 442 2112 Ultimo
454 2082 642 2122 supplicavit
651 2084 800 2124 magister
808 2084 965 2115 ¹lohannes
976 2084 1195 2115 Mfincheman-

286 2141 345 2161 nus
358 2131 396 2160 de
410 2131 574 2171 Maguncia
588 2133 683 2171 quod,
694 2142 762 2162 cum
778 2143 839 2163 non
851 2133 952 2173 potuit
965 2133 1078 2164 habere
1094 2135 1195 2164 scolas

285 2180 318 2210 in
345 2180 414 2210 vico
442 2180 640 2217 straminum,
664 2181 732 2221 ipse
759 2181 908 2212 conduxit
925 2184 1029 2212 aulam
1052 2184 1083 2213 in
1103 2185 1195 2214 domo

285 2229 514 2259 barbitonsoris
535 2239 592 2269 per
607 2239 720 2260 annum
740 2237 781 2267 et,
799 2241 867 2261 cum
884 2241 946 2261 non
964 2238 1047 2262 esset
1064 2232 1107 2262 ibi
1124 2233 1195 2273 pul-

286 2278 370 2318 pitus
383 2287 441 2307 nec
456 2277 613 2314 cathedra,
629 2279 712 2319 quod
730 2279 820 2309 nacio
837 2280 898 2310 sibi
916 2281 1075 2311 ordinaret
1088 2282 1195 2322 pulpi-

286 2333 349 2357 tum
365 2333 395 2357 et
410 2326 598 2357 cathedram.
618 2327 721 2367 Super
741 2338 802 2368 qua
818 2329 906 2359 nacio
924 2336 1032 2360 nostra
1055 2331 1195 2370 predicta

285 2376 469 2406 deliberavit
481 2377 565 2416 quod
579 2387 641 2407 non
659 2384 743 2408 esset
757 2378 853 2408 moris
869 2378 1043 2409 cathedram
1058 2387 1110 2410 aut
1123 2381 1194 2420 pul-

285 2425 382 2464 pitum
397 2425 578 2466 regentibus
591 2432 678 2456 extra
689 2427 789 2457 vicum
806 2427 932 2457 concedi
948 2438 1006 2468 per
1019 2429 1192 2466 nacionem,

286 2474 343 2503 sed
360 2473 458 2504 solum
478 2480 636 2505 teneretur
650 2475 772 2506 solvere
789 2476 940 2516 locagium
955 2477 1034 2514 aule,
1051 2483 1081 2507 et
1094 2479 1195 2519 magi-

285 2528 351 2552 ster
375 2532 489 2563 regens
511 2523 571 2553 sibi
595 2524 633 2554 de
655 2523 725 2554 aliis
746 2525 933 2555 necessariis
955 2526 1135 2566 providere,
1164 2534 1195 2558 et

285 2581 348 2602 non
365 2581 464 2602 nacto.

325 2620 398 2660 (Fal.
430 2620 488 2661 3¹³)
518 2621 592 2652 Item
625 2622 702 2652 sacta
731 2623 788 2652 suit
817 2623 1024 2664 congregacio
1053 2625 1193 2655 nacionis

284 2668 403 2699 decima
427 2669 478 2700 die
508 2671 624 2701 mensis
653 2670 811 2708 Octobris,
846 2682 906 2712 que
939 2673 995 2703 suit
1025 2674 1192 2704 crastinum

286 2718 384 2748 sancti
403 2718 560 2758 Dyonisii,
586 2721 667 2760 apud
686 2719 831 2751 Sanctum
849 2721 1004 2752 «lulianum
1027 2732 1193 2763 pauperem

286 2766 319 2796 in
342 2766 451 2806 primis
475 2767 588 2798 Nostre
611 2768 754 2805 Domine,
770 2770 894 2810 quando
914 2770 970 2801 fuit
986 2772 1194 2812 congregacio

291 2815 440 2846 facultatis
464 2826 522 2857 pro
548 2817 697 2848 electione
719 2819 862 2856 rectoris,
883 2820 920 2849 ad
944 2820 1191 2861 supplicandum.

317 2934 339 2958 1.
371 2935 418 2958 Mn.
432 2933 568 2961 ineolunii.

319 2969 342 2992 2.
377 2971 449 3002 Qua·
459 2970 514 2995 dien
532 2971 661 2996 dominica
673 2973 732 3004 suit.

798 440 911 466 LIBER
933 439 1246 466 PROCURATORUM
1266 439 1446 466 NATIONIS
1465 439 1711 466 ANGLICANAE

1254 715 1271 742 5

1237 961 1271 988 10

1236 1207 1269 1233 15

1234 1452 1268 1478 20

1233 1697 1267 1724 25

1232 1943 1267 1970 30

1232 2189 1266 2216 35

1231 2434 1265 2461 40

1231 2678 1265 2705 45

2167 442 2219 469 506

1308 515 1349 545 Et
1362 516 1548 556 supplicavit
1560 516 1709 556 magister
1719 517 1876 546 Johannes
1894 518 1932 546 de
1947 518 2079 554 straden,
2099 529 2166 548 cum
2181 520 2219 549 de

1309 565 1400 601 sacto,
1419 566 1503 604 quod
1524 565 1605 595 inter
1625 566 1727 605 ipsum
1744 566 1875 596 vertitur
1902 573 1931 595 et
1951 567 2101 596 scolarem
2120 578 2219 607 quen-

1308 614 1376 643 dam
1408 614 1532 643 nomine
1563 613 1744 650 Henricum,
1781 615 1869 644 nacio
1907 615 2130 646 Pickardorum
2168 624 2220 647 aut

1308 663 1415 693 saltem
1430 663 1533 703 aliqua
1547 663 1630 693 illius
1641 664 1780 693 nacionis
1797 664 1960 703 supposita
1975 674 2008 694 se
2020 666 2058 694 de
2072 665 2125 694 illo
2140 666 2219 696 sacto

1307 712 1558 748 intromitterent,
1570 713 1703 742 favorem
1712 713 1857 742 auxilium
1866 719 1897 743 et
1906 713 2070 743 consilium
2079 715 2220 753 predicto

1309 760 1446 790 Henrico
1461 762 1632 801 prebendo,
1654 767 1806 801 quatenus
1821 762 1910 791 nacio
1925 769 2032 792 nostra
2050 765 2218 793 secundum

1307 809 1384 840 illud
1400 816 1546 840 statutum
1559 821 1565 839 ε
1579 822 1592 838 α
1606 810 1633 839 si
1650 810 1811 850 contingat
1825 810 1915 841 alicui
1931 812 2051 851 regenti
2065 811 2218 851 injuriari,

1308 865 1455 899 quantum
1472 859 1641 889 secundum
1659 859 1770 895 Deum,
1789 872 1803 888 »
1823 866 1895 896 etc„
1911 860 2006 891 vellet
2027 861 2100 890 dare
2120 862 2219 901 depu-

1307 914 1388 938 tatos
1405 908 1458 948 qui
1476 908 1626 938 haberent
1644 910 1791 939 accedere
1813 909 1974 939 nacionem
1994 910 2217 940 Pickardorum

1308 963 1359 987 aut
1384 958 1548 997 supposita
1567 968 1635 987 eum
1658 959 1807 994 fovencia,
1825 959 2029 998 supplicando
2050 959 2107 995 eis,
2135 961 2218 999 quod

1309 1016 1365 1036 nec
1379 1007 1495 1036 directe
1511 1017 1567 1036 nec
1582 1007 1732 1037 indirecte
1748 1018 1805 1037 nec
1820 1008 1943 1047 publice
1955 1018 2012 1038 nec
2027 1008 2218 1038 clandestine

1309 1065 1377 1085 eum
1392 1062 1499 1085 contra
1512 1056 1694 1096 magistrum
1712 1056 1883 1086 ,Iohannem
1898 1058 2049 1096 prefatum
2067 1057 2099 1086 in
2114 1058 2218 1097 aliquo

1309 1104 1478 1145 dignentur
1494 1105 1609 1141 fovere,
1627 1106 1710 1145 quod
1725 1106 1757 1134 in
1771 1106 1819 1135 sui
1837 1105 1966 1135 honoris
1979 1107 2217 1146 derogacionem

1308 1160 1400 1194 queat
1409 1154 1519 1184 cedere
1530 1154 1634 1194 aliquo
1649 1155 1752 1184 modo.

1348 1203 1423 1232 Item
1447 1203 1630 1233 duodecima
1645 1203 1696 1233 die
1720 1203 1837 1234 mensis
1862 1203 2034 1234 Octobris²
2058 1205 2136 1234 saeta
2162 1205 2218 1235 suit

1307 1252 1514 1292 congregacio
1530 1252 1671 1282 nacionis
1685 1253 1767 1292 apud
1781 1253 1998 1283 Predicatores
2011 1261 2083 1293 post
2098 1264 2218 1284 sermo-

1306 1311 1375 1330 nem
1395 1301 1614 1331 Universitatis
1630 1301 1662 1331 in
1683 1302 1775 1331 domo
1794 1302 1955 1342 capitulari
1976 1303 2013 1332 ad
2031 1303 2217 1333 audiendum

1307 1361 1384 1380 nova
1403 1351 1441 1380 de
1457 1351 1570 1380 nuncio
1585 1351 1725 1380 nacionis
1741 1351 1896 1381 destinato
1914 1352 1952 1381 ad
1970 1352 2086 1381 curiam
2102 1353 2217 1382 Roma-

1306 1410 1386 1436 nam,
1411 1406 1441 1429 et
1462 1401 1502 1429 ad
1525 1400 1774 1440 supplicandum.
1797 1400 1837 1430 Et
1862 1401 2048 1440 supplicavit
2071 1402 2218 1442 magister

1306 1449 1463 1478 Johannes
1481 1449 1630 1478 Lubberti
1650 1449 1688 1478 de
1707 1449 1874 1479 Davantria
1889 1456 2052 1489 quatenus,
2070 1460 2137 1480 cum
2155 1461 2217 1480 non

1306 1498 1407 1538 potuit
1430 1497 1544 1528 habere
1558 1498 1659 1528 scolas
1674 1498 1706 1527 in
1729 1498 1799 1528 vico
1821 1498 1985 1528 Straminis
2003 1505 2033 1528 et
2054 1501 2218 1539 oportebat

1306 1557 1374 1577 eum
1397 1557 1518 1587 regere,
1540 1547 1688 1577 conduxit
1709 1549 1813 1576 aulam
1837 1549 1880 1577 ad
1897 1555 1993 1577 rotam
2015 1550 2133 1587 fortune
2159 1559 2216 1589 pro

1306 1595 1401 1626 scolis
1420 1606 1478 1636 pro
1501 1597 1540 1626 56
1557 1596 1679 1632 solidis,
1700 1602 1852 1636 quatenus
1874 1598 1962 1627 nacio
1983 1597 2076 1627 vellet
2095 1598 2217 1628 solvere

1305 1645 1389 1674 illam
1405 1645 1568 1686 pecuniam
1592 1652 1623 1675 et
1644 1655 1769 1676 servare
1789 1655 1858 1676 eum
1881 1646 2087 1686 indempnem.
2116 1647 2217 1687 Super

1306 1704 1368 1734 qua
1395 1694 1626 1734 supplicacione
1654 1695 1744 1724 nacio
1774 1695 1960 1725 deliberavit
1986 1696 2069 1735 quod
2103 1696 2216 1725 habere

1305 1743 1407 1774 scolas
1420 1749 1504 1774 esset
1516 1744 1705 1784 rigorosum,
1715 1745 1770 1774 sed
1786 1744 1908 1774 solvere
1924 1751 2037 1774 tantam
2055 1745 2215 1785 pecuniam

1304 1792 1355 1823 vel
1385 1799 1498 1822 tantam
1527 1799 1612 1822 esset
1640 1793 1828 1833 graciosum,
1861 1800 1892 1823 et
1914 1803 1990 1834 ergo
2019 1795 2216 1824 concorditer

1305 1841 1394 1871 nacio
1409 1851 1467 1882 pro
1481 1842 1580 1881 prima
1592 1848 1692 1882 parte,
1705 1841 1824 1872 scilicet
1839 1843 1923 1882 quod
1941 1842 2089 1873 conduxit
2102 1843 2212 1880 aulam,

1306 1891 1569 1931 supplicacionem
1590 1902 1675 1921 suam
1697 1892 1853 1921 concessit
1861 1904 1869 1928 ς
1897 1898 1927 1921 et
1945 1902 2003 1932 pro
2026 1893 2068 1928 2⁰,
2096 1893 2215 1922 scilicet

1305 1941 1389 1980 quod
1406 1940 1603 1971 solverentur
1623 1941 1668 1970 illi
1686 1942 1724 1971 56
1743 1941 1835 1970 solidi
1856 1951 1912 1980 per
1931 1941 2102 1977 nacionem,
2118 1941 2215 1982 major

1304 1999 1379 2029 pars
1394 1990 1535 2019 nacionis
1547 1990 1713 2025 concessit,
1726 1990 1782 2019 sed
1799 1989 1901 2020 minor
1918 1999 1990 2029 pars
2006 1990 2212 2027 interimebat,

1303 2038 1467 2078 allegando
1485 2039 1568 2078 quod
1583 2049 1645 2068 non
1659 2045 1742 2069 esset
1756 2038 1946 2079 rigorosum.

1345 2087 1420 2117 Item
1448 2088 1649 2118 decimanona
1674 2088 1724 2117 die
1751 2088 1867 2118 mensis
1890 2088 2048 2124 Octobris,
2072 2099 2131 2128 que
2158 2089 2214 2119 suit

1305 2137 1439 2166 crastina
1466 2137 1548 2167 beati
1572 2137 1655 2166 Luce
1674 2137 1887 2177 ewangeliste,
1911 2138 1987 2167 sacta
2011 2138 2066 2167 fuit
2085 2148 2213 2178 congre-

1303 2186 1394 2226 gacio
1407 2186 1547 2215 nacionis
1561 2185 1733 2226 Anglicane
1751 2187 1833 2226 apud
1850 2186 1994 2216 Sanctum
2012 2186 2211 2222 Maturinum,

1304 2235 1428 2275 quando
1444 2234 1558 2264 ibidem
1573 2235 1630 2264 suit
1647 2235 1854 2275 congregacio
1868 2234 2099 2271 Universitatis,
2119 2245 2213 2275 super

1303 2290 1436 2324 quatuor
1453 2283 1602 2313 articulis.
1621 2283 1744 2314 Primus
1763 2290 1828 2313 erat
1844 2284 1882 2313 ad
1904 2284 2088 2313 audiendum
2107 2284 2212 2314 literas

1302 2332 1424 2362 nacioni
1438 2342 1495 2372 per
1509 2331 1654 2362 nuncium
1669 2332 1851 2362 existentem
1863 2333 1989 2363 incuria
2002 2333 2169 2362 destinatas
2183 2339 2213 2362 et

1304 2381 1404 2421 [quid]
1428 2391 1523 2421 super
1551 2381 1705 2411 contentis
1733 2382 1764 2411 in
1790 2382 1906 2412 eisdem
1933 2388 2016 2411 esset
2045 2383 2208 2422 agendum.

1304 2429 1466 2460 Secundus
1483 2436 1549 2460 erat
1567 2431 1605 2460 ad
1622 2430 1827 2460 ordinandum
1848 2432 1885 2460 de
1905 2431 2036 2471 pecunia
2057 2430 2208 2460 nacionis.

1302 2479 1426 2509 Tertius
1437 2485 1504 2508 erat
1515 2480 1554 2508 ad
1566 2479 1771 2509 ordinandum
1786 2481 1824 2509 de
1839 2480 1970 2519 pecunia
1983 2490 2072 2519 quam
2084 2480 2211 2509 deberet

1302 2527 1415 2558 habere
1428 2528 1572 2564 nuncius,
1587 2528 1639 2568 qui
1655 2538 1722 2558 cum
1738 2528 1809 2558 aliis
1822 2529 1975 2568 deputatis
1989 2529 2115 2558 deberet
2125 2528 2210 2557 adire

1302 2587 1418 2617 regem,
1431 2587 1499 2606 cum
1513 2584 1596 2607 esset
1610 2578 1767 2607 decretum
1783 2588 1840 2617 per
1855 2577 2093 2608 Universitatem
2110 2583 2139 2606 et
2154 2586 2211 2616 per

1302 2626 1465 2666 deputatos
1483 2626 1566 2666 quod
1583 2636 1637 2656 rex
1654 2633 1737 2656 esset
1755 2627 1925 2656 adeundus.
1945 2626 2078 2655 Ultimus
2093 2632 2158 2655 erat
2172 2626 2210 2655 ad

1303 2674 1477 2705 habendum
1495 2675 1690 2704 concordiam
1709 2686 1804 2715 super
1819 2675 2049 2715 supplicacione
2069 2674 2210 2714 magistri

1303 2723 1454 2754 «Iohannis
1469 2724 1617 2754 Lubberti
1629 2724 1734 2754 ultima
1752 2725 1801 2754 die
1812 2724 1882 2753 Vll·
1897 2723 2104 2764 precedente³
2121 2725 2208 2760 facta,

1304 2778 1405 2803 utrum
1418 2773 1507 2802 nacio
1522 2773 1649 2803 deberet
1664 2773 1785 2803 solvere
1802 2773 1872 2802 illos
1886 2774 1904 2802 3
1916 2774 2039 2803 francos
2055 2782 2123 2802 cum
2137 2772 2210 2802 Vlll

1304 2821 1425 2852 solidis.

1334 2942 1358 2965 3.
1393 2942 1452 2965 Scit.
1469 2942 1497 2965 12
1509 2941 1595 2966 Oceoh.
