2632 3464
0 2043 6 2075 *v
0 2025 4 2036 v
0 1898 10 2018 v-v--wv
0 1789 10 1879 ‹ww-w
0 1685 11 1770 τηε-
0 1582 17 1676 -qua-v
0 1572 2 1574 ·
0 1538 4 1564 w>

0 2449 7 2528 ‚r--v
0 2294 8 2443 *vw-w-vw-
0 2231 11 2282 ,πη
0 2218 2 2225 7
0 2149 7 2198 m...-
0 2080 5 2135 <nm

906 407 1178 435 MEMORABILIA
1198 407 1284 434 NAT.
1303 407 1551 434 ANGLICANAE
2107 418 2200 436 Lxxvn

267 493 330 523 tur
344 487 504 530 nationi,
520 498 565 522 ea
582 486 710 522 omnia
728 485 1025 522 Universitatem
1044 483 1093 520 de
1108 496 1207 534 papa
1226 485 1398 520 Romano
1407 496 1562 533 quoque
1580 483 1709 520 dicere
1722 484 1904 521 voluisse.
1922 486 2033 521 Natio
2042 485 2195 534 Anglic.

267 557 459 592 recusavit
473 562 679 605 propterea
691 553 859 603 sigillum
879 566 990 589 suum
1002 565 1197 603 apponere
1209 565 1295 589 cum
1307 554 1603 589 «Innocentium
1619 554 1687 590 Vll
1699 567 1830 590 verum
1842 555 2026 590 vicarium
2038 554 2199 595 Christi,

268 638 533 662 successorem
563 625 665 660 Petri
693 637 711 658 ³>
742 630 941 672 reputaret
968 622 1208 672 proindeque
1222 635 1293 658 nec
1314 635 1335 658 a
1353 635 1421 658 sua
1446 621 1505 658 vel
1523 623 1760 659 successoris
1779 624 1838 659 sui
1858 622 2080 659 obedientia
2101 637 2202 659 recc-

269 693 373 739 dere,
396 707 466 731 nec
492 693 540 729 ab
558 692 624 729 illo
648 691 696 729 ad
714 692 930 729 Concilium
948 691 1131 741 generale
1147 691 1342 741 appellare
1358 691 1477 728 vellet
1497 692 1580 738 (937
1598 694 1712 741 sqq.).
1732 693 1970 729 Universitas
1987 705 2078 728 suos
2097 692 2202 742 lega-

269 771 329 800 tos
346 763 395 799 ad
415 764 611 800 nationem
633 762 751 805 misit,
777 763 841 811 qui
863 760 989 798 eidem
1015 768 1302 811 persuaserunt,
1327 761 1366 796 in
1389 760 1553 810 epistola
1580 762 1848 798 Universitatis
1876 761 1971 797 nihil
1996 763 2199 803 contineri,

267 831 370 882 quod
384 833 423 868 in
441 830 719 882 praejudicium
735 830 979 867 obedientiae
993 832 1161 867 nationis
1177 838 1294 873 esset,
1314 843 1384 867 nec
1402 831 1670 867 Universitatis
1684 831 1937 868 intentionem
1952 844 2038 868 esse
2057 832 2199 868 nationi

269 903 307 938 in
327 914 395 938 sua
417 899 640 937 obedientia
669 912 772 935 nunc
795 899 857 936 vel
880 901 918 935 in
948 899 1118 936 futurum
1147 901 1185 936 in
1209 899 1336 949 aliquo
1358 899 1546 948 derogare
1567 900 1664 946 (939,
1697 901 1743 936 28
1764 904 1879 950 sqq.).
1905 902 2016 937 Natio
2043 901 2199 937 tandem

267 977 357 1020 post
375 969 515 1006 multas
539 969 811 1005 altercationes
830 970 1031 1006 consensit
1054 970 1151 1015 (940,
1168 970 1215 1005 22
1234 972 1349 1018 sqq.).

317 1041 510 1087 Quantum
523 1045 699 1087 tempora
714 1045 859 1074 mutata
879 1041 1006 1075 erant!
1020 1039 1091 1074 An.
1117 1039 1210 1074 1379
1227 1039 1465 1075 Universitas
1481 1039 1600 1075 Paris.
1618 1039 1667 1075 ab
1688 1038 1910 1076 obedientia
1928 1041 2089 1076 Romani
2108 1053 2201 1090 pon-

266 1107 380 1145 tificis
396 1107 444 1144 ad
465 1108 776 1144 Avenionensem
800 1107 1021 1157 pontificem
1043 1107 1238 1144 defecerat
1259 1115 1298 1144 et
1318 1109 1513 1144 nationem
1530 1108 1784 1158 Anglicanam
1801 1108 1848 1144 ad
1871 1122 1959 1145 suas
1980 1118 2109 1159 partes
2129 1117 2202 1146 tra-

266 1178 358 1214 here
379 1185 517 1214 conata
537 1184 639 1221 erat3
667 1190 725 1213 an.
755 1177 849 1214 1406
873 1178 1111 1214 Universitas
1135 1178 1253 1213 Paris.
1282 1179 1320 1212 in
1340 1185 1580 1227 perpetuum,
1605 1185 1647 1215 ut
1664 1178 1742 1227 jam
1766 1191 1827 1214 an.
1853 1179 1946 1214 1398
1966 1178 2014 1215 ad
2031 1186 2199 1228 tempus,

267 1247 470 1296 imperium
483 1247 765 1283 Avenionensis
786 1246 981 1296 pontificis
1004 1247 1139 1283 abnuit
1156 1254 1196 1283 et
1211 1246 1258 1282 ad
1278 1246 1351 1283 hoc
1373 1246 1554 1283 auxilium
1570 1248 1737 1284 nationis
1757 1247 1995 1297 Anglicanae
2011 1250 2147 1293 oravit,
2167 1251 2198 1285 ei

267 1315 485 1354 libertatem
500 1315 628 1352 dando
648 1315 813 1352 faciendi
831 1316 922 1366 quid
936 1315 1066 1359 vellet,
1084 1315 1122 1352 id
1138 1324 1211 1359 est,
1228 1323 1269 1352 ut
1285 1317 1458 1352 Romano
1474 1316 1646 1365 pontifici
1663 1316 1901 1354 adhaereret.

316 1454 485 1502 Tempus
505 1459 566 1488 est
591 1451 707 1488 finem
729 1451 792 1488 hic
816 1451 994 1489 faciendi.
1019 1452 1140 1489 Multo
1162 1452 1271 1502 plura
1297 1454 1334 1488 in
1360 1466 1605 1503 quocumque
1624 1454 1794 1504 capitulo
1813 1454 1955 1498 dicere,
1982 1455 2132 1505 aliaque
2153 1456 2202 1493 de

268 1521 377 1557 novis
405 1520 521 1558 rebus
547 1520 690 1558 addere
714 1522 993 1570 potuissemus,
1020 1522 1139 1559 veluti
1163 1522 1358 1572 quomodo
1383 1524 1488 1559 natio
1520 1523 1684 1560 infirmis
1715 1539 1732 1559 α
1755 1525 1857 1561 sicut
1879 1526 1943 1574 pia
1968 1533 2091 1561 mater
2122 1527 2202 1562 suis

267 1589 356 1626 filiis
389 1603 524 1626 manus
552 1591 768 1640 porrigeret
790 1590 1058 1628 subventrices
1079 1606 1096 1626 »
1120 1593 1296 1639 (623‚27),
1321 1592 1370 1628 de
1394 1592 1524 1629 bursis
1545 1594 1833 1642 suppositorum
1856 1595 2025 1630 nationis
2047 1596 2085 1630 in
2112 1596 2202 1631 Sor-

268 1659 370 1695 bona
393 1660 490 1705 (835,
516 1666 597 1696 not.
626 1660 677 1707 1);
700 1666 739 1696 at
760 1659 915 1696 modum
934 1660 1211 1698 introductioni
1227 1661 1400 1698 debitum
1422 1662 1626 1699 excederet
1649 1671 1688 1699 et
1712 1663 1761 1700 de
1786 1663 1847 1699 his
1872 1663 2052 1700 omnibus
2077 1664 2202 1701 disse-

268 1727 376 1765 rendi
411 1729 449 1764 in
477 1729 650 1765 venturis
678 1729 795 1765 tomis
825 1728 934 1765 locus
962 1731 1048 1766 erit.
1082 1731 1183 1768 Satis
1207 1732 1257 1768 sit
1277 1731 1371 1767 nihil
1399 1731 1562 1781 alicujus
1591 1732 1774 1783 ponderis
1800 1734 1992 1770 omisisse.
2026 1736 2068 1770 ln
2100 1736 2202 1771 notis

267 1798 383 1834 etiam
415 1797 596 1834 brevitati
627 1797 906 1835 consuluimus.
929 1799 1042 1846 Quod
1063 1813 1221 1850 prorsus
1246 1809 1431 1850 quantum
1452 1801 1499 1838 ad
1522 1815 1607 1852 cap.
1629 1803 1652 1837 9
1674 1802 1926 1839 animadverti
1947 1805 2139 1853 cupimus,
2165 1805 2200 1840 in

269 1880 358 1916 quo,
381 1879 430 1904 ne
451 1866 648 1917 longiores
664 1867 741 1917 jam
767 1875 878 1905 notas
902 1869 1210 1913 extenderemus,
1229 1871 1391 1920 paginas
1418 1871 1589 1907 Auctarii
1612 1871 1713 1908 haud
1735 1871 1905 1909 indicare
1925 1874 2049 1909 visum
2073 1881 2145 1915 est,
2165 1882 2203 1910 et

267 1938 421 1986 quoties
442 1938 528 1987 quis
546 1938 713 1979 Parisiis,
733 1950 769 1974 v.
792 1951 830 1987 g.
851 1939 1061 1975 Bononiam
1084 1939 1245 1976 aliamve
1261 1941 1559 1977 Universitatem
1580 1942 1748 1991 petierit,
1767 1949 1902 1991 postea
1919 1943 2088 1979 Parisios
2107 1943 2203 1980 redi-

266 2013 390 2049 turus,
413 2018 592 2042 enarrare
613 2006 793 2043 consulto
813 2008 1027 2044 omisimus.
1047 2010 1143 2045 Tum
1165 2009 1279 2045 index
1295 2009 1508 2046 adeundus.

319 2077 452 2112 Restat
470 2082 513 2112 ut
531 2083 660 2125 grates
681 2076 806 2125 justas
831 2077 1024 2114 solvamus
1047 2078 1184 2115 Carolo
1205 2078 1382 2121 Schrauf,
1410 2079 1565 2116 archivo
1591 2081 1861 2117 Universitatis
1888 2081 2203 2118 Vindobonensis

268 2145 508 2195 praeposito,
538 2145 698 2195 ejusque
724 2146 922 2184 auxiliario
947 2147 1116 2184 Arthuro
1143 2148 1369 2189 Goldmann,
1398 2151 1463 2199 qui
1495 2149 1543 2186 de
1568 2149 1670 2187 illius
1693 2151 1962 2188 Universitatis
1989 2154 2203 2202 suppositis

269 2213 388 2250 multa
408 2215 658 2264 quaesierunt
683 2214 728 2251 ad
749 2215 822 2252 hoc
843 2215 1036 2260 volumen,
1060 2216 1169 2267 plura
1189 2219 1305 2255 etiam
1326 2217 1374 2254 ad
1395 2220 1596 2269 sequentia
1614 2219 1810 2256 volumina
1831 2220 2043 2257 liberaliter
2064 2223 2203 2271 promi-

269 2290 415 2328 serunt,
431 2291 546 2333 atque
562 2285 684 2320 Mons.
706 2285 883 2329 Fraknoi,
900 2285 1131 2324 Academiae
1150 2288 1390 2338 Hungaricae
1405 2290 1628 2334 secretario,
1652 2289 1700 2326 de
1720 2289 1836 2327 rebus
1858 2292 2087 2341 Hungaricis
2105 2291 2203 2327 benc

271 2360 419 2389 merito.

1246 2511 1450 2545 castellione
1463 2513 1557 2557 juxta
1575 2513 1785 2554 Brssneolum,
1807 2514 1847 2547 21
1870 2516 1965 2559 Sept.
1988 2515 2086 2548 1894.

269 2778 360 2814 Min„
382 2778 508 2809 Petrum
530 2779 608 2810 Plou
629 2780 660 2820 (i.
683 2791 708 2810 e.
735 2781 866 2821 Plaoul),
886 2781 957 2811 Joh.
982 2781 1086 2818 Parvi,
1107 2782 1178 2814 Joh.
1287 2784 1459 2815 Johannem
1487 2786 1653 2823 Converte,
1678 2787 1849 2817 Johannem
1874 2788 2032 2819 Francisci
2061 2790 2202 2821 Chause-

270 2826 374 2857 Guioti
393 2834 423 2858 et
443 2827 632 2868 Stephanum
651 2829 699 2869 (de
719 2829 865 2860 Mesnillo
888 2830 1073 2872 Fouchardi)
1087 2832 1181 2862 mini·
1290 2834 1396 2864 soiree.
1430 2835 1514 2865 Inter
1547 2836 1617 2866 illos
1650 2837 1701 2876 qui
1735 2848 1784 2867 an.
1823 2838 1900 2867 1406
1937 2845 2062 2869 strenue
2094 2847 2202 2870 contra

269 2882 366 2906 strum
381 2876 414 2906 S.
430 2876 577 2908 Mami-ini
592 2877 707 2915 Paris„
719 2889 827 2909 omnes
838 2886 982 2920 quattuor
992 2891 1072 2921 mag.
1084 2881 1178 2912 theol.
1291 2883 1490 2914 Benedictum
1507 2884 1628 2915 locutus
1642 2892 1700 2921 cst,
1715 2888 1964 2918 annumerandus
1981 2889 2070 2918 etiam
2088 2890 2200 2920 Petrus

271 2925 387 2962 Paris..
397 2925 587 2966 Stephanum
602 2926 766 2964 Montanii,
778 2928 959 2959 Gausridum
972 2930 1010 2959 de
1022 2930 1178 2968 Pertusio‚
1291 2932 1400 2973 Regis,
1416 2933 1512 2963 abbas
1530 2934 1563 2963 S.
1579 2934 1753 2966 Michaelis.
