2632 3464
312 458 365 486 873

314 534 459 564 Sanctum
475 533 663 563 Maturinum
682 540 766 565 anno
780 532 905 564 Domini
930 532 1016 566 1403,
1035 532 1085 561 die
1104 532 1223 561 decima

313 583 444 626 septima
470 581 665 618 Decembris,
689 591 785 622 super
804 581 905 611 tribus
929 580 1079 610 articulis.
1098 581 1222 610 Primus

314 633 370 662 fuit
381 633 418 662 ad
437 630 614 671 eligendum
627 639 739 660 novum
753 635 986 670 procuratorem
1002 629 1052 659 vel
1068 630 1106 659 ad
1121 630 1223 659 conti-

313 681 469 711 nuandum
483 675 653 720 antiquum.
665 674 713 708 '2¹¹-
725 678 782 709 fuit
796 679 833 708 ad
849 678 1033 708 audiendum
1048 685 1223 718 compotum

313 729 497 770 receptoris.
520 729 568 759 3=·
593 739 690 768 super
715 727 1001 768 supplicacionibus
1028 734 1059 757 et
1086 727 1220 767 injuriis.

313 779 422 816 Quoad
451 778 586 819 primum
615 777 777 808 articulum
802 777 919 808 electus
945 777 1001 806 suit
1026 776 1224 806 concorditer

313 827 399 859 nullo
433 827 616 858 reclamante
649 826 797 866 magister
828 825 992 856 Conradns
1027 826 1153 856 Lubeck
1183 826 1223 855 de

314 875 527 917 Wolffbngen.
552 875 660 914 Quoad
685 875 726 905 2¹⁸¹
743 874 861 905 dilatus,
878 874 934 904 fuit
953 881 1116 915 compotus
1135 885 1223 904 rece-

312 926 414 966 pturis
444 935 483 955 ex
511 930 596 955 certa
627 933 731 955 causa.
757 924 866 962 Quoad
900 924 1029 954 tercium
1061 923 1222 954 articulum

310 973 503 1014 supplicavit
517 979 705 1014 procurator
719 974 911 1013 precedens,
922 979 956 1002 ut
975 972 1142 1003 haberetur
1155 983 1223 1012 gra-

312 1029 364 1054 ms
376 1029 407 1053 et
424 1022 742 1053 recommendans—,in
758 1022 847 1052 sactis
858 1032 915 1062 per
924 1032 1004 1052 eum.
1021 1022 1061 1052 Et
1074 1031 1223 1052 concessa

313 1073 371 1104 fnit
384 1071 445 1102 sibi
463 1070 787 1112 supplicacionEciam
803 1070 1000 1110 supplicavit.
1020 1071 1046 1100 si
1061 1071 1092 1100 in
1110 1071 1224 1111 aliqui-

312 1120 649 1160 busdeliquissewm
677 1120 738 1150 sibi
764 1127 955 1160 parceretur.
981 1119 1021 1150 Et
1041 1129 1222 1150 concessum

312 1169 369 1200 fuit
382 1170 443 1199 sibi
460 1175 569 1200 totum.
591 1169 631 1199 Et
647 1175 831 1209 procurator
850 1176 981 1208 protunc
996 1169 1112 1199 electus
1127 1169 1222 1199 eciam

313 1219 407 1250 solvit
421 1219 527 1248 vinum
546 1218 578 1248 in
602 1216 845 1253 taberna,.sicut
869 1218 983 1258 placuit
1006 1218 1128 1248 nacioni
1150 1218 1223 1258 quia

313 1268 371 1299 suit
383 1269 484 1309 prima
499 1267 714 1308 procuratoria
729 1277 795 1302 sua,
811 1273 870 1297 etc.

712 1374 822 1403 4404

355 1465 446 1494 Facta
480 1463 730 1504 congregacione
761 1462 902 1493 nacionis
935 1462 1108 1502 Anglicane
1141 1463 1220 1503 apud

314 1514 460 1544 Sanctum
488 1512 677 1544 Maturinum
703 1522 783 1542 anno
816 1512 893 1542 1403
922 1512 1090 1542 secundum
1118 1512 1222 1542 stilum

313 1561 473 1593 scribendi
484 1561 516 1591 in
534 1560 665 1591 ecclesia
680 1560 851 1596 Gallicana,
867 1561 899 1590 2·
912 1560 963 1590 die
974 1561 1112 1590 Januarii
1127 1571 1223 1601 super

313 1612 437 1642 duobus
449 1610 598 1641 articulis.
616 1610 740 1641 Primus
755 1620 850 1649 super
865 1611 944 1639 sacto
954 1610 1065 1639 domus
1075 1611 1118 1639 ad
1131 1620 1222 1639 cornu

312 1662 403 1695 cervi,
430 1670 490 1700 que
518 1666 551 1690 ut
578 1659 723 1689 dicebant
749 1658 794 1689 illi
821 1659 934 1699 quibus
961 1660 1131 1694 constabat,
1164 1669 1222 1699 pro

314 1715 402 1750 parte
420 1709 476 1738 suit
490 1708 629 1743 ruinosa,
649 1718 745 1748 quare
761 1707 920 1748 indigebat
937 1708 1176 1744 reformacione3
1194 1714 1224 1737 et

313 1758 386 1799 quia
410 1757 498 1788 nacio
526 1767 543 1787 a
567 1757 672 1797 longis
696 1757 859 1787 retroactis
888 1757 1081 1796 temporibus
1113 1757 1223 1786 multas

313 1807 461 1848 pecunias
474 1805 581 1847 posuit
594 1806 625 1836 in
645 1806 869 1836 reformacione
879 1806 960 1835 dicte
978 1806 1100 1841 domus.
1115 1812 1145 1836 et
1161 1816 1222 1835 non

313 1863 436 1897 poterat
457 1865 644 1896 recuperare
663 1855 732 1885 illas
748 1855 896 1894 pecunias
915 1855 947 1883 in
963 1855 1067 1890 domo,
1088 1855 1223 1894 positum

314 1906 371 1935 fuit
385 1905 416 1934 in
435 1904 663 1934 deliberacione
677 1904 715 1933 ad
730 1904 897 1934 videndum
915 1904 1116 1943 modum‚per
1133 1913 1223 1943 quem

312 1955 425 1984 domus
447 1959 557 1993 posset
577 1952 717 1993 reparari
740 1959 772 1983 et
796 1953 828 1982 in
853 1962 923 1982 esse
950 1953 1128 1982 conservari
1157 1952 1224 1982 sine

314 2003 518 2034 ulterioribus
533 2001 683 2042 expensis
699 2001 852 2036 nacionis,
868 2007 899 2032 et
918 2002 1001 2041 quod
1019 2001 1107 2030 nacio
1129 2001 1224 2031 eciam

313 2057 424 2092 posset
439 2059 624 2091 recuperare
639 2050 788 2090 pecunias
805 2050 879 2090 (Fol.
894 2051 932 2080 73
946 2050 970 2090 ¹’)
986 2059 1069 2080 suas.
1089 2051 1134 2079 2²·
1149 2050 1225 2080 arti-

315 2100 406 2131 culus
421 2100 478 2130 fuit
493 2099 885 2140 supersupplicacionibus
899 2105 930 2129 et
946 2098 1080 2139 injuriis.

355 2149 402 2179 De
426 2149 526 2188 primo
542 2147 672 2178 articulo
693 2154 780 2177 erant
801 2148 873 2178 tacti
893 2154 957 2178 tres
981 2148 1075 2178 modi.
1100 2148 1224 2178 Primus

314 2204 381 2229 erat
402 2198 484 2238 quod
506 2197 533 2227 si
551 2197 623 2237 quis
641 2203 751 2237 posset
770 2197 919 2236 reperiri,
935 2197 989 2237 qui
1004 2197 1097 2226 vellet
1113 2207 1224 2236 capere

312 2248 437 2277 domum
465 2256 503 2276 eo
529 2247 638 2281 modo,
661 2256 723 2286 quo
746 2246 835 2276 nscio
861 2256 928 2276 eam
955 2252 1054 2281 tenet,
1079 2252 1110 2276 et
1132 2245 1226 2276 vellet

314 2296 437 2326 nacioni
462 2295 627 2325 restituere
653 2295 801 2335 pecunias
825 2295 983 2334 expositas
1007 2304 1066 2334 pro
1094 2295 1225 2326 edificiis

316 2345 403 2375 sactis
420 2345 453 2374 in
468 2345 572 2379 domo.
590 2344 678 2375 nacio
694 2344 772 2373 bene
784 2343 877 2373 vellet
893 2343 1160 2378 condescendam
1179 2344 1226 2373 2¹·-

315 2395 438 2428 modus,
451 2394 533 2433 quod
549 2393 575 2423 si
588 2399 695 2432 posset
709 2393 774 2423 fleri
786 2393 871 2432 quod
884 2402 939 2432 per
950 2402 1137 2422 consensum
1151 2392 1225 2422 Uni·

314 2442 472 2473 versitatis
490 2448 520 2471 et
535 2442 630 2472 eciam
650 2440 809 2471 Castelleti
827 2442 937 2471 domus
951 2442 1138 2471 venderetur
1154 2441 1224 2471 sim-

318 2491 452 2531 pliciter.
468 2490 517 2521 vel
534 2491 572 2520 ad
586 2491 678 2520 vitam
692 2490 783 2521 unius
796 2490 844 2520 vel
858 2491 988 2520 duarum
1003 2500 1204 2530 personarum
1215 2502 1222 2526 3

316 2542 364 2571 3⁸·
391 2540 502 2570 modus
529 2545 594 2569 erat
619 2540 701 2579 quod
727 2539 936 2569 venderentur
962 2539 1101 2569 redditus
1131 2549 1226 2579 super

316 2590 439 2619 domum
455 2594 485 2618 et
498 2589 581 2628 quod
596 2589 634 2618 de
652 2588 714 2619 illis
729 2588 882 2628 pecuniis,
901 2598 961 2628 que
974 2597 1032 2628 pro
1050 2586 1224 2627 hujusmodi

317 2637 491 2668 redditibus
510 2643 707 2678 caperentur,
725 2637 835 2667 donnus
857 2638 1077 2666 reformaretur
1088 2643 1118 2666 et
1135 2646 1225 2676 repa-

316 2693 438 2716 raretur
457 2692 487 2716 et
507 2685 662 2716 locaretur
682 2685 837 2716 annuatim
860 2695 919 2726 pro
940 2695 999 2715 una
1014 2692 1096 2715 certa
1114 2691 1225 2725 quota·-

317 2745 395 2765 rum.
410 2735 458 2766 Ad
474 2735 602 2775 primam
618 2735 697 2765 viam
711 2745 819 2764 omnes
835 2735 912 2764 bene
928 2734 1226 2764 condescendissent

317 2784 529 2820 concorditer,
560 2784 615 2814 sed
639 2794 701 2814 non
732 2784 896 2814 videbatur
926 2783 1112 2823 apparencia
1141 2783 1223 2823 quod

351 2880 372 2904 l.
404 2880 572 2909 susannem
587 2888 612 2913 p.
624 2881 680 2911 919,
695 2880 722 2905 e’n
735 2881 938 2905 Nemeum-latura
951 2883 1081 2904 rectorum
1091 2888 1224 2912 perperam

315 2915 389 2948 poni!
406 2924 454 2948 pro
470 2924 513 2940 aa.
528 2916 597 2945 ¹⁴08.
613 2916 728 2941 owenh.
744 2916 884 2943 te-ttoh,
899 2914 989 2940 Martii
1003 2916 1032 2940 24
1044 2915 1173 2939 :nobum
1193 2915 1224 2939 de

320 2951 436 2980 Bai-reio,
456 2959 513 2975 eum
535 2953 625 2975 matra
646 2954 707 2976 lune
727 2953 810 2976 rector
826 2951 906 2983 suerit
926 2950 1088 2980 neuin-ttiu-
1103 2951 1136 2975 de
1157 2950 1224 2975 Fon·

319 2986 388 3011 tanis
413 2986 475 3019 (oid.
497 2986 567 3018 inse-a
593 2995 620 3019 p.
643 2987 699 3017 ⁸75,
723 2987 774 3019 87),
792 2995 866 3019 quem
896 2987 1022 3011 Butun-
1047 2986 1166 3018 animant
1188 2986 1225 3010 ad

819 456 934 483 LIBER
954 455 1269 484 PROCURATORUM
1289 456 1470 484 NATIONIS
1487 457 1732 484 ANGLICANAE

1261 974 1295 999 10

1261 1219 1294 1245 15

1260 1465 1294 1491 20

1260 1710 1294 1736 25

1261 1955 1296 1982 30

1262 2203 1296 2230 35

1262 2447 1296 2474 40

1262 2693 1296 2719 45

2186 460 2238 486 874

1331 532 1444 571 aliquis
1461 533 1554 562 vellet
1566 532 1622 562 hoc
1639 535 1755 568 sacere;
1777 540 1876 563 tamen
1891 535 2023 564 finaliter
2038 542 2190 565 steterunt
2206 536 2238 565 in

1331 581 1436 610 ultima
1457 581 1520 616 via,
1547 582 1574 610 si
1598 592 1660 611 non
1682 589 1790 621 posset
1813 583 1871 612 alia
1897 584 1945 613 via
1970 585 2110 623 reperiri.
2138 584 2177 615 Et
2201 586 2237 614 ad

1331 630 1556 669 impetrandum
1583 641 1768 661 consensum
1794 631 2011 662 Universitatis
2037 634 2075 662 ad
2100 634 2158 663 hoc
2185 634 2239 664 fuit

1331 679 1446 709 dictum
1458 680 1664 718 procuratori,
1681 682 1762 720 quod
1782 682 1850 720 ipse
1867 681 1993 711 liaberet
2013 683 2188 722 supplicare
2207 683 2238 712 in

1331 727 1540 758 Universitate
1572 729 1603 758 in
1635 730 1777 769 proxima
1806 730 2052 770 congregacione
2086 742 2123 760 ex
2153 738 2238 771 parte

1331 777 1471 807 nacionis
1508 788 1565 817 pro
1603 778 1744 808 habendo
1781 779 1956 818 hujusmodi
1990 790 2155 809 consensu.
2202 781 2240 810 Et

1332 826 1454 856 fuerunt
1477 827 1573 856 eciam
1595 827 1657 856 dati
1683 828 1832 867 deputati,
1856 829 1909 868 qui
1936 829 2084 858 haberent
2113 830 2238 859 visitare

1332 876 1455 905 domum
1475 882 1505 906 et
1522 876 1629 905 videre
1648 877 1866 916 reparaciones
1884 878 2076 907 necessarias
2098 878 2139 907 ibi
2163 879 2239 907 fien-

1332 925 1399 959 das,
1425 930 1482 953 etc.
1507 924 1608 964 Super
1628 925 1660 954 2⁰
1683 925 1812 955 articulo
1833 925 1927 955 nichil
1950 926 2005 956 suit
2026 927 2148 961 factum,
2168 927 2239 966 quia

1331 973 1435 1002 nullus
1451 973 1647 1013 supplicavit,
1663 981 1721 1004 etc.

1373 1021 1465 1052 Facta
1499 1023 1746 1063 congregacione
1781 1024 1921 1054 nacionis
1956 1024 2126 1064 Anglicane
2158 1026 2237 1064 apud

1333 1071 1477 1101 Sanctum
1494 1071 1648 1101 Julianum
1664 1082 1830 1112 pauperem
1852 1083 1932 1103 anno
1949 1080 1979 1103 et
1998 1084 2103 1103 mense
2126 1074 2239 1113 quibus

1332 1130 1439 1160 supra,
1454 1121 1504 1150 die
1518 1121 1561 1156 8¹,
1574 1122 1611 1150 ad
1622 1121 1808 1151 audiendum
1824 1122 2008 1152 relacionem
2025 1123 2238 1162 deputatorum

1332 1177 1428 1207 supet·
1442 1168 1521 1197 sacto
1538 1168 1648 1198 domus
1665 1169 1708 1197 ad
1721 1179 1813 1198 cornu
1830 1170 1909 1198 cem·
1921 1175 1951 1199 et
1969 1180 2064 1209 super
2082 1170 2239 1210 supplica-

1331 1216 1475 1246 cionibus
1485 1222 1514 1246 et
1527 1216 1659 1256 injuriis.
1675 1216 1777 1257 Super
1787 1218 1888 1257 primo
1903 1218 2075 1248 retulerunt
2089 1219 2237 1259 deputati,

1332 1265 1384 1305 qui
1403 1265 1567 1296 visitarunt
1585 1267 1720 1301 domum,
1739 1267 1821 1306 quod
1835 1267 1946 1297 domus
1961 1267 2114 1307 indigeret
2130 1278 2238 1298 neces-

1331 1314 1414 1344 sario
1427 1314 1628 1355 repuracione
1642 1315 1672 1344 in
1683 1325 1774 1344 caven
1785 1322 1815 1345 et
1828 1316 1858 1345 in
1870 1316 2053 1355 quibusdam
2067 1317 2135 1346 aliis
2149 1317 2237 1352 locis,

1331 1369 1362 1393 et
1392 1373 1487 1403 super
1510 1364 1571 1394 isto
1594 1364 1683 1394 nacio
1714 1364 1844 1394 ulterius
1870 1365 1956 1394 dedit
1983 1366 2158 1405 deputatos,
2186 1367 2237 1406 qui

1332 1411 1508 1442 havisarent
1525 1413 1655 1443 ulterius
1672 1414 1710 1443 de
1729 1414 1820 1443 modo
1839 1423 1894 1453 per
1911 1424 2002 1453 quem
2022 1421 2129 1454 posset
2147 1425 2239 1455 repa-

1330 1461 1404 1497 rari,
1418 1468 1477 1491 etc.
1498 1461 1599 1501 Super
1612 1463 1643 1491 2⁰
1657 1461 1786 1492 articulo
1802 1462 1896 1492 nichil
1912 1463 1968 1493 suit
1986 1463 2107 1493 sactum.

1372 1510 1412 1540 Et
1428 1511 1593 1540 notandum
1612 1512 1695 1550 quod
1717 1512 1824 1541 eodem
1846 1511 1895 1540 die
1917 1511 1947 1541 in
1967 1513 2072 1542 eodem
2096 1512 2164 1543 loco
2185 1514 2240 1543 suit

1331 1560 1538 1600 congregacio
1554 1560 1716 1596 facultatis,
1734 1560 1786 1590 ubi
1806 1560 1929 1590 rector*
1952 1561 2091 1591 exhibuit
2104 1562 2237 1591 litteram

1332 1608 1492 1638 Castelleti
1504 1618 1599 1648 super
1611 1609 1753 1638 clausura
1763 1609 1823 1638 vici
1835 1610 2010 1645 Straminis,
2025 1617 2054 1640 et
2064 1611 2236 1652 ordinatum

1332 1657 1388 1687 fuit
1404 1664 1475 1687 tunc
1498 1668 1554 1697 per
1574 1658 1745 1687 facultatem
1767 1659 1849 1698 quod
1875 1665 2053 1698 receptores
2077 1660 2237 1690 nacionum

1332 1706 1481 1736 haberent
1508 1707 1630 1736 tradere
1662 1714 1823 1747 argentum
1853 1718 1911 1747 pro
1940 1709 2093 1747 operariis
2120 1709 2239 1738 condu-

1331 1755 1439 1786 cendis
1455 1761 1486 1785 et
1499 1755 1594 1795 lignis
1610 1756 1748 1786 emendis
1764 1766 1822 1796 pro
1838 1757 1939 1786 barris
1958 1763 2016 1787 etc.

1738 1850 1837 1878 1404

1373 1921 1616 1951 Continuacio
1648 1922 1907 1960 procuratoris
1939 1923 2196 1962 precedentis,

1434 1970 1584 2000 scilicet
1607 1970 1779 2010 magistri
1802 1970 1964 2000 Conradi
1991 1971 2137 2001 Lubeck

1622 2020 1664 2048 de
1694 2019 1945 2059 Wolffhagen.

1373 2099 1464 2129 Facta
1497 2099 1745 2138 congregacione
1783 2099 1921 2129 nacionis
1955 2099 2126 2140 Anglicane
2157 2101 2237 2140 apud

1334 2148 1479 2178 Sanctum
1499 2148 1697 2183 Maturinum,
1715 2148 1765 2177 die
1783 2149 1832 2178 14·
1856 2148 1972 2178 mensis
1990 2149 2138 2184 Januarii,
2157 2159 2238 2178 anno

1334 2207 1429 2236 supra
1453 2197 1570 2236 scripto
1592 2206 1687 2236 super
1708 2203 1839 2236 quatuor
1861 2197 2010 2227 articulis.
2030 2197 2151 2227 Primus
2174 2204 2239 2227 erat

1333 2246 1371 2275 ad
1385 2245 1559 2285 eligendum
1571 2255 1683 2275 novum
1698 2252 1928 2284 procuratorem
1939 2246 1988 2275 vel
1999 2247 2237 2276 continuandum

1333 2294 1502 2333 antiquum.
1520 2295 1566 2324 2¹¹¹
1588 2300 1652 2324 erat
1671 2295 1709 2323 ad
1729 2294 1914 2324 audiendum
1937 2301 2110 2334 compotum
2134 2306 2238 2335 recep-

1334 2343 1422 2372 toris.
1446 2343 1494 2372 3²·-
1516 2349 1582 2372 erat
1601 2353 1696 2382 super
1722 2344 1800 2372 sacto
1825 2343 1934 2372 domus
1962 2344 2005 2372 ad
2027 2354 2117 2373 cornu
2147 2346 2237 2373 cervi.

1333 2392 1379 2421 4¹¹·
1396 2401 1491 2431 super
1511 2391 1796 2430 supplicacionibus
1816 2398 1846 2421 et
1864 2391 1995 2430 injuriis.
2018 2392 2119 2432 Super
2137 2393 2238 2432 primo

1334 2440 1462 2470 articulo
1476 2440 1672 2470 continuatus
1683 2440 1739 2470 fuit
1750 2441 1947 2470 concorditer
1958 2441 2041 2471 nullo
2055 2441 2238 2472 reclamante

1334 2495 1517 2529 procurator
1545 2489 1717 2528 precedens
1743 2489 1891 2529 magister
1922 2490 2084 2520 Conradus
2115 2490 2238 2520 Lubeck

1333 2539 1372 2568 de
1399 2537 1612 2578 NVolss'hagen.
1646 2538 1753 2575 Quoad
1787 2539 1826 2568 2¹²·
1852 2539 2011 2568 articulum
2046 2539 2158 2569 dilutus
2184 2539 2238 2569 suit

1333 2593 1496 2626 compotus
1517 2587 1705 2627 receptoris,
1733 2587 1803 2627 quia
1826 2587 1880 2616 suit
1903 2587 2036 2626 legitime
2060 2588 2236 2627 impeditus,

1334 2642 1366 2667 ut
1380 2636 1540 2665 constabat
1555 2636 1687 2666 nacioni.
1699 2636 1801 2676 Super
1811 2638 1842 2665 3⁰
1850 2636 1979 2665 articulo
1990 2636 2101 2676 optulit
2115 2637 2237 2676 quidam

1334 2685 1498 2724 magister.
1528 2685 1630 2714 dictus
1666 2685 1814 2724 magister
1844 2684 2058 2719 Richardmz’,
2095 2696 2128 2715 se
2161 2686 2238 2715 velle

1333 2734 1503 2763 concedere
1522 2733 1642 2763 nacioni
1662 2744 1718 2773 pro
1738 2734 1938 2773 repat-acione
1957 2735 2067 2763 domus
2084 2734 2238 2775 quinqua-

1333 2782 1418 2822 ginta
1440 2782 1578 2817 srancoe,
1603 2789 1635 2812 ut
1656 2782 1743 2811 nscio
1765 2782 1824 2811 sibi
1847 2783 2031 2812 concederet
2055 2783 2178 2813 domum
2201 2784 2237 2813 nd

1334 2879 1422 2903 Ocenb.
1437 2879 1467 2903 10
1478 2892 1508 2898 -
1518 2879 1631 2903 Decemb.
1646 2879 1674 2902 m
1691 2887 1732 2902 an.
1754 2879 1822 2903 1⁴04.
1841 2878 1999 2910 Regin-Idm
2011 2878 2043 2903 do
2057 2880 2178 2904 P'onlano'n
2193 2888 2234 2903 an.

1334 2915 1394 2939 voca
1411 2915 1492 2946 (1409)
1510 2914 1593 2938 lico-ne,
1612 2918 1648 2938 eet
1663 2914 1687 2938 ιἰι
1701 2913 1788 2940 theol..
1805 2917 1863 2947 pont
1878 2915 1937 2939 14¹³
1954 2914 2196 2945 vice-eaneellan‘m,
2214 2919 2238 2939 et

1334 2951 1403 2977 ¹1:23.
1416 2952 1523 2974 lanum.
1542 2952 1565 2976 8,
1579 2950 1655 2982 episc.
1667 2950 1842 2974 Sueuiuen.

1364 2987 1385 3009 2.
1425 2985 1598 3009 Verisimiliter
1610 2985 1755 3009 Richardus
1769 2985 1868 3009 Lon-en
1882 2985 1914 3009 de
1927 2985 2055 3017 'rt-ejecto.
