2632 3464
445 405 499 431 267

489 479 605 509 Eodem
625 477 674 507 die
698 475 881 516 supplicavit
899 474 979 513 apud
1000 473 1144 502 Sanctum
1164 471 1351 501 Maturinum

449 529 480 558 in
511 526 754 567 congregacione
789 523 925 564 generali
961 522 1107 561 magister
1139 520 1286 550 Albertus
1313 521 1350 549 de

450 577 582 606 Saxonia
598 585 655 615 pro
669 574 798 604 ecclesia
813 571 979 612 parochiali
997 576 1173 600 sanctorum
1192 569 1304 599 Cosme
1321 574 1352 598 et

450 625 589 655 Damiani
612 625 691 653 infra
714 632 817 652 muros
840 621 1045 654 Parisienses,
1069 628 1127 658 que
1150 619 1188 647 ab
1208 618 1350 647 omnibus

448 674 533 703 nullo
564 672 790 702 contradicente
822 676 886 699 erat
917 668 1095 708 supradicto
1131 667 1279 707 magistro
1312 667 1350 695 ab

449 722 655 752 Universitate
668 721 737 749 data
751 726 841 758 atque
856 723 1041 758 presentata.

490 771 564 800 ltem
589 769 773 809 supplicavit
792 767 938 807 magister
958 764 1090 806 regens⁴
1113 766 1194 804 apud
1220 764 1351 804 Agusti-

448 830 562 849 nenses
573 826 606 848 ut
618 818 790 847 Translatio
802 816 898 846 sancti
914 815 1058 854 Agustini
1069 813 1081 832 ²
1092 814 1123 843 in
1141 813 1350 843 Universitate

450 869 668 903 celebraretur,
685 868 767 906 quod
781 874 960 894 concessum
971 870 1035 893 erat
1045 869 1138 902 prout
1150 869 1223 892 tunc
1233 861 1350 902 suppli-

450 918 538 947 cavit.

489 1015 562 1044 Item
595 1014 644 1043 23·
674 1013 722 1042 die
754 1013 868 1041 mensis
897 1011 1088 1050 Septembris
1115 1009 1251 1050 ejusdem
1278 1009 1351 1038 anni

450 1064 644 1093 continuatus
660 1068 725 1091 erat
742 1062 821 1090 idem
836 1061 982 1100 magister
999 1070 1016 1088 a
1032 1058 1179 1098 predictis
1193 1058 1350 1097 magistris

448 1112 531 1141 nullo
548 1122 651 1141 eorum
663 1110 899 1139 contradicente.
919 1109 952 1137 ln
964 1107 1050 1148 cujus
1062 1107 1272 1147 procuratoria
1285 1113 1351 1136 acta

448 1168 519 1190 sunt
536 1161 602 1189 hec.

488 1210 592 1239 Primo
616 1209 670 1238 fuit
692 1209 768 1237 facta
791 1206 1048 1236 recommendatio
1073 1205 1290 1235 Universitatis
1312 1205 1350 1233 ad

448 1257 618 1287 cardinales
634 1267 743 1292 novos,
761 1256 904 1286 videlicet
914 1257 951 1284 ad
963 1255 1119 1284 dominum
1136 1254 1349 1283 cancellarium

447 1307 530 1346 regis
561 1307 689 1335 Francie
701 1305 724 1341 ³,
760 1312 789 1334 et
817 1306 898 1344 apud
927 1305 1081 1333 dominum
1114 1303 1349 1333 Cluniacensem

446 1357 584 1385 abbatem
595 1355 618 1384 ⁴.

487 1405 561 1433 Item
579 1405 694 1433 electus
712 1410 776 1432 erat
795 1403 825 1432 in
845 1403 1036 1442 provisorem
1056 1403 1164 1431 domus
1183 1401 1348 1431 Cerbone⁵

447 1454 589 1482 dominus
614 1452 790 1487 cardinalis,
813 1451 1013 1481 cancellarius
1035 1451 1120 1490 regis
1144 1451 1271 1479 Francie
1290 1460 1348 1490 pro

446 1509 518 1532 tunc
536 1502 683 1531 existens.

487 1551 561 1580 Item
580 1552 614 1580 11
628 1550 640 1568 ¹⁴¹
663 1551 711 1579 die
729 1550 844 1579 mensis
863 1550 1009 1579 Octobris
1025 1549 1080 1578 suit
1099 1549 1214 1578 electus
1233 1549 1264 1577 in
1284 1558 1348 1577 rec-

446 1606 543 1630 torem
569 1599 785 1629 Universitatis
805 1599 951 1638 magister
967 1598 1078 1627 Petrus
1096 1599 1133 1627 de
1149 1597 1230 1626 Luca
1243 1597 1348 1627 nacio-

446 1649 495 1678 nis
513 1649 680 1683 Gallicane,
700 1654 730 1677 et
745 1649 851 1677 eodem
872 1648 920 1676 die
937 1647 1120 1686 supplicatio
1143 1647 1259 1686 antiqui
1279 1656 1348 1675 rec-

446 1699 523 1727 toris
539 1704 604 1726 erat
619 1707 765 1726 concessa
780 1698 816 1725 de
834 1697 999 1725 baculario.

849 1791 944 1819 1361

653 1861 865 1902 [Hubertus
896 1862 938 1890 de
968 1861 1147 1902 Beesde.]

488 1941 558 1980 (Fol.
587 1941 661 1980 45¹²)
686 1941 760 1969 Item
778 1951 857 1970 anno
881 1940 1004 1970 Domini
1022 1947 1054 1970 ut
1074 1951 1167 1980 supra
1184 1942 1260 1970 sacta
1278 1951 1347 1971 con-

447 1991 631 2030 gregacione
645 1990 782 2018 nacionis
799 1989 968 2029 Anglicane
987 1991 1023 2019 ad
1038 1990 1181 2019 Sanctum
1195 1991 1348 2020 Julianum

447 2049 611 2078 pauperem
634 2049 728 2077 super
751 2039 898 2068 electione
918 2040 1139 2077 procuratoris,
1160 2039 1275 2069 electus
1294 2040 1349 2069 fuit

447 2088 478 2116 in
497 2094 727 2127 procuratorem
743 2088 880 2127 predicte
897 2088 1034 2117 nacionis
1055 2089 1249 2117 concorditer
1264 2089 1349 2118 nullo

448 2136 663 2175 magistrorum
704 2137 885 2165 reclamante
920 2137 1066 2176 magister
1115 2137 1271 2167 Hubertus
1310 2138 1347 2167 de

449 2185 579 2220 Beesde,
596 2185 627 2213 in
642 2184 728 2224 cujus
746 2186 966 2224 procuracione
985 2187 1061 2214 facta
1072 2193 1143 2215 sunt
1156 2186 1221 2215 hec.

488 2234 591 2262 Primo
615 2235 690 2262 facta
703 2234 946 2274 congregacione
964 2235 1101 2263 nacionis
1120 2234 1290 2274 Anglicane
1310 2237 1347 2265 ad

449 2282 591 2311 Sanctum
615 2282 767 2311 Julianum
791 2293 968 2322 pauperem,
988 2284 1101 2312 electus
1124 2285 1179 2313 fuit
1202 2285 1348 2324 magister

448 2330 611 2360 Aelbertus
631 2331 668 2360 de
692 2331 822 2360 Saxonia
846 2331 876 2360 in
901 2338 1090 2371 receptorem
1116 2333 1253 2362 nacionis
1273 2344 1346 2373 pre-

447 2380 537 2409 dicte.

488 2428 561 2457 Item
583 2428 698 2467 incepit
714 2429 855 2458 dominus
875 2430 1048 2468 Heynricus
1071 2431 1108 2459 de
1127 2431 1245 2460 Beesde
1264 2431 1344 2461 sub⁷

448 2477 594 2516 magistro
616 2477 770 2516 Heynrico
791 2479 827 2506 de
853 2478 989 2517 Kempis,
1013 2478 1099 2518 cujus
1116 2480 1207 2508 burse
1228 2487 1344 2519 septem

448 2525 518 2560 sol.,
538 2526 634 2565 regali
652 2526 771 2555 valente
789 2527 846 2556 XV
861 2527 918 2556 sol.

479 2736 501 2759 1.
535 2736 686 2767 Radulphus
704 2737 735 2760 de
752 2737 862 2762 Ctvitate
879 2738 995 2763 Castelli.
1011 2742 1061 2764 Hoc
1077 2741 1156 2771 fiebat
1173 2742 1202 2764 25
1221 2743 1343 2773 Septemb.

449 2772 488 2802 Cf.
503 2771 618 2795 Chartul.
633 2773 677 2799 111,
692 2778 719 2795 n·
734 2773 801 2797 1256.

479 2807 500 2829 2.
535 2807 563 2829 28
576 2807 716 2831 Februarii.

478 2842 502 2864 3.
534 2842 670 2872 Aegidium
691 2844 814 2874 Aycelini¹
840 2845 914 2876 episc.
935 2846 1036 2874 Maria..
1056 2847 1128 2871 eard.
1146 2849 1171 2871 S.
1191 2849 1299 2873 Martini
1317 2849 1343 2873 in

447 2876 561 2905 montib„
572 2881 648 2901 creat.
660 2878 724 2901 sicut
734 2883 758 2902 et
767 2887 819 2911 seq.
834 2888 875 2903 an.
891 2881 958 2909 1361,
973 2881 1002 2905 17
1013 2884 1079 2913 Sept.

479 2912 500 2934 4.
535 2912 687 2943 Audoynum
698 2914 729 2937 de
741 2915 818 2943 Roca,
834 2916 905 2939 card.
919 2918 943 2939 S.
956 2916 1078 2940 Marcelli.

994 396 1217 423 AUCTARIUM
1241 393 1500 421 CHARTULARH
1525 394 1699 421 UNIVERS.
1725 394 1844 421 PABIS.

1405 670 1422 696 5

1388 915 1422 940 10

1388 1159 1421 1185 15

1387 1405 1420 1430 20

1385 1650 1419 1676 25

1386 1896 1419 1921 30

1385 2141 1419 2166 35

1383 2385 1417 2411 40

1381 2630 1414 2656 45

1864 471 1960 500 1361

1513 540 1743 571 Procuracio
1774 541 1967 572 Guillelmi
1998 543 2090 573 dicti
2123 543 2245 575 Buzer
2271 546 2315 576 de

1608 591 1813 620 terratorio
1845 592 1887 621 de
1919 591 2108 629 Hoesden,
2139 600 2210 623 etc.

1498 663 1590 694 Anno
1616 664 1741 695 Domini
1765 665 1810 695 Μο
1831 665 1926 696 CCC⁰
1947 665 2039 702 LX1⁰‚
2058 667 2176 697 decima
2194 674 2301 699 octava
2316 669 2367 700 die

1458 714 1575 743 mensis
1611 714 1807 750 Novembris,
1843 715 1920 744 facta
1959 717 2200 756 congregatione
2232 718 2366 750 nationi·

1458 762 1629 802 Anglicane
1649 764 1730 803 apud
1749 762 1893 793 Sanctum
1913 764 2068 794 Julianum
2085 775 2252 805 pauperem
2271 776 2368 807 super

1459 811 1608 841 electione
1626 813 1850 851 procuratoris,
1867 813 1983 843 electus
2000 814 2057 843 fuit
2073 816 2269 845 concorditer
2281 816 2366 847 nullo

1458 860 1583 899 penitus
1600 861 1784 891 reclamante
1801 862 1834 891 in
1848 869 2082 902 procuratorem
2099 864 2251 894 antedicte
2269 865 2366 895 natio-

1458 909 1508 938 nis
1529 909 1677 949 magister
1699 909 1882 940 Guillelmus
1901 911 2002 941 dictus
2026 912 2138 948 Buzer,
2157 912 2366 953 Trajectenei·

1459 958 1611 994 diocesis;
1625 959 1656 988 in
1671 958 1758 999 cujus
1775 960 1993 999 procuratione
2012 961 2088 990 facta
2105 968 2177 991 sunt
2195 962 2262 992 hec.

1500 1007 1535 1036 ln
1550 1008 1662 1046 primo,
1679 1008 1756 1038 facta
1769 1009 2008 1049 congregatione
2025 1010 2176 1040 facultatis
2189 1011 2239 1041 die
2254 1017 2285 1041 et
2295 1011 2366 1043 loco

1458 1063 1492 1085 ut
1511 1066 1606 1096 supra
1625 1057 1799 1087 ordinatum
1825 1064 1890 1087 erat
1908 1059 2104 1088 concorditer
2127 1061 2211 1099 quod
2234 1061 2366 1100 quedam

1458 1105 1560 1135 littera
1586 1106 1699 1135 ibidem
1723 1107 1879 1143 ordinata,
1907 1108 1945 1136 de
1969 1109 2061 1137 modo
2085 1108 2204 1139 scilicet
2227 1109 2365 1140 intrandi

1459 1154 1684 1193 disputationes
1703 1155 1920 1195 magistrorum
1940 1163 1970 1186 et
1991 1157 2155 1187 scolarium
2175 1168 2243 1187 cum
2259 1158 2366 1190 habitu

1459 1203 1614 1239 decentiss,
1634 1205 1672 1233 de
1689 1205 1846 1244 magistris
1865 1211 1894 1234 et
1915 1205 2087 1235 scolaribus
2102 1206 2278 1246 legentibus
2297 1208 2366 1247 pri-

1457 1258 1537 1288 vate,
1554 1262 1674 1282 necnon
1694 1254 1732 1283 de
1752 1254 1924 1284 scolaribus
1940 1254 1972 1283 in
1988 1255 2057 1284 vico
2078 1254 2242 1286 Straminis
2264 1256 2366 1287 scola-

1458 1311 1525 1331 rum
1562 1302 1707 1332 fenestris
1753 1303 1924 1332 astantibus
1956 1304 2105 1334 lectiones
2145 1305 2364 1344 magistrorum

1458 1351 1622 1386 audiendo,
1639 1351 1669 1380 in
1684 1351 1752 1381 vico
1770 1351 1933 1381 Straminis
1947 1352 2113 1392 legeretur.

1498 1399 1573 1429 Item
1604 1401 1653 1429 die
1683 1411 1743 1440 qua
1769 1410 1863 1440 supra
1887 1401 1973 1430 finita
2005 1402 2246 1442 congregatione
2280 1403 2364 1434 natio

1457 1448 1628 1489 Anglicana
1645 1449 1700 1479 ivit
1712 1448 1775 1490 [ad]
1790 1456 1907 1489 potum,
1929 1451 1981 1479 ubi
1999 1451 2146 1491 magister
2163 1451 2310 1482 Albertus
2325 1453 2364 1483 de

1458 1497 1590 1527 Saxonia
1615 1498 1708 1528 solvit
1729 1506 1847 1528 scutum
1869 1500 1907 1528 de
1929 1499 1987 1529 hoc
2009 1501 2093 1539 quod
2117 1500 2150 1530 in
2170 1507 2364 1540 receptorem

1458 1554 1522 1577 erat
1546 1547 1672 1577 electus.
1700 1548 1739 1577 Et
1768 1548 1917 1588 magister
1944 1549 2119 1588 Heynricus
2149 1550 2187 1579 de
2220 1550 2364 1580 Beesden

1458 1596 1550 1626 solvit
1578 1607 1636 1636 pro
1666 1597 1793 1627 introitu
1822 1607 1878 1627 suo
1903 1598 1941 1627 ad
1973 1598 2255 1638 congregationem.
2286 1599 2362 1630 Item

1457 1645 1537 1674 idem
1559 1646 1706 1685 magister
1724 1646 1762 1675 H.
1786 1647 1900 1676 ibidem
1920 1657 1958 1676 ex
1975 1657 2129 1676 consensu
2145 1647 2364 1687 magistrorum

1456 1695 1591 1724 omnium
1618 1695 1709 1724 solvit
1732 1706 1790 1735 pro
1808 1696 1909 1735 prima
1932 1696 2161 1735 procuratione,
2185 1697 2233 1726 eui
2255 1706 2364 1727 omnes

1457 1744 1596 1783 magistri
1621 1745 1804 1774 unanimiter
1826 1745 2036 1784 promiserunt
2054 1751 2088 1774 ut
2109 1755 2176 1774 eum
2194 1746 2233 1774 ad
2252 1746 2364 1776 festum

1458 1793 1651 1832 carnisprivii
1662 1794 1804 1833 proximo
1819 1794 1963 1830 futurum,
1979 1794 2028 1823 vel
2043 1794 2150 1824 saltem
2160 1794 2213 1824 illo
2225 1801 2363 1834 tempore

1458 1852 1524 1871 cum
1545 1843 1784 1872 determinantes
1805 1843 1835 1872 in
1852 1843 1926 1872 libro
1943 1845 2072 1872 nationis
2088 1843 2312 1880 inscribentur,
2331 1844 2363 1874 in

1457 1898 1688 1930 procuratorem
1702 1891 1862 1932 eligerent.

1497 1940 1572 1969 Item
1597 1941 1646 1970 die
1672 1947 1702 1970 et
1726 1941 1801 1970 hora
1825 1952 1885 1981 qua
1910 1951 2004 1981 supra
2033 1942 2110 1971 facta
2136 1941 2363 1981 computatione

1456 1990 1550 2022 totius
1570 1990 1718 2029 symboli,
1742 1990 1885 2020 dominus
1902 1997 2046 2030 receptor
2067 1990 2160 2020 solvit
2177 1991 2215 2019 de
2232 1990 2363 2030 pecunia

1457 2039 1590 2068 nationis
1609 2049 1663 2068 sex
1686 2039 1758 2074 sol.,
1773 2046 1831 2069 etc.

1497 2088 1572 2117 Item
1589 2089 1665 2117 facta
1681 2089 1920 2128 congregatione
1935 2089 2069 2118 nationis
2088 2088 2264 2127 supradicte
2279 2089 2362 2128 apud

1458 2136 1601 2166 Sanctum
1621 2137 1774 2166 Julianum
1790 2138 1822 2166 in
1840 2138 1889 2167 die
1907 2138 1987 2167 beati
2006 2137 2130 2167 Andree
2147 2136 2304 2177 apostoli⁹
2322 2137 2363 2166 ad

1456 2186 1640 2216 audiendum
1652 2193 1826 2225 computum
1839 2187 2011 2226 receptoris
2022 2193 2052 2216 et
2062 2188 2098 2215 ad
2112 2186 2360 2225 supplicandum,

1455 2235 1556 2274 primo
1590 2246 1649 2275 ego
1683 2242 1867 2275 procurator
1900 2235 2058 2274 predictus
2094 2235 2267 2274 supplicavi
2302 2244 2362 2275 pro

1455 2285 1639 2313 remissione
1663 2285 1826 2314 bursarum
1854 2284 1957 2314 fratris
1980 2285 2039 2314 mei
2071 2283 2261 2313 Ghiselberti
2288 2283 2362 2313 dicti

1456 2333 1526 2368 Bot,
1546 2344 1605 2372 que
1619 2333 1804 2373 supplicatio
1821 2334 1917 2363 fuerat
1930 2343 2077 2363 concessa
2093 2343 2160 2362 cum
2176 2333 2236 2362 ista
2253 2332 2362 2362 condi-

1454 2383 1547 2417 tione,
1581 2384 1662 2422 quod
1695 2383 1789 2412 frater
1819 2392 1905 2412 meus
1943 2382 2139 2422 supradictus
2171 2381 2363 2411 satisfaceret

1454 2432 1602 2471 magistro
1617 2432 1631 2460 J
1637 2431 1750 2460 ohanni
1763 2431 1848 2461 Ance
1861 2432 1898 2460 de
1913 2431 2042 2470 pecunia
2059 2430 2222 2466 facultatis,
2239 2439 2361 2460 necnon

1453 2480 1583 2509 bedellis
1600 2481 1637 2510 de
1655 2480 1760 2510 bursis
1777 2490 1893 2510 eorum.

1494 2529 1568 2558 Item
1585 2530 1770 2568 computavit
1787 2529 1930 2558 dominus
1942 2535 2097 2568 receptor,
2116 2529 2162 2557 sic
2178 2529 2262 2567 quod
2277 2527 2361 2557 natio

1453 2578 1595 2607 omnibus
1621 2579 1802 2618 computatis
1821 2578 1968 2608 remansit
1986 2577 2044 2607 sibi
2066 2577 2098 2606 in
2114 2578 2156 2606 4⁰¹·
2173 2576 2245 2612 sol.,
2264 2575 2361 2616 regali

1452 2627 1571 2657 valente
1591 2629 1626 2657 15
1645 2627 1717 2663 sol.,
1731 2626 1816 2667 cujus
1832 2633 1994 2666 computus
2013 2627 2068 2656 fuit
2080 2627 2282 2665 approbatus,
2300 2631 2358 2655 etc.

1540 2745 1559 2766 1.
1574 2752 1595 2766 e.
1610 2743 1752 2767 Sorbonae.

1539 2780 1585 2803 Ms.
1597 2778 1682 2810 potius
1696 2779 1727 2802 ΙΙ.

1538 2816 1584 2837 Ma.
1601 2822 1688 2845 super.

1545 2850 1598 2873 Vid.
1613 2850 1800 2877 Cha1·tul.,111‚
1812 2850 1921 2873 n⁰1258.

1539 2887 1568 2909 30
1580 2885 1735 2908 Novembris.

1481 2745 1505 2909 φφνφφ
