2632 3464
441 455 488 481 551

436 530 577 559 Matheus
590 539 651 558 non
668 529 794 558 deberet
812 528 872 557 sibi
888 529 1012 563 cedere;
1030 527 1100 556 XVI
1116 536 1190 556 vero
1205 526 1297 555 etalii
1316 532 1346 555 et

438 585 631 618 procurator,
649 578 701 617 qui
718 587 785 606 cum
800 587 875 607 voce
896 587 951 606 sua
966 577 1036 605 fecit
1052 575 1137 605 XVII
1154 581 1184 604 et
1198 573 1343 614 maiorem

439 634 567 667 partem,
582 627 755 656 referebant
770 637 803 655 se
816 627 854 655 ad
868 625 1097 655 ordinacionem
1115 625 1341 663 deputatorum,

436 687 495 716 que
519 677 550 705 in
570 676 639 705 istis
659 676 779 704 duobus
798 675 853 704 suit
873 675 989 709 eadem,
1014 674 1182 702 secundum
1204 673 1287 712 quod
1311 673 1342 702 in

436 726 556 755 duobus
571 724 821 764 precedentibus,
839 724 910 762 quia
925 723 955 751 in
973 723 1080 752 eodem
1097 723 1205 751 morbo
1224 722 1342 751 labora-

434 775 516 803 bant.
533 774 633 813 Super
649 774 680 802 48ι
694 773 859 802 declaravit
871 773 958 801 nacio
973 772 1056 810 quod
1070 781 1131 799 non
1146 771 1341 800 obstantibus

434 823 610 852 racionibus
640 822 739 851 tribus
765 831 822 860 per
849 821 1029 860 magistrum
1060 820 1224 849 Radulfum
1248 820 1341 848 Taem

432 873 520 911 prius
537 871 568 900 in
586 871 713 900 nacione
732 876 761 900 et
780 876 851 909 post
866 879 968 899 coram
984 869 1139 908 deputatis
1155 868 1296 898 adductis
1312 875 1342 898 et

433 921 545 950 auditis
558 930 618 949 una
630 930 697 948 cum
712 919 917 957 responsione
935 918 1076 957 magistri
1092 917 1226 946 Walteri
1245 917 1341 947 eciam

431 970 463 998 in
482 969 619 1009 presenti
641 968 884 1007 congregacione
912 968 1006 996 relata
1031 977 1086 996 seu
1117 966 1234 1001 relatis,
1257 967 1340 1006 quod

432 1018 578 1058 magister
610 1017 769 1046 Wolterus
808 1017 935 1045 deberet
969 1022 1073 1045 tenere
1118 1015 1218 1044 locum
1251 1025 1339 1045 suum

434 1067 465 1096 in
494 1067 623 1096 ecclesia
644 1065 740 1095 sancti
764 1064 932 1094 Salvatoris
957 1063 1165 1104 Trajectensis
1189 1071 1218 1093 et
1242 1065 1340 1104 magi-

434 1123 498 1145 ster
515 1115 664 1144 Radulfus
681 1114 740 1143 sibi
756 1115 883 1143 deberet
898 1115 1008 1143 cedere
1030 1114 1062 1142 in
1077 1114 1158 1143 dicta
1170 1113 1339 1143 collacione

440 1165 510 1204 quia
520 1164 626 1204 junior
641 1163 723 1192 dicto
739 1163 887 1202 magistro
904 1163 1056 1192 Waltero.

473 1214 534 1242 Ista
550 1219 621 1242 sunt
635 1223 694 1252 que
710 1213 835 1241 fuerunt
851 1212 992 1251 expedita
1010 1212 1040 1240 in
1056 1212 1194 1251 presenti
1210 1222 1338 1251 congre-

433 1263 579 1302 gacione;
600 1261 658 1290 alia
679 1271 753 1290 vero
770 1261 892 1290 suerunt
909 1267 1065 1290 reservata
1081 1271 1178 1300 usque
1195 1261 1233 1289 ad
1250 1260 1338 1289 aliam

430 1311 718 1350 congregacionem,
738 1311 810 1349 quia
842 1320 904 1339 non
931 1316 1073 1349 poterant
1104 1309 1206 1338 omnia
1235 1310 1266 1338 in
1288 1310 1340 1339 illa

431 1359 673 1399 congregacione
693 1359 843 1398 expediri.
863 1358 964 1388 Unum
985 1365 1085 1388 tamen
1108 1359 1235 1393 obmisi,
1253 1358 1339 1388 scili-

430 1416 477 1438 cet
490 1410 571 1447 quod
586 1409 656 1447 quia
666 1408 750 1437 XVII
763 1408 1012 1437 deliberaverunt
1025 1414 1054 1437 et
1067 1407 1163 1447 major
1174 1418 1246 1447 pars
1256 1409 1337 1447 quod

430 1458 577 1497 magister
588 1457 729 1486 Matheus
743 1458 870 1486 deberet
880 1458 989 1486 cedere
1007 1457 1095 1486 sicud
1108 1463 1138 1486 et
1155 1457 1206 1485 alii
1223 1457 1339 1494 seniori

428 1507 477 1537 vel
486 1517 588 1536 secum
599 1506 794 1535 concurrenti
806 1507 1060 1545 quemadmodum
1073 1505 1150 1535 alius
1162 1506 1249 1545 prius
1261 1507 1338 1535 bene

429 1556 551 1585 volebat
567 1555 640 1594 pati,
663 1562 762 1584 tamen
784 1555 879 1584 nichil
895 1555 1054 1584 dicebatur
1073 1556 1110 1584 de
1130 1555 1188 1584 hoc
1207 1555 1239 1583 in
1259 1555 1340 1584 dicta

431 1605 692 1644 congregacione,
723 1604 823 1633 dictus
850 1605 998 1643 magister
1029 1604 1171 1633 Matheus
1205 1604 1337 1642 d[icens]

433 1665 465 1684 se
489 1654 519 1682 in
543 1654 599 1682 hoc
621 1653 758 1692 gravari,
788 1653 954 1692 appellavit
980 1653 1027 1682 vel
1053 1653 1159 1682 saltem
1182 1660 1338 1692 protesta-

430 1710 480 1732 tus
498 1713 530 1731 se
548 1702 773 1742 appellaturum
790 1703 827 1730 ad
848 1702 1102 1737 Universitatem‚
1122 1703 1194 1742 quia
1209 1703 1288 1731 dixit
1305 1712 1337 1732 se

430 1752 542 1780 habere
561 1751 616 1790 jus
637 1751 855 1780 concurrencie
879 1761 934 1790 pre
955 1751 1014 1780 alio
1042 1751 1073 1780 in
1092 1751 1172 1780 dicta
1194 1751 1336 1787 ecclesia,

430 1801 501 1840 quia
518 1802 555 1829 de
569 1800 706 1839 dyocesi,
720 1800 797 1829 alius
809 1810 884 1829 vero
893 1801 1040 1840 magister
1057 1800 1244 1830 Wilhelmus
1258 1811 1335 1836 non;

430 1850 462 1878 2ο
479 1850 549 1889 quia
565 1850 601 1878 de
618 1850 695 1878 facto
711 1849 824 1878 ibidem
834 1849 999 1878 canonicus
1013 1855 1043 1878 et
1057 1849 1156 1878 adhuc
1172 1856 1338 1888 expectans

429 1900 468 1927 ad
491 1899 690 1937 prebendam,
717 1898 761 1927 sic
786 1899 869 1937 quod
888 1904 1018 1938 propter
1042 1898 1100 1927 hoc
1122 1909 1200 1937 papa
1219 1898 1337 1928 facilius

428 1958 495 1976 eum
512 1948 648 1987 signaret
669 1947 782 1975 ibidem
803 1957 857 1976 seu
882 1948 1086 1976 confirmaret.
1106 1947 1146 1976 Et
1163 1948 1220 1976 iste
1236 1948 1338 1977 racio-

429 2007 484 2025 nes
504 1997 647 2025 omnibus
667 1997 850 2025 videbantur
872 1996 998 2026 multum
1028 1997 1138 2032 fortes;
1163 1997 1218 2026 sed
1238 2003 1338 2026 tamen

429 2046 500 2084 quia
525 2045 551 2074 si
572 2045 602 2074 in
628 2045 687 2074 isto
710 2045 818 2074 fuisset
838 2045 1038 2084 permissum,
1054 2045 1084 2074 in
1107 2045 1175 2074 aliis
1197 2045 1339 2075 similiter

429 2100 587 2132 oporteret
618 2094 754 2133 permitti
784 2100 813 2123 et
844 2094 888 2123 sic
916 2094 1168 2123 consuetudinem
1199 2094 1338 2124 nacionis

431 2143 569 2181 infringi,
588 2153 647 2182 que
664 2152 786 2182 semper
801 2143 856 2171 fuit
870 2143 907 2171 ad
923 2142 1080 2172 evitandas
1101 2143 1338 2172 concurrencias

431 2198 461 2220 et
474 2192 510 2220 ad
526 2202 587 2220 non
611 2192 846 2230 permittendum
867 2202 929 2226 eas,
955 2198 984 2220 et
998 2192 1042 2220 sic
1058 2192 1197 2220 seniores
1217 2202 1340 2231 semper

431 2241 554 2269 fuerunt
569 2240 727 2279 hucusque
740 2247 773 2269 ut
783 2240 895 2269 dicitur
907 2241 1104 2279 potenciores
1120 2241 1150 2269 in
1161 2240 1314 2270 eleccione
1331 2258 1336 2274 :

433 2299 494 2318 non
501 2290 644 2318 obstante
656 2288 756 2318 taliter
764 2289 818 2318 fuit
826 2289 1010 2318 declaratum
1020 2299 1076 2328 per
1086 2289 1231 2329 majorem
1239 2296 1339 2319 tamen

431 2344 559 2377 partem,
586 2344 618 2366 ut
637 2338 750 2367 dictum
776 2344 833 2373 est,
864 2344 894 2367 et
917 2345 1100 2377 procurator
1126 2338 1340 2377 multiplicavit

432 2397 487 2425 per
510 2396 615 2415 vocem
641 2396 724 2415 suam
747 2397 835 2415 unam
851 2393 980 2426 partem,
999 2397 1060 2415 non
1081 2397 1117 2416 ex
1137 2387 1250 2422 favore,
1268 2387 1339 2426 quia

433 2435 579 2474 magistro
598 2435 719 2464 Matheo
736 2436 832 2475 magis
850 2436 920 2464 savit
937 2446 1025 2474 quam
1041 2435 1189 2475 magistro
1206 2436 1338 2465 Wilhel-

432 2494 492 2518 mo,
514 2490 546 2512 ut
570 2485 654 2513 Deus
678 2484 747 2519 scit,
777 2485 831 2513 sed
859 2485 897 2513 ad
927 2485 1154 2514 observandum
1184 2485 1337 2524 antiquam

432 2533 695 2567 consuetudinem,
711 2539 740 2561 et
754 2542 790 2562 ex
803 2533 874 2568 alio,
893 2533 963 2572 quia
982 2533 1026 2562 illi
1040 2533 1093 2572 qui
1111 2534 1234 2562 suerunt
1248 2543 1339 2563 causa

433 2581 671 2610 deliberacionis
683 2581 713 2610 in
727 2582 924 2616 contrarium,
941 2588 1162 2620 processerunt
1180 2592 1216 2611 ex
1234 2583 1337 2612 radice

433 2629 582 2664 simulata,
600 2640 661 2658 non
673 2640 756 2665 vera,
767 2631 927 2659 credentes
939 2630 1055 2670 aliquid
1069 2631 1166 2660 Facere
1176 2641 1233 2670 pro
1243 2631 1337 2670 magi—

434 2684 497 2706 stro
514 2678 646 2713 Matheo,
665 2679 736 2707 licet
753 2679 847 2707 nichil
864 2679 1019 2708 facientes.

472 2727 545 2755 Item
577 2727 691 2766 incepit
718 2728 859 2756 dominus
885 2728 997 2767 Hugho
1025 2729 1063 2757 de
1087 2728 1171 2757 Delst
1195 2729 1252 2757 sub
1273 2739 1337 2757 ma-

432 2775 531 2814 gistro
557 2776 694 2805 Johanne
722 2777 759 2805 de
786 2776 928 2811 Saxonia,
953 2776 1038 2815 eujus
1066 2777 1159 2806 bursa
1182 2777 1208 2806 V
1231 2777 1334 2806 solidi.

434 2823 542 2852 Solvit.

474 2872 545 2900 ltem
574 2873 750 2902 licenciatus
779 2874 834 2903 fuit
865 2874 1006 2903 dominus
1040 2874 1268 2914 Enghelbertus
1298 2875 1335 2904 de

467 2973 488 2996 1.
522 2975 579 2997 Nat.
594 2976 732 2998 Normann.

990 451 1214 477 AUCTARIUM
1240 449 1500 476 CHARTULARII
1524 450 1698 476 UNIVERS.
1725 449 1843 476 PARIS.

1378 970 1412 995 10

1377 1215 1410 1240 15

1377 1461 1410 1486 20

1376 1706 1409 1732 25

1375 1952 1409 1978 30

1377 2197 1410 2222 35

1376 2442 1410 2468 40

1375 2687 1408 2712 45

1730 4 1735 12 «
1749 0 1752 5 ’
1774 0 2006 29 ‘22w‘ts-'w
2018 0 2054 23 *f

2309 451 2361 477 552

1455 526 1635 556 Oestwolde
1657 527 1714 555 sub
1735 526 1886 566 magistro
1903 525 2073 555 Wilhelmo
2094 524 2216 555 Gorren
2229 526 2252 561 ⁴,
2273 525 2361 566 cujus

1453 575 1547 604 bursa
1562 575 1588 604 V
1602 575 1705 604 solidi.
1722 574 1831 605 Solvit.

1493 624 1568 653 Item
1584 624 1763 653 licenciatus
1786 623 1843 653 suit
1862 623 2005 653 dominus
2023 622 2200 663 Nycholaus
2220 625 2258 653 de
2274 624 2361 653 Kun-

1452 673 1590 713 gissteen
1614 674 1672 702 sub
1690 673 1839 713 magistro
1859 672 1998 702 Johanne
2013 673 2051 702 de
2069 672 2242 712 Maguncia‚
2274 672 2360 712 cujus

1452 723 1547 751 bursa
1562 721 1622 751 1111
1637 722 1740 751 solidi.
1761 721 1870 751 Solvit.

1492 771 1567 800 Item
1583 771 1699 810 incepit
1713 771 1856 800 dominus
1873 770 2027 810 Nycolaus
2042 771 2080 799 de
2098 770 2292 810 Kungissten
2303 771 2360 800 sub

1451 819 1599 859 magistro
1613 819 1753 849 Johanne
1769 819 1806 848 de
1820 819 1993 859 Maguncia,
2012 818 2098 859 cujus
2113 819 2208 848 bursa
2223 818 2283 848 llll
2300 818 2357 848 sol.

1453 868 1563 898 Solvit.

1491 917 1566 947 Item
1582 916 1698 957 incepit
1713 917 1856 947 dominus
1876 917 2107 956 Enghelbertus
2122 917 2160 946 de
2181 916 2360 947 Oestwolde

1450 967 1508 996 sub
1529 966 1678 1005 magistro
1700 965 1839 995 Johanne
1862 966 1900 995 de
1922 965 2097 1006 Maguncia‚
2119 964 2207 1005 cujus
2224 966 2319 995 bursa
2333 964 2360 994 V

1451 1015 1553 1044 solidi.
1573 1015 1682 1044 Solvit.

1490 1064 1565 1093 Item
1581 1065 1659 1094 facta
1678 1063 1925 1103 congregacione
1948 1064 2087 1093 nacionis
2109 1064 2191 1103 apud
2214 1063 2359 1093 Sanctum

1451 1112 1637 1142 Maturinum
1660 1112 1761 1141 xvlla
1788 1112 1838 1141 die
1867 1112 1941 1141 Maii
1968 1112 2044 1142 hora
2069 1112 2238 1152 primarum
2265 1121 2360 1151 super

1450 1161 1536 1191 1111⁰=
1546 1161 1695 1197 articulis,
1713 1161 1833 1200 primus
1849 1161 1887 1190 de
1901 1161 1992 1190 modo
2007 1160 2199 1190 accelerandi
2211 1160 2357 1196 rotulum,

1448 1211 1494 1239 2¹¹s
1508 1211 1547 1240 ad
1576 1211 1781 1240 ordinandum
1806 1210 1919 1239 nuncio
1945 1210 2124 1239 ulteriorem
2147 1209 2308 1249 pecuniam
2332 1209 2358 1238 si

1448 1260 1548 1289 visum
1563 1259 1656 1289 fuerit
1670 1259 1833 1299 expedire3
1851 1259 1897 1288 3¹¹⁸
1911 1259 1949 1288 ad
1967 1259 2215 1288 concordandum
2231 1267 2359 1287 concur-

1449 1309 1583 1338 renciam
1611 1308 1797 1348 predictam3
1827 1308 1874 1337 4¹¹⁸
1899 1318 1994 1347 super
2021 1307 2306 1347 supplicacionibus
2329 1313 2360 1336 et

1448 1357 1582 1397 injuriis.
1601 1357 1813 1387 Deliberatum
1831 1357 1887 1386 suit
1902 1367 1998 1396 super
2014 1356 2116 1396 primo
2134 1357 2217 1396 quod
2237 1356 2359 1385 inrotu-

1448 1406 1562 1436 latores
1569 1412 1835 1446 congregarentur
1849 1405 1947 1436 cicius
1963 1415 2053 1445 quam
2059 1405 2219 1445 potuerint
2231 1410 2262 1434 et
2276 1405 2359 1444 quod

1447 1456 1534 1485 fieret
1559 1456 1676 1484 minuta
1707 1454 1984 1495 supplicacionum,
2010 1461 2120 1494 postea
2148 1463 2271 1494 grossa,
2298 1459 2355 1483 etc.

1489 1504 1590 1544 Super
1605 1505 1646 1539 2⁰,
1657 1504 1789 1533 narratis
1805 1504 1989 1543 quibusdam
2004 1503 2127 1533 motivis
2141 1512 2199 1542 per
2213 1511 2359 1542 procura—

1447 1560 1545 1583 torem
1565 1560 1595 1583 et
1609 1553 1766 1589 nuncium,
1790 1553 1990 1582 deliberatum
2014 1552 2071 1582 fuit
2088 1551 2284 1581 concorditer
2302 1560 2359 1591 per

1447 1612 1566 1638 omnes,
1588 1603 1709 1632 duobus
1733 1601 1782 1632 vel
1811 1601 1911 1631 tribus
1937 1602 2084 1631 duntaxat
2102 1600 2252 1640 exceptis,
2275 1600 2359 1640 quod

1447 1652 1579 1681 nuncius
1594 1652 1708 1681 debere
1723 1651 1863 1690 recipere
1879 1650 1960 1680 ultra
1977 1651 2034 1679 150
2053 1651 2174 1679 francos
2188 1649 2277 1689 prius
2298 1649 2359 1679 sibi

1446 1701 1631 1740 promissos,
1664 1707 1758 1730 totam
1791 1699 1953 1739 pecuniam
1987 1699 2161 1728 venientem
2196 1699 2234 1727 de
2271 1697 2358 1727 inro-

1447 1750 1582 1779 tulandis
1601 1755 1830 1779 excrescentem
1847 1748 2017 1788 predictam
2037 1757 2184 1777 summam
2202 1747 2259 1777 150
2277 1747 2357 1777 fran-

1447 1809 1564 1834 corum,
1581 1805 1722 1828 manente
1747 1798 1807 1827 sibi
1829 1797 2037 1838 promissione
2061 1806 2116 1826 seu
2137 1796 2283 1826 caucione
2303 1805 2359 1825 sua

1446 1858 1503 1888 per
1518 1848 1677 1877 nacionem
1693 1848 1770 1876 facta
1784 1848 1822 1876 de
1842 1847 1975 1876 tenendo
1994 1856 2062 1875 eum
2085 1845 2292 1884 indempnem,
2319 1845 2358 1874 de

1446 1897 1646 1927 ulterioribus
1672 1896 1874 1936 expediendis
1898 1905 2020 1935 semper
2040 1894 2135 1924 salva.
2165 1894 2235 1923 Duo
2256 1900 2358 1923 tamen

1445 1947 1494 1977 vel
1516 1953 1580 1975 tres
1600 1946 1847 1980 moderaverunt‚
1867 1944 2006 1974 dicentes
2024 1944 2108 1983 quod
2125 1944 2203 1972 bene
2221 1942 2358 1982 placeret

1447 1996 1491 2025 eis
1510 1995 1591 2024 dicto
1617 1995 1720 2030 modo,
1749 1994 1913 2023 dummodo
1933 2000 2034 2023 tamen
2056 1992 2145 2022 nacio
2167 1997 2276 2031 posset
2291 1991 2357 2021 sol-

1446 2054 1519 2073 vere
1538 2043 1674 2080 bedello;
1693 2049 1722 2072 et
1737 2043 1764 2073 si
1780 2053 1853 2078 non,
1874 2043 1957 2082 quod
1972 2048 2044 2071 tunc
2063 2041 2217 2080 reciperet
2235 2050 2356 2070 omnem

1448 2093 1607 2133 pecuniam
1631 2093 1804 2122 venientem
1822 2093 1859 2121 de
1875 2090 2080 2120 inrotulandis
2097 2096 2157 2119 tam
2174 2089 2254 2119 ultra
2271 2099 2356 2118 sum-

1447 2152 1525 2171 mam
1554 2142 1615 2171 sibi
1639 2141 1825 2181 promissam
1849 2150 1939 2180 quam
1963 2140 2043 2169 ultra
2063 2148 2209 2168 summam
2234 2137 2355 2167 bedello

1448 2192 1596 2226 dandam;
1627 2190 1722 2230 aliqui
1744 2196 1844 2219 tamen
1871 2190 2016 2218 dixerunt
2044 2188 2128 2227 quod
2153 2187 2289 2226 placeret
2310 2187 2355 2216 eis

1448 2241 1531 2280 quod
1555 2240 1683 2269 haberet
1706 2240 1765 2268 200
1785 2239 1906 2268 francos
1925 2238 1956 2267 in
1972 2242 2128 2277 prompto,
2152 2236 2355 2274 undecunque

1447 2289 1599 2319 venirent.

1490 2337 1590 2377 Super
1615 2338 1646 2366 3⁰
1674 2337 1736 2366 dati
1765 2337 1887 2366 fuerunt
1912 2334 2060 2375 deputati.
2091 2333 2192 2372 Super
2219 2332 2251 2361 4⁰
2279 2342 2355 2361 con-

1448 2397 1536 2416 cessa
1567 2386 1623 2415 fuit
1654 2385 1844 2425 supplicacio
1878 2383 2081 2424 supplicantis
2110 2391 2167 2421 pro
2196 2380 2354 2410 solucione

1447 2435 1599 2465 scolarum
1623 2444 1762 2470 suarum3
1787 2443 1936 2463 concessa
1962 2433 2019 2462 fuit
2043 2431 2138 2461 eciam
2165 2429 2354 2469 supplicacio

1447 2484 1588 2524 magistri
1603 2483 1722 2512 Alfardi
1742 2483 1779 2512 de
1803 2482 1830 2512 A
1853 2481 2055 2521 supplicantis
2073 2480 2156 2519 quod
2174 2478 2262 2508 nacio
2280 2478 2356 2508 velit

1447 2543 1514 2562 eum
1533 2539 1676 2572 reputare
1697 2537 1884 2571 presentem,
1906 2540 1972 2560 cum
1989 2529 2057 2569 ipse
2076 2528 2167 2558 fuerit
2186 2527 2217 2556 in
2231 2527 2281 2557 via
2295 2537 2353 2566 pro

1446 2583 1547 2612 eundo
1564 2581 1703 2611 Parisius
1716 2581 1754 2610 ad
1770 2580 1915 2615 studium,
1930 2585 2090 2617 antequam
2106 2576 2166 2606 sibi
2182 2575 2355 2605 constiterit

1446 2632 1484 2660 de
1508 2630 1594 2660 obitu
1615 2640 1707 2670 pape,
1728 2635 1843 2658 attento
1866 2628 1949 2668 quod
1971 2625 2190 2657 Universitatis
2217 2624 2354 2664 deputati

1446 2680 1668 2709 ordinaverunt
1689 2679 1727 2707 de
1750 2678 1892 2706 mandato
1911 2675 2131 2706 Universitatis
2155 2683 2261 2703 omnes
2283 2673 2353 2702 illos

1446 2728 1701 2768 supervenientes
1721 2727 1834 2755 debere
1856 2725 2023 2765 precedere
2047 2724 2085 2752 de
2105 2733 2184 2752 novo
2205 2722 2352 2762 incipien-
2387 2725 2391 2729 ”

1446 2784 1492 2807 tes
1512 2777 1564 2816 qui
1588 2777 1710 2805 fuerunt
1725 2774 1823 2814 parati
1839 2780 1869 2803 et
1884 2772 2028 2812 dispositi
2041 2782 2099 2812 pro
2114 2772 2215 2801 eundo
2233 2772 2272 2800 ad
2291 2777 2352 2800 stu-

1447 2826 1529 2855 dium
1546 2824 1734 2859 Parisiense,
1751 2830 1911 2862 antequam
1926 2822 1970 2851 eis
1980 2821 2118 2851 constitit
2128 2821 2166 2849 de
2177 2820 2262 2849 obitu
2275 2829 2353 2858 pape

1447 2880 1477 2904 et
1497 2874 1549 2913 qui
1566 2874 1597 2902 in
1617 2874 1723 2902 eodem
1741 2879 1879 2911 tempore
1898 2870 2068 2905 venissent,
2087 2868 2250 2908 supposito
2270 2868 2354 2908 quod
