2632 3464
284 636 391 663 Dilatio

262 681 416 707 bursarum

255 2391 398 2417 Remissio

252 2435 404 2461 bursarum

435 421 498 439 xm
1034 435 1036 439 ,
1086 411 1087 414 ’
1272 405 1536 443 IN'I‘RODUCTio

482 488 589 525 Bene
609 497 738 526 tamen
755 491 966 528 notandum
986 499 1058 532 est,
1078 481 1304 542 plerumque
1320 493 1482 542 gratiam
1504 494 1670 530 nationis
1687 479 1954 538 intervenisse,
1978 496 2059 531 sive
2079 493 2263 532 dilatione
2282 495 2368 532 bur-

437 570 578 603 sarum,
603 560 682 596 sive
699 562 925 598 remissione
942 561 1176 598 earumdem.
1351 560 1353 563 ’
2335 560 2339 570 ¹

485 628 642 674 Dilatz'o,
667 631 845 667 induciae
866 631 1085 667 bursarum.
1111 632 1296 681 perpauci
1317 633 1355 667 in
1374 631 1603 668 condicione
1618 641 1740 676 erant,
1765 624 1894 670 statim
1916 632 2052 670 bursas
2069 647 2158 671 suas
2177 627 2364 671 solvendi.

438 700 516 735 Iter
535 698 582 735 ad
603 687 769 736 Parisios
792 697 922 737 multis
944 708 1213 750 sumptuosum
1235 701 1319 744 fuit,
1336 714 1422 737 cum
1441 703 1500 737 via
1522 701 1669 752 aliquot
1689 704 1878 739 mensium
1897 699 2126 753 quibusdam
2147 704 2367 754 peragenda

437 777 540 805 esset
565 769 661 815 (446,
691 770 763 816 23).
799 771 934 807 Evenit
963 772 1120 819 insuper
1142 778 1182 806 ut
1207 785 1223 806 «
1247 770 1435 820 spoliatus
1455 769 1634 807 omnibus
1659 777 1736 807 tam
1761 773 1935 821 pecuniis
1957 785 2071 822 quam
2094 772 2240 809 libris»
2265 767 2364 821 (373³,

436 839 495 885 24)
521 839 690 875 studium
718 840 907 889 attigerit3
931 841 1007 876 vita
1031 841 1258 876 Parisiensis
1285 841 1337 876 ita
1362 853 1448 876 cara
1471 840 1555 881 fuit,
1583 848 1624 876 ut
1649 852 1726 876 non
1751 841 2019 879 semel'coacti
2044 852 2175 880 essent
2200 838 2366 879 Parisios

436 908 652 958 relinquere
682 917 720 946 et
755 923 771 944 «
807 911 987 946 viaticum
1013 921 1174 958 querere
1201 923 1271 959 pro
1300 909 1427 946 studio
1456 910 1718 946 continuando
1746 925 1763 945 )>
1792 911 1888 957 (608,
1917 912 1990 959 29).
2026 913 2171 949 Revera
2203 915 2366 950 maxima

434 992 523 1028 pars
546 978 883 1015 determinantium
908 980 1127 1029 imploravit
1146 981 1309 1029 gratiam
1333 981 1512 1015 nationis.
1536 979 1648 1016 Tales
1671 981 1932 1029 promiserunt
1954 981 2103 1018 solvere
2119 983 2254 1019 bursas
2276 995 2365 1020 suas

434 1049 534 1084 intra
556 1056 704 1084 certum
722 1049 938 1084 terminum.
965 1051 1071 1084 Tunc
1091 1048 1215 1085 solum
1232 1056 1437 1098 postquam
1463 1050 1625 1085 termino
1646 1049 1813 1098 praefixo
1830 1051 2114 1095 satisfecerant,
2138 1060 2365 1102 procurator

434 1118 581 1154 addidit
604 1131 610 1153 :
633 1133 648 1153 ((
673 1118 795 1154 Solvit
814 1133 846 1154 π.
866 1119 1054 1155 Ditissimi
1069 1121 1184 1155 etiam
1205 1131 1338 1155 eorum
1353 1132 1429 1155 non
1442 1118 1637 1155 habebant
1655 1131 1807 1169 semper
1822 1127 2039 1170 promptam
2061 1123 2276 1171 pecuniam.
2299 1125 2361 1160 Sic

432 1187 547 1224 bursa
570 1188 755 1224 Johannis
784 1187 912 1238 Scalpi
936 1195 1018 1224 erat
1040 1189 1060 1224 3
1083 1196 1280 1230 mutones;
1312 1201 1381 1238 pro
1406 1188 1475 1224 3¹²¹¹⁸
1508 1187 1636 1224 bursis
1659 1188 1767 1225 dedit
1789 1189 1937 1226 litteras
1958 1189 2151 1235 officialis;
2177 1205 2247 1241 pro
2278 1193 2364 1230 aliis

429 1265 578 1294 tantum
595 1257 784 1294 satisfecit
803 1259 842 1293 in
858 1259 1034 1307 pecunia.
1054 1260 1173 1294 Bursa
1193 1258 1375 1308 Rothgeri
1392 1257 1439 1294 de
1458 1258 1686 1294 Luneborch
1702 1258 1772 1294 fuit
1790 1258 1838 1294 44
1852 1259 1941 1303 sol.;
1958 1259 2207 1297 nihilominus
2223 1263 2362 1311 partim

429 1327 672 1364 solummodo
692 1327 824 1370 solvit;
848 1341 918 1377 pro
939 1327 1022 1364 aliis
1044 1327 1151 1364 dedit
1171 1329 1333 1378 pignora
1353 1329 1446 1373 (256,
1469 1330 1503 1371 5,
1528 1327 1580 1377 9).
1606 1329 1728 1377 Saepe
1744 1329 1908 1365 termino
1924 1329 2092 1378 praefixo
2112 1330 2260 1368 solvere
2284 1344 2360 1368 non

428 1405 647 1447 potuerunt,
665 1405 704 1434 et
719 1397 861 1434 solutio
878 1398 1016 1434 iterum
1032 1397 1150 1434 dilata
1169 1397 1239 1434 fuit
1259 1399 1347 1446 (jam
1368 1398 1593 1447 antiquitus,
1612 1397 1689 1434 vid.
1708 1398 1768 1440 87,
1791 1398 1834 1433 16
1850 1410 1952 1448 sqq.;
1968 1399 2029 1442 95,
2052 1399 2120 1446 10),
2140 1413 2216 1449 quo
2235 1402 2363 1438 evenit

428 1475 470 1504 ut
495 1467 649 1517 quando
671 1469 861 1517 incepturi
882 1475 1014 1510 erant,
1044 1467 1215 1504 nondum
1246 1480 1316 1517 pro
1341 1467 1639 1504 determinantia
1665 1468 1703 1502 in
1730 1468 1893 1517 pecunia
1921 1467 2214 1506 satisfecissent.
2249 1471 2362 1507 Natio

427 1538 607 1575 damnum
636 1538 864 1574 contrahere
889 1537 1024 1574 noluit.
1055 1538 1127 1573 An.
1156 1538 1248 1573 1355
1273 1536 1472 1580 stabilivit,
1504 1551 1521 1572 «
1549 1536 1652 1586 quod
1679 1536 2003 1573 determinaturus
2028 1539 2222 1588 impotens
2253 1541 2362 1576 satis-

426 1608 552 1644 facere
572 1607 620 1644 de
638 1608 766 1644 bursis
787 1609 867 1643 suis
887 1620 958 1657 pro
980 1607 1165 1657 presenti,
1189 1607 1352 1656 prestito
1370 1607 1587 1655 juramento
1611 1607 1802 1656 receptori
1820 1606 1924 1656 quod
1945 1620 2015 1656 pro
2037 1620 2138 1644 nunc
2163 1616 2222 1644 est
2241 1610 2359 1659 impo-

425 1686 523 1720 tens,
550 1685 712 1727 poneret
738 1678 900 1727 pignora
919 1676 1149 1713 sufficientia
1170 1676 1272 1726 apud
1298 1684 1538 1726 receptorem
1562 1690 1578 1711 n
1603 1677 1700 1723 (177,
1731 1677 1801 1723 11).
1831 1677 1932 1712 Haec
1959 1676 2150 1714 ordinatio
2176 1680 2361 1716 remansit

427 1750 582 1784 intacta.
612 1751 732 1784 Immo
757 1748 951 1797 posterius
982 1748 1145 1797 pignora
1174 1746 1334 1796 duplum
1361 1746 1421 1783 vel
1450 1746 1744 1796 sesquialterum
1773 1745 1894 1782 debiti
1919 1746 2098 1790 valentia,
2130 1746 2359 1797 deponenda

426 1826 535 1855 erant
551 1819 638 1867 (jam
662 1819 746 1860 311,
770 1819 846 1864 18);
872 1825 911 1853 et
923 1817 1052 1858 vadia,
1072 1816 1299 1866 plerumque
1312 1815 1413 1859 libri,
1432 1817 1505 1852 nisi
1522 1823 1722 1852 numerato
1737 1815 1799 1852 die
1813 1815 1917 1852 dicta
1937 1816 2162 1860 solvissent,
2185 1831 2204 1854 a
2224 1831 2359 1868 recep-

425 1896 509 1925 tore
531 1888 645 1925 vendi
669 1894 848 1938 poterant
871 1887 943 1934 (92,
970 1887 1013 1922 12
1035 1899 1137 1936 sqq.;
1164 1886 1246 1930 123,
1272 1887 1336 1930 19;
1363 1886 1444 1928 177,
1475 1886 1538 1928 17;
1564 1886 1648 1930 342,
1669 1886 1730 1928 47,
1753 1887 1858 1932 etc.).
1883 1887 2110 1936 Quicunque
2129 1895 2256 1923 autem
2281 1901 2359 1925 non

426 1960 552 2008 potuit
568 1971 712 2008 ponere
731 1959 893 2007 pignora
911 1956 997 2001 (vid.
1026 1957 1111 1998 225,
1136 1957 1181 1992 38
1203 1958 1318 2005 sqq.),
1344 1971 1361 1990 α
1384 1955 1551 1992 litteram
1575 1955 1647 1991 sub
1668 1955 1796 2005 sigillo
1812 1955 1987 1991 officialis
2004 1955 2165 1992 informa
2181 1971 2198 1991 1>
2223 1957 2359 1994 afferre

426 2028 607 2065 debebat.
638 2029 867 2064 Litterarum
889 2027 972 2076 ejus
994 2027 1148 2076 generis
1173 2025 1357 2075 quasdam
1387 2024 1510 2062 adhuc
1541 2033 1786 2062 conservatas
1811 2026 1850 2060 in
1871 2032 1982 2061 notas
2003 2026 2235 2062 inseruimus
2258 2027 2355 2074 (225,

426 2113 462 2135 n.
487 2100 527 2143 23
552 2099 723 2140 263-266,
746 2111 803 2141 n.;
825 2098 917 2140 314;
938 2097 1038 2146 351).
1062 2095 1290 2132 Earumdem
1315 2095 1469 2144 longam
1493 2096 1632 2131 seriem
1646 2095 1735 2130 anni
1754 2095 1847 2130 1360
1867 2094 1954 2131 vide
1969 2108 2008 2144 p.
2028 2095 2201 2131 262-263.
2227 2098 2280 2132 Ex
2301 2097 2357 2133 eis

425 2169 546 2219 liquet
578 2176 792 2218 praeterea,
824 2180 922 2217 quae
953 2178 1124 2203 summae
1149 2164 1358 2201 solvendae
1380 2164 1518 2201 forent.
1546 2165 1769 2214 Antiquitus
1800 2165 1904 2201 natio
1922 2177 1998 2201 non
2025 2178 2110 2201 raro
2137 2165 2356 2214 juramento

425 2240 714 2288 suppositorum
744 2237 1042 2274 contentabatur
1071 2237 1133 2282 (77
1163 2243 1203 2271 et
1231 2236 1406 2284 passim),
1437 2234 1497 2270 vel
1531 2234 1850 2277 comminabatur,
1883 2235 1914 2270 si
1943 2247 2021 2270 non
2050 2234 2235 2271 solverint
2258 2235 2355 2272 infra

425 2316 572 2346 certum
592 2309 812 2351 terminum,
832 2306 1102 2343 determinatio
1125 2320 1141 2340 «
1165 2306 1238 2342 erit
1253 2304 1357 2340 nulla
1374 2311 1549 2354 reputata
1571 2318 1588 2338 »
1610 2304 1707 2350 (141,
1727 2304 1751 2339 9
1769 2307 1883 2353 sqq.).

475 2379 660 2415 Remissio
684 2377 903 2413 bursarum.
923 2375 1173 2425 Pauperibus,
1192 2387 1354 2423 quorum
1376 2374 1491 2410 bursa
1511 2373 1618 2417 nihil,
1646 2372 1707 2409 vel
1732 2374 1840 2422 quasi
1863 2373 1971 2416 nihil,
1997 2373 2102 2409 natio
2136 2373 2356 2410 remittebat

426 2456 551 2485 certas
573 2447 800 2490 solutiones,
819 2446 888 2482 sed
909 2459 985 2482 non
1002 2458 1149 2481 omnes.
1169 2446 1219 2481 Ut
1235 2457 1294 2479 an.
1320 2444 1412 2479 1339
1427 2443 1595 2479 Thomae
1614 2444 1778 2491 Haquini
1797 2443 1969 2492 pauperi,
1994 2443 2058 2492 qui
2081 2455 2157 2478 non
2175 2442 2355 2479 obstante

426 2525 652 2568 paupertate
685 2518 729 2553 16
758 2516 829 2552 sol.
861 2515 1009 2552 solvere
1039 2514 1183 2555 debuit,
1216 2521 1255 2550 et
1281 2526 1367 2549 cum
1387 2525 1462 2548 non
1483 2511 1826 2560 habuerit,juravit
1846 2525 1888 2548 se
1902 2511 2114 2548 soluturum
2141 2526 2157 2546 «
2181 2510 2355 2560 quando-

425 2601 590 2637 cumque
608 2588 784 2637 primitus
805 2587 1006 2636 pecuniam
1030 2584 1172 2620 habere
1191 2590 1324 2633 posset
1343 2597 1359 2617 ))
1379 2583 1453 2630 (27,
1475 2582 1539 2625 41;
1563 2582 1622 2624 31,
1653 2582 1667 2616 1
1693 2583 1806 2631 sqq.).
1832 2583 1878 2618 Et
1894 2580 2045 2617 cuidam
2067 2582 2266 2630 incepturo
2283 2580 2354 2617 fuit

424 2658 560 2707 gratia,
590 2673 606 2692 (t
636 2670 683 2692 ne
708 2656 875 2692 solveret
901 2655 1051 2696 bursas,
1084 2653 1207 2689 donec
1239 2653 1389 2688 fortuna
1412 2651 1484 2687 sibi
1509 2650 1644 2687 melior
1665 2650 1850 2687 arrideret
1872 2665 1889 2686 ι)
1922 2652 1993 2697 (55,
2021 2651 2090 2698 19).
2114 2651 2251 2686 Postea
2272 2650 2349 2691 alii,

425 2740 585 2777 quorum
611 2727 726 2762 bursa
746 2725 854 2767 nihil,
878 2724 1014 2760 bursas
1031 2736 1119 2759 suas
1139 2722 1288 2758 solvere
1313 2722 1572 2771 promiserunt
1591 2735 1607 2755 α
1625 2734 1712 2756 cum
1741 2720 1788 2756 ad
1811 2721 2002 2757 fortunam
2022 2721 2198 2756 venerint
2218 2719 2352 2756 melio-

425 2811 503 2834 rem
523 2811 556 2841 »,
582 2811 598 2831 «
619 2797 859 2845 pinguiorem
877 2809 892 2829 n
911 2795 984 2840 (65,
1005 2794 1052 2829 34
1074 2796 1188 2842 sqq.).
1214 2793 1285 2827 Pro
1313 2792 1368 2827 eis
1394 2797 1584 2827 steterunt
1598 2789 1872 2839 fideijussores.
1893 2791 2015 2839 Saepe
2036 2789 2129 2824 nihil
2149 2795 2353 2824 annotatur

424 2866 618 2916 quomodo
636 2867 712 2907 isti,
731 2877 893 2914 quorum
911 2864 1024 2899 bursa
1048 2862 1154 2905 nihil,
1173 2862 1232 2898 vel
1245 2862 1266 2896 2
1281 2859 1349 2897 sol.
1368 2868 1535 2902 tantum,
1561 2859 1760 2898 solverint,
1782 2859 2012 2908 quandoque
2030 2859 2289 2908 promiserunt
2311 2870 2352 2894 se

426 2936 520 2972 infra
535 2943 682 2971 certum
693 2936 898 2971 terminum
916 2933 1124 2975 soluturos,
1142 2931 1203 2967 vel
1218 2944 1304 2967 cum
1317 2929 1477 2966 facultas
1492 2944 1508 2964 (ι
1523 2937 1791 2979 suppeteret».
1807 2928 1882 2965 Sed
1895 2930 1973 2978 jam
1989 2928 2142 2978 legitur,
2161 2929 2216 2964 eis
2232 2929 2351 2964 natio-
