2632 3464
316 446 367 472 457

308 522 463 552 deremus.
484 520 524 550 Et
537 531 645 550 verum
666 527 715 550 est
733 521 817 560 quod
832 519 970 559 deputati
993 528 1056 547 non
1075 523 1218 557 poterant

309 571 460 611 reperire,
470 576 616 610 quantum
629 570 667 599 de
675 568 746 609 jure
754 573 884 609 possent
895 567 946 598 vel
956 568 1035 597 forte
1049 572 1216 596 consuetu-

309 619 394 655 dine,
404 629 462 649 nec
474 619 512 649 de
527 618 693 659 privilegio
708 617 861 647 scolarum
878 626 941 646 non
956 622 1100 656 poterant
1113 615 1216 644 statim

309 668 483 704 certificari,
495 674 526 698 et
536 673 636 698 stante
645 667 706 696 ista
718 666 871 696 dilacione
885 665 1102 705 responsionis
1115 664 1216 694 dande

310 717 460 757 magistro
491 716 632 746 Gilberto
667 716 735 755 ipse
761 715 904 745 continue
938 713 1091 744 edificavit
1121 713 1216 743 eciam

308 777 408 806 usque
425 767 464 796 ad
474 766 730 805 complementum
745 763 858 794 edificii
871 763 931 799 sui,
941 770 972 793 et
983 762 1111 802 reliquit
1125 762 1216 792 nobis

311 825 403 845 unam
431 816 595 844 fenestram
623 819 770 854 apertam.
805 813 845 842 Et
868 812 1017 842 habebam
1046 822 1064 842 a
1087 812 1217 841 nacione

310 865 395 904 quod
409 874 471 894 non
486 863 748 903 responderemus
766 861 838 897 sibi,
855 861 917 891 nisi
933 862 1017 901 quod
1032 871 1095 890 non
1110 870 1216 900 posse-

309 923 376 943 mus
391 913 434 943 ita
450 912 512 942 cito
526 911 684 942 informari
697 911 735 941 de
749 909 820 951 jure
840 917 948 940 nostro
962 910 1043 940 sicut
1056 910 1217 939 desidera-

308 962 372 998 bat,
398 962 532 992 tenendo
558 960 667 1001 pocius
688 959 852 1000 negocium
870 959 901 989 in
928 969 1094 999 suspenso,
1126 967 1216 998 quam

309 1011 393 1052 quod
408 1021 446 1040 ex
459 1016 524 1040 toto
534 1009 605 1049 jure
621 1015 741 1044 nostro,
759 1009 786 1038 si
802 1009 885 1048 quod
902 1008 1104 1048 imposterum
1124 1017 1217 1047 repe-

308 1059 372 1090 rire
385 1059 565 1099 poterimus,
585 1057 848 1088 renunciaremus.
867 1057 907 1088 Et
922 1057 974 1092 ita,
992 1057 1019 1086 si
1034 1057 1066 1086 in
1082 1057 1216 1086 futurum

307 1108 478 1148 poterimus
500 1107 687 1138 sufficienter
705 1106 876 1142 informari,
900 1107 984 1146 quod
999 1107 1078 1135 bene
1100 1105 1217 1135 fundati

309 1167 460 1192 essemus,
484 1165 650 1196 possemus
668 1165 761 1196 agere
778 1156 816 1185 ad
833 1155 1069 1185 demolicionem
1090 1153 1216 1191 edificii,

309 1205 338 1236 si
353 1206 500 1246 placeret.

719 1258 819 1288 13⁷4

308 1326 400 1357 Acta
439 1325 476 1355 in
514 1324 781 1366 procurator-ia
820 1323 995 1365 magistri
1032 1323 1216 1354 Conrardi

620 1374 663 1404 de
691 1373 906 1414 Hagenoya.

348 1453 440 1484 Anno
456 1452 581 1483 Domini
601 1462 662 1492 quo
678 1461 785 1492 supra,
805 1451 920 1481 mensis
939 1451 1074 1492 Augusti
1087 1451 1136 1480 die
1153 1451 1216 1487 26⁸,

309 1503 388 1532 sacta
401 1501 648 1542 congregacione
665 1501 805 1531 nacionis
822 1500 995 1540 Anglicane
1015 1501 1054 1529 ad
1072 1499 1217 1530 Sanctum

308 1550 463 1582 lulianum
489 1559 657 1590 pauperem
684 1549 715 1580 in
742 1549 853 1590 primis
878 1549 992 1579 Nostre
1019 1549 1151 1578 Domine
1179 1549 1218 1578 ad

309 1600 495 1631 audiendum
517 1605 694 1639 computum
720 1599 906 1639 recepturis,
928 1604 959 1628 et
977 1598 1016 1627 ad
1041 1597 1218 1638 eligendum

308 1655 553 1690 procuratorem,
573 1648 689 1678 electus
707 1647 763 1677 suit
777 1648 809 1677 in
821 1653 1055 1687 procuratorem
1070 1647 1219 1687 magister

310 1697 473 1728 Conradus
487 1698 525 1727 de
541 1697 711 1737 Hagenoya
726 1697 810 1726 nullo
824 1696 1066 1732 contradicente,
1082 1696 1113 1725 in
1131 1694 1218 1736 cujus

309 1746 524 1788 procuratoris
538 1752 606 1776 acta
620 1747 743 1776 fuerunt
755 1745 962 1785 infrascripta.

351 1795 457 1826 Primo
487 1801 517 1825 et
536 1795 643 1825 eadem
664 1794 912 1835 congregacione
929 1794 1043 1824 dilatus
1061 1795 1117 1824 suit
1132 1804 1219 1824 com-

310 1851 404 1886 putus
421 1844 595 1884 recepturis
611 1854 649 1874 ex
660 1843 817 1874 voluntate
830 1843 980 1873 nacionis.

351 1894 472 1925 Deinde
488 1894 565 1923 sacta
577 1893 835 1933 congregacione,
855 1892 974 1922 scilicet
986 1893 1018 1922 4·
1037 1892 1086 1922 die
1102 1892 1219 1923 mensis

311 1942 516 1986 Septembris,
530 1942 613 1982 apud
633 1941 778 1972 Sanctum
792 1941 947 1972 «lulianum
959 1941 1035 1972 hora
1050 1942 1218 1982 primarum

310 1991 524 2032 principaliter
541 1992 579 2021 ad
598 1990 848 2031 supplicandum,
869 1991 1058 2031 supplicavit
1072 1991 1220 2031 magister

309 2040 516 2071 Wenemarus
532 2039 605 2070 then
622 2039 730 2079 Ghoye
741 2040 780 2070 de
792 2039 964 2080 Zutphania
979 2046 1104 2080 paratus
1117 2041 1219 2070 animo

311 2090 357 2119 ire
371 2089 409 2119 ad
423 2095 529 2129 partes
545 2098 617 2119 suas
637 2094 767 2128 propter
786 2088 996 2128 provisionem
1022 2088 1137 2118 ibidem
1159 2088 1219 2118 sihi

310 2139 419 2169 factam
441 2138 479 2167 de
497 2138 695 2178 expectancia
713 2147 780 2173 sua,
799 2147 930 2177 sperans
950 2147 984 2167 se
999 2143 1099 2167 tamen
1113 2147 1220 2167 rever-

311 2197 417 2218 surum
430 2188 469 2217 ad
482 2187 629 2223 studium,
644 2186 788 2226 quatinus
801 2186 828 2216 si
844 2186 985 2227 congerit
999 2186 1131 2216 rotulum
1142 2185 1219 2226 jam-

310 2236 364 2267 diu
379 2236 558 2266 ventilatum
576 2237 607 2266 in
626 2235 835 2266 Universitate
851 2235 947 2266 emitti
967 2236 1004 2265 ad
1024 2235 1151 2271 curiam,
1168 2242 1221 2265 aut

310 2285 403 2316 alium
422 2285 461 2315 de
485 2295 566 2316 novo
585 2284 740 2320 concludi,
766 2284 834 2324 ipse
854 2290 963 2324 posset
983 2284 1099 2324 imponi
1119 2285 1219 2314 eidem

310 2341 464 2375 tamquam
486 2344 629 2374 presens,
647 2333 758 2364 solutis
778 2333 949 2363 solvendis.
966 2333 1039 2363 ltem
1060 2333 1219 2373 predictus

311 2383 459 2424 magister
474 2383 681 2413 Wenemarus
704 2382 891 2423 supplicavit
909 2382 941 2412 in
960 2383 1066 2412 eadem
1085 2392 1220 2423 congre-

311 2432 440 2472 gacione
457 2433 541 2472 quod
557 2438 667 2472 posset
688 2431 794 2462 literas
811 2441 884 2462 suas
904 2431 1126 2461 testimoniales
1146 2438 1219 2461 tem-

312 2481 399 2522 poris
411 2481 555 2521 acquisiti
570 2481 602 2511 in
617 2481 769 2511 medicina
784 2481 822 2510 ad
832 2480 956 2510 archam
971 2480 1110 2510 nacionis
1125 2481 1234 2520 depo·,

311 2540 396 2560 nere.

352 2578 427 2609 Item
442 2580 548 2609 eadem
561 2579 611 2609 die
630 2585 662 2609 et
675 2579 706 2609 in
717 2579 822 2609 eadem
837 2578 1083 2619 congregacione
1101 2578 1220 2618 suppli-

313 2628 392 2658 cavit
414 2628 562 2668 magister
586 2627 790 2658 Gotschalcus
818 2627 984 2663 Viserman.
1015 2637 1159 2657 asserens
1186 2637 1220 2657 se

312 2676 465 2707 aditurum
485 2677 600 2707 curiam
624 2676 792 2707 Romanam
810 2687 867 2717 pro
886 2676 976 2706 libris
996 2682 1026 2706 et
1044 2677 1138 2706 rebus
1153 2676 1220 2707 suis

314 2725 357 2755 ibi
370 2725 522 2762 dimissis,
545 2732 579 2757 ut
595 2726 622 2756 si
638 2725 740 2756 medio
758 2732 896 2766 tempore
914 2725 1034 2756 rotulus
1053 2725 1220 2756 conclude-

313 2779 410 2810 retur,
429 2774 496 2814 ipse
516 2781 624 2815 posset
640 2774 784 2805 similiter
798 2774 926 2814 imponi.
944 2774 1082 2812 Quorum
1099 2774 1220 2814 suppli-

313 2823 455 2853 caciones
469 2832 578 2854 omues
596 2823 719 2854 fuerunt
733 2823 878 2854 admisse.

345 2933 368 2957 1.
402 2933 429 2957 2¹
446 2933 606 2966 Septembris.

346 2969 370 2993 2.
401 2968 540 3001 Sequentia
555 2968 609 2993 alio
619 2969 766 2994 characian
777 2970 873 3003 scripta
883 2973 950 2995 nunt.

814 444 929 470 LIBER
949 441 1263 469 PROCURATORUM
1289 441 1469 468 NATIONIS
1487 441 1733 467 ANGLICANAE

1255 963 1289 989 10

1255 1207 1288 1234 15

1254 1454 1289 1480 20

1255 1700 1289 1726 25

1255 1946 1290 1973 30

1256 2191 1291 2218 35

1257 2436 1291 2463 40

1257 2681 1291 2708 45

2181 441 2233 467 458

1367 517 1439 556 (Fol.
1458 519 1494 546 42
1508 516 1532 556 b)
1552 517 1627 546 Item
1647 517 1724 546 sacta
1745 517 1992 557 congregacione
2013 517 2044 546 in
2064 517 2113 546 die
2136 518 2235 547 sancti

1327 565 1461 595 Mathei⁴
1487 567 1525 595 ad
1553 566 1697 595 Sanctum
1722 565 1909 595 Maturinum
1936 565 2012 595 hora
2033 576 2233 605 vesperarum

1327 616 1366 644 ad
1376 615 1560 644 audiendum
1579 621 1754 655 computum
1771 615 1945 655 receptoris
1960 621 1990 644 et
2003 616 2039 644 ad
2054 615 2234 644 electionem

1326 664 1400 694 novi
1423 664 1473 694 vel
1502 664 1769 698 continuacionem
1799 663 1930 703 antiqui,
1955 664 2152 693 continuatus
2180 665 2236 694 suit

1326 719 1472 753 receptor
1485 713 1631 753 antiquus
1644 713 1841 743 concorditer
1851 714 1888 742 ab
1897 713 2052 747 omnibus,
2068 719 2098 742 et
2113 723 2236 753 compo-

1326 769 1375 792 tus
1417 762 1542 792 ultimus
1586 762 1699 792 dilatus
1746 772 1844 802 usque
1881 763 1919 791 ad
1958 762 2235 802 congregacionem

1326 818 1517 852 sequentem.

1367 859 1464 890 Item²
1484 861 1534 890 die
1551 860 1668 890 xxm·
1682 859 1799 890 mensis
1818 859 2011 899 Septembris
2028 859 2103 889 hora
2120 860 2237 899 prima-

1326 920 1394 939 rum
1424 910 1502 939 facta
1528 909 1775 949 congregacione
1804 908 1944 938 nacionis
1977 909 2058 948 apud
2091 908 2235 938 Sanctum

1325 958 1479 989 Julianum
1497 959 1535 988 ad
1549 959 1734 988 audiendum
1752 964 1927 998 computum
1950 958 2123 998 receptoris
2146 965 2176 987 et
2198 959 2236 987 ad

1327 1007 1503 1048 eligendum
1516 1014 1761 1047 procuratorem,
1774 1007 1962 1047 computavit
1976 1006 2120 1036 dominus
2130 1017 2237 1046 recep-

1326 1063 1388 1092 tor,
1400 1063 1431 1086 et
1448 1057 1591 1086 omnibus
1606 1062 1667 1086 tam
1683 1056 1835 1096 expositis
1853 1066 1943 1095 quam
1959 1056 2094 1095 receptis
2112 1066 2236 1095 compu-

1327 1106 1398 1135 tatis
1417 1106 1530 1135 mansit
1543 1104 1665 1134 nacioni
1687 1105 1843 1145 obligatus
1859 1105 1890 1134 in
1910 1104 1951 1134 XI
1966 1104 2056 1134 libris
2072 1104 2234 1144 parisien.,

1326 1154 1412 1184 XVII
1427 1154 1537 1184 solidis
1551 1160 1581 1184 et
1592 1154 1620 1184 X
1630 1154 1780 1190 denariis,
1796 1160 1826 1184 et
1839 1154 1895 1183 fuit
1907 1161 2070 1193 computus
2084 1154 2122 1183 ab
2135 1154 2236 1183 omni-

1325 1205 1384 1234 hus
1397 1204 1598 1244 approbatus.

1733 1257 1832 1286 1374

1427 1322 1701 1353 Procuratoria
1743 1322 1918 1363 magistri
1963 1322 2136 1352 Marcelii

1662 1373 1704 1401 de
1742 1371 1901 1412 lnghen.

1365 1448 1456 1478 Anno
1468 1458 1529 1488 quo
1547 1458 1641 1488 supra
1657 1454 1686 1477 et
1697 1447 1757 1483 die,
1778 1448 1855 1477 sacta
1870 1448 2118 1487 congregacione
2136 1447 2237 1476 nacio-

1326 1498 1375 1528 nis
1396 1499 1434 1527 ad
1457 1497 1642 1526 audiendum
1665 1503 1842 1536 computum
1862 1496 2046 1536 receptoris,
2068 1503 2098 1526 et
2118 1497 2156 1525 ad
2180 1496 2238 1525 eli-

1326 1547 1460 1588 gendum
1483 1553 1729 1586 procuratorem,
1760 1546 1876 1575 electus
1900 1545 1957 1575 fuit
1979 1546 2176 1575 concorditer
2206 1545 2238 1574 in

1325 1602 1560 1636 procuratorem
1579 1595 1728 1635 magister
1740 1594 1931 1634 M[arcelius]
1949 1595 1987 1624 de
2004 1594 2135 1634 Inghen‚
2153 1594 2237 1624 nullo

1326 1645 1450 1685 penitus
1467 1645 1662 1674 reclamante.
1685 1644 1720 1674 In
1741 1643 1828 1684 cujus
1850 1643 2065 1684 procuratoris
2081 1650 2148 1674 acta
2166 1650 2238 1673 sunt

1328 1704 1388 1734 que
1403 1700 1586 1734 sequuntur.

1367 1743 1442 1773 Item
1467 1745 1496 1772 1⁰
1517 1749 1589 1773 tunc
1609 1742 1796 1782 supplicavit
1818 1742 1967 1782 magister
1993 1742 2175 1772 Conrardus
2199 1743 2237 1771 de

1327 1792 1507 1833 Hagenoya,
1533 1793 1617 1832 quod
1642 1792 1730 1821 nacio
1756 1791 1815 1821 sibi
1842 1797 1985 1831 parceret
2009 1792 2048 1821 de
2077 1791 2237 1821 solucione

1329 1842 1470 1882 pecunie,
1489 1851 1579 1881 quam
1599 1840 1721 1870 nacioni
1739 1841 1871 1870 debebat
1888 1850 1945 1880 pro
1960 1841 2147 1880 precedente
2161 1850 2237 1880 pro-

1328 1891 1492 1922 curatoria.
1515 1890 1606 1928 Quod
1633 1890 1689 1920 suit
1714 1899 1897 1920 concessum
1923 1899 2022 1929 usque
2054 1890 2093 1919 ad
2117 1890 2236 1919 instans

1335 1941 1445 1970 festum
1461 1940 1559 1969 sancti
1572 1939 1705 1969 Emondi
1715 1938 1738 1968 ².

1370 1990 1445 2019 ltem
1474 1989 1552 2018 sacta
1572 1988 1821 2028 congregacione
1850 1987 1990 2018 nacionis
2010 1988 2042 2017 4⁰
2067 1988 2116 2017 die
2140 1987 2236 2018 Octo-

1327 2038 1394 2068 bris
1409 2039 1491 2078 apud
1509 2039 1619 2068 fratres
1636 2038 1774 2067 Minores
1789 2044 1862 2077 post
1881 2046 2054 2066 sermonem
2064 2035 2088 2072 ⁴,
2107 2038 2144 2066 ad
2160 2047 2237 2077 sup-

1327 2088 1516 2128 plicandum,
1531 2086 1718 2127 supplicavit
1734 2086 1881 2126 magister
1893 2086 2089 2115 Hermannus
2106 2087 2143 2115 de
2161 2086 2236 2116 Bot-

1328 2137 1490 2167 tenbroich
1513 2137 1608 2176 quod,
1630 2146 1697 2165 cum
1725 2146 1783 2176 pro
1805 2136 1899 2165 rebus
1924 2135 1989 2165 suis
2010 2135 2042 2164 in
2057 2135 2160 2164 studio
2176 2135 2235 2164 sibi

1329 2186 1514 2216 debentibus
1529 2185 1699 2220 deservire.
1716 2184 1894 2214 necessario
1910 2184 2037 2214 haberet
2053 2184 2234 2224 repatriare,

1327 2245 1458 2275 cumque
1487 2235 1647 2264 recederet
1670 2234 1771 2263 animo
1795 2233 1983 2268 revertendi,
2009 2240 2042 2263 ut
2061 2232 2236 2273 juramento

1328 2284 1473 2319 asseruit,
1501 2284 1531 2312 in
1556 2282 1644 2324 cujus
1666 2283 1762 2312 eciam
1784 2283 1907 2323 signum
1935 2293 1986 2312 res
2014 2293 2086 2312 suas
2115 2293 2234 2318 omnes,

1327 2343 1405 2373 quas
1429 2333 1516 2373 prius
1533 2332 1736 2362 communiter
1755 2331 1871 2367 habuit,
1892 2331 2030 2361 parisius
2052 2331 2234 2371 dereliquit;

1329 2392 1397 2412 cum
1412 2382 1508 2412 eciam
1525 2381 1662 2411 scolares
1681 2381 1876 2411 parisienses
1891 2387 2029 2420 tempore
2048 2391 2191 2410 recessus
2206 2386 2235 2410 et

1327 2432 1490 2466 adventus,
1510 2441 1582 2470 ymo
1599 2437 1630 2460 et
1643 2437 1782 2470 tempore
1798 2429 2031 2470 preparacionis
2049 2439 2103 2459 sue
2116 2430 2153 2458 ad
2170 2436 2236 2459 stu-

1327 2481 1410 2510 dium
1421 2480 1577 2520 gaudeant
1590 2479 1764 2520 privilegiis
1778 2479 1996 2509 Universitatis
2013 2485 2042 2508 et
2053 2485 2235 2518 reputentur

1330 2529 1469 2559 Pan-isius
1482 2535 1644 2569 presentes
1660 2540 1666 2557 :
1687 2529 1831 2568 quatinus
1845 2528 1871 2558 si
1882 2538 1991 2568 papam
2007 2527 2084 2557 mori
2100 2527 2235 2567 contige-

1328 2579 1379 2614 rit,
1398 2585 1450 2608 aut
1465 2578 1598 2608 rotulum
1621 2577 1699 2614 fieri,
1719 2578 1802 2617 quod
1828 2578 1895 2616 ipse
1913 2577 2011 2606 eidem
2026 2577 2236 2616 imponeretur

1328 2634 1480 2668 tamquam
1501 2637 1632 2667 presens
1650 2633 1680 2656 et
1699 2627 1730 2656 in
1749 2627 1816 2656 loco
1832 2636 1888 2655 suo
1909 2626 2076 2655 secundum
2093 2631 2236 2655 senectu-

1328 2683 1388 2706 tem
1409 2676 1590 2717 magisterii.
1617 2676 1684 2714 Que
1703 2675 1894 2715 supplicacio
1925 2675 1980 2704 suit
2007 2683 2157 2703 concessa
2178 2684 2236 2713 pro

1329 2732 1468 2765 tempore
1486 2731 1635 2765 sequente
1648 2735 1746 2764 usque
1763 2725 1801 2754 ad
1820 2723 1936 2759 Natam,
1954 2723 1980 2752 si
1998 2730 2029 2753 et
2044 2723 2074 2752 in
2090 2729 2235 2762 quantum

1329 2774 1451 2805 interim
1475 2784 1622 2805 reversus
1639 2780 1737 2809 esset;
1760 2773 1786 2803 si
1806 2779 1905 2802 autem
1927 2772 2048 2802 diucius
2065 2777 2239 2802 remaneret

1330 2823 1360 2853 in
1379 2823 1519 2863 partibus
1536 2829 1609 2864 post
1621 2823 1738 2858 Natale‚
1758 2823 1871 2852 absens
1887 2822 1945 2851 erit
1960 2827 2131 2861 reputatus.

1361 2935 1384 2958 ³.
1416 2935 1507 2958 Postea
1519 2934 1630 2965 epatium
1645 2933 1731 2956 dece-m
1743 2932 1878 2956 linearum.

1360 2970 1383 2994 4.
1422 2969 1488 3000 Quia
1498 2970 1591 3001 sectum
1605 2971 1630 2992 S,
1647 2968 1785 2992 Franz-ieci.
