2632 3464
0 1921 18 2098 ψκηη-ιι-Ῡ-ΜΓ

0 2826 9 2870 :vv-³
0 2634 9 2818 ν-ε-τιν-,Ὓκ-’ν
0 2602 8 2619 -r
0 2546 7 2578 :w-

260 450 312 477 421
772 447 886 473 LIBER
908 443 1218 472 PROCURATORUM
1239 443 1419 470 NATIONIS
1438 443 1682 469 ANGLlCANAE
2129 442 2180 467 422

262 526 408 561 Gouden,
427 525 514 565 cujus
534 526 629 554 bursa
651 525 670 554 3
694 523 797 553 solidi.
821 521 978 552 Satisfecit
995 520 1162 560 receptori.

302 575 377 604 Item
391 574 407 604 J
411 575 547 604 ordanus
562 574 600 603 de
616 572 751 603 Gorkem
764 573 822 602 suh
834 570 984 610 magistro
1000 569 1165 599 Guillelmo

260 625 299 654 de
314 623 492 663 Wadenoy,
512 620 599 663 cujus
620 622 715 651 bursa
731 620 758 649 V
772 619 877 654 solidi,
891 619 909 648 2
923 618 1053 652 denarii.
1070 617 1164 648 Satis-

260 673 342 703 fecit.

300 721 374 751 Item
387 719 600 751 Theodericus
618 718 742 749 Heswic
762 718 820 747 sub
834 716 983 757 magistro
999 715 1164 746 Guillelmo

258 770 434 808 Wadenoy,
453 768 540 808 cujus
554 769 648 798 bursa
662 769 681 797 5
697 766 801 802 solidi,
817 767 835 795 2
846 765 975 796 denarii.
996 765 1162 795 Satisfecit.

301 819 375 849 ltem
411 817 568 848 lohannes
612 815 725 847 Boukil
768 815 880 845 Scotus
916 815 973 844 sub
1014 814 1164 854 magistro

257 867 398 897 Gerardo
419 868 458 896 de
479 866 603 901 Calker‚
619 864 706 905 cujus
726 865 820 894 bursa
835 865 853 894 7
871 863 975 893 solidi.
996 863 1162 892 satisfecit.

300 917 374 946 Item
394 913 565 946 Ecbertus⁴
582 913 714 944 Arnoldi
732 914 790 943 sub
808 913 956 953 magistro
979 912 1106 942 Nicolao
1126 913 1164 941 de

260 965 380 1000 Gauda,
399 963 487 1004 cujus
499 964 594 994 bursa
609 965 627 993 5
642 963 735 993 solidi
747 963 767 992 4
783 962 913 992 denarii.
930 961 1095 991 satisfecit.

300 1014 374 1044 Item
386 1013 543 1043 Jobannes
556 1011 742 1042 Theoderici
757 1012 815 1041 sub
830 1011 950 1046 eodem,
969 1009 1056 1050 eujus
1070 1011 1164 1039 bursa

258 1065 276 1092 5
292 1062 384 1092 solidi
401 1062 419 1091 4
434 1061 564 1091 denarii.
582 1060 738 1090 Satisfecit
748 1059 912 1099 receptori.

298 1109 372 1138 Item
393 1108 537 1138 dominus
554 1106 718 1137 Giiskinus
733 1105 952 1146 Diepenborcb
969 1106 1027 1135 sub
1042 1105 1162 1140 eodem,

257 1156 344 1198 cujus
362 1158 457 1187 bursa
471 1158 488 1186 5
501 1156 607 1191 solidi,
619 1157 637 1186 4
650 1155 781 1185 denarii.
802 1155 968 1184 satisfecit.

297 1205 371 1236 Item
384 1205 528 1235 dominus
539 1205 674 1234 Jacobus
689 1204 847 1234 Johannes
860 1205 918 1233 sub
936 1204 1056 1238 eodem,
1075 1202 1162 1243 cujus

254 1256 349 1285 bursa
364 1257 382 1284 5
401 1254 505 1289 solidi,
520 1254 539 1284 4
554 1253 684 1283 denarii.
704 1253 860 1292 Satisfecit
874 1253 1039 1292 receptori.

296 1303 371 1333 Item
388 1303 546 1333 Johannes
567 1303 605 1332 de
627 1302 727 1332 Barka
742 1303 800 1332 sub
818 1301 967 1342 magistro
985 1301 1162 1331 Hermanno

255 1351 479 1387 Buttenbroch,
504 1351 591 1391 cujus
610 1353 704 1381 bursa
725 1350 831 1386 nichil,
851 1350 923 1390 quia
934 1349 1050 1391 juravit
1065 1356 1163 1380 statu-

255 1408 318 1431 tum
332 1400 561 1442 [paupertatis].

297 1449 372 1480 [tem
394 1450 552 1479 ,lohannes
579 1449 700 1479 Stralen
725 1450 782 1479 sub
807 1449 954 1490 magistro
986 1448 1162 1478 Hermanno

255 1498 479 1534 Buttenbroch,
503 1497 589 1538 cujus
611 1499 706 1528 bursa
727 1499 745 1528 5
761 1498 853 1527 solidi
870 1499 889 1528 8
909 1498 1039 1527 denarii.
1062 1497 1162 1527 Satis-

255 1548 337 1578 fecit.

296 1596 370 1626 Item
384 1596 541 1626 Jobannes
558 1597 597 1626 de
616 1595 714 1636 Eydel
731 1597 788 1626 sub
806 1595 954 1636 magistro
968 1595 1108 1625 Johanne
1124 1596 1162 1625 de

254 1645 516 1680 Luczelenborch,
542 1643 628 1685 cujus
651 1646 746 1674 bursa
768 1646 787 1674 6
806 1644 878 1680 sol.;
904 1644 1009 1684 posuit
1030 1645 1163 1684 pignora

254 1704 311 1734 pro
326 1695 448 1724 duobus
462 1694 575 1724 francis
590 1700 621 1723 et
635 1703 690 1723 sex
703 1693 824 1728 solidis,
839 1700 870 1723 et
887 1693 980 1723 solvit
994 1694 1012 1722 2
1026 1694 1159 1723 francos.

295 1742 369 1773 ltem
390 1743 548 1773 lohannes
567 1743 606 1772 de
626 1742 740 1772 Sancto
765 1742 836 1772 Vito
859 1752 949 1772 secus
970 1752 1077 1782 rupem
1103 1743 1161 1772 sub

253 1792 403 1832 magistro
424 1791 565 1822 Johanne
584 1792 623 1821 de
642 1791 787 1827 saxonia,
805 1790 894 1831 cujus
908 1792 1000 1821 bursa
1016 1792 1034 1820 3
1050 1791 1159 1827 solidi;

253 1841 359 1881 posuit
375 1841 519 1881 pignora.

294 1889 368 1919 Item
381 1889 538 1919 Jobannes
555 1889 622 1930 Log
639 1890 697 1919 sub
713 1890 862 1929 magistro
879 1889 1019 1919 Gerardo
1034 1890 1072 1918 de
1088 1889 1162 1919 Cal-

252 1938 322 1974 ker,
336 1937 423 1979 cujus
435 1939 529 1968 bursa
538 1940 556 1968 5
569 1938 661 1968 solidi
674 1945 704 1968 et
718 1938 866 1968 dimidius
874 1951 881 1974 ;
897 1938 1003 1978 posuit
1014 1938 1158 1978 pignora.

295 1987 369 2017 ltem
382 1987 542 2017 johannes
560 1988 599 2017 de
617 1987 816 2018 Conssuencia
832 1988 890 2017 sub
909 1987 1059 2027 magistro
1080 1987 1161 2017 Hen-

253 2036 319 2066 rico
343 2036 381 2065 de
413 2036 543 2071 Hassis,
577 2035 665 2076 cujus
691 2037 786 2066 bursa
823 2037 861 2066 22
892 2036 1025 2071 denarii;
1056 2036 1162 2076 posuit

253 2094 397 2124 pignora.

295 2133 369 2163 ltem
388 2132 547 2163 Gerardus
560 2133 598 2163 de
613 2133 768 2163 Priswalk
782 2134 840 2163 sub
858 2134 1009 2174 magistro
1021 2133 1160 2164 Iohanne

252 2182 290 2211 de
313 2181 458 2216 Saxonia,
476 2180 563 2221 cujus
577 2182 674 2212 bursa
683 2181 791 2217 nichil,
807 2182 880 2222 quia
888 2181 1005 2222 juravit
1015 2188 1159 2213 statutum

254 2231 481 2271 [paupertatis]⁸

293 2279 367 2310 ltem
387 2279 525 2310 Cifridus
549 2280 588 2309 de
616 2279 799 2320 Drunglhen
817 2280 875 2310 sub
899 2280 1049 2320 magistro
1071 2281 1161 2310 Guil-

253 2328 344 2358 lelmo
374 2328 550 2368 Wadenoy,
586 2328 674 2369 cujus
700 2330 793 2359 bursa
812 2330 830 2358 5
853 2329 946 2358 solidi
977 2329 995 2358 4
1024 2330 1159 2366 denarii;

252 2377 358 2418 posuit
373 2377 538 2417 pignora².

293 2425 368 2455 Item
391 2426 606 2456 determinavit
621 2427 765 2456 dominus
782 2426 939 2457 lohannes
955 2428 993 2457 de
1009 2427 1161 2458 Cambus-

253 2481 362 2505 natzan
375 2475 433 2504 sub
449 2485 529 2515 mag.
549 2475 702 2510 Trebi-on,
726 2474 814 2515 cujus
832 2477 926 2506 bursa
939 2475 968 2516 vj
983 2476 1040 2506 sol.
1062 2476 1162 2507 Solvit

253 2523 389 2554 totaliter
400 2524 422 2552 ².

294 2571 369 2602 Item
385 2573 461 2602 facta
476 2573 722 2613 congregacione
733 2574 872 2604 nacionis
886 2574 916 2603 in
935 2573 1048 2604 Sancto
1064 2574 1160 2605 Matu-

254 2620 323 2650 rino
349 2621 387 2650 ad
421 2621 658 2661 supplicandum
685 2629 715 2652 et
740 2623 944 2652 ordinandum
966 2624 1004 2653 de
1032 2625 1161 2663 pecunia

254 2668 404 2706 nacionis,
419 2670 605 2711 supplicavit
614 2671 771 2701 Johannes
784 2672 822 2701 de
833 2671 930 2711 Eydel
941 2682 998 2712 pro
1009 2673 1160 2703 dilacione

253 2717 385 2748 duorum
408 2719 582 2749 francorum
600 2726 631 2750 et
646 2721 666 2750 6
685 2720 868 2756 solidorum,
889 2720 937 2751 cui
954 2721 1009 2751 fuit
1030 2731 1161 2752 conces-

254 2775 321 2796 sum
347 2767 385 2796 ad
410 2767 428 2797 3
450 2777 584 2804 menses,
603 2769 768 2799 dummodo
788 2776 919 2809 poneret
936 2770 1067 2810 pignora
1079 2770 1159 2800 suffi-

252 2814 372 2845 ciencia
387 2816 552 2856 receptori.

286 2934 308 2958 1.
342 2936 362 2959 Ι.
375 2943 398 2959 e.
414 2935 554 2968 egbertus.

285 2970 308 2994 2.
342 2971 439 2995 mismo
449 2971 539 2996 iurum
553 2973 662 3005 affertur
673 2973 737 2998 lton
747 2974 880 3000 soh-nno·
891 2975 923 2999 de
937 2975 1031 3004 Barka.
1044 2979 1102 3005 ece„
1113 2976 1159 3000 ned

1204 965 1236 991 10

1201 1211 1234 1237 15

1200 1457 1234 1483 20

1199 1703 1233 1728 25

1198 1947 1232 1974 30

1198 2193 1232 2219 35

1198 2438 1232 2465 40

1198 2683 1232 2710 45

1315 519 1390 548 ltem
1408 519 1595 558 supplicavit
1614 518 1753 548 Cifridus
1773 519 1810 546 de
1830 517 2012 557 Drunglhen
2032 528 2087 556 pro
2103 518 2182 547 dila-

1275 568 1363 597 cione
1393 569 1555 597 bursarum
1585 577 1639 596 sue
1673 566 1911 596 determinancie
1943 567 1979 595 ad
2002 568 2020 595 3
2047 577 2180 601 menses,

1273 616 1362 656 cujus
1387 616 1578 656 supplicacio
1602 616 1657 645 fuit
1679 625 1838 650 concessa,
1864 616 2029 644 dummodo
2051 622 2181 655 poneret

1273 666 1406 706 pignora
1426 665 1624 699 sufficienda,
1646 665 1684 694 de
1706 665 1819 704 quibus
1841 670 1984 703 receptor
2004 670 2086 693 esset
2106 675 2181 693 con-

1274 721 1387 744 tentus.

1315 764 1389 793 Item
1418 763 1605 803 supplicavit
1633 762 1791 792 Johannes
1825 762 1862 790 de
1894 761 2093 791 Confluencia
2123 772 2179 800 pro

1273 812 1424 842 dilacione
1447 813 1609 842 bursarum
1630 821 1684 841 sue
1702 810 1954 845 determinancie,
1975 817 2005 839 et
2023 810 2180 839 Joliannes

1274 861 1341 902 Log
1365 868 1394 891 et
1418 861 1575 891 lohannes
1599 861 1638 890 de
1666 860 1778 889 Sancto
1804 859 1875 889 Vito
1899 869 1988 888 secus
2018 869 2124 898 rupem
2144 860 2180 888 de

1274 910 1407 940 Saxonia
1432 910 1650 944 consimiliter,
1676 919 1807 949 quorum
1837 908 2085 948 supplicaciones
2116 909 2181 937 fue-

1273 966 1344 989 runt
1358 970 1508 989 concesse
1521 959 1601 988 sicut
1615 957 1807 998 supplicacio
1823 957 1996 987 immediate
2009 958 2180 997 precedens

1272 1009 1310 1038 ad
1325 1009 1343 1038 3
1357 1018 1490 1038 menses.

1313 1058 1388 1088 Item
1404 1057 1657 1097 supplicaverunt
1673 1055 1830 1086 ‚lohannes
1848 1056 1886 1084 de
1909 1055 2010 1084 Berka
2025 1061 2055 1084 et
2067 1054 2178 1084 Gerar-

1272 1107 1330 1136 dus
1347 1107 1386 1136 de
1406 1106 1561 1136 Priswalk
1583 1116 1640 1145 pro
1662 1105 1846 1134 remissione
1871 1105 2032 1133 bursarum
2055 1114 2178 1133 suarum

1271 1155 1592 1189 determinanciarum,
1613 1155 1726 1194 quibus
1749 1154 1987 1187 concedebatur,
2013 1153 2178 1182 dummodo

1267 1203 1408 1245 jurarent
1429 1210 1587 1239 statutum,
1608 1210 1638 1233 et
1659 1203 1783 1242 quando
1805 1203 1843 1231 ad
1866 1202 2060 1242 pinguiorem
2086 1202 2178 1231 fortu-

1271 1264 1339 1283 nam
1358 1253 1549 1287 devenirent,
1567 1253 1779 1282 satisfacerent
1796 1252 1834 1280 de
1850 1251 1977 1280 eisdem.

1313 1303 1386 1332 ltem
1403 1303 1480 1332 facta
1490 1301 1736 1342 congregacione
1748 1301 1787 1330 ad
1804 1300 1988 1330 audiendum
2004 1306 2178 1339 compotum

1272 1351 1443 1391 receptoris
1465 1357 1495 1380 et
1514 1350 1689 1391 eligendum
1718 1355 1962 1389 procuratorem,
1992 1349 2178 1388 computavit

1271 1407 1425 1440 receptor,
1453 1406 1483 1429 et
1508 1400 1651 1429 omnibus
1683 1398 1841 1428 defalcatis
1869 1397 2016 1427 remansit
2045 1397 2178 1426 Johanni

1271 1449 1425 1489 obligatus
1444 1449 1475 1478 in
1494 1449 1513 1478 8
1528 1448 1650 1483 solidis,
1669 1448 1688 1476 6
1709 1447 1857 1482 denariis,
1877 1453 1906 1476 et
1919 1446 1974 1476 fuit
1988 1447 2177 1486 approbatus

1271 1505 1444 1538 compotus.

1311 1547 1384 1586 (Fal.
1404 1546 1478 1586 33¹³)
1503 1546 1577 1576 Item
1609 1546 1640 1575 in
1668 1546 1727 1574 fine
1755 1544 1892 1584 ejusdem
1921 1544 2177 1583 congregacionis

1270 1596 1471 1625 deliberatum
1492 1595 1558 1630 fuit,
1578 1595 1661 1634 quod
1679 1594 1705 1624 si
1724 1594 1794 1633 quis
1813 1593 1844 1622 in
1861 1594 1955 1622 bursa
1971 1593 2070 1625 solum
2085 1603 2177 1632 pone-

1270 1650 1317 1674 ret
1331 1654 1478 1674 summam
1495 1644 1575 1673 infra
1587 1645 1665 1673 duos
1678 1643 1796 1672 solidos
1814 1649 1844 1672 et
1856 1642 1925 1672 XVl
1943 1642 2100 1676 denarios,
2118 1641 2177 1671 sol-

1270 1700 1357 1724 veret
1370 1704 1426 1734 pro
1443 1693 1538 1723 scolis
1556 1693 1582 1722 X
1600 1692 1730 1722 solidos.

1676 1786 1773 1816 1373

1324 1860 1550 1890 Procuracio
1582 1858 1753 1899 magistri
1785 1857 1973 1897 Rodolphi
2002 1857 2123 1886 Taem.

1310 1940 1401 1970 Anno
1434 1939 1558 1970 Domini
1587 1939 1750 1969 millesimo
1784 1938 1879 1969 CCC⁰
1908 1938 2046 1972 Lxxnl,
2074 1947 2177 1966 mense

1270 1989 1379 2020 Marcii
1405 1989 1455 2019 die
1487 1989 1615 2023 decima,
1651 1989 1728 2018 facta
1763 1987 2009 2027 congregacione
2039 1987 2177 2016 nacionis

1269 2038 1441 2079 Anglicane
1473 2039 1553 2078 apud
1579 2038 1723 2067 Sanctum
1748 2037 1901 2066 sulianum
1932 2037 1970 2065 ad
2001 2036 2175 2075 eligendum

1269 2094 1501 2128 procuratorem
1529 2093 1559 2116 et
1588 2087 1773 2116 audiendum
1796 2092 1970 2125 compotum
1993 2084 2175 2124 receptoris‚

1270 2137 1385 2167 electus
1410 2136 1465 2166 fuit
1488 2136 1520 2165 in
1555 2142 1785 2175 procuratorem
1813 2134 2009 2164 concorditer
2031 2134 2178 2173 magister

1270 2185 1453 2225 Rodolphus
1476 2185 1580 2220 Taem,
1605 2185 1635 2214 in
1662 2183 1749 2224 cujus
1773 2183 1997 2224 procuracione
2024 2188 2090 2212 acta
2111 2184 2177 2211 lue-

1270 2241 1342 2265 runt
1354 2234 1410 2264 hec
1423 2244 1482 2274 que
1501 2240 1684 2273 sequuntur.

1310 2283 1416 2313 Primo
1436 2283 1543 2312 eodem
1561 2283 1610 2312 die
1632 2282 1829 2312 concorditer
1846 2281 2047 2311 deliberatum
2066 2282 2174 2313 fuerat,

1269 2333 1425 2362 tabernam
1454 2332 1569 2361 intrare
1593 2342 1704 2362 novum
1736 2337 1981 2371 procuratorem,
2005 2330 2057 2369 qui
2088 2329 2176 2369 prius

1268 2381 1370 2411 officio
1383 2381 1615 2421 procuracionis
1629 2391 1704 2410 usus
1718 2390 1779 2410 non
1796 2380 1903 2414 fuerat,
1918 2379 2121 2419 perpotando.
2140 2378 2175 2407 1⁴11

1269 2430 1357 2460 nacio
1374 2431 1530 2460 tabernam
1549 2431 1577 2459 in
1594 2431 1719 2470 grangia
1736 2429 1872 2463 intravit,
1890 2428 1941 2458 ubi
1961 2427 2061 2457 dictus
2079 2427 2176 2466 magi-

1269 2486 1334 2509 ster
1357 2479 1541 2518 Rodolpbus
1567 2479 1659 2508 Taem
1689 2479 1727 2507 de
1757 2477 1823 2517 ejus
1851 2487 1928 2506 nova
1954 2476 2175 2516 procui-acione

1269 2528 1368 2568 prima
1383 2528 1476 2558 solvit
1492 2527 1593 2557 XVlll
1614 2527 1745 2562 solidos,
1764 2533 1794 2556 et
1811 2526 1940 2566 quilibet
1957 2525 2174 2565 magistrorum

1269 2577 1383 2606 ibidem
1399 2576 1600 2606 existencium
1619 2576 1646 2606 ll
1663 2575 1793 2605 solidos.

1311 2626 1384 2655 ltem
1408 2625 1519 2655 XXVI·
1545 2625 1595 2655 die
1622 2625 1738 2654 mensis
1758 2624 1888 2664 predicti
1913 2623 1942 2652 in
1964 2622 2175 2663 completoriis

1270 2676 1346 2705 fucta
1361 2675 1608 2715 congregacione
1627 2674 1766 2703 nacionis
1784 2674 1864 2713 apud
1885 2672 2028 2702 Sanctum
2046 2671 2175 2701 Maturi-

1268 2734 1340 2754 num
1353 2724 1392 2753 ad
1404 2723 1652 2764 supplicandum,
1667 2722 1853 2762 supplicavit
1867 2721 2008 2750 dominus
2022 2720 2175 2750 Henricus

1269 2774 1307 2803 de
1332 2772 1480 2808 Roshem,
1508 2778 1659 2813 quatenus
1682 2772 1770 2801 nacio
1793 2780 1896 2800 secum
1919 2770 2115 2809 dispensaret
2137 2770 2174 2798 de

1268 2822 1374 2852 bursis
1392 2822 1458 2851 suis
1471 2822 1594 2851 racione
1615 2831 1669 2850 sue
1685 2819 1984 2850 subdeterminancie
2003 2818 2172 2852 solvendis,

1269 2939 1353 2965 deleta
1372 2940 1484 2967 rubrica.
1502 2939 1662 2963 scribebatur
1678 2946 1687 2962 .·
1704 2938 1788 2967 Quere
1805 2938 1885 2961 iatum
1902 2937 2026 2961 ciri-atum
2043 2936 2173 2968 nuperius.

1299 2977 1323 3000 3.
1357 2977 1424 3000 Haec
1435 2975 1537 2999 rubrica
1550 2975 1620 3006 infra
1629 2977 1716 3006 ponsa
1731 2973 1887 2997 interlineas
1897 2973 1990 3004 :cripta
2003 2975 2049 2996 est.
