2632 3464
550 3 555 10 =
607 3 646 23 *a
689 0 1266 27 waweffiw**=*
1374 0 1381 2 -
1410 0 1414 6 f

286 450 339 477 521

291 532 357 556 stro
381 525 514 566 Hugone
545 526 585 555 de
610 525 773 560 Hervorst,
804 523 892 564 cujus
918 525 1014 554 bursa
1034 523 1062 553 V
1089 524 1192 560 solidi,

290 573 363 604 vlu
378 575 508 604 denarii.
527 574 638 604 Solvit.

332 623 408 653 Item
433 623 548 663 incepit
566 622 710 652 dominus
731 622 844 652 Petrus
866 622 904 651 de
926 621 1031 655 Porta,
1057 621 1133 650 alias
1157 621 1195 650 de

291 671 468 702 Bacheraco
479 672 537 702 sub
550 671 699 712 magistro
712 671 851 701 Gerar-do
862 670 993 706 PeIIIch‚
1004 669 1091 710 cujus
1102 670 1196 699 bursa

290 720 331 750 vl
345 721 446 751 solidi.
465 720 576 751 Posuit
589 721 714 760 pignus.

286 793 291 798 .
332 770 407 800 Item
423 770 540 810 incepit
556 769 698 799 dominus
717 768 873 808 Nycolaus
893 769 932 798 de
948 767 1197 807 Westerborgha

296 819 355 849 sub
371 819 522 859 magIstro
537 817 716 853 Hardwico,
733 816 819 858 cujus
834 818 929 847 bursa
942 816 1048 846 nichil.

333 867 408 898 Item
429 869 506 898 facta
522 866 768 907 congregacione
785 866 924 896 nacionis
940 865 1041 896 xxl12
1056 866 1106 895 die
1123 865 1197 895 Maii

297 916 374 947 hora
394 917 562 956 primarum
583 916 666 956 apud
684 915 829 946 Sanctum
851 915 1006 945 lulianum
1030 924 1196 955 pauperem

293 966 333 995 ad
374 965 621 1005 supplicandum,
661 964 848 1004 supplicavit
884 965 1027 994 dominus
1063 964 1197 994 Jacobus

298 1014 456 1044 Thomsun
475 1013 586 1044 Scotus
603 1023 661 1054 pro
678 1013 831 1043 dilacione
849 1014 1011 1043 bursarum
1031 1023 1086 1043 sue
1100 1013 1199 1042 licen-

293 1063 351 1099 cie,
368 1061 455 1103 cujus
470 1062 661 1102 supplicacio
678 1062 734 1092 suit
751 1072 901 1092 concessa
917 1072 984 1091 cum
1004 1062 1074 1092 istis
1090 1062 1198 1091 mode-

299 1111 487 1147 unionibus,
510 1112 594 1151 quod
615 1117 744 1150 poneret
765 1111 898 1151 pignora
915 1111 1112 1146 sufficieneia,
1138 1120 1198 1150 que

296 1161 401 1190 sinon
415 1160 582 1190 redemerit
602 1159 681 1189 infra
701 1166 766 1189 tres
788 1170 923 1195 menses,
941 1165 1048 1190 essent
1066 1159 1198 1199 perdita,

297 1209 507 1249 promittendo
519 1209 615 1238 eciam
631 1218 699 1238 cum
714 1208 784 1243 hoc,
800 1209 883 1248 quod
897 1209 924 1238 si
938 1209 1034 1238 cicius
1043 1208 1094 1238 vel
1109 1218 1198 1248 quam

299 1258 360 1287 cito
379 1257 522 1288 habuerit
539 1257 698 1297 pecunias,
717 1257 852 1298 pignora
868 1267 924 1287 sua
941 1257 1042 1287 medio
1061 1263 1200 1296 tempore

299 1307 474 1336 redimeret.

701 1359 799 1389 13⁷7

336 1426 623 1466 [Procuratoria
650 1436 744 1466 mag.
772 1425 951 1456 iohannis
983 1426 1161 1456 Lubberti

595 1475 638 1504 de
664 1475 901 1514 Daventria.]

335 1551 427 1582 Anno
446 1551 571 1582 Domini
590 1558 624 1582 nt
642 1552 743 1592 prius,
764 1552 814 1581 die
831 1552 863 1581 2·
876 1551 992 1581 mensis
1009 1551 1104 1587 lunii,
1126 1552 1204 1581 facta

299 1600 546 1641 congregacione
575 1600 714 1630 nacionis
742 1601 823 1640 apud
848 1600 993 1630 Sanctum
1021 1600 1203 1630 Matulinum

299 1650 338 1679 ad
354 1649 538 1679 audiendum
555 1655 729 1689 compotum
742 1649 914 1689 receptoris
929 1656 960 1679 et
978 1650 1017 1678 ad
1029 1649 1203 1690 eligendum

300 1704 544 1738 procuratorem,
563 1697 680 1728 electus
699 1698 756 1728 suit
773 1699 970 1728 concorditer
988 1698 1110 1728 nemine
1129 1708 1204 1728 con-

301 1747 471 1777 tradicente
481 1747 630 1787 magister
642 1746 799 1777 lohannes
813 1746 962 1777 Lubherti
975 1747 1012 1777 de
1024 1747 1202 1784 Daventria,

305 1795 392 1836 cujus
408 1796 621 1836 procuratoris
634 1796 803 1826 secundum
817 1796 975 1836 antiquum
988 1806 1103 1826 morem
1116 1797 1206 1826 durat

302 1855 359 1885 per
373 1851 494 1885 tempus
504 1844 690 1880 vacacionis,
706 1845 830 1875 racione
841 1843 928 1885 cujus
943 1845 1086 1875 dominus
1099 1855 1205 1885 recep·

299 1900 350 1924 tor
366 1893 426 1923 sibi
441 1894 528 1924 dedit
543 1893 599 1924 XX
613 1893 744 1929 solidos,
763 1904 842 1934 quos
862 1904 919 1934 pro
941 1893 1049 1934 majori
1070 1900 1158 1934 parte
1175 1896 1204 1923 in

301 1950 383 1972 scuto
397 1944 523 1972 Francia
535 1949 604 1972 ante
617 1942 762 1972 Sanctum
776 1943 957 1973 Severinum
973 1943 1068 1973 sociis
1081 1944 1118 1973 ad
1132 1953 1205 1983 per-

302 1991 470 2032 potandum
494 1991 682 2031 propinavit.
703 1991 875 2032 Compotus
892 1998 993 2022 autem
1010 1991 1201 2032 receptoris⁴

300 2047 372 2071 tunc
388 2040 512 2070 auditus
529 2050 591 2070 non
609 2039 675 2070 fuit.
694 2040 772 2070 Acta
788 2047 860 2071 sunt
874 2040 931 2071 hec
946 2041 977 2071 in
992 2040 1205 2081 procuratoria

300 2089 376 2120 dicti
389 2088 540 2119 Iohannis
552 2088 700 2119 Luhberti
713 2090 751 2119 de
764 2090 942 2120 Daventria.

341 2137 433 2169 Facta
450 2138 696 2179 congregacione
710 2138 850 2169 nacionis
859 2139 940 2179 apud
955 2139 1100 2170 Sanctum
1112 2139 1205 2169 Julia-

302 2197 374 2217 num
392 2187 442 2217 die
457 2187 488 2217 3·
504 2187 620 2217 mensis
635 2187 719 2217 Junii
733 2189 772 2217 ad
786 2187 1034 2228 supplicandum,
1051 2188 1205 2228 supplica-

301 2236 346 2266 vit
370 2236 514 2266 dominus
536 2236 731 2266 Hermannus
753 2237 791 2266 de
810 2236 989 2267 AIdenrode
1013 2237 1051 2266 de
1075 2237 1206 2267 Colonia

301 2291 335 2316 ut
358 2285 486 2315 haberet
508 2284 690 2315 dilacionem
720 2285 918 2325 pecuniarum
943 2296 1000 2326 pro
1025 2286 1153 2316 licencia
1176 2292 1206 2316 et

302 2334 492 2374 magisterio.
507 2333 698 2364 Concessum
709 2334 768 2364 sibi
782 2335 838 2364 suit
846 2344 903 2375 per
915 2341 978 2364 tres
989 2345 1123 2371 menses,
1133 2335 1205 2365 dum

303 2389 403 2413 tamen
430 2383 618 2413 sufficiencia
641 2383 773 2423 pignora
799 2389 930 2423 poneret
957 2383 1113 2423 receptori
1138 2393 1206 2414 cum

303 2433 416 2462 ceteris
440 2431 676 2462 condicionibus
699 2431 913 2462 communibus
938 2431 1068 2468 additis.
1089 2432 1209 2462 scilicet

308 2481 392 2521 quod
406 2481 539 2521 pignora
555 2487 628 2520 post
645 2487 709 2511 tres
730 2491 852 2511 menses
873 2481 911 2510 ad
929 2479 1049 2511 libitum
1069 2481 1208 2511 nacionis

306 2529 482 2560 vendicioni
500 2535 704 2570 exponantur,
717 2530 778 2560 nisi
791 2529 957 2559 redemerit
971 2535 1052 2566 ante,
1072 2530 1208 2560 satisfac-

305 2578 345 2609 tis
362 2585 432 2608 ante
449 2577 544 2608 eciam
558 2578 692 2608 budellis
708 2578 858 2609 nacionis.

349 2626 425 2658 Item
443 2627 521 2657 sacta
536 2627 784 2668 congregacione
797 2627 848 2657 dIe
856 2626 961 2657 xlm·
974 2627 1090 2658 mensis
1101 2626 1114 2646 ²
1127 2628 1208 2667 apud

307 2675 525 2706 Predicatores
547 2682 619 2716 post
634 2685 819 2712 sermonem,
838 2676 1091 2716 supplicaverunt
1109 2676 1210 2706 domi-

308 2734 367 2755 nus
380 2724 515 2755 Thomas
532 2723 614 2764 Wys
635 2724 748 2755 Scotus
767 2731 797 2755 et
813 2725 1009 2755 Hermannus
1030 2726 1068 2755 de
1089 2725 1208 2762 Renen,

309 2773 451 2804 dominus
464 2772 675 2804 Theodericus
690 2774 728 2804 de
745 2773 931 2813 Nyenborch
948 2780 979 2804 et
992 2773 1148 2813 Nycolaus
1171 2775 1211 2804 de

306 2821 482 2862 MaguncIs‚
495 2828 530 2852 ut
542 2821 692 2853 haberent
703 2822 884 2853 dilacionem
895 2832 954 2863 pro
964 2822 1068 2853 bursis
1082 2822 1210 2853 licencie

340 2936 362 2960 I.
395 2937 444 2960 Me.
460 2936 522 2960 aad.
534 2936 589 2960 illo.

338 2972 362 2996 2.
394 2971 452 2997 Diu
464 2971 601 2996 dominica.

791 449 903 475 LIBER
930 448 1242 475 PROCURATORUM
1263 447 1443 475 NATIONIS
1465 448 1712 476 ANGLICANAE

1235 967 1268 994 10

1237 1212 1271 1238 15

2159 449 2210 475 522

1303 524 1453 563 ipsorum.
1469 524 1509 553 Et
1520 534 1702 554 concessum
1719 524 1764 554 eis
1776 531 1841 553 erat
1856 524 1967 564 positis
1982 524 2168 564 pigneribus
2179 531 2212 554 ut

1303 573 1482 612 precedenti
1502 573 1680 602 Hermanno
1699 579 1729 602 et
1749 573 1806 602 sub
1825 573 1940 602 eisdem
1963 573 2208 602 condicionibus.

1305 679 1373 709 Isti
1405 686 1489 709 sunt
1525 679 1718 709 licenciati
1754 679 1790 708 in
1828 679 1892 708 hac
1930 680 2209 719 procuratoria.

1345 769 1450 798 Primo
1480 769 1624 798 dominus
1654 768 1850 798 Hermannus
1883 769 1921 797 de
1951 767 2129 797 Aldenrode
2156 769 2213 797 sub

1305 816 1467 846 Gherardo
1484 816 1603 856 Pylke³
1622 817 1784 857 incepturo
1800 817 1876 857 (sic),
1894 816 1981 857 cujus
1997 817 2092 846 bursa
2110 816 2136 845 V
2153 817 2211 846 sol.

1305 872 1336 896 ct
1350 865 1423 895 VIII
1439 866 1568 895 denarii.

1348 915 1423 944 Item
1439 915 1582 944 dominus
1597 914 1792 944 Hermannus
1807 915 1845 944 de
1861 915 1969 945 Renen
1989 915 2047 944 sub
2063 915 2213 954 magistro

1308 963 1479 1003 Meynardo
1496 965 1534 993 de
1549 964 1655 1003 Tyela‚
1673 963 1760 1003 cujus
1778 965 1874 994 bursa
1888 963 1915 993 V
1928 963 2031 993 solidi.

1349 1012 1424 1043 Item
1437 1013 1580 1042 dominus
1592 1013 1747 1052 Nycolaus
1763 1013 1801 1042 de
1812 1012 1977 1053 Maguncia
1992 1013 2049 1042 sub
2065 1013 2214 1052 magistro

1307 1061 1447 1091 iohanne
1463 1063 1501 1091 de
1518 1061 1694 1102 Maguncia‚
1713 1061 1800 1102 cujus
1815 1063 1910 1091 bursa
1929 1062 1973 1091 llI
1988 1061 2092 1091 solidi.

1351 1111 1427 1140 Item
1440 1110 1584 1140 dominus
1599 1110 1732 1140 Thomas
1747 1111 1841 1150 Wys,
1857 1109 1944 1150 cujus
1959 1111 2055 1140 bursa
2069 1110 2095 1139 V
2110 1110 2213 1140 solidi.

1350 1159 1425 1188 Item
1442 1159 1585 1189 dominus
1601 1159 1777 1189 Wernerus
1797 1159 1835 1188 de
1855 1158 1993 1195 Austris,
2015 1158 2102 1198 cujus
2122 1159 2217 1188 bursa

1308 1207 1335 1236 V
1352 1208 1455 1238 solidi.

1350 1258 1424 1286 Item
1441 1257 1584 1287 dominus
1600 1256 1754 1286 Henricus
1773 1256 2000 1293 Lovenstede⁴‚
2019 1256 2106 1297 cujus
2124 1258 2218 1286 bursa

1265 1335 1268 1338 ,
1307 1305 1348 1335 VI
1364 1306 1495 1335 denarii.

1239 1457 1273 1483 20

1241 1700 1275 1727 25

1241 1945 1276 1972 30

1242 2190 1276 2216 35

1244 2434 1278 2460 40

1247 2678 1280 2706 45

1350 1355 1424 1384 Item
1439 1355 1582 1384 dominus
1593 1354 1751 1384 «lohannes
1767 1354 1885 1390 Wilde,
1901 1354 1987 1392 cujus
2002 1355 2097 1384 bursa
2114 1355 2173 1384 1111
2190 1365 2215 1384 s.

1311 1404 1386 1434 Item
1400 1403 1506 1443 posuit
1519 1403 1642 1444 pignus.

1352 1452 1426 1482 Item
1440 1453 1584 1482 dominus
1599 1452 1756 1482 lohannes
1775 1453 1856 1482 Kaer
1873 1453 1931 1482 sub
1949 1452 2098 1493 magistro
2117 1452 2217 1488 Pilke,

1311 1500 1398 1541 cujus
1416 1502 1510 1531 bursa
1525 1501 1551 1530 V
1564 1501 1657 1531 solidi
1673 1496 1703 1530 et
1718 1501 1791 1531 VIII
1805 1501 1936 1531 denarii.

1352 1551 1427 1580 Item
1451 1550 1595 1580 dominus
1619 1550 1776 1580 Johannes
1800 1551 1839 1580 de
1864 1550 1963 1590 Eydel
1988 1551 2046 1580 sub
2070 1551 2219 1590 magistro

1312 1598 1474 1629 Gherardo
1486 1599 1576 1635 PiIic,
1591 1598 1678 1639 cujus
1690 1600 1785 1629 bursa
1801 1598 1828 1628 V
1838 1599 1931 1629 solidi
1944 1605 1975 1628 et
1984 1598 2074 1629 VIIII
2088 1599 2217 1629 denarii.

1354 1648 1428 1678 Item
1486 1648 1630 1678 dominus
1682 1647 1893 1678 Theodericus
1940 1649 1978 1677 de

1313 1697 1553 1737 Nywemtmrch,
1573 1696 1660 1737 cujus
1675 1698 1770 1727 bursa
1790 1696 1849 1726 1111
1873 1697 1977 1727 solidi.

1314 1746 1425 1776 Posuit
1438 1747 1563 1787 pignus.

1355 1795 1430 1825 Item
1439 1795 1582 1825 dominus
1591 1794 1772 1825 Gherardus
1784 1795 1978 1835 Engererti,

1314 1843 1403 1884 cujus
1418 1845 1511 1874 bursa
1525 1844 1553 1874 X
1567 1844 1639 1873 albi.

1354 1893 1430 1923 Item
1452 1893 1596 1923 dominus
1623 1893 1778 1923 Henricus
1802 1894 1840 1923 de
1858 1893 1978 1929 Renen,

1315 1941 1402 1982 cujus
1414 1942 1510 1972 bursa
1525 1942 1552 1972 X
1563 1942 1635 1971 albi.

1355 1990 1430 2020 Item
1446 1991 1524 2020 sacta
1542 1991 1789 2031 congregacione
1806 1991 1958 2021 facultatis
1977 1997 2008 2020 et
2027 1991 2166 2020 nacionis
2183 1991 2221 2020 ad

1313 2039 1489 2080 eligendum
1518 2040 1743 2070 examinatores
1773 2050 1830 2079 pro
1859 2041 1890 2070 4⁰
1917 2050 2022 2070 mense
2044 2039 2094 2069 die
2118 2039 2222 2069 XIIII·

1314 2089 1430 2119 mensis
1459 2089 1555 2125 Junii,
1585 2089 1701 2119 electus
1728 2089 1784 2119 fuit
1818 2089 1967 2130 magister
2000 2089 2155 2129 Nycolaus
2183 2089 2221 2118 de

1314 2137 1450 2168 Harlem.

2089 1722 2152 1751 Sub

2046 1771 2195 1811 magistro

2045 1820 2207 1850 Lamberto

2021 1870 2059 1898 de
2092 1869 2218 1898 Marcia.

1388 2245 1460 2285 (Fbl.
1491 2247 1520 2285 8)
1554 2245 1623 2274 Isti
1653 2251 1738 2274 sunt
1769 2245 1831 2284 qui
1859 2245 2086 2284 inceperunt
2115 2245 2149 2273 in

1354 2294 1616 2334 procuratoria
1643 2293 1735 2323 dicti
1771 2294 1943 2334 magistri
1980 2293 2179 2323 Iohannis.

1359 2382 1465 2412 Primo
1483 2382 1599 2422 incepit
1615 2382 1758 2412 dominus
1775 2382 1970 2412 Hermannus
1988 2383 2025 2412 de
2046 2382 2222 2411 Aldcnrode

1317 2432 1374 2461 sub
1394 2431 1544 2471 magistro
1559 2430 1721 2461 Gherardo
1738 2431 1859 2471 Pylich,
1879 2430 1965 2471 cujus
1983 2432 2077 2461 bursa
2091 2431 2115 2459 V
2130 2430 2222 2460 solidi

1317 2486 1346 2510 et
1359 2479 1432 2510 VIII
1449 2479 1578 2510 denarii.

1358 2529 1432 2559 Item
1448 2529 1592 2559 dominus
1603 2529 1760 2560 lohannes
1773 2530 1812 2559 de
1826 2529 1924 2569 Eydel
1937 2529 1994 2558 sub
2008 2529 2114 2558 eodem
2128 2529 2222 2568 magi-

1318 2583 1383 2608 stro
1394 2578 1556 2607 Gherardo
1569 2578 1663 2615 dicto,
1676 2577 1763 2619 cujus
1776 2579 1870 2608 bursa
1886 2577 1925 2607 VI
1941 2577 2031 2607 solidi
2044 2584 2073 2607 et
2083 2577 2154 2607 VIII
2167 2578 2222 2607 de-

1317 2637 1406 2657 narn.

1359 2676 1433 2706 Item
1457 2676 1599 2706 dominus
1622 2675 1779 2706 ‚lohannes
1802 2676 1882 2706 Kaer
1905 2676 1962 2705 sub
1990 2676 2097 2705 eodem
2126 2675 2220 2711 dicto,

1318 2723 1404 2765 eujus
1422 2725 1515 2754 bursa
1533 2724 1572 2754 VI
1589 2725 1681 2754 soIidi
1700 2731 1729 2754 et
1742 2724 1814 2754 VIII
1832 2724 1960 2753 denarii.

1360 2773 1435 2804 Item
1447 2774 1589 2803 dominus
1601 2773 1757 2803 lohannes
1766 2773 1870 2802 WiIdc
1881 2774 1938 2803 sub
1950 2773 2098 2813 magistro
2107 2772 2221 2809 Punic,

1319 2821 1405 2863 cujus
1421 2823 1515 2852 bursa
1531 2822 1589 2852 IIII
1607 2822 1709 2852 solidi.

1349 2939 1372 2961 ³.
1407 2937 1458 2968 Qui
1472 2945 1549 2968 supra
1563 2936 1656 2961 PiIIich
1668 2936 1823 2961 nominatur.

1349 2973 1371 2996 la.
1407 2973 1475 2996 Idem
1488 2980 1519 2996 ac
1534 2971 1727 2997 Lovenscheidc
1739 2980 1816 3003 supra
1827 2979 1852 3003 p.
1865 2971 1919 3000 518.
1935 2971 1956 2995 1.
