2632 3464
438 417 491 443 195

433 494 590 532 spondere
604 492 752 532 magister
760 491 920 521 Arnoldus
928 492 965 520 de
975 490 1123 520 Embeke.
1136 491 1211 520 Item
1220 491 1238 520 3
1248 490 1346 520 libros

434 541 572 571 Canonis
594 541 752 571 Avicenne
777 540 893 570 domini
915 540 1066 570 Johannis
1091 540 1129 569 de
1153 540 1266 569 Prucia
1287 549 1346 579 pro

433 591 472 620 48
495 591 616 620 solidis.
643 591 717 620 Item
738 591 757 619 4
773 589 931 619 volumina
953 589 1054 629 papiri
1075 588 1192 618 domini
1214 588 1346 617 Gerardi

434 640 537 669 Fortis
564 650 621 679 pro
644 640 682 669 33
705 639 815 669 solidis
836 645 866 668 et
887 640 906 668 6
931 638 1079 668 denariis.
1105 638 1179 667 Item
1203 637 1345 666 Philoso-

434 689 536 729 phiam
555 689 671 718 domini
691 688 829 719 Cornelii
849 698 907 728 pro
929 688 967 717 34
990 687 1110 717 solidis.
1131 687 1206 716 Item
1223 686 1346 715 vadium

434 739 526 768 trium
552 738 708 768 sociorum
731 738 883 767 dictorum
910 738 948 766 de
973 736 1077 771 Goch,
1102 736 1222 765 scilicet
1247 735 1346 764 libros

434 787 620 827 Philosophi
634 797 702 817 cum
717 793 889 816 commento
902 785 1052 815 Averrois
1068 795 1126 825 pro
1140 786 1178 814 67
1193 784 1303 814 solidis
1318 790 1347 813 et

431 838 452 866 6
478 838 588 876 [den.].
607 837 682 866 Item
701 836 817 866 Ockam
845 845 913 865 cum
938 834 1065 874 scriptis
1091 844 1186 874 super
1207 834 1226 863 8
1247 833 1346 862 libros

434 886 574 915 Euclidis
595 886 712 915 domini
728 885 835 914 Jacobi
852 883 975 914 Fortis⁴
995 893 1052 923 pro
1069 883 1108 912 33
1127 882 1253 918 solidis,
1277 888 1307 912 et
1327 883 1346 911 6

428 936 557 971 denar.;
576 945 635 974 que
654 935 758 964 ultima
779 935 796 963 2
811 933 912 969 vadia,
927 933 1046 962 scilicet
1061 932 1183 962 illorum
1202 932 1240 961 de
1259 930 1347 961 Goch

431 991 463 1014 et
476 984 584 1014 Jacobi
603 984 703 1018 Helie,
722 983 836 1012 ibidem
856 982 1011 1022 reputavit
1032 981 1120 1011 nacio
1140 980 1242 1010 minus
1261 980 1346 1010 suffi-
1363 981 1366 983 ’

431 1034 560 1063 ciencia.
577 1033 680 1062 Valuit
696 1039 816 1062 scutum
835 1033 871 1061 13
888 1031 946 1061 sol.
964 1037 994 1060 et
1006 1032 1141 1060 4denar.

473 1083 548 1112 Item
568 1083 619 1111 30³
639 1082 688 1110 die
705 1081 814 1110 Marcii
838 1082 914 1110 facta
937 1079 1184 1120 congregacione
1205 1078 1345 1108 nacionis

431 1131 603 1171 Anglicane
616 1132 654 1160 ad
668 1131 813 1160 Sanctum
827 1130 981 1159 Julianum
995 1139 1162 1168 pauperem
1176 1129 1214 1158 ad
1228 1128 1345 1168 suppli-

432 1182 574 1215 candum,
590 1180 845 1220 supplicaverunt
858 1179 1002 1208 dominus
1014 1178 1173 1208 Johannes
1185 1179 1223 1207 de
1233 1177 1346 1207 Prucia

431 1236 462 1259 et
476 1230 619 1259 dominus
638 1229 792 1258 Henricus
812 1229 849 1257 de
868 1228 1006 1257 Embeke
1022 1227 1167 1268 quatinus
1183 1227 1222 1256 de
1239 1226 1344 1256 bursis

432 1279 546 1308 debitis
569 1279 690 1308 nacioni
709 1288 768 1318 pro
788 1278 929 1313 licencia,
949 1284 979 1306 et
996 1277 1086 1306 etiam
1105 1276 1131 1306 si
1149 1276 1346 1316 contingeret

431 1329 519 1368 ipsos
543 1329 602 1357 cito
623 1328 760 1367 incipere
776 1337 833 1367 pro
856 1326 1048 1366 magisterio,
1069 1326 1207 1365 placeret
1222 1325 1344 1354 nacioni

432 1379 489 1407 sub
503 1377 594 1406 honis
610 1377 796 1417 pignoribus
814 1386 913 1415 usque
930 1376 967 1405 ad
983 1376 1094 1405 festum
1111 1375 1210 1404 sancti
1228 1374 1345 1403 Johan—

432 1427 481 1455 nis
500 1427 586 1466 ipsos
603 1426 716 1455 habere
733 1431 909 1460 excusatos,
926 1425 1011 1464 quod
1027 1434 1211 1453 concessum
1228 1424 1294 1453 fuit.

472 1475 547 1505 Item
565 1475 746 1505 licenciatus
763 1475 819 1503 fuit
833 1474 977 1503 dominus
995 1474 1153 1503 Johannes
1173 1473 1211 1502 de
1232 1472 1346 1502 Prucia

430 1526 490 1554 sub
510 1535 588 1564 mag.
611 1524 768 1553 Themone
783 1523 885 1558 Judei,
903 1522 990 1562 cujus
1005 1523 1101 1552 bursa
1118 1523 1136 1551 4
1153 1522 1211 1552 sol.

473 1575 548 1604 Item
562 1574 742 1603 licenciatus
759 1573 814 1602 fuit
826 1573 970 1602 dominus
985 1571 1140 1601 Henricus
1156 1572 1193 1600 de
1208 1571 1345 1600 Embeke

431 1624 489 1653 sub
504 1623 653 1663 magistro
669 1622 809 1651 Arnoldo
825 1623 863 1651 de
881 1622 1016 1656 Embek,
1032 1620 1120 1660 cujus
1136 1621 1231 1650 bursa
1249 1622 1266 1650 5
1285 1620 1343 1649 sol.

471 1673 546 1702 Item
570 1671 751 1701 licenciatus
772 1671 827 1701 fuit
846 1671 990 1700 dominus
1011 1670 1168 1700 Johannes
1187 1670 1224 1698 de
1245 1669 1346 1698 Brad-

430 1721 528 1751 burch
539 1722 577 1750 de
589 1721 688 1760 Aquis
700 1722 757 1750 sub
769 1720 919 1760 magistro
931 1720 1070 1749 Johanne
1082 1720 1119 1748 de
1131 1719 1243 1758 Aquis,
1257 1717 1344 1758 cujus

431 1772 525 1800 bursa
537 1771 556 1799 6
572 1770 676 1799 solidi.

471 1869 546 1898 Item
558 1879 638 1897 anno
650 1868 773 1897 Domini
784 1868 974 1907 supradicto,
985 1868 1016 1896 6³
1025 1867 1074 1896 die
1086 1867 1202 1896 mensis
1211 1865 1342 1906 Aprilis,

430 1919 507 1947 facta
521 1918 768 1957 congregacione
782 1917 920 1946 nacionis
934 1916 1105 1956 Anglicane
1120 1915 1299 1956 regencium
1316 1921 1346 1944 et

431 1978 492 1996 non
506 1967 683 2006 regencium
695 1967 732 1995 ad
746 1966 889 1995 Sanctum
901 1966 1055 1995 Julianum
1067 1975 1234 2004 pauperem
1246 1965 1282 1993 ad
1292 1964 1345 1993 eli-

429 2017 564 2056 gendum
574 2022 819 2055 procuratorem,
830 2016 868 2044 de
880 2015 1099 2054 magistrorum
1109 2024 1264 2043 consensu
1272 2023 1345 2043 una-

431 2065 505 2094 nimi
525 2065 721 2094 continuatus
740 2065 796 2094 suit
815 2065 964 2104 magister
981 2064 1116 2093 Thomas
1132 2064 1170 2092 de
1189 2063 1294 2098 Duns,
1314 2063 1345 2091 in

431 2114 519 2154 cujus
537 2114 772 2143 continuacione
787 2115 863 2142 facta
880 2114 1002 2142 fuerunt
1018 2123 1078 2152 que
1096 2118 1252 2142 secuntur.

472 2164 577 2192 Primo
604 2163 719 2202 incepit
741 2163 883 2192 dominus
904 2162 1061 2191 Johannes
1086 2162 1123 2191 de
1149 2161 1262 2190 Prucia
1287 2161 1344 2190 sub

430 2213 581 2252 magistro
598 2212 754 2241 Themone
770 2212 860 2241 Judei
876 2212 913 2240 de
930 2211 1132 2245 Monasterio,
1149 2209 1236 2250 cujus
1250 2211 1345 2239 bursa

430 2262 448 2291 4
465 2261 568 2296 solidi,
588 2271 644 2300 pro
661 2261 775 2300 quibus
791 2261 897 2300 posuit
914 2261 1047 2300 pignora
1065 2270 1163 2299 usque
1180 2260 1218 2288 ad
1234 2259 1344 2289 festum

429 2311 580 2340 Johannis
596 2309 679 2350 juxta
695 2310 830 2350 graciam
847 2311 906 2339 sibi
923 2311 1040 2338 factam.

472 2360 546 2389 Item
571 2359 687 2399 incepit
709 2359 853 2388 dominus
879 2358 1034 2388 Henricus
1059 2359 1097 2387 de
1122 2358 1259 2387 Embeke
1287 2358 1344 2387 sub

431 2409 538 2438 eodem
571 2409 719 2448 magistro
746 2408 885 2443 Alberto,
916 2407 1002 2446 cujus
1029 2409 1123 2436 bursa
1148 2408 1165 2436 5
1193 2407 1284 2436 solidi
1313 2407 1344 2435 in

431 2458 616 2497 pignoribus
630 2468 728 2497 usque
743 2458 778 2486 ad
797 2458 905 2486 festum
919 2457 1069 2486 Johannis
1084 2467 1139 2496 per
1152 2456 1344 2486 consimilem

431 2507 578 2547 graciam.

472 2556 546 2585 Item
572 2557 622 2585 10³
639 2556 688 2585 die
710 2554 847 2595 ejusdem
867 2556 984 2584 mensis
1002 2556 1079 2584 facta
1097 2554 1345 2594 congregacione

432 2605 571 2634 nacionis
578 2606 616 2634 ad
627 2605 875 2645 supplicandum,
884 2604 1073 2644 supplicavit
1082 2605 1224 2633 dominus
1233 2603 1345 2633 Petrus

431 2654 571 2683 Nicholai
590 2654 710 2689 Dacus,
728 2654 873 2693 quatinus
891 2653 951 2683 sibi
968 2653 1108 2682 inducias
1129 2664 1227 2693 usque
1244 2654 1280 2682 ad
1300 2654 1345 2682 se-

432 2709 511 2732 stum
528 2704 625 2732 sancti
640 2703 790 2732 Johannis
806 2704 843 2732 de
855 2703 959 2732 bursis
970 2703 1058 2731 nacio
1072 2703 1145 2731 dare
1154 2702 1256 2732 vellet.
1270 2702 1344 2731 Item

433 2753 619 2792 supplicavit
642 2753 784 2781 dominus
803 2752 971 2781 Nicholaus
996 2751 1126 2791 Maghar
1148 2758 1178 2781 et
1201 2751 1344 2781 dominus

433 2801 629 2830 Christianus
643 2802 681 2830 de
698 2801 829 2840 Specke,
847 2802 929 2840 quod
944 2801 1014 2840 quia
1028 2811 1085 2830 nec
1101 2801 1149 2830 hic
1166 2801 1265 2830 necin
1278 2811 1344 2840 par-

432 2851 515 2879 tibus
534 2850 772 2890 possibilitatem
796 2851 906 2879 bursas
927 2850 1068 2879 solvendi
1091 2850 1255 2886 haberent,
1277 2850 1345 2890 pla-

464 2952 486 2975 1.
521 2952 563 2975 Sic
576 2960 620 2975 ms.
634 2952 680 2975 sed
690 2953 738 2984 leg.
753 2952 835 2975 Helie.

985 414 1209 441 AUCTARIUM
1234 413 1494 441 CHARTULARII
1513 414 1687 441 UNIVERS.
1711 414 1829 441 PARIS.

1384 934 1418 960 10

1383 1179 1417 1206 15

1383 1425 1417 1451 20

1383 1671 1416 1697 25

1383 1917 1417 1942 30

1382 2162 1416 2188 35

1382 2407 1416 2434 40

1383 2653 1416 2679 45

2313 415 2366 442 196

1456 496 1540 520 ceret
1560 491 1682 520 nacioni
1705 501 1773 520 cum
1797 491 1875 530 ipsis
1897 491 2094 532 dispensare,
2112 501 2189 532 quas
2211 491 2366 532 supplica-

1456 549 1561 569 ciones
1579 546 1734 570 concessit
1751 540 1850 570 nacio.

1497 588 1571 618 Item
1592 588 1773 619 licenciatus
1794 589 1850 619 suit
1870 589 2013 619 dominus
2032 589 2145 620 Petrus
2167 589 2308 620 Nicholai
2327 591 2366 620 de

1457 637 1562 672 Dacia,
1575 637 1795 668 Roskildensis
1811 638 1971 678 dyocesis,
1989 639 2047 668 sub
2064 639 2214 679 magistro
2225 638 2365 669 Amoldo

1455 686 1493 716 de
1510 686 1658 723 Embeke,
1674 686 1761 727 cujus
1777 688 1873 717 bursa
1888 688 1906 717 5
1921 687 2025 717 solidi.

1496 735 1571 765 Item
1601 736 1780 766 licenciatus
1806 736 1861 766 fuit
1887 736 2001 766 ibidem
2028 737 2172 767 dominus
2199 737 2366 768 Nicholaus

1455 783 1586 825 Maghar
1600 786 1638 814 de
1655 784 1820 815 Almekerc
1838 786 1895 815 sub
1913 786 2063 826 magistro
2079 785 2257 817 Godefredo
2267 787 2366 817 Vasti-

1454 833 1540 869 nelli,
1558 833 1645 874 cujus
1661 835 1756 864 bursa
1771 834 1878 864 nichil.

1497 883 1571 912 Item
1591 883 1771 913 licenciatus
1794 883 1850 913 fuit
1869 884 1982 913 ibidem
2005 884 2149 914 dominus
2168 884 2366 916 Christianus

1455 933 1493 961 de
1510 931 1629 971 Specke
1645 933 1702 962 sub
1716 932 1865 972 magistro
1884 933 2024 963 Johanne
2039 934 2077 963 de
2090 933 2228 963 Max-chia
2239 933 2264 970 ²,
2279 933 2366 975 cujus

1455 981 1549 1010 bursa
1568 981 1674 1010 nichil.

1497 1031 1572 1059 Item
1593 1030 1774 1060 licenciatus
1794 1030 1850 1060 fuit
1869 1031 2014 1061 dominus
2030 1031 2185 1062 Henricus
2202 1032 2304 1063 dictus
2326 1034 2364 1063 de

1455 1079 1562 1120 Egher
1577 1080 1614 1109 de
1633 1079 1759 1115 Kalkar‚
1777 1079 1865 1119 cujus
1879 1081 1975 1110 bursa
1991 1080 2097 1110 nichil.

1496 1128 1571 1158 Item
1599 1129 1636 1158 14
1664 1128 1714 1158 die
1744 1127 1882 1169 ejusdem
1909 1129 2025 1158 mensis
2051 1130 2238 1169 supplicavit
2263 1141 2366 1160 coram

1455 1178 1584 1207 nacione
1599 1178 1631 1206 in
1650 1177 1763 1207 Sancto
1778 1178 1900 1207 Juliano
1913 1178 2056 1208 dominus
2073 1178 2250 1209 Macharius
2263 1180 2365 1210 Dacus

1455 1237 1513 1267 pro
1537 1227 1669 1256 induciis
1693 1227 1856 1256 bursarum
1875 1227 2019 1263 licencie,
2041 1233 2071 1257 et
2089 1227 2232 1258 dominus
2253 1228 2366 1259 Petrus

1455 1276 1596 1306 Nicholai
1615 1286 1672 1315 pro
1690 1275 1825 1305 induciis
1841 1276 2005 1305 bursarum
2023 1276 2194 1316 magisterii
2213 1287 2312 1317 usque
2327 1278 2365 1307 ad

1455 1325 1565 1355 festum
1586 1325 1684 1354 sancti
1701 1324 1852 1354 Johannis
1873 1325 1930 1354 sub
1951 1334 2031 1364 pena
2048 1325 2242 1356 vendicionis
2257 1326 2366 1357 vadio-

1454 1385 1534 1410 rum,
1552 1384 1683 1414 quorum
1698 1375 1793 1404 burse
1807 1375 1824 1403 5
1841 1373 1951 1410 solidi3
1968 1375 2051 1415 quod
2067 1384 2249 1404 concessum
2265 1375 2331 1405 fuit.

1496 1424 1571 1453 Item
1594 1423 1782 1463 supplicavit
1802 1423 1916 1452 ibidem
1936 1423 2079 1453 dominus
2101 1423 2260 1454 Arnoldus
2283 1424 2366 1454 Bru-

1454 1473 1602 1502 nisberch
1624 1479 1654 1502 et
1673 1472 1816 1502 dominus
1840 1471 2009 1502 Nicholaus
2034 1472 2108 1502 Snel
2126 1483 2185 1512 pro
2207 1474 2366 1503 condona-

1454 1522 1543 1552 cione
1562 1523 1725 1551 bursarum
1746 1521 1874 1551 licencie
1896 1527 1926 1550 et
1944 1521 2132 1562 magisterii,
2149 1532 2186 1551 eo
2206 1523 2290 1562 quod
2309 1532 2366 1552 nec

1454 1571 1504 1601 hic
1522 1581 1579 1600 nec
1597 1571 1628 1600 in
1647 1570 1789 1611 partibus
1809 1570 1973 1606 haberent,
1994 1570 2135 1610 prestitis
2153 1581 2259 1600 eorum
2277 1570 2366 1611 jura-

1454 1621 1566 1650 mentis
1574 1633 1581 1656 3
1606 1620 1689 1660 quod
1708 1629 1891 1649 concessum
1914 1619 1971 1649 fuit
1991 1619 2067 1655 sibi,
2089 1621 2173 1659 quod
2193 1630 2284 1660 quam
2304 1621 2366 1651 cito

1454 1670 1568 1699 habere
1583 1675 1714 1709 possent
1727 1679 1785 1709 per
1799 1678 1905 1698 eorum
1918 1667 2092 1708 juramenta
2107 1669 2231 1699 nacioni
2247 1670 2366 1709 persol-

1453 1725 1572 1750 verent.

1493 1768 1569 1799 Item
1588 1767 1704 1807 incepit
1721 1767 1864 1797 dominus
1880 1767 1992 1797 Petrus
2008 1766 2150 1797 Nicholai
2166 1767 2366 1807 supradictus

1455 1819 1512 1848 sub
1528 1817 1677 1858 magistro
1689 1817 1829 1846 Johanne
1847 1817 1885 1846 de
1897 1817 2002 1852 Dacia,
2021 1815 2108 1856 cujus
2125 1817 2218 1846 bursa
2236 1818 2253 1846 5
2272 1817 2365 1846 solidi

1454 1867 1486 1897 in
1503 1867 1603 1896 vadiis
1619 1867 1707 1896 sicud
1724 1876 1829 1905 supra.

1495 1917 1566 1956 (Fol.
1592 1916 1640 1956 31)
1659 1915 1734 1945 Item
1750 1915 1930 1944 licenciatus
1951 1915 2007 1944 suit
2026 1915 2170 1944 dominus
2189 1913 2366 1945 Macharius

1455 1967 1492 1995 de
1507 1966 1602 1995 Dacia
1615 1966 1672 1995 sub
1684 1964 1833 2004 magistro
1846 1964 1986 1993 Johanne
1999 1964 2036 1993 de
2052 1963 2157 1999 Dacia,
2171 1963 2257 2003 cujus
2270 1964 2366 1994 bursa

1455 2017 1472 2045 5
1491 2015 1583 2045 solidi
1598 2014 1630 2044 i'n
1644 2013 1745 2044 vadiis
1764 2013 1851 2043 sicud
1867 2023 1973 2053 supra.

1496 2065 1570 2093 Item
1594 2063 1774 2092 licenciatus
1794 2062 1850 2092 fuit
1869 2063 2012 2092 dominus
2031 2061 2186 2091 Henricus
2205 2063 2242 2091 de
2262 2062 2365 2092 Rure-

1455 2114 1565 2143 monde
1581 2113 1639 2142 sub
1657 2112 1806 2151 magistro
1822 2111 1962 2141 Johanne
1980 2112 2017 2140 de
2033 2111 2149 2151 Aquis,
2167 2110 2254 2150 cujus
2270 2111 2366 2141 bursa

1454 2165 1471 2193 5
1490 2162 1583 2192 solidi
1599 2168 1630 2191 et
1643 2162 1662 2190 6
1679 2161 1809 2190 denarii.

1495 2212 1570 2241 Item
1598 2212 1673 2240 facta
1700 2210 1948 2250 congregacione
1973 2209 2112 2239 nacionis
2139 2208 2311 2250 Anglicane
2333 2209 2365 2238 in

1454 2261 1562 2301 primis
1578 2261 1617 2289 ad
1633 2260 1777 2289 Sanctum
1794 2259 1949 2288 Julianum
1964 2268 2131 2298 pauperem
2146 2259 2178 2287 2·
2188 2258 2237 2287 die
2248 2258 2365 2288 mensis

1453 2310 1539 2344 Maii,
1557 2309 1745 2349 computavit
1760 2308 1907 2348 magister
1922 2307 2078 2337 Johannes
2094 2308 2132 2336 de
2141 2306 2251 2346 Aquis,
2264 2307 2365 2337 locum

1453 2366 1562 2389 tenens
1588 2358 1773 2397 receptoris‚
1799 2357 1852 2397 qui
1881 2358 2048 2386 secundum
2075 2362 2250 2396 compotum
2276 2366 2364 2386 suum

1454 2408 1611 2438 defalcatis
1625 2407 1824 2441 defalcandis,
1840 2405 1959 2435 scilicet
1971 2406 2065 2435 bursa
2080 2405 2211 2435 rectoris
2227 2410 2256 2434 et
2271 2406 2366 2435 bursa

1454 2468 1522 2487 cum
1535 2456 1661 2486 dimidia
1672 2456 1876 2496 pedellorum,
1891 2455 2053 2484 tenebatur
2062 2454 2183 2483 nacioni
2195 2453 2226 2482 in
2237 2454 2276 2483 59
2292 2453 2364 2483 soli-

1454 2507 1518 2542 dis,
1537 2513 1623 2536 scuto
1641 2506 1760 2535 valente
1781 2506 1817 2534 13
1837 2504 1956 2533 solidos
1977 2510 2006 2533 et
2021 2504 2039 2532 4
2057 2503 2218 2538 denarios,
2235 2503 2273 2532 de
2294 2503 2364 2543 qui-

1454 2557 1512 2585 bus
1526 2556 1557 2584 in
1571 2556 1648 2585 sesto
1664 2555 1883 2594 magistrorum
1899 2553 2006 2582 eodem
2022 2552 2072 2582 die
2087 2552 2231 2591 exposuit
2245 2553 2263 2581 2
2279 2558 2365 2582 scuta

1454 2611 1483 2634 et
1499 2605 1517 2634 3
1533 2604 1663 2634 solidos.

1495 2653 1570 2683 Item
1586 2653 1734 2693 magister
1748 2651 1906 2681 Arnoldus
1923 2652 1960 2680 de
1975 2650 2114 2686 Lochen;
2131 2650 2201 2679 item
2217 2649 2366 2690 magister

1453 2703 1610 2732 Johannes
1640 2703 1677 2731 de
1705 2701 1831 2736 Prucia;
1866 2701 1937 2730 item
1968 2699 2114 2740 magister
2143 2699 2297 2728 Henricus
2325 2700 2364 2728 de

1455 2752 1606 2788 Embeke3
1633 2751 1705 2780 item
1732 2750 1881 2790 magister
1905 2749 2017 2778 Petrus
2040 2749 2077 2777 de
2101 2748 2210 2783 Dacia,
2235 2747 2365 2787 quilibet

1455 2801 1547 2830 solvit
1576 2802 1590 2829 1
1621 2806 1741 2830 scutum
1772 2800 1809 2828 de
1844 2799 1942 2838 prima
1978 2807 2083 2827 eorum
2117 2797 2363 2836 congregacione

1455 2850 1623 2880 secundum
1639 2848 1892 2878 consuetudinem
1907 2847 2055 2876 hactenus
2069 2847 2271 2876 observatam.
2287 2845 2362 2875 Item

1484 2952 1508 2975 2.
1542 2951 1599 2974 Fuit
1611 2950 1724 2974 nationis
1738 2949 1895 2973 Gallicanae.
