<?xml version="1.0" encoding="UTF-8"?>
<!DOCTYPE html PUBLIC "-//W3C//DTD XHTML 1.0 Transitional//EN"
    "http://www.w3.org/TR/xhtml1/DTD/xhtml1-transitional.dtd">
<html xmlns="http://www.w3.org/1999/xhtml" xml:lang="en" lang="en">
 <head>
  <title>
</title>
<meta http-equiv="Content-Type" content="text/html;charset=utf-8" />
  <meta name='ocr-system' content='tesseract 3.04.00' />
  <meta name='ocr-capabilities' content='ocr_page ocr_carea ocr_par ocr_line ocrx_word'/>
</head>
<body>
  <div class='ocr_page' id='page_1' title='image "auctariumchartul01univuoft_0162.png"; bbox 0 0 2632 3464; ppageno 0'>
   <div class='ocr_carea' id='block_1_1' title="bbox 439 425 489 450">
    <p class='ocr_par' dir='ltr' id='par_1_1' title="bbox 439 425 489 450">
     <span class='ocr_line' id='line_1_1' title="bbox 439 425 489 450; baseline 0 0"><span class='ocrx_word' id='word_1_1' title='bbox 439 425 489 450; x_wconf 87' lang='lat'>151</span> 
     </span>
    </p>
   </div>
   <div class='ocr_carea' id='block_1_2' title="bbox 431 498 1348 1426">
    <p class='ocr_par' dir='ltr' id='par_1_2' title="bbox 437 498 1348 638">
     <span class='ocr_line' id='line_1_2' title="bbox 479 498 1348 540; baseline -0.003 -10"><span class='ocrx_word' id='word_1_2' title='bbox 479 501 554 530; x_wconf 87' lang='lat' dir='ltr'><strong>Item</strong></span> <span class='ocrx_word' id='word_1_3' title='bbox 577 500 694 540; x_wconf 87' lang='lat' dir='ltr'><strong>incepit</strong></span> <span class='ocrx_word' id='word_1_4' title='bbox 711 499 854 529; x_wconf 91' lang='lat' dir='ltr'>dominus</span> <span class='ocrx_word' id='word_1_5' title='bbox 875 498 1087 529; x_wconf 84' lang='lat' dir='ltr'><strong>Theodericus</strong></span> <span class='ocrx_word' id='word_1_6' title='bbox 1109 498 1247 534; x_wconf 89' lang='lat' dir='ltr'>Nellinc‚</span> <span class='ocrx_word' id='word_1_7' title='bbox 1266 498 1348 528; x_wconf 91' lang='lat' dir='ltr'>filius</span> 
     </span>
     <span class='ocr_line' id='line_1_3' title="bbox 438 548 1348 589; baseline -0.002 -10"><span class='ocrx_word' id='word_1_8' title='bbox 438 550 569 585; x_wconf 91' lang='lat' dir='ltr'>Nicolai,</span> <span class='ocrx_word' id='word_1_9' title='bbox 587 550 644 579; x_wconf 88' lang='lat' dir='ltr'>sub</span> <span class='ocrx_word' id='word_1_10' title='bbox 660 549 810 589; x_wconf 84' lang='lat' dir='ltr'>magistro</span> <span class='ocrx_word' id='word_1_11' title='bbox 829 548 966 578; x_wconf 89' lang='lat' dir='ltr'>Henrico</span> <span class='ocrx_word' id='word_1_12' title='bbox 983 549 1021 577; x_wconf 91' lang='lat' dir='ltr'>de</span> <span class='ocrx_word' id='word_1_13' title='bbox 1039 548 1156 583; x_wconf 84' lang='lat' dir='ltr'>Minda,</span> <span class='ocrx_word' id='word_1_14' title='bbox 1180 555 1253 578; x_wconf 89' lang='lat' dir='ltr'>tunc</span> <span class='ocrx_word' id='word_1_15' title='bbox 1269 554 1348 578; x_wconf 89' lang='lat' dir='ltr'>tem-</span> 
     </span>
     <span class='ocr_line' id='line_1_4' title="bbox 437 597 1052 638; baseline -0.003 -10"><span class='ocrx_word' id='word_1_16' title='bbox 437 599 525 638; x_wconf 91' lang='lat' dir='ltr'>poris</span> <span class='ocrx_word' id='word_1_17' title='bbox 542 605 716 638; x_wconf 87' lang='lat' dir='ltr'>receptore,</span> <span class='ocrx_word' id='word_1_18' title='bbox 735 597 823 637; x_wconf 86' lang='lat' dir='ltr'>cujus</span> <span class='ocrx_word' id='word_1_19' title='bbox 838 598 933 627; x_wconf 90' lang='lat' dir='ltr'>bursa</span> <span class='ocrx_word' id='word_1_20' title='bbox 945 597 1052 626; x_wconf 90' lang='lat' dir='ltr'>nichil.</span> 
     </span>
    </p>

    <p class='ocr_par' dir='ltr' id='par_1_3' title="bbox 435 646 1347 884">
     <span class='ocr_line' id='line_1_5' title="bbox 478 646 1346 686; baseline -0.002 -9"><span class='ocrx_word' id='word_1_21' title='bbox 478 648 554 678; x_wconf 91' lang='lat' dir='ltr'>Item</span> <span class='ocrx_word' id='word_1_22' title='bbox 570 647 750 677; x_wconf 83' lang='lat' dir='ltr'>licenciatus</span> <span class='ocrx_word' id='word_1_23' title='bbox 768 647 825 676; x_wconf 86' lang='lat' dir='ltr'>suit</span> <span class='ocrx_word' id='word_1_24' title='bbox 844 647 987 676; x_wconf 89' lang='lat' dir='ltr'>dominus</span> <span class='ocrx_word' id='word_1_25' title='bbox 1004 646 1162 676; x_wconf 87' lang='lat' dir='ltr'>Johannes</span> <span class='ocrx_word' id='word_1_26' title='bbox 1184 646 1346 686; x_wconf 87' lang='lat' dir='ltr'>Meynardi</span> 
     </span>
     <span class='ocr_line' id='line_1_6' title="bbox 437 696 1345 737; baseline -0.003 -10"><span class='ocrx_word' id='word_1_27' title='bbox 437 698 495 727; x_wconf 87' lang='lat' dir='ltr'>sub</span> <span class='ocrx_word' id='word_1_28' title='bbox 524 697 674 737; x_wconf 89' lang='lat' dir='ltr'>magistro</span> <span class='ocrx_word' id='word_1_29' title='bbox 701 697 829 732; x_wconf 86' lang='lat' dir='ltr'>Jacoho,</span> <span class='ocrx_word' id='word_1_30' title='bbox 859 703 931 726; x_wconf 91' lang='lat' dir='ltr'>tunc</span> <span class='ocrx_word' id='word_1_31' title='bbox 955 696 1105 735; x_wconf 84' lang='lat' dir='ltr'>temporis</span> <span class='ocrx_word' id='word_1_32' title='bbox 1132 702 1345 734; x_wconf 82' lang='lat' dir='ltr'>procuratore,</span> 
     </span>
     <span class='ocr_line' id='line_1_7' title="bbox 436 744 1347 786; baseline -0.003 -10"><span class='ocrx_word' id='word_1_33' title='bbox 436 745 524 786; x_wconf 88' lang='lat' dir='ltr'>cujus</span> <span class='ocrx_word' id='word_1_34' title='bbox 550 747 646 776; x_wconf 92' lang='lat' dir='ltr'>bursa</span> <span class='ocrx_word' id='word_1_35' title='bbox 666 745 693 775; x_wconf 95' lang='lat' dir='ltr'>V</span> <span class='ocrx_word' id='word_1_36' title='bbox 718 746 827 781; x_wconf 88' lang='lat' dir='ltr'>solidi,</span> <span class='ocrx_word' id='word_1_37' title='bbox 854 752 942 775; x_wconf 91' lang='lat' dir='ltr'>scuto</span> <span class='ocrx_word' id='word_1_38' title='bbox 965 745 1086 774; x_wconf 90' lang='lat' dir='ltr'>valente</span> <span class='ocrx_word' id='word_1_39' title='bbox 1106 744 1181 780; x_wconf 92' lang='lat' dir='ltr'>XX,</span> <span class='ocrx_word' id='word_1_40' title='bbox 1210 744 1263 784; x_wconf 92' lang='lat' dir='ltr'>qui</span> <span class='ocrx_word' id='word_1_41' title='bbox 1290 754 1347 783; x_wconf 91' lang='lat' dir='ltr'>per</span> 
     </span>
     <span class='ocr_line' id='line_1_8' title="bbox 435 793 1344 835; baseline -0.003 -10"><span class='ocrx_word' id='word_1_42' title='bbox 435 796 568 825; x_wconf 83' lang='lat' dir='ltr'><strong>litteram</strong></span> <span class='ocrx_word' id='word_1_43' title='bbox 593 797 651 825; x_wconf 89' lang='lat' dir='ltr'>sub</span> <span class='ocrx_word' id='word_1_44' title='bbox 671 795 776 835; x_wconf 87' lang='lat' dir='ltr'>sigillo</span> <span class='ocrx_word' id='word_1_45' title='bbox 801 794 940 824; x_wconf 86' lang='lat' dir='ltr'>officialis</span> <span class='ocrx_word' id='word_1_46' title='bbox 962 795 1193 823; x_wconf 81' lang='lat' dir='ltr'>corroboratam</span> <span class='ocrx_word' id='word_1_47' title='bbox 1212 793 1244 822; x_wconf 94' lang='lat' dir='ltr'>in</span> <span class='ocrx_word' id='word_1_48' title='bbox 1266 793 1344 823; x_wconf 83' lang='lat' dir='ltr'>festo</span> 
     </span>
     <span class='ocr_line' id='line_1_9' title="bbox 436 843 1114 884; baseline -0.003 -10"><span class='ocrx_word' id='word_1_49' title='bbox 436 844 639 874; x_wconf 88' lang='lat' dir='ltr'>Pentecostes</span> <span class='ocrx_word' id='word_1_50' title='bbox 657 844 808 884; x_wconf 75' lang='lat' dir='ltr'>obligavit</span> <span class='ocrx_word' id='word_1_51' title='bbox 826 854 859 873; x_wconf 90' lang='lat' dir='ltr'>se</span> <span class='ocrx_word' id='word_1_52' title='bbox 876 843 1114 873; x_wconf 86' lang='lat' dir='ltr'>satisfacturum.</span> 
     </span>
    </p>

    <p class='ocr_par' dir='ltr' id='par_1_4' title="bbox 435 892 1346 1080">
     <span class='ocr_line' id='line_1_10' title="bbox 478 892 1341 924; baseline -0.002 -1"><span class='ocrx_word' id='word_1_53' title='bbox 478 895 552 924; x_wconf 92' lang='lat' dir='ltr'>Item</span> <span class='ocrx_word' id='word_1_54' title='bbox 588 894 768 923; x_wconf 90' lang='lat' dir='ltr'>licenciatus</span> <span class='ocrx_word' id='word_1_55' title='bbox 806 893 863 922; x_wconf 91' lang='lat' dir='ltr'>fuit</span> <span class='ocrx_word' id='word_1_56' title='bbox 897 892 1041 922; x_wconf 91' lang='lat' dir='ltr'>dominus</span> <span class='ocrx_word' id='word_1_57' title='bbox 1073 892 1248 922; x_wconf 88' lang='lat' dir='ltr'>Hermanus</span> <span class='ocrx_word' id='word_1_58' title='bbox 1284 893 1341 921; x_wconf 89' lang='lat' dir='ltr'>suh</span> 
     </span>
     <span class='ocr_line' id='line_1_11' title="bbox 436 941 1343 983; baseline -0.003 -10"><span class='ocrx_word' id='word_1_59' title='bbox 436 944 587 983; x_wconf 87' lang='lat' dir='ltr'>magistro</span> <span class='ocrx_word' id='word_1_60' title='bbox 605 943 742 972; x_wconf 89' lang='lat' dir='ltr'>Henrico</span> <span class='ocrx_word' id='word_1_61' title='bbox 761 943 798 971; x_wconf 95' lang='lat' dir='ltr'>de</span> <span class='ocrx_word' id='word_1_62' title='bbox 816 941 933 977; x_wconf 89' lang='lat' dir='ltr'>Minda,</span> <span class='ocrx_word' id='word_1_63' title='bbox 955 941 1043 981; x_wconf 86' lang='lat' dir='ltr'>cujus</span> <span class='ocrx_word' id='word_1_64' title='bbox 1065 943 1160 971; x_wconf 88' lang='lat' dir='ltr'>bursa</span> <span class='ocrx_word' id='word_1_65' title='bbox 1175 941 1217 971; x_wconf 89' lang='lat' dir='ltr'>Vl</span> <span class='ocrx_word' id='word_1_66' title='bbox 1239 941 1343 976; x_wconf 89' lang='lat' dir='ltr'>solidi,</span> 
     </span>
     <span class='ocr_line' id='line_1_12' title="bbox 437 990 1346 1031; baseline -0.003 -9"><span class='ocrx_word' id='word_1_67' title='bbox 437 999 525 1022; x_wconf 88' lang='lat' dir='ltr'>scuto</span> <span class='ocrx_word' id='word_1_68' title='bbox 539 992 660 1022; x_wconf 82' lang='lat' dir='ltr'>valente</span> <span class='ocrx_word' id='word_1_69' title='bbox 678 991 744 1026; x_wconf 90' lang='lat' dir='ltr'>XX,</span> <span class='ocrx_word' id='word_1_70' title='bbox 762 991 815 1031; x_wconf 91' lang='lat' dir='ltr'>qui</span> <span class='ocrx_word' id='word_1_71' title='bbox 836 991 980 1030; x_wconf 84' lang='lat' dir='ltr'>promisit</span> <span class='ocrx_word' id='word_1_72' title='bbox 997 991 1056 1020; x_wconf 89' lang='lat' dir='ltr'>fide</span> <span class='ocrx_word' id='word_1_73' title='bbox 1072 991 1203 1030; x_wconf 87' lang='lat' dir='ltr'>prestita</span> <span class='ocrx_word' id='word_1_74' title='bbox 1221 990 1346 1020; x_wconf 88' lang='lat' dir='ltr'>satisfa-</span> 
     </span>
     <span class='ocr_line' id='line_1_13' title="bbox 435 1040 1067 1080; baseline -0.003 -9"><span class='ocrx_word' id='word_1_75' title='bbox 435 1052 518 1077; x_wconf 84' lang='lat' dir='ltr'>cere,</span> <span class='ocrx_word' id='word_1_76' title='bbox 533 1052 602 1071; x_wconf 90' lang='lat' dir='ltr'>cum</span> <span class='ocrx_word' id='word_1_77' title='bbox 619 1040 745 1070; x_wconf 83' lang='lat' dir='ltr'>facultas</span> <span class='ocrx_word' id='word_1_78' title='bbox 761 1040 863 1080; x_wconf 90' lang='lat' dir='ltr'>primo</span> <span class='ocrx_word' id='word_1_79' title='bbox 877 1046 1067 1080; x_wconf 85' lang='lat' dir='ltr'>suppeteret.</span> 
     </span>
    </p>

    <p class='ocr_par' dir='ltr' id='par_1_5' title="bbox 433 1089 1345 1277">
     <span class='ocr_line' id='line_1_14' title="bbox 476 1089 1345 1129; baseline -0.002 -9"><span class='ocrx_word' id='word_1_80' title='bbox 476 1090 551 1120; x_wconf 89' lang='lat' dir='ltr'>Item</span> <span class='ocrx_word' id='word_1_81' title='bbox 570 1090 750 1119; x_wconf 90' lang='lat' dir='ltr'>licenciatus</span> <span class='ocrx_word' id='word_1_82' title='bbox 768 1090 824 1119; x_wconf 93' lang='lat' dir='ltr'>fuit</span> <span class='ocrx_word' id='word_1_83' title='bbox 843 1090 987 1119; x_wconf 91' lang='lat' dir='ltr'>dominus</span> <span class='ocrx_word' id='word_1_84' title='bbox 1006 1089 1099 1118; x_wconf 91' lang='lat' dir='ltr'>Sulco</span> <span class='ocrx_word' id='word_1_85' title='bbox 1117 1090 1174 1119; x_wconf 92' lang='lat' dir='ltr'>sub</span> <span class='ocrx_word' id='word_1_86' title='bbox 1196 1089 1345 1129; x_wconf 87' lang='lat' dir='ltr'>magistro</span> 
     </span>
     <span class='ocr_line' id='line_1_15' title="bbox 434 1138 1345 1178; baseline -0.002 -9"><span class='ocrx_word' id='word_1_87' title='bbox 434 1139 564 1169; x_wconf 85' lang='lat' dir='ltr'>Alberto</span> <span class='ocrx_word' id='word_1_88' title='bbox 578 1141 615 1168; x_wconf 91' lang='lat' dir='ltr'>de</span> <span class='ocrx_word' id='word_1_89' title='bbox 627 1139 787 1174; x_wconf 86' lang='lat' dir='ltr'>Bohemia,</span> <span class='ocrx_word' id='word_1_90' title='bbox 804 1138 892 1178; x_wconf 89' lang='lat' dir='ltr'>cujus</span> <span class='ocrx_word' id='word_1_91' title='bbox 905 1139 999 1168; x_wconf 89' lang='lat' dir='ltr'>bursa</span> <span class='ocrx_word' id='word_1_92' title='bbox 1010 1139 1029 1168; x_wconf 91' lang='lat'><em>8</em></span> <span class='ocrx_word' id='word_1_93' title='bbox 1042 1138 1146 1174; x_wconf 91' lang='lat' dir='ltr'>solidi,</span> <span class='ocrx_word' id='word_1_94' title='bbox 1161 1139 1214 1178; x_wconf 91' lang='lat' dir='ltr'>qui</span> <span class='ocrx_word' id='word_1_95' title='bbox 1226 1138 1345 1178; x_wconf 89' lang='lat' dir='ltr'>promi-</span> 
     </span>
     <span class='ocr_line' id='line_1_16' title="bbox 434 1187 1343 1227; baseline -0.002 -9"><span class='ocrx_word' id='word_1_96' title='bbox 434 1189 475 1218; x_wconf 90' lang='lat' dir='ltr'>sit</span> <span class='ocrx_word' id='word_1_97' title='bbox 485 1189 558 1218; x_wconf 88' lang='lat' dir='ltr'>dare</span> <span class='ocrx_word' id='word_1_98' title='bbox 572 1189 651 1218; x_wconf 88' lang='lat' dir='ltr'>infra</span> <span class='ocrx_word' id='word_1_99' title='bbox 666 1189 776 1218; x_wconf 88' lang='lat' dir='ltr'>festum</span> <span class='ocrx_word' id='word_1_100' title='bbox 794 1188 968 1218; x_wconf 85' lang='lat' dir='ltr'>Nativitatis</span> <span class='ocrx_word' id='word_1_101' title='bbox 980 1198 1036 1227; x_wconf 91' lang='lat' dir='ltr'>per</span> <span class='ocrx_word' id='word_1_102' title='bbox 1050 1188 1183 1217; x_wconf 81' lang='lat' dir='ltr'>litteram</span> <span class='ocrx_word' id='word_1_103' title='bbox 1194 1187 1343 1227; x_wconf 88' lang='lat' dir='ltr'>obligato-</span> 
     </span>
     <span class='ocr_line' id='line_1_17' title="bbox 433 1237 1215 1277; baseline -0.001 -10"><span class='ocrx_word' id='word_1_104' title='bbox 433 1239 521 1273; x_wconf 82' lang='lat' dir='ltr'>riam,</span> <span class='ocrx_word' id='word_1_105' title='bbox 537 1244 566 1267; x_wconf 88' lang='lat' dir='ltr'>et</span> <span class='ocrx_word' id='word_1_106' title='bbox 580 1238 606 1267; x_wconf 90' lang='lat' dir='ltr'>si</span> <span class='ocrx_word' id='word_1_107' title='bbox 624 1238 713 1277; x_wconf 92' lang='lat' dir='ltr'>prius</span> <span class='ocrx_word' id='word_1_108' title='bbox 730 1238 884 1273; x_wconf 89' lang='lat' dir='ltr'>habuerit,</span> <span class='ocrx_word' id='word_1_109' title='bbox 899 1238 960 1266; x_wconf 89' lang='lat' dir='ltr'>fide</span> <span class='ocrx_word' id='word_1_110' title='bbox 975 1237 1105 1277; x_wconf 89' lang='lat' dir='ltr'>prestita</span> <span class='ocrx_word' id='word_1_111' title='bbox 1121 1237 1215 1266; x_wconf 85' lang='lat' dir='ltr'>dabit.</span> 
     </span>
    </p>

    <p class='ocr_par' dir='ltr' id='par_1_6' title="bbox 431 1286 1342 1426">
     <span class='ocr_line' id='line_1_18' title="bbox 473 1286 1341 1321; baseline -0.001 -5"><span class='ocrx_word' id='word_1_112' title='bbox 473 1287 548 1316; x_wconf 91' lang='lat' dir='ltr'>Item</span> <span class='ocrx_word' id='word_1_113' title='bbox 565 1286 745 1316; x_wconf 90' lang='lat' dir='ltr'>licenciatus</span> <span class='ocrx_word' id='word_1_114' title='bbox 761 1286 817 1316; x_wconf 91' lang='lat' dir='ltr'>fuit</span> <span class='ocrx_word' id='word_1_115' title='bbox 832 1286 976 1316; x_wconf 88' lang='lat' dir='ltr'>dominus</span> <span class='ocrx_word' id='word_1_116' title='bbox 992 1286 1150 1316; x_wconf 87' lang='lat' dir='ltr'>Johannes</span> <span class='ocrx_word' id='word_1_117' title='bbox 1165 1287 1203 1315; x_wconf 91' lang='lat' dir='ltr'>de</span> <span class='ocrx_word' id='word_1_118' title='bbox 1219 1286 1341 1321; x_wconf 87' lang='lat' dir='ltr'>Suecia,</span> 
     </span>
     <span class='ocr_line' id='line_1_19' title="bbox 431 1335 1342 1376; baseline -0.001 -11"><span class='ocrx_word' id='word_1_119' title='bbox 431 1336 577 1376; x_wconf 86' lang='lat' dir='ltr'>dyocesis</span> <span class='ocrx_word' id='word_1_120' title='bbox 605 1335 864 1376; x_wconf 89' lang='lat' dir='ltr'>Strengenensis,</span> <span class='ocrx_word' id='word_1_121' title='bbox 893 1335 980 1375; x_wconf 81' lang='lat' dir='ltr'>cujus</span> <span class='ocrx_word' id='word_1_122' title='bbox 1011 1337 1106 1365; x_wconf 89' lang='lat' dir='ltr'>bursa</span> <span class='ocrx_word' id='word_1_123' title='bbox 1121 1335 1217 1365; x_wconf 90' lang='lat' dir='ltr'>nichil</span> <span class='ocrx_word' id='word_1_124' title='bbox 1236 1341 1266 1364; x_wconf 88' lang='lat' dir='ltr'>et</span> <span class='ocrx_word' id='word_1_125' title='bbox 1282 1336 1342 1364; x_wconf 83' lang='lat' dir='ltr'>fide</span> 
     </span>
     <span class='ocr_line' id='line_1_20' title="bbox 431 1384 1055 1426; baseline -0.002 -11"><span class='ocrx_word' id='word_1_126' title='bbox 431 1385 561 1426; x_wconf 90' lang='lat' dir='ltr'>prestita</span> <span class='ocrx_word' id='word_1_127' title='bbox 577 1386 662 1415; x_wconf 85' lang='lat' dir='ltr'>dabit</span> <span class='ocrx_word' id='word_1_128' title='bbox 677 1385 860 1425; x_wconf 89' lang='lat' dir='ltr'>quantocius</span> <span class='ocrx_word' id='word_1_129' title='bbox 877 1385 1019 1414; x_wconf 88' lang='lat' dir='ltr'>habuerit</span> <span class='ocrx_word' id='word_1_130' title='bbox 1032 1384 1055 1414; x_wconf 87' lang='lat'>⁴.</span> 
     </span>
    </p>
   </div>
   <div class='ocr_carea' id='block_1_3' title="bbox 429 1483 1341 2457">
    <p class='ocr_par' dir='ltr' id='par_1_7' title="bbox 430 1483 1341 1770">
     <span class='ocr_line' id='line_1_21' title="bbox 471 1483 1340 1523; baseline -0.001 -10"><span class='ocrx_word' id='word_1_131' title='bbox 471 1484 562 1514; x_wconf 88' lang='lat' dir='ltr'>Anno</span> <span class='ocrx_word' id='word_1_132' title='bbox 590 1484 715 1513; x_wconf 92' lang='lat' dir='ltr'>Domini</span> <span class='ocrx_word' id='word_1_133' title='bbox 738 1483 884 1513; x_wconf 82' lang='lat' dir='ltr'>M⁰CCC⁰</span> <span class='ocrx_word' id='word_1_134' title='bbox 894 1483 958 1519; x_wconf 90' lang='lat' dir='ltr'>LI⁰‚</span> <span class='ocrx_word' id='word_1_135' title='bbox 984 1484 1061 1513; x_wconf 88' lang='lat' dir='ltr'>facta</span> <span class='ocrx_word' id='word_1_136' title='bbox 1092 1483 1340 1523; x_wconf 84' lang='lat' dir='ltr'>congregacione</span> 
     </span>
     <span class='ocr_line' id='line_1_22' title="bbox 431 1532 1341 1573; baseline -0.001 -10"><span class='ocrx_word' id='word_1_137' title='bbox 431 1534 571 1563; x_wconf 87' lang='lat' dir='ltr'>nacionis</span> <span class='ocrx_word' id='word_1_138' title='bbox 587 1534 726 1573; x_wconf 91' lang='lat' dir='ltr'>predicte</span> <span class='ocrx_word' id='word_1_139' title='bbox 744 1543 839 1573; x_wconf 93' lang='lat' dir='ltr'>super</span> <span class='ocrx_word' id='word_1_140' title='bbox 858 1532 1008 1562; x_wconf 86' lang='lat' dir='ltr'>electione</span> <span class='ocrx_word' id='word_1_141' title='bbox 1024 1532 1237 1572; x_wconf 89' lang='lat' dir='ltr'>procuratoris</span> <span class='ocrx_word' id='word_1_142' title='bbox 1258 1533 1341 1572; x_wconf 88' lang='lat' dir='ltr'>apud</span> 
     </span>
     <span class='ocr_line' id='line_1_23' title="bbox 432 1581 1341 1622; baseline -0.002 -10"><span class='ocrx_word' id='word_1_143' title='bbox 432 1583 577 1612; x_wconf 91' lang='lat' dir='ltr'>Sanctum</span> <span class='ocrx_word' id='word_1_144' title='bbox 595 1583 792 1617; x_wconf 86' lang='lat' dir='ltr'>Maturinum,</span> <span class='ocrx_word' id='word_1_145' title='bbox 811 1582 1007 1611; x_wconf 89' lang='lat' dir='ltr'>continuatus</span> <span class='ocrx_word' id='word_1_146' title='bbox 1019 1582 1074 1611; x_wconf 87' lang='lat' dir='ltr'>fuit</span> <span class='ocrx_word' id='word_1_147' title='bbox 1087 1581 1236 1622; x_wconf 90' lang='lat' dir='ltr'>magister</span> <span class='ocrx_word' id='word_1_148' title='bbox 1249 1582 1341 1612; x_wconf 91' lang='lat' dir='ltr'>Jaco-</span> 
     </span>
     <span class='ocr_line' id='line_1_24' title="bbox 431 1630 1340 1672; baseline -0.002 -10"><span class='ocrx_word' id='word_1_149' title='bbox 431 1633 489 1662; x_wconf 92' lang='lat' dir='ltr'>bus</span> <span class='ocrx_word' id='word_1_150' title='bbox 508 1632 667 1672; x_wconf 87' lang='lat' dir='ltr'>predictus</span> <span class='ocrx_word' id='word_1_151' title='bbox 692 1631 742 1661; x_wconf 92' lang='lat' dir='ltr'>die</span> <span class='ocrx_word' id='word_1_152' title='bbox 764 1631 962 1661; x_wconf 89' lang='lat' dir='ltr'>Invencionis</span> <span class='ocrx_word' id='word_1_153' title='bbox 985 1637 1089 1661; x_wconf 84' lang='lat' dir='ltr'>sancte</span> <span class='ocrx_word' id='word_1_154' title='bbox 1108 1630 1234 1660; x_wconf 77' lang='lat' dir='ltr'>crucis²</span> <span class='ocrx_word' id='word_1_155' title='bbox 1255 1631 1340 1660; x_wconf 92' lang='lat' dir='ltr'>nullo</span> 
     </span>
     <span class='ocr_line' id='line_1_25' title="bbox 430 1679 1341 1721; baseline -0.001 -11"><span class='ocrx_word' id='word_1_156' title='bbox 430 1682 554 1721; x_wconf 89' lang='lat' dir='ltr'>penitus</span> <span class='ocrx_word' id='word_1_157' title='bbox 570 1681 766 1716; x_wconf 85' lang='lat' dir='ltr'>reclamante,</span> <span class='ocrx_word' id='word_1_158' title='bbox 786 1681 817 1709; x_wconf 89' lang='lat' dir='ltr'>in</span> <span class='ocrx_word' id='word_1_159' title='bbox 833 1679 919 1720; x_wconf 88' lang='lat' dir='ltr'>cujus</span> <span class='ocrx_word' id='word_1_160' title='bbox 938 1680 1172 1710; x_wconf 90' lang='lat' dir='ltr'>continuacione</span> <span class='ocrx_word' id='word_1_161' title='bbox 1190 1687 1257 1710; x_wconf 84' lang='lat' dir='ltr'>acta</span> <span class='ocrx_word' id='word_1_162' title='bbox 1269 1686 1341 1710; x_wconf 89' lang='lat' dir='ltr'>sunt</span> 
     </span>
     <span class='ocr_line' id='line_1_26' title="bbox 430 1731 763 1770; baseline -0.003 -10"><span class='ocrx_word' id='word_1_163' title='bbox 430 1731 487 1760; x_wconf 92' lang='lat' dir='ltr'>hec</span> <span class='ocrx_word' id='word_1_164' title='bbox 503 1741 562 1770; x_wconf 92' lang='lat' dir='ltr'>que</span> <span class='ocrx_word' id='word_1_165' title='bbox 581 1737 763 1770; x_wconf 88' lang='lat' dir='ltr'>sequuntur.</span> 
     </span>
    </p>

    <p class='ocr_par' dir='ltr' id='par_1_8' title="bbox 430 1779 1338 1967">
     <span class='ocr_line' id='line_1_27' title="bbox 471 1779 1337 1818; baseline 0 -10"><span class='ocrx_word' id='word_1_166' title='bbox 471 1780 577 1809; x_wconf 88' lang='lat' dir='ltr'>Primo</span> <span class='ocrx_word' id='word_1_167' title='bbox 608 1779 787 1808; x_wconf 88' lang='lat' dir='ltr'>licenciatus</span> <span class='ocrx_word' id='word_1_168' title='bbox 822 1779 879 1808; x_wconf 91' lang='lat' dir='ltr'>fuit</span> <span class='ocrx_word' id='word_1_169' title='bbox 915 1779 1058 1809; x_wconf 91' lang='lat' dir='ltr'>dominus</span> <span class='ocrx_word' id='word_1_170' title='bbox 1093 1779 1248 1808; x_wconf 86' lang='lat' dir='ltr'>Henricus</span> <span class='ocrx_word' id='word_1_171' title='bbox 1276 1780 1337 1818; x_wconf 92' lang='lat' dir='ltr'>[de]</span> 
     </span>
     <span class='ocr_line' id='line_1_28' title="bbox 430 1827 1338 1869; baseline -0.002 -10"><span class='ocrx_word' id='word_1_172' title='bbox 430 1829 580 1869; x_wconf 89' lang='lat' dir='ltr'>Ruteling</span> <span class='ocrx_word' id='word_1_173' title='bbox 599 1827 686 1868; x_wconf 89' lang='lat' dir='ltr'>cujus</span> <span class='ocrx_word' id='word_1_174' title='bbox 706 1829 801 1857; x_wconf 89' lang='lat' dir='ltr'>bursa</span> <span class='ocrx_word' id='word_1_175' title='bbox 820 1838 874 1858; x_wconf 88' lang='lat' dir='ltr'>sex</span> <span class='ocrx_word' id='word_1_176' title='bbox 893 1828 1001 1863; x_wconf 88' lang='lat' dir='ltr'>solidi,</span> <span class='ocrx_word' id='word_1_177' title='bbox 1023 1834 1110 1858; x_wconf 88' lang='lat' dir='ltr'>scuto</span> <span class='ocrx_word' id='word_1_178' title='bbox 1130 1828 1250 1858; x_wconf 88' lang='lat' dir='ltr'>valente</span> <span class='ocrx_word' id='word_1_179' title='bbox 1271 1828 1338 1864; x_wconf 91' lang='lat' dir='ltr'>XX,</span> 
     </span>
     <span class='ocr_line' id='line_1_29' title="bbox 430 1877 1338 1918; baseline 0 -11"><span class='ocrx_word' id='word_1_180' title='bbox 430 1877 483 1918; x_wconf 90' lang='lat' dir='ltr'>qui</span> <span class='ocrx_word' id='word_1_181' title='bbox 509 1877 654 1917; x_wconf 89' lang='lat' dir='ltr'>promisit</span> <span class='ocrx_word' id='word_1_182' title='bbox 677 1877 856 1906; x_wconf 85' lang='lat' dir='ltr'>satisfacere</span> <span class='ocrx_word' id='word_1_183' title='bbox 880 1878 940 1906; x_wconf 88' lang='lat' dir='ltr'>fide</span> <span class='ocrx_word' id='word_1_184' title='bbox 962 1877 1092 1917; x_wconf 88' lang='lat' dir='ltr'>prestita</span> <span class='ocrx_word' id='word_1_185' title='bbox 1120 1887 1188 1906; x_wconf 91' lang='lat' dir='ltr'>cum</span> <span class='ocrx_word' id='word_1_186' title='bbox 1211 1877 1338 1907; x_wconf 83' lang='lat' dir='ltr'>facultas</span> 
     </span>
     <span class='ocr_line' id='line_1_30' title="bbox 430 1927 739 1967; baseline 0 -11"><span class='ocrx_word' id='word_1_187' title='bbox 430 1927 531 1967; x_wconf 90' lang='lat' dir='ltr'>primo</span> <span class='ocrx_word' id='word_1_188' title='bbox 548 1933 739 1967; x_wconf 87' lang='lat' dir='ltr'>suppeteret.</span> 
     </span>
    </p>

    <p class='ocr_par' dir='ltr' id='par_1_9' title="bbox 429 1975 1340 2208">
     <span class='ocr_line' id='line_1_31' title="bbox 471 1975 1339 2011; baseline -0.001 -5"><span class='ocrx_word' id='word_1_189' title='bbox 471 1977 546 2007; x_wconf 87' lang='lat' dir='ltr'>Item</span> <span class='ocrx_word' id='word_1_190' title='bbox 576 1976 755 2005; x_wconf 89' lang='lat' dir='ltr'>licenciatus</span> <span class='ocrx_word' id='word_1_191' title='bbox 788 1976 844 2005; x_wconf 86' lang='lat' dir='ltr'>suit</span> <span class='ocrx_word' id='word_1_192' title='bbox 876 1977 1019 2005; x_wconf 91' lang='lat' dir='ltr'>dominus</span> <span class='ocrx_word' id='word_1_193' title='bbox 1047 1975 1230 2011; x_wconf 89' lang='lat' dir='ltr'>Gherlacus‚</span> <span class='ocrx_word' id='word_1_194' title='bbox 1257 1976 1339 2006; x_wconf 88' lang='lat' dir='ltr'>filius</span> 
     </span>
     <span class='ocr_line' id='line_1_32' title="bbox 429 2024 1338 2065; baseline -0.002 -9"><span class='ocrx_word' id='word_1_195' title='bbox 429 2026 580 2056; x_wconf 87' lang='lat' dir='ltr'>Johannis</span> <span class='ocrx_word' id='word_1_196' title='bbox 592 2027 630 2055; x_wconf 93' lang='lat' dir='ltr'>de</span> <span class='ocrx_word' id='word_1_197' title='bbox 646 2025 792 2054; x_wconf 89' lang='lat' dir='ltr'>Ghabach</span> <span class='ocrx_word' id='word_1_198' title='bbox 805 2026 862 2054; x_wconf 90' lang='lat' dir='ltr'>sub</span> <span class='ocrx_word' id='word_1_199' title='bbox 877 2025 1026 2065; x_wconf 88' lang='lat' dir='ltr'>magistro</span> <span class='ocrx_word' id='word_1_200' title='bbox 1037 2025 1174 2055; x_wconf 84' lang='lat' dir='ltr'>Henrico</span> <span class='ocrx_word' id='word_1_201' title='bbox 1181 2026 1218 2054; x_wconf 87' lang='lat' dir='ltr'>de</span> <span class='ocrx_word' id='word_1_202' title='bbox 1231 2024 1338 2054; x_wconf 88' lang='lat' dir='ltr'>Minda</span> 
     </span>
     <span class='ocr_line' id='line_1_33' title="bbox 429 2074 1339 2115; baseline -0.002 -10"><span class='ocrx_word' id='word_1_203' title='bbox 429 2076 496 2105; x_wconf 89' lang='lat' dir='ltr'>vice</span> <span class='ocrx_word' id='word_1_204' title='bbox 518 2075 743 2115; x_wconf 78' lang='lat' dir='ltr'>procuratoris,</span> <span class='ocrx_word' id='word_1_205' title='bbox 767 2075 820 2114; x_wconf 91' lang='lat' dir='ltr'>qui</span> <span class='ocrx_word' id='word_1_206' title='bbox 840 2075 983 2114; x_wconf 81' lang='lat' dir='ltr'>promisit</span> <span class='ocrx_word' id='word_1_207' title='bbox 1003 2085 1060 2114; x_wconf 88' lang='lat' dir='ltr'>per</span> <span class='ocrx_word' id='word_1_208' title='bbox 1079 2075 1210 2104; x_wconf 82' lang='lat' dir='ltr'>litteram</span> <span class='ocrx_word' id='word_1_209' title='bbox 1234 2074 1339 2114; x_wconf 86' lang='lat' dir='ltr'>sigillo</span> 
     </span>
     <span class='ocr_line' id='line_1_34' title="bbox 430 2123 1340 2163; baseline -0.001 -10"><span class='ocrx_word' id='word_1_210' title='bbox 430 2125 569 2157; x_wconf 87' lang='lat' dir='ltr'>officialis</span> <span class='ocrx_word' id='word_1_211' title='bbox 590 2125 848 2163; x_wconf 87' lang='lat' dir='ltr'>corrob[or]atam</span> <span class='ocrx_word' id='word_1_212' title='bbox 864 2124 895 2153; x_wconf 90' lang='lat' dir='ltr'>in</span> <span class='ocrx_word' id='word_1_213' title='bbox 912 2125 989 2153; x_wconf 86' lang='lat' dir='ltr'>festo</span> <span class='ocrx_word' id='word_1_214' title='bbox 1006 2123 1140 2163; x_wconf 87' lang='lat' dir='ltr'>Remigii</span> <span class='ocrx_word' id='word_1_215' title='bbox 1163 2124 1340 2153; x_wconf 82' lang='lat' dir='ltr'>satisfacere</span> 
     </span>
     <span class='ocr_line' id='line_1_35' title="bbox 429 2172 967 2208; baseline -0.002 -5"><span class='ocrx_word' id='word_1_216' title='bbox 429 2175 467 2203; x_wconf 92' lang='lat' dir='ltr'>de</span> <span class='ocrx_word' id='word_1_217' title='bbox 482 2173 508 2202; x_wconf 90' lang='lat' dir='ltr'>V</span> <span class='ocrx_word' id='word_1_218' title='bbox 521 2173 643 2208; x_wconf 81' lang='lat' dir='ltr'>solidis,</span> <span class='ocrx_word' id='word_1_219' title='bbox 659 2179 747 2202; x_wconf 89' lang='lat' dir='ltr'>scuto</span> <span class='ocrx_word' id='word_1_220' title='bbox 762 2172 883 2202; x_wconf 86' lang='lat' dir='ltr'>valente</span> <span class='ocrx_word' id='word_1_221' title='bbox 901 2173 967 2202; x_wconf 86' lang='lat' dir='ltr'>XX.</span> 
     </span>
    </p>

    <p class='ocr_par' dir='ltr' id='par_1_10' title="bbox 430 2220 1339 2457">
     <span class='ocr_line' id='line_1_36' title="bbox 471 2220 1339 2261; baseline -0.001 -10"><span class='ocrx_word' id='word_1_222' title='bbox 471 2222 547 2251; x_wconf 89' lang='lat' dir='ltr'>Item</span> <span class='ocrx_word' id='word_1_223' title='bbox 569 2221 749 2251; x_wconf 88' lang='lat' dir='ltr'>licenciatus</span> <span class='ocrx_word' id='word_1_224' title='bbox 768 2221 824 2251; x_wconf 87' lang='lat' dir='ltr'>fuit</span> <span class='ocrx_word' id='word_1_225' title='bbox 843 2221 925 2251; x_wconf 89' lang='lat' dir='ltr'>Bero</span> <span class='ocrx_word' id='word_1_226' title='bbox 937 2220 949 2239; x_wconf 82' lang='lat'>³</span> <span class='ocrx_word' id='word_1_227' title='bbox 969 2222 1007 2250; x_wconf 92' lang='lat' dir='ltr'>de</span> <span class='ocrx_word' id='word_1_228' title='bbox 1031 2221 1142 2251; x_wconf 91' lang='lat' dir='ltr'>Suecia</span> <span class='ocrx_word' id='word_1_229' title='bbox 1161 2222 1219 2251; x_wconf 87' lang='lat' dir='ltr'>sub</span> <span class='ocrx_word' id='word_1_230' title='bbox 1239 2221 1339 2261; x_wconf 85' lang='lat' dir='ltr'>magi-</span> 
     </span>
     <span class='ocr_line' id='line_1_37' title="bbox 431 2269 1339 2310; baseline -0.001 -9"><span class='ocrx_word' id='word_1_231' title='bbox 431 2278 496 2301; x_wconf 92' lang='lat' dir='ltr'>stro</span> <span class='ocrx_word' id='word_1_232' title='bbox 520 2271 655 2300; x_wconf 88' lang='lat' dir='ltr'>Henrico</span> <span class='ocrx_word' id='word_1_233' title='bbox 678 2272 715 2300; x_wconf 93' lang='lat' dir='ltr'>de</span> <span class='ocrx_word' id='word_1_234' title='bbox 732 2271 849 2306; x_wconf 91' lang='lat' dir='ltr'>Minda,</span> <span class='ocrx_word' id='word_1_235' title='bbox 871 2269 958 2310; x_wconf 86' lang='lat' dir='ltr'>cujus</span> <span class='ocrx_word' id='word_1_236' title='bbox 977 2271 1072 2300; x_wconf 88' lang='lat' dir='ltr'>bursa</span> <span class='ocrx_word' id='word_1_237' title='bbox 1093 2270 1150 2300; x_wconf 93' lang='lat' dir='ltr'>VII</span> <span class='ocrx_word' id='word_1_238' title='bbox 1169 2270 1227 2300; x_wconf 92' lang='lat' dir='ltr'>sol.</span> <span class='ocrx_word' id='word_1_239' title='bbox 1252 2277 1339 2300; x_wconf 90' lang='lat' dir='ltr'>scuto</span> 
     </span>
     <span class='ocr_line' id='line_1_38' title="bbox 431 2319 1335 2360; baseline -0.001 -11"><span class='ocrx_word' id='word_1_240' title='bbox 431 2321 551 2350; x_wconf 90' lang='lat' dir='ltr'>valente</span> <span class='ocrx_word' id='word_1_241' title='bbox 575 2320 641 2355; x_wconf 92' lang='lat' dir='ltr'>XX,</span> <span class='ocrx_word' id='word_1_242' title='bbox 669 2320 722 2359; x_wconf 87' lang='lat' dir='ltr'>qui</span> <span class='ocrx_word' id='word_1_243' title='bbox 748 2319 893 2360; x_wconf 87' lang='lat' dir='ltr'>promisit</span> <span class='ocrx_word' id='word_1_244' title='bbox 915 2319 1092 2349; x_wconf 82' lang='lat' dir='ltr'>satisfacere</span> <span class='ocrx_word' id='word_1_245' title='bbox 1117 2320 1196 2349; x_wconf 88' lang='lat' dir='ltr'>infra</span> <span class='ocrx_word' id='word_1_246' title='bbox 1226 2320 1335 2349; x_wconf 89' lang='lat' dir='ltr'>festum</span> 
     </span>
     <span class='ocr_line' id='line_1_39' title="bbox 430 2369 1339 2409; baseline 0 -11"><span class='ocrx_word' id='word_1_247' title='bbox 430 2369 581 2399; x_wconf 87' lang='lat' dir='ltr'>Johannis</span> <span class='ocrx_word' id='word_1_248' title='bbox 606 2369 757 2408; x_wconf 86' lang='lat' dir='ltr'>Baptiste,</span> <span class='ocrx_word' id='word_1_249' title='bbox 788 2370 845 2398; x_wconf 92' lang='lat' dir='ltr'>sub</span> <span class='ocrx_word' id='word_1_250' title='bbox 872 2378 951 2408; x_wconf 88' lang='lat' dir='ltr'>pena</span> <span class='ocrx_word' id='word_1_251' title='bbox 970 2369 1171 2408; x_wconf 84' lang='lat' dir='ltr'>privacionis,</span> <span class='ocrx_word' id='word_1_252' title='bbox 1197 2369 1339 2409; x_wconf 86' lang='lat' dir='ltr'>proxime</span> 
     </span>
     <span class='ocr_line' id='line_1_40' title="bbox 432 2417 1099 2457; baseline -0.001 -10"><span class='ocrx_word' id='word_1_253' title='bbox 432 2419 565 2448; x_wconf 88' lang='lat' dir='ltr'>futurum</span> <span class='ocrx_word' id='word_1_254' title='bbox 575 2429 582 2453; x_wconf 87' lang='lat'>;</span> <span class='ocrx_word' id='word_1_255' title='bbox 599 2417 704 2457; x_wconf 86' lang='lat' dir='ltr'>sigillo</span> <span class='ocrx_word' id='word_1_256' title='bbox 720 2417 859 2446; x_wconf 85' lang='lat' dir='ltr'>officialis</span> <span class='ocrx_word' id='word_1_257' title='bbox 874 2417 1099 2446; x_wconf 88' lang='lat' dir='ltr'>corroboravit.</span> 
     </span>
    </p>
   </div>
   <div class='ocr_carea' id='block_1_4' title="bbox 837 2511 932 2540">
    <p class='ocr_par' dir='ltr' id='par_1_11' title="bbox 837 2511 932 2540">
     <span class='ocr_line' id='line_1_41' title="bbox 837 2511 932 2540; baseline 0 -1"><span class='ocrx_word' id='word_1_258' title='bbox 837 2511 932 2540; x_wconf 84' lang='lat'>1351</span> 
     </span>
    </p>
   </div>
   <div class='ocr_carea' id='block_1_5' title="bbox 433 2582 1333 2623">
    <p class='ocr_par' dir='ltr' id='par_1_12' title="bbox 433 2582 1333 2623">
     <span class='ocr_line' id='line_1_42' title="bbox 433 2582 1333 2623; baseline 0 -11"><span class='ocrx_word' id='word_1_259' title='bbox 433 2583 670 2622; x_wconf 85' lang='lat' dir='ltr'>[Procuratio</span> <span class='ocrx_word' id='word_1_260' title='bbox 699 2583 870 2623; x_wconf 85' lang='lat' dir='ltr'>magistri</span> <span class='ocrx_word' id='word_1_261' title='bbox 906 2583 1110 2612; x_wconf 85' lang='lat' dir='ltr'>Barnaerdi</span> <span class='ocrx_word' id='word_1_262' title='bbox 1143 2582 1333 2621; x_wconf 90' lang='lat' dir='ltr'>Lochem.]</span> 
     </span>
    </p>
   </div>
   <div class='ocr_carea' id='block_1_6' title="bbox 427 2642 1337 2801">
    <p class='ocr_par' dir='ltr' id='par_1_13' title="bbox 427 2642 1337 2801">
     <span class='ocr_line' id='line_1_43' title="bbox 471 2642 1337 2703; baseline -0.002 -10"><span class='ocrx_word' id='word_1_263' title='bbox 471 2664 542 2703; x_wconf 64' lang='lat' dir='ltr'>(roz.</span> <span class='ocrx_word' id='word_1_264' title='bbox 569 2666 605 2694; x_wconf 84' lang='lat'>16</span> <span class='ocrx_word' id='word_1_265' title='bbox 620 2664 643 2703; x_wconf 66' lang='lat'>1³)</span> <span class='ocrx_word' id='word_1_266' title='bbox 666 2663 758 2693; x_wconf 83' lang='lat' dir='ltr'>Anno</span> <span class='ocrx_word' id='word_1_267' title='bbox 776 2663 901 2693; x_wconf 71' lang='lat' dir='ltr'>Domini</span> <span class='ocrx_word' id='word_1_268' title='bbox 918 2642 950 2692; x_wconf 65' lang='lat' dir='ltr'>ixi</span> <span class='ocrx_word' id='word_1_269' title='bbox 977 2643 1069 2693; x_wconf 86' lang='lat' dir='ltr'>ccc⁰</span> <span class='ocrx_word' id='word_1_270' title='bbox 1079 2663 1144 2698; x_wconf 83' lang='lat' dir='ltr'>L10,</span> <span class='ocrx_word' id='word_1_271' title='bbox 1164 2663 1195 2692; x_wconf 83' lang='lat' dir='ltr'>in</span> <span class='ocrx_word' id='word_1_272' title='bbox 1216 2661 1337 2703; x_wconf 73' lang='lat' dir='ltr'>vigilia⁴</span> 
     </span>
     <span class='ocr_line' id='line_1_44' title="bbox 429 2712 1334 2752; baseline -0.002 -10"><span class='ocrx_word' id='word_1_273' title='bbox 429 2713 509 2742; x_wconf 88' lang='lat' dir='ltr'>beati</span> <span class='ocrx_word' id='word_1_274' title='bbox 539 2713 657 2742; x_wconf 90' lang='lat' dir='ltr'>Urbani</span> <span class='ocrx_word' id='word_1_275' title='bbox 693 2723 771 2752; x_wconf 89' lang='lat' dir='ltr'>pape</span> <span class='ocrx_word' id='word_1_276' title='bbox 810 2714 887 2742; x_wconf 87' lang='lat' dir='ltr'>facta</span> <span class='ocrx_word' id='word_1_277' title='bbox 915 2713 1161 2752; x_wconf 84' lang='lat' dir='ltr'>congregacione</span> <span class='ocrx_word' id='word_1_278' title='bbox 1194 2712 1334 2741; x_wconf 90' lang='lat' dir='ltr'>nacionis</span> 
     </span>
     <span class='ocr_line' id='line_1_45' title="bbox 427 2761 1335 2801; baseline 0 -11"><span class='ocrx_word' id='word_1_279' title='bbox 427 2762 600 2801; x_wconf 87' lang='lat' dir='ltr'>Anglicane</span> <span class='ocrx_word' id='word_1_280' title='bbox 613 2763 695 2801; x_wconf 92' lang='lat' dir='ltr'>apud</span> <span class='ocrx_word' id='word_1_281' title='bbox 707 2762 851 2791; x_wconf 91' lang='lat' dir='ltr'>Sanctum</span> <span class='ocrx_word' id='word_1_282' title='bbox 860 2762 1069 2790; x_wconf 87' lang='lat' dir='ltr'>Barnaerdum</span> <span class='ocrx_word' id='word_1_283' title='bbox 1081 2771 1175 2800; x_wconf 88' lang='lat' dir='ltr'>super</span> <span class='ocrx_word' id='word_1_284' title='bbox 1186 2761 1335 2790; x_wconf 90' lang='lat' dir='ltr'>electione</span> 
     </span>
    </p>
   </div>
   <div class='ocr_carea' id='block_1_7' title="bbox 516 2854 1064 2985">
    <p class='ocr_par' dir='ltr' id='par_1_14' title="bbox 516 2854 1064 2914">
     <span class='ocr_line' id='line_1_46' title="bbox 516 2854 1064 2878; baseline 0 0"><span class='ocrx_word' id='word_1_285' title='bbox 516 2856 607 2878; x_wconf 67' lang='lat' dir='ltr'>Postea</span> <span class='ocrx_word' id='word_1_286' title='bbox 620 2863 671 2878; x_wconf 83' lang='lat' dir='ltr'>una</span> <span class='ocrx_word' id='word_1_287' title='bbox 683 2858 707 2878; x_wconf 83' lang='lat' dir='ltr'>et</span> <span class='ocrx_word' id='word_1_288' title='bbox 718 2854 828 2878; x_wconf 80' lang='lat' dir='ltr'>dimidia</span> <span class='ocrx_word' id='word_1_289' title='bbox 842 2855 910 2878; x_wconf 81' lang='lat' dir='ltr'>linea</span> <span class='ocrx_word' id='word_1_290' title='bbox 923 2854 1007 2878; x_wconf 72' lang='lat' dir='ltr'>deleta</span> <span class='ocrx_word' id='word_1_291' title='bbox 1018 2856 1064 2878; x_wconf 78' lang='lat' dir='ltr'>est.</span> 
     </span>
     <span class='ocr_line' id='line_1_47' title="bbox 516 2891 615 2914; baseline 0.01 -1"><span class='ocrx_word' id='word_1_292' title='bbox 516 2892 530 2914; x_wconf 84' lang='lat'>3</span> <span class='ocrx_word' id='word_1_293' title='bbox 542 2891 615 2914; x_wconf 81' lang='lat' dir='ltr'>Maii.</span> 
     </span>
    </p>

    <p class='ocr_par' dir='ltr' id='par_1_15' title="bbox 517 2926 938 2958">
     <span class='ocr_line' id='line_1_48' title="bbox 517 2926 938 2958; baseline 0 -9"><span class='ocrx_word' id='word_1_294' title='bbox 517 2928 545 2950; x_wconf 80' lang='lat' dir='ltr'>ln</span> <span class='ocrx_word' id='word_1_295' title='bbox 556 2926 671 2958; x_wconf 75' lang='lat' dir='ltr'>margine</span> <span class='ocrx_word' id='word_1_296' title='bbox 682 2926 771 2958; x_wconf 80' lang='lat' dir='ltr'>a[lias]</span> <span class='ocrx_word' id='word_1_297' title='bbox 790 2926 938 2950; x_wconf 88' lang='lat' dir='ltr'>Odbernus.</span> 
     </span>
    </p>

    <p class='ocr_par' dir='ltr' id='par_1_16' title="bbox 516 2962 633 2985">
     <span class='ocr_line' id='line_1_49' title="bbox 516 2962 633 2985; baseline 0 0"><span class='ocrx_word' id='word_1_298' title='bbox 516 2963 546 2985; x_wconf 73' lang='lat'>24</span> <span class='ocrx_word' id='word_1_299' title='bbox 558 2962 633 2985; x_wconf 82' lang='lat' dir='ltr'>Maii.</span> 
     </span>
    </p>
   </div>
   <div class='ocr_carea' id='block_1_8' title="bbox 458 2855 483 2985">
    <p class='ocr_par' dir='ltr' id='par_1_17' title="bbox 458 2855 483 2985">
     <span class='ocr_line' id='line_1_50' title="bbox 458 2855 483 2985; textangle 90"><span class='ocrx_word' id='word_1_300' title='bbox 458 2855 483 2985; x_wconf 38' lang='lat' dir='ltr'>Putet-</span> 
     </span>
    </p>
   </div>
   <div class='ocr_carea' id='block_1_9' title="bbox 987 421 1823 450">
    <p class='ocr_par' dir='ltr' id='par_1_18' title="bbox 987 421 1823 450">
     <span class='ocr_line' id='line_1_51' title="bbox 987 421 1823 450; baseline 0.002 -2"><span class='ocrx_word' id='word_1_301' title='bbox 987 421 1211 448; x_wconf 83' lang='lat' dir='ltr'>AUCTARIUM</span> <span class='ocrx_word' id='word_1_302' title='bbox 1231 421 1490 449; x_wconf 77' lang='lat' dir='ltr'>CHARTULARII</span> <span class='ocrx_word' id='word_1_303' title='bbox 1509 423 1682 450; x_wconf 85' lang='lat' dir='ltr'>UNIVERS.</span> <span class='ocrx_word' id='word_1_304' title='bbox 1704 423 1823 450; x_wconf 84' lang='lat' dir='ltr'>PARIS.</span> 
     </span>
    </p>
   </div>
   <div class='ocr_carea' id='block_1_10' title="bbox 1402 703 1419 729">
    <p class='ocr_par' dir='ltr' id='par_1_19' title="bbox 1402 703 1419 729">
     <span class='ocr_line' id='line_1_52' title="bbox 1402 703 1419 729; baseline 0 0"><span class='ocrx_word' id='word_1_305' title='bbox 1402 703 1419 729; x_wconf 88' lang='lat'><strong>5</strong></span> 
     </span>
    </p>
   </div>
   <div class='ocr_carea' id='block_1_11' title="bbox 1383 939 1417 965">
    <p class='ocr_par' dir='ltr' id='par_1_20' title="bbox 1383 939 1417 965">
     <span class='ocr_line' id='line_1_53' title="bbox 1383 939 1417 965; baseline 0.029 -1"><span class='ocrx_word' id='word_1_306' title='bbox 1383 939 1417 965; x_wconf 91' lang='grc'>10</span> 
     </span>
    </p>
   </div>
   <div class='ocr_carea' id='block_1_12' title="bbox 1382 1185 1415 1211">
    <p class='ocr_par' dir='ltr' id='par_1_21' title="bbox 1382 1185 1415 1211">
     <span class='ocr_line' id='line_1_54' title="bbox 1382 1185 1415 1211; baseline 0.03 -1"><span class='ocrx_word' id='word_1_307' title='bbox 1382 1185 1415 1211; x_wconf 88' lang='grc'>15</span> 
     </span>
    </p>
   </div>
   <div class='ocr_carea' id='block_1_13' title="bbox 1378 1430 1413 1456">
    <p class='ocr_par' dir='ltr' id='par_1_22' title="bbox 1378 1430 1413 1456">
     <span class='ocr_line' id='line_1_55' title="bbox 1378 1430 1413 1456; baseline 0.029 -1"><span class='ocrx_word' id='word_1_308' title='bbox 1378 1430 1413 1456; x_wconf 84' lang='grc'>20</span> 
     </span>
    </p>
   </div>
   <div class='ocr_carea' id='block_1_14' title="bbox 1377 1679 1412 1706">
    <p class='ocr_par' dir='ltr' id='par_1_23' title="bbox 1377 1679 1412 1706">
     <span class='ocr_line' id='line_1_56' title="bbox 1377 1679 1412 1706; baseline 0.029 -1"><span class='ocrx_word' id='word_1_309' title='bbox 1377 1679 1412 1706; x_wconf 85' lang='grc'>25</span> 
     </span>
    </p>
   </div>
   <div class='ocr_carea' id='block_1_15' title="bbox 1377 1924 1411 1950">
    <p class='ocr_par' dir='ltr' id='par_1_24' title="bbox 1377 1924 1411 1950">
     <span class='ocr_line' id='line_1_57' title="bbox 1377 1924 1411 1950; baseline 0 0"><span class='ocrx_word' id='word_1_310' title='bbox 1377 1924 1411 1950; x_wconf 88' lang='grc'>30</span> 
     </span>
    </p>
   </div>
   <div class='ocr_carea' id='block_1_16' title="bbox 1377 2170 1410 2195">
    <p class='ocr_par' dir='ltr' id='par_1_25' title="bbox 1377 2170 1410 2195">
     <span class='ocr_line' id='line_1_58' title="bbox 1377 2170 1410 2195; baseline 0 0"><span class='ocrx_word' id='word_1_311' title='bbox 1377 2170 1410 2195; x_wconf 88' lang='grc'>35</span> 
     </span>
    </p>
   </div>
   <div class='ocr_carea' id='block_1_17' title="bbox 1376 2415 1411 2441">
    <p class='ocr_par' dir='ltr' id='par_1_26' title="bbox 1376 2415 1411 2441">
     <span class='ocr_line' id='line_1_59' title="bbox 1376 2415 1411 2441; baseline 0.029 -1"><span class='ocrx_word' id='word_1_312' title='bbox 1376 2415 1411 2441; x_wconf 84' lang='grc'>40</span> 
     </span>
    </p>
   </div>
   <div class='ocr_carea' id='block_1_18' title="bbox 1375 2661 1409 2687">
    <p class='ocr_par' dir='ltr' id='par_1_27' title="bbox 1375 2661 1409 2687">
     <span class='ocr_line' id='line_1_60' title="bbox 1375 2661 1409 2687; baseline 0.029 -1"><span class='ocrx_word' id='word_1_313' title='bbox 1375 2661 1409 2687; x_wconf 81' lang='lat'>45</span> 
     </span>
    </p>
   </div>
   <div class='ocr_carea' id='block_1_19' title="bbox 2164 0 2632 559">
    <p class='ocr_par' dir='ltr' id='par_1_28' title="bbox 2164 0 2632 559">
     <span class='ocr_line' id='line_1_61' title="bbox 2164 0 2632 559; baseline 0 0"><span class='ocrx_word' id='word_1_314' title='bbox 2164 0 2632 559; x_wconf 95' lang='lat' dir='ltr'>   </span> 
     </span>
    </p>
   </div>
   <div class='ocr_carea' id='block_1_20' title="bbox 1452 499 2362 1275">
    <p class='ocr_par' dir='ltr' id='par_1_29' title="bbox 1454 499 2362 687">
     <span class='ocr_line' id='line_1_62' title="bbox 1455 499 2362 539; baseline 0.003 -11"><span class='ocrx_word' id='word_1_315' title='bbox 1455 499 1669 539; x_wconf 80' lang='lat' dir='ltr'>procuratoris</span> <span class='ocrx_word' id='word_1_316' title='bbox 1699 500 1848 535; x_wconf 88' lang='lat' dir='ltr'>facienda,</span> <span class='ocrx_word' id='word_1_317' title='bbox 1879 500 1995 530; x_wconf 88' lang='lat' dir='ltr'>electus</span> <span class='ocrx_word' id='word_1_318' title='bbox 2022 500 2079 531; x_wconf 85' lang='lat' dir='ltr'>fuit</span> <span class='ocrx_word' id='word_1_319' title='bbox 2103 501 2300 531; x_wconf 90' lang='lat' dir='ltr'>concorditer</span> <span class='ocrx_word' id='word_1_320' title='bbox 2330 502 2362 532; x_wconf 84' lang='lat' dir='ltr'>in</span> 
     </span>
     <span class='ocr_line' id='line_1_63' title="bbox 1454 549 2362 590; baseline 0.003 -13"><span class='ocrx_word' id='word_1_321' title='bbox 1454 555 1688 587; x_wconf 83' lang='lat' dir='ltr'>procuratorem</span> <span class='ocrx_word' id='word_1_322' title='bbox 1717 549 1798 579; x_wconf 88' lang='lat' dir='ltr'>dicte</span> <span class='ocrx_word' id='word_1_323' title='bbox 1829 549 1969 579; x_wconf 87' lang='lat' dir='ltr'>nacionis</span> <span class='ocrx_word' id='word_1_324' title='bbox 1994 550 2142 590; x_wconf 88' lang='lat' dir='ltr'>magister</span> <span class='ocrx_word' id='word_1_325' title='bbox 2165 550 2362 581; x_wconf 86' lang='lat' dir='ltr'>Barnaerdus</span> 
     </span>
     <span class='ocr_line' id='line_1_64' title="bbox 1456 595 2362 638; baseline 0.003 -12"><span class='ocrx_word' id='word_1_326' title='bbox 1456 595 1590 626; x_wconf 90' lang='lat' dir='ltr'>Lochem</span> <span class='ocrx_word' id='word_1_327' title='bbox 1619 597 1819 634; x_wconf 87' lang='lat' dir='ltr'>Alemannus,</span> <span class='ocrx_word' id='word_1_328' title='bbox 1851 597 1936 627; x_wconf 92' lang='lat' dir='ltr'>nullo</span> <span class='ocrx_word' id='word_1_329' title='bbox 1962 598 2087 638; x_wconf 88' lang='lat' dir='ltr'>penitus</span> <span class='ocrx_word' id='word_1_330' title='bbox 2110 599 2306 635; x_wconf 87' lang='lat' dir='ltr'>reclamante,</span> <span class='ocrx_word' id='word_1_331' title='bbox 2331 599 2362 629; x_wconf 89' lang='lat' dir='ltr'>in</span> 
     </span>
     <span class='ocr_line' id='line_1_65' title="bbox 1455 644 2226 687; baseline 0.004 -13"><span class='ocrx_word' id='word_1_332' title='bbox 1455 644 1543 685; x_wconf 85' lang='lat' dir='ltr'>cujus</span> <span class='ocrx_word' id='word_1_333' title='bbox 1559 646 1782 685; x_wconf 87' lang='lat' dir='ltr'>procuracione</span> <span class='ocrx_word' id='word_1_334' title='bbox 1797 653 1863 676; x_wconf 88' lang='lat' dir='ltr'>acta</span> <span class='ocrx_word' id='word_1_335' title='bbox 1881 653 1953 676; x_wconf 92' lang='lat' dir='ltr'>sunt</span> <span class='ocrx_word' id='word_1_336' title='bbox 1967 657 2027 687; x_wconf 92' lang='lat' dir='ltr'>que</span> <span class='ocrx_word' id='word_1_337' title='bbox 2043 654 2226 687; x_wconf 88' lang='lat' dir='ltr'>sequuntur.</span> 
     </span>
    </p>

    <p class='ocr_par' dir='ltr' id='par_1_30' title="bbox 1455 694 2360 785">
     <span class='ocr_line' id='line_1_66' title="bbox 1496 694 2360 735; baseline 0.003 -11"><span class='ocrx_word' id='word_1_338' title='bbox 1496 694 1586 724; x_wconf 91' lang='lat' dir='ltr'>Unde</span> <span class='ocrx_word' id='word_1_339' title='bbox 1600 695 1702 735; x_wconf 90' lang='lat' dir='ltr'>primo</span> <span class='ocrx_word' id='word_1_340' title='bbox 1714 696 1831 735; x_wconf 91' lang='lat' dir='ltr'>incepit</span> <span class='ocrx_word' id='word_1_341' title='bbox 1845 696 1987 726; x_wconf 91' lang='lat' dir='ltr'>dominus</span> <span class='ocrx_word' id='word_1_342' title='bbox 2001 695 2164 726; x_wconf 87' lang='lat' dir='ltr'>Conradus</span> <span class='ocrx_word' id='word_1_343' title='bbox 2178 697 2215 727; x_wconf 89' lang='lat' dir='ltr'>de</span> <span class='ocrx_word' id='word_1_344' title='bbox 2229 697 2360 727; x_wconf 89' lang='lat' dir='ltr'>Colonia</span> 
     </span>
     <span class='ocr_line' id='line_1_67' title="bbox 1455 744 2360 785; baseline 0.004 -13"><span class='ocrx_word' id='word_1_345' title='bbox 1455 744 1513 772; x_wconf 92' lang='lat' dir='ltr'>sub</span> <span class='ocrx_word' id='word_1_346' title='bbox 1531 744 1680 784; x_wconf 89' lang='lat' dir='ltr'>magistro</span> <span class='ocrx_word' id='word_1_347' title='bbox 1698 744 1835 774; x_wconf 86' lang='lat' dir='ltr'>Henrico</span> <span class='ocrx_word' id='word_1_348' title='bbox 1851 746 1888 774; x_wconf 94' lang='lat' dir='ltr'>de</span> <span class='ocrx_word' id='word_1_349' title='bbox 1906 745 2028 781; x_wconf 88' lang='lat' dir='ltr'>Minda,</span> <span class='ocrx_word' id='word_1_350' title='bbox 2047 745 2135 785; x_wconf 79' lang='lat' dir='ltr'>cujus</span> <span class='ocrx_word' id='word_1_351' title='bbox 2150 747 2245 776; x_wconf 85' lang='lat' dir='ltr'>bursa</span> <span class='ocrx_word' id='word_1_352' title='bbox 2259 746 2287 776; x_wconf 90' lang='lat' dir='ltr'>V</span> <span class='ocrx_word' id='word_1_353' title='bbox 2301 746 2360 776; x_wconf 91' lang='lat' dir='ltr'>sol.</span> 
     </span>
    </p>

    <p class='ocr_par' dir='ltr' id='par_1_31' title="bbox 1455 791 2362 884">
     <span class='ocr_line' id='line_1_68' title="bbox 1496 791 2362 833; baseline 0.005 -11"><span class='ocrx_word' id='word_1_354' title='bbox 1496 791 1639 823; x_wconf 90' lang='lat' dir='ltr'>Secundo</span> <span class='ocrx_word' id='word_1_355' title='bbox 1658 793 1775 833; x_wconf 87' lang='lat' dir='ltr'>incepit</span> <span class='ocrx_word' id='word_1_356' title='bbox 1791 794 1934 824; x_wconf 90' lang='lat' dir='ltr'>dominus</span> <span class='ocrx_word' id='word_1_357' title='bbox 1953 794 2120 824; x_wconf 87' lang='lat' dir='ltr'>Bertoldus</span> <span class='ocrx_word' id='word_1_358' title='bbox 2139 796 2177 825; x_wconf 90' lang='lat' dir='ltr'>de</span> <span class='ocrx_word' id='word_1_359' title='bbox 2192 795 2362 826; x_wconf 86' lang='lat' dir='ltr'>Ruenhove</span> 
     </span>
     <span class='ocr_line' id='line_1_69' title="bbox 1455 842 2360 884; baseline 0.003 -13"><span class='ocrx_word' id='word_1_360' title='bbox 1455 842 1512 871; x_wconf 89' lang='lat' dir='ltr'>sub</span> <span class='ocrx_word' id='word_1_361' title='bbox 1530 842 1679 882; x_wconf 85' lang='lat' dir='ltr'>magistro</span> <span class='ocrx_word' id='word_1_362' title='bbox 1698 843 1833 872; x_wconf 85' lang='lat' dir='ltr'>Henrico</span> <span class='ocrx_word' id='word_1_363' title='bbox 1853 844 1891 872; x_wconf 88' lang='lat' dir='ltr'>de</span> <span class='ocrx_word' id='word_1_364' title='bbox 1910 843 2032 879; x_wconf 77' lang='lat' dir='ltr'>Minda,</span> <span class='ocrx_word' id='word_1_365' title='bbox 2049 843 2136 884; x_wconf 88' lang='lat' dir='ltr'>cujus</span> <span class='ocrx_word' id='word_1_366' title='bbox 2151 845 2246 874; x_wconf 87' lang='lat' dir='ltr'>bursa</span> <span class='ocrx_word' id='word_1_367' title='bbox 2259 844 2287 874; x_wconf 91' lang='lat' dir='ltr'>V</span> <span class='ocrx_word' id='word_1_368' title='bbox 2301 845 2360 874; x_wconf 89' lang='lat' dir='ltr'>sol.</span> 
     </span>
    </p>

    <p class='ocr_par' dir='ltr' id='par_1_32' title="bbox 1453 891 2361 1018">
     <span class='ocr_line' id='line_1_70' title="bbox 1495 891 2360 932; baseline 0.003 -12"><span class='ocrx_word' id='word_1_369' title='bbox 1495 891 1571 920; x_wconf 89' lang='lat' dir='ltr'>Item</span> <span class='ocrx_word' id='word_1_370' title='bbox 1586 891 1703 932; x_wconf 89' lang='lat' dir='ltr'>incepit</span> <span class='ocrx_word' id='word_1_371' title='bbox 1714 892 1857 922; x_wconf 90' lang='lat' dir='ltr'>dominus</span> <span class='ocrx_word' id='word_1_372' title='bbox 1872 892 2028 922; x_wconf 87' lang='lat' dir='ltr'>Johannes</span> <span class='ocrx_word' id='word_1_373' title='bbox 2041 893 2222 932; x_wconf 85' lang='lat' dir='ltr'>Meynaerdi</span> <span class='ocrx_word' id='word_1_374' title='bbox 2235 894 2273 923; x_wconf 91' lang='lat' dir='ltr'>de</span> <span class='ocrx_word' id='word_1_375' title='bbox 2288 893 2360 923; x_wconf 92' lang='lat' dir='ltr'>Hol-</span> 
     </span>
     <span class='ocr_line' id='line_1_71' title="bbox 1454 939 2361 982; baseline 0.006 -14"><span class='ocrx_word' id='word_1_376' title='bbox 1454 939 1555 969; x_wconf 86' lang='lat' dir='ltr'>landia</span> <span class='ocrx_word' id='word_1_377' title='bbox 1570 941 1627 969; x_wconf 92' lang='lat' dir='ltr'>sub</span> <span class='ocrx_word' id='word_1_378' title='bbox 1640 940 1790 980; x_wconf 87' lang='lat' dir='ltr'>magistro</span> <span class='ocrx_word' id='word_1_379' title='bbox 1801 940 1916 971; x_wconf 85' lang='lat' dir='ltr'>Jacobo</span> <span class='ocrx_word' id='word_1_380' title='bbox 1927 942 1965 971; x_wconf 91' lang='lat' dir='ltr'>de</span> <span class='ocrx_word' id='word_1_381' title='bbox 1979 941 2154 977; x_wconf 89' lang='lat' dir='ltr'>Hollandia‚</span> <span class='ocrx_word' id='word_1_382' title='bbox 2168 941 2254 982; x_wconf 89' lang='lat' dir='ltr'>cujus</span> <span class='ocrx_word' id='word_1_383' title='bbox 2267 943 2361 973; x_wconf 86' lang='lat' dir='ltr'>bursa</span> 
     </span>
     <span class='ocr_line' id='line_1_72' title="bbox 1453 987 1597 1018; baseline 0.007 -1"><span class='ocrx_word' id='word_1_384' title='bbox 1453 987 1480 1017; x_wconf 92' lang='lat' dir='ltr'>V</span> <span class='ocrx_word' id='word_1_385' title='bbox 1495 989 1597 1018; x_wconf 88' lang='lat' dir='ltr'>solidi.</span> 
     </span>
    </p>

    <p class='ocr_par' dir='ltr' id='par_1_33' title="bbox 1453 1038 2361 1175">
     <span class='ocr_line' id='line_1_73' title="bbox 1495 1038 2360 1080; baseline 0.003 -13"><span class='ocrx_word' id='word_1_386' title='bbox 1495 1038 1570 1067; x_wconf 89' lang='lat' dir='ltr'>Item</span> <span class='ocrx_word' id='word_1_387' title='bbox 1603 1038 1720 1077; x_wconf 90' lang='lat' dir='ltr'>incepit</span> <span class='ocrx_word' id='word_1_388' title='bbox 1751 1038 1895 1068; x_wconf 87' lang='lat' dir='ltr'>dominus</span> <span class='ocrx_word' id='word_1_389' title='bbox 1925 1038 2092 1069; x_wconf 86' lang='lat' dir='ltr'>Wiskinus</span> <span class='ocrx_word' id='word_1_390' title='bbox 2123 1040 2181 1069; x_wconf 91' lang='lat' dir='ltr'>sub</span> <span class='ocrx_word' id='word_1_391' title='bbox 2210 1040 2360 1080; x_wconf 89' lang='lat' dir='ltr'>magistro</span> 
     </span>
     <span class='ocr_line' id='line_1_74' title="bbox 1454 1086 2361 1128; baseline 0.004 -13"><span class='ocrx_word' id='word_1_392' title='bbox 1454 1086 1590 1116; x_wconf 90' lang='lat' dir='ltr'>Henrico</span> <span class='ocrx_word' id='word_1_393' title='bbox 1605 1088 1644 1116; x_wconf 88' lang='lat' dir='ltr'>de</span> <span class='ocrx_word' id='word_1_394' title='bbox 1659 1087 1776 1123; x_wconf 89' lang='lat' dir='ltr'>Minda,</span> <span class='ocrx_word' id='word_1_395' title='bbox 1791 1094 1864 1117; x_wconf 90' lang='lat' dir='ltr'>tunc</span> <span class='ocrx_word' id='word_1_396' title='bbox 1879 1094 2051 1128; x_wconf 89' lang='lat' dir='ltr'>receptore,</span> <span class='ocrx_word' id='word_1_397' title='bbox 2067 1095 2097 1118; x_wconf 90' lang='lat' dir='ltr'>et</span> <span class='ocrx_word' id='word_1_398' title='bbox 2112 1089 2261 1119; x_wconf 91' lang='lat' dir='ltr'>canonico</span> <span class='ocrx_word' id='word_1_399' title='bbox 2277 1089 2361 1119; x_wconf 87' lang='lat' dir='ltr'>Min-</span> 
     </span>
     <span class='ocr_line' id='line_1_75' title="bbox 1453 1135 1938 1175; baseline 0.002 -10"><span class='ocrx_word' id='word_1_400' title='bbox 1453 1136 1554 1171; x_wconf 89' lang='lat' dir='ltr'>densi,</span> <span class='ocrx_word' id='word_1_401' title='bbox 1571 1135 1659 1175; x_wconf 88' lang='lat' dir='ltr'>cujus</span> <span class='ocrx_word' id='word_1_402' title='bbox 1677 1137 1772 1166; x_wconf 85' lang='lat' dir='ltr'>bursa</span> <span class='ocrx_word' id='word_1_403' title='bbox 1789 1136 1816 1166; x_wconf 94' lang='lat' dir='ltr'>V</span> <span class='ocrx_word' id='word_1_404' title='bbox 1833 1137 1938 1167; x_wconf 89' lang='lat' dir='ltr'>solidi.</span> 
     </span>
    </p>

    <p class='ocr_par' dir='ltr' id='par_1_34' title="bbox 1452 1184 2359 1275">
     <span class='ocr_line' id='line_1_76' title="bbox 1493 1184 2359 1225; baseline 0.002 -11"><span class='ocrx_word' id='word_1_405' title='bbox 1493 1184 1568 1214; x_wconf 92' lang='lat' dir='ltr'>Item</span> <span class='ocrx_word' id='word_1_406' title='bbox 1587 1185 1704 1225; x_wconf 90' lang='lat' dir='ltr'>incepit</span> <span class='ocrx_word' id='word_1_407' title='bbox 1722 1186 1865 1215; x_wconf 87' lang='lat' dir='ltr'>dominus</span> <span class='ocrx_word' id='word_1_408' title='bbox 1884 1185 2032 1216; x_wconf 89' lang='lat' dir='ltr'>Albertus</span> <span class='ocrx_word' id='word_1_409' title='bbox 2047 1187 2085 1216; x_wconf 93' lang='lat' dir='ltr'>de</span> <span class='ocrx_word' id='word_1_410' title='bbox 2104 1186 2283 1216; x_wconf 85' lang='lat' dir='ltr'>Helmstede</span> <span class='ocrx_word' id='word_1_411' title='bbox 2301 1187 2359 1216; x_wconf 90' lang='lat' dir='ltr'>sub</span> 
     </span>
     <span class='ocr_line' id='line_1_77' title="bbox 1452 1233 2358 1275; baseline 0.003 -13"><span class='ocrx_word' id='word_1_412' title='bbox 1452 1233 1601 1273; x_wconf 86' lang='lat' dir='ltr'>magistro</span> <span class='ocrx_word' id='word_1_413' title='bbox 1616 1233 1745 1263; x_wconf 89' lang='lat' dir='ltr'>Alberto</span> <span class='ocrx_word' id='word_1_414' title='bbox 1759 1235 1797 1263; x_wconf 91' lang='lat' dir='ltr'>de</span> <span class='ocrx_word' id='word_1_415' title='bbox 1810 1234 1969 1270; x_wconf 89' lang='lat' dir='ltr'>Bohemia,</span> <span class='ocrx_word' id='word_1_416' title='bbox 1986 1234 2073 1275; x_wconf 88' lang='lat' dir='ltr'>cujus</span> <span class='ocrx_word' id='word_1_417' title='bbox 2089 1236 2183 1264; x_wconf 86' lang='lat' dir='ltr'>bursa</span> <span class='ocrx_word' id='word_1_418' title='bbox 2196 1235 2238 1265; x_wconf 92' lang='lat' dir='ltr'>VI</span> <span class='ocrx_word' id='word_1_419' title='bbox 2254 1235 2358 1265; x_wconf 87' lang='lat' dir='ltr'>solidi.</span> 
     </span>
    </p>
   </div>
   <div class='ocr_carea' id='block_1_21' title="bbox 1856 1328 1951 1358">
    <p class='ocr_par' dir='ltr' id='par_1_35' title="bbox 1856 1328 1951 1358">
     <span class='ocr_line' id='line_1_78' title="bbox 1856 1328 1951 1358; baseline 0 -1"><span class='ocrx_word' id='word_1_420' title='bbox 1856 1328 1951 1358; x_wconf 82' lang='lat'>1351</span> 
     </span>
    </p>
   </div>
   <div class='ocr_carea' id='block_1_22' title="bbox 1452 1397 2356 1440">
    <p class='ocr_par' dir='ltr' id='par_1_36' title="bbox 1452 1397 2356 1440">
     <span class='ocr_line' id='line_1_79' title="bbox 1452 1397 2356 1440; baseline 0.003 -13"><span class='ocrx_word' id='word_1_421' title='bbox 1452 1397 1690 1436; x_wconf 89' lang='lat' dir='ltr'>[Procuratio</span> <span class='ocrx_word' id='word_1_422' title='bbox 1722 1400 1895 1439; x_wconf 87' lang='lat' dir='ltr'>magistri</span> <span class='ocrx_word' id='word_1_423' title='bbox 1930 1400 2104 1430; x_wconf 89' lang='lat' dir='ltr'>Heinrici</span> <span class='ocrx_word' id='word_1_424' title='bbox 2132 1401 2174 1430; x_wconf 90' lang='lat' dir='ltr'>de</span> <span class='ocrx_word' id='word_1_425' title='bbox 2206 1400 2356 1440; x_wconf 69' lang='lat' dir='ltr'>H‚allis.]</span> 
     </span>
    </p>
   </div>
   <div class='ocr_carea' id='block_1_23' title="bbox 1447 1478 2359 2247">
    <p class='ocr_par' dir='ltr' id='par_1_37' title="bbox 1448 1478 2359 1814">
     <span class='ocr_line' id='line_1_80' title="bbox 1489 1478 2357 1526; baseline 0.003 -18"><span class='ocrx_word' id='word_1_426' title='bbox 1489 1478 1580 1509; x_wconf 90' lang='lat' dir='ltr'>Anno</span> <span class='ocrx_word' id='word_1_427' title='bbox 1606 1480 1729 1509; x_wconf 88' lang='lat' dir='ltr'>Domini</span> <span class='ocrx_word' id='word_1_428' title='bbox 1755 1480 1995 1526; x_wconf 66' lang='lat' dir='ltr'>M⁰.C(}C⁰.L1⁰‚</span> <span class='ocrx_word' id='word_1_429' title='bbox 2022 1481 2055 1510; x_wconf 91' lang='lat' dir='ltr'>in</span> <span class='ocrx_word' id='word_1_430' title='bbox 2072 1481 2122 1511; x_wconf 90' lang='lat' dir='ltr'>die</span> <span class='ocrx_word' id='word_1_431' title='bbox 2143 1481 2357 1511; x_wconf 78' lang='lat' dir='ltr'>translationis</span> 
     </span>
     <span class='ocr_line' id='line_1_81' title="bbox 1449 1528 2359 1570; baseline 0.003 -13"><span class='ocrx_word' id='word_1_432' title='bbox 1449 1528 1547 1558; x_wconf 89' lang='lat' dir='ltr'>sancti</span> <span class='ocrx_word' id='word_1_433' title='bbox 1563 1528 1724 1558; x_wconf 87' lang='lat' dir='ltr'>Benedicti</span> <span class='ocrx_word' id='word_1_434' title='bbox 1735 1529 1759 1564; x_wconf 76' lang='lat'>⁵,</span> <span class='ocrx_word' id='word_1_435' title='bbox 1776 1529 1855 1559; x_wconf 90' lang='lat' dir='ltr'>facta</span> <span class='ocrx_word' id='word_1_436' title='bbox 1870 1530 2113 1570; x_wconf 82' lang='lat' dir='ltr'>congregatione</span> <span class='ocrx_word' id='word_1_437' title='bbox 2135 1530 2276 1560; x_wconf 87' lang='lat' dir='ltr'>nacionis</span> <span class='ocrx_word' id='word_1_438' title='bbox 2291 1529 2359 1560; x_wconf 89' lang='lat' dir='ltr'>An-</span> 
     </span>
     <span class='ocr_line' id='line_1_82' title="bbox 1449 1577 2358 1619; baseline 0.003 -13"><span class='ocrx_word' id='word_1_439' title='bbox 1449 1577 1570 1617; x_wconf 88' lang='lat' dir='ltr'>glicane</span> <span class='ocrx_word' id='word_1_440' title='bbox 1596 1578 1678 1617; x_wconf 86' lang='lat' dir='ltr'>apud</span> <span class='ocrx_word' id='word_1_441' title='bbox 1705 1578 1850 1608; x_wconf 91' lang='lat' dir='ltr'>Sanctum</span> <span class='ocrx_word' id='word_1_442' title='bbox 1875 1578 2065 1608; x_wconf 84' lang='lat' dir='ltr'>Maturinum</span> <span class='ocrx_word' id='word_1_443' title='bbox 2091 1589 2186 1619; x_wconf 85' lang='lat' dir='ltr'>super</span> <span class='ocrx_word' id='word_1_444' title='bbox 2207 1579 2358 1609; x_wconf 82' lang='lat' dir='ltr'>electione</span> 
     </span>
     <span class='ocr_line' id='line_1_83' title="bbox 1449 1627 2358 1668; baseline 0.002 -12"><span class='ocrx_word' id='word_1_445' title='bbox 1449 1627 1661 1666; x_wconf 84' lang='lat' dir='ltr'>procuratoris</span> <span class='ocrx_word' id='word_1_446' title='bbox 1682 1627 1831 1663; x_wconf 88' lang='lat' dir='ltr'>facienda,</span> <span class='ocrx_word' id='word_1_447' title='bbox 1852 1628 1969 1658; x_wconf 86' lang='lat' dir='ltr'>electus</span> <span class='ocrx_word' id='word_1_448' title='bbox 1992 1628 2048 1658; x_wconf 86' lang='lat' dir='ltr'>suit</span> <span class='ocrx_word' id='word_1_449' title='bbox 2069 1628 2101 1657; x_wconf 89' lang='lat' dir='ltr'>in</span> <span class='ocrx_word' id='word_1_450' title='bbox 2123 1635 2358 1668; x_wconf 88' lang='lat' dir='ltr'>procuratorem</span> 
     </span>
     <span class='ocr_line' id='line_1_84' title="bbox 1449 1676 2358 1716; baseline 0.002 -11"><span class='ocrx_word' id='word_1_451' title='bbox 1449 1676 1530 1706; x_wconf 88' lang='lat' dir='ltr'>dicte</span> <span class='ocrx_word' id='word_1_452' title='bbox 1553 1676 1693 1706; x_wconf 88' lang='lat' dir='ltr'>nacionis</span> <span class='ocrx_word' id='word_1_453' title='bbox 1718 1677 1867 1716; x_wconf 89' lang='lat' dir='ltr'>magister</span> <span class='ocrx_word' id='word_1_454' title='bbox 1889 1677 2057 1707; x_wconf 88' lang='lat' dir='ltr'>Heinricus</span> <span class='ocrx_word' id='word_1_455' title='bbox 2078 1677 2116 1706; x_wconf 92' lang='lat' dir='ltr'>de</span> <span class='ocrx_word' id='word_1_456' title='bbox 2145 1677 2245 1707; x_wconf 86' lang='lat' dir='ltr'>Hallis</span> <span class='ocrx_word' id='word_1_457' title='bbox 2272 1677 2358 1707; x_wconf 89' lang='lat' dir='ltr'>nullo</span> 
     </span>
     <span class='ocr_line' id='line_1_85' title="bbox 1448 1724 2359 1766; baseline 0.002 -12"><span class='ocrx_word' id='word_1_458' title='bbox 1448 1725 1573 1765; x_wconf 88' lang='lat' dir='ltr'>penitus</span> <span class='ocrx_word' id='word_1_459' title='bbox 1593 1726 1792 1761; x_wconf 88' lang='lat' dir='ltr'>reclamante,</span> <span class='ocrx_word' id='word_1_460' title='bbox 1810 1726 1842 1755; x_wconf 90' lang='lat' dir='ltr'>in</span> <span class='ocrx_word' id='word_1_461' title='bbox 1858 1724 1944 1766; x_wconf 92' lang='lat' dir='ltr'>cujus</span> <span class='ocrx_word' id='word_1_462' title='bbox 1959 1725 2176 1766; x_wconf 90' lang='lat' dir='ltr'>procuratoria</span> <span class='ocrx_word' id='word_1_463' title='bbox 2193 1727 2272 1756; x_wconf 86' lang='lat' dir='ltr'>facta</span> <span class='ocrx_word' id='word_1_464' title='bbox 2287 1732 2359 1756; x_wconf 87' lang='lat' dir='ltr'>sunt</span> 
     </span>
     <span class='ocr_line' id='line_1_86' title="bbox 1449 1781 1684 1814; baseline -0.004 -9"><span class='ocrx_word' id='word_1_465' title='bbox 1449 1785 1509 1814; x_wconf 88' lang='lat' dir='ltr'>que</span> <span class='ocrx_word' id='word_1_466' title='bbox 1528 1781 1684 1805; x_wconf 87' lang='lat' dir='ltr'>secuntur.</span> 
     </span>
    </p>

    <p class='ocr_par' dir='ltr' id='par_1_38' title="bbox 1447 1823 2358 2247">
     <span class='ocr_line' id='line_1_87' title="bbox 1488 1823 2358 1865; baseline 0.001 -12"><span class='ocrx_word' id='word_1_467' title='bbox 1488 1823 1596 1854; x_wconf 91' lang='lat' dir='ltr'>Primo</span> <span class='ocrx_word' id='word_1_468' title='bbox 1613 1824 1691 1853; x_wconf 88' lang='lat' dir='ltr'>facta</span> <span class='ocrx_word' id='word_1_469' title='bbox 1707 1824 1949 1864; x_wconf 83' lang='lat' dir='ltr'>congregatione</span> <span class='ocrx_word' id='word_1_470' title='bbox 1967 1823 2104 1864; x_wconf 90' lang='lat' dir='ltr'>ejusdem</span> <span class='ocrx_word' id='word_1_471' title='bbox 2121 1824 2261 1854; x_wconf 88' lang='lat' dir='ltr'>nacionis</span> <span class='ocrx_word' id='word_1_472' title='bbox 2276 1826 2358 1865; x_wconf 89' lang='lat' dir='ltr'>apud</span> 
     </span>
     <span class='ocr_line' id='line_1_88' title="bbox 1449 1872 2358 1914; baseline 0.002 -12"><span class='ocrx_word' id='word_1_473' title='bbox 1449 1872 1594 1902; x_wconf 89' lang='lat' dir='ltr'>Sanctum</span> <span class='ocrx_word' id='word_1_474' title='bbox 1621 1872 1808 1902; x_wconf 89' lang='lat' dir='ltr'>Maturinum</span> <span class='ocrx_word' id='word_1_475' title='bbox 1837 1872 1978 1912; x_wconf 86' lang='lat' dir='ltr'>proxima</span> <span class='ocrx_word' id='word_1_476' title='bbox 2007 1872 2056 1902; x_wconf 88' lang='lat' dir='ltr'>die</span> <span class='ocrx_word' id='word_1_477' title='bbox 2085 1873 2231 1903; x_wconf 88' lang='lat' dir='ltr'>mercurii</span> <span class='ocrx_word' id='word_1_478' title='bbox 2243 1873 2255 1892; x_wconf 81' lang='lat'>⁶</span> <span class='ocrx_word' id='word_1_479' title='bbox 2285 1880 2358 1914; x_wconf 83' lang='lat' dir='ltr'>post</span> 
     </span>
     <span class='ocr_line' id='line_1_89' title="bbox 1448 1921 2358 1962; baseline 0.002 -11"><span class='ocrx_word' id='word_1_480' title='bbox 1448 1923 1559 1952; x_wconf 84' lang='lat' dir='ltr'>festum</span> <span class='ocrx_word' id='word_1_481' title='bbox 1585 1922 1683 1952; x_wconf 88' lang='lat' dir='ltr'>sancti</span> <span class='ocrx_word' id='word_1_482' title='bbox 1709 1922 1815 1951; x_wconf 89' lang='lat' dir='ltr'>Jacobi</span> <span class='ocrx_word' id='word_1_483' title='bbox 1844 1921 1988 1962; x_wconf 88' lang='lat' dir='ltr'>apostoli,</span> <span class='ocrx_word' id='word_1_484' title='bbox 2015 1921 2218 1952; x_wconf 90' lang='lat' dir='ltr'>deliberatum</span> <span class='ocrx_word' id='word_1_485' title='bbox 2248 1922 2304 1953; x_wconf 84' lang='lat' dir='ltr'>suit</span> <span class='ocrx_word' id='word_1_486' title='bbox 2327 1929 2358 1953; x_wconf 88' lang='lat' dir='ltr'>et</span> 
     </span>
     <span class='ocr_line' id='line_1_90' title="bbox 1448 1971 2357 2012; baseline 0.001 -11"><span class='ocrx_word' id='word_1_487' title='bbox 1448 1981 1630 2001; x_wconf 90' lang='lat' dir='ltr'>concessum</span> <span class='ocrx_word' id='word_1_488' title='bbox 1646 1972 1730 2012; x_wconf 87' lang='lat' dir='ltr'>quod</span> <span class='ocrx_word' id='word_1_489' title='bbox 1747 1971 1895 2011; x_wconf 87' lang='lat' dir='ltr'>magister</span> <span class='ocrx_word' id='word_1_490' title='bbox 1911 1971 2069 2001; x_wconf 87' lang='lat' dir='ltr'>Johannes</span> <span class='ocrx_word' id='word_1_491' title='bbox 2088 1972 2126 2000; x_wconf 92' lang='lat' dir='ltr'>de</span> <span class='ocrx_word' id='word_1_492' title='bbox 2143 1971 2283 2002; x_wconf 89' lang='lat' dir='ltr'>Wesalia</span> <span class='ocrx_word' id='word_1_493' title='bbox 2298 1982 2357 2012; x_wconf 89' lang='lat' dir='ltr'>pro</span> 
     </span>
     <span class='ocr_line' id='line_1_91' title="bbox 1448 2014 2357 2061; baseline 0.002 -12"><span class='ocrx_word' id='word_1_494' title='bbox 1448 2021 1554 2050; x_wconf 90' lang='lat' dir='ltr'>labore</span> <span class='ocrx_word' id='word_1_495' title='bbox 1570 2014 1637 2056; x_wconf 71' lang='lat' dir='ltr'>suo,</span> <span class='ocrx_word' id='word_1_496' title='bbox 1655 2031 1746 2060; x_wconf 92' lang='lat' dir='ltr'>quem</span> <span class='ocrx_word' id='word_1_497' title='bbox 1764 2020 1870 2050; x_wconf 88' lang='lat' dir='ltr'>habuit</span> <span class='ocrx_word' id='word_1_498' title='bbox 1886 2020 1917 2049; x_wconf 91' lang='lat' dir='ltr'>in</span> <span class='ocrx_word' id='word_1_499' title='bbox 1934 2021 2031 2056; x_wconf 83' lang='lat' dir='ltr'>curia,</span> <span class='ocrx_word' id='word_1_500' title='bbox 2048 2031 2065 2050; x_wconf 89' lang='lat' dir='ltr'>a</span> <span class='ocrx_word' id='word_1_501' title='bbox 2080 2021 2220 2060; x_wconf 89' lang='lat' dir='ltr'>quolibet</span> <span class='ocrx_word' id='word_1_502' title='bbox 2238 2031 2357 2061; x_wconf 88' lang='lat' dir='ltr'>suppo-</span> 
     </span>
     <span class='ocr_line' id='line_1_92' title="bbox 1449 2069 2358 2109; baseline 0.001 -10"><span class='ocrx_word' id='word_1_503' title='bbox 1449 2070 1509 2099; x_wconf 88' lang='lat' dir='ltr'>sito</span> <span class='ocrx_word' id='word_1_504' title='bbox 1532 2069 1672 2100; x_wconf 86' lang='lat' dir='ltr'>nacionis</span> <span class='ocrx_word' id='word_1_505' title='bbox 1700 2070 1731 2099; x_wconf 92' lang='lat' dir='ltr'>in</span> <span class='ocrx_word' id='word_1_506' title='bbox 1750 2069 1866 2099; x_wconf 91' lang='lat' dir='ltr'>rottulo</span> <span class='ocrx_word' id='word_1_507' title='bbox 1890 2070 2013 2109; x_wconf 90' lang='lat' dir='ltr'>signato</span> <span class='ocrx_word' id='word_1_508' title='bbox 2037 2069 2165 2099; x_wconf 87' lang='lat' dir='ltr'>haberet</span> <span class='ocrx_word' id='word_1_509' title='bbox 2187 2070 2247 2099; x_wconf 89' lang='lat' dir='ltr'>tria</span> <span class='ocrx_word' id='word_1_510' title='bbox 2271 2077 2358 2100; x_wconf 84' lang='lat' dir='ltr'>scuta</span> 
     </span>
     <span class='ocr_line' id='line_1_93' title="bbox 1448 2118 2356 2158; baseline 0.001 -10"><span class='ocrx_word' id='word_1_511' title='bbox 1448 2129 1555 2154; x_wconf 89' lang='lat' dir='ltr'>aurea,</span> <span class='ocrx_word' id='word_1_512' title='bbox 1573 2125 1603 2149; x_wconf 90' lang='lat' dir='ltr'>et</span> <span class='ocrx_word' id='word_1_513' title='bbox 1617 2119 1675 2148; x_wconf 90' lang='lat' dir='ltr'>hoc</span> <span class='ocrx_word' id='word_1_514' title='bbox 1690 2120 1727 2148; x_wconf 91' lang='lat' dir='ltr'>ab</span> <span class='ocrx_word' id='word_1_515' title='bbox 1743 2118 1805 2148; x_wconf 91' lang='lat' dir='ltr'>illis</span> <span class='ocrx_word' id='word_1_516' title='bbox 1824 2119 1876 2158; x_wconf 90' lang='lat' dir='ltr'>qui</span> <span class='ocrx_word' id='word_1_517' title='bbox 1895 2125 1983 2148; x_wconf 90' lang='lat' dir='ltr'>erant</span> <span class='ocrx_word' id='word_1_518' title='bbox 2001 2125 2174 2158; x_wconf 88' lang='lat' dir='ltr'>presentes,</span> <span class='ocrx_word' id='word_1_519' title='bbox 2192 2125 2222 2148; x_wconf 89' lang='lat' dir='ltr'>et</span> <span class='ocrx_word' id='word_1_520' title='bbox 2238 2120 2276 2158; x_wconf 92' lang='lat' dir='ltr'>[a]</span> <span class='ocrx_word' id='word_1_521' title='bbox 2294 2129 2356 2149; x_wconf 91' lang='lat' dir='ltr'>non</span> 
     </span>
     <span class='ocr_line' id='line_1_94' title="bbox 1447 2167 2356 2208; baseline 0.001 -11"><span class='ocrx_word' id='word_1_522' title='bbox 1447 2168 1646 2208; x_wconf 88' lang='lat' dir='ltr'>presentibus</span> <span class='ocrx_word' id='word_1_523' title='bbox 1666 2168 1794 2197; x_wconf 87' lang='lat' dir='ltr'>haberet</span> <span class='ocrx_word' id='word_1_524' title='bbox 1812 2174 1954 2207; x_wconf 87' lang='lat' dir='ltr'>quatuor.</span> <span class='ocrx_word' id='word_1_525' title='bbox 1976 2167 2015 2198; x_wconf 87' lang='lat' dir='ltr'>Et</span> <span class='ocrx_word' id='word_1_526' title='bbox 2032 2178 2200 2198; x_wconf 89' lang='lat' dir='ltr'>concessus</span> <span class='ocrx_word' id='word_1_527' title='bbox 2219 2168 2275 2198; x_wconf 86' lang='lat' dir='ltr'>fuit</span> <span class='ocrx_word' id='word_1_528' title='bbox 2294 2168 2356 2198; x_wconf 86' lang='lat' dir='ltr'>sibi</span> 
     </span>
     <span class='ocr_line' id='line_1_95' title="bbox 1448 2217 1933 2247; baseline -0.002 0"><span class='ocrx_word' id='word_1_529' title='bbox 1448 2218 1553 2247; x_wconf 81' lang='lat' dir='ltr'>eadem</span> <span class='ocrx_word' id='word_1_530' title='bbox 1568 2217 1636 2247; x_wconf 86' lang='lat' dir='ltr'>vice</span> <span class='ocrx_word' id='word_1_531' title='bbox 1651 2227 1731 2247; x_wconf 93' lang='lat' dir='ltr'>unus</span> <span class='ocrx_word' id='word_1_532' title='bbox 1747 2217 1933 2246; x_wconf 88' lang='lat' dir='ltr'>bacularius.</span> 
     </span>
    </p>
   </div>
   <div class='ocr_carea' id='block_1_24' title="bbox 1855 2310 1949 2339">
    <p class='ocr_par' dir='ltr' id='par_1_39' title="bbox 1855 2310 1949 2339">
     <span class='ocr_line' id='line_1_96' title="bbox 1855 2310 1949 2339; baseline 0 0"><span class='ocrx_word' id='word_1_533' title='bbox 1855 2310 1949 2339; x_wconf 80' lang='lat'>1351</span> 
     </span>
    </p>
   </div>
   <div class='ocr_carea' id='block_1_25' title="bbox 1450 2381 2355 2421">
    <p class='ocr_par' dir='ltr' id='par_1_40' title="bbox 1450 2381 2355 2421">
     <span class='ocr_line' id='line_1_97' title="bbox 1450 2381 2355 2421; baseline 0 -9"><span class='ocrx_word' id='word_1_534' title='bbox 1450 2382 1687 2421; x_wconf 89' lang='lat' dir='ltr'>[Procuratio</span> <span class='ocrx_word' id='word_1_535' title='bbox 1731 2382 1905 2421; x_wconf 85' lang='lat' dir='ltr'>magistri</span> <span class='ocrx_word' id='word_1_536' title='bbox 1952 2381 2122 2411; x_wconf 89' lang='lat' dir='ltr'>Wizkini</span> <span class='ocrx_word' id='word_1_537' title='bbox 2164 2381 2355 2421; x_wconf 88' lang='lat' dir='ltr'>Venslai.]</span> 
     </span>
    </p>
   </div>
   <div class='ocr_carea' id='block_1_26' title="bbox 1446 2460 2357 2796">
    <p class='ocr_par' dir='ltr' id='par_1_41' title="bbox 1446 2460 2357 2796">
     <span class='ocr_line' id='line_1_98' title="bbox 1487 2460 2357 2502; baseline -0.001 -10"><span class='ocrx_word' id='word_1_538' title='bbox 1487 2463 1577 2493; x_wconf 90' lang='lat' dir='ltr'>Anno</span> <span class='ocrx_word' id='word_1_539' title='bbox 1599 2463 1722 2492; x_wconf 94' lang='lat' dir='ltr'>Domini</span> <span class='ocrx_word' id='word_1_540' title='bbox 1745 2462 1953 2497; x_wconf 87' lang='lat' dir='ltr'>M⁰CCC⁰L1⁰,</span> <span class='ocrx_word' id='word_1_541' title='bbox 1975 2463 2081 2491; x_wconf 90' lang='lat' dir='ltr'>sabato</span> <span class='ocrx_word' id='word_1_542' title='bbox 2101 2460 2266 2502; x_wconf 80' lang='lat' dir='ltr'>proximo⁷</span> <span class='ocrx_word' id='word_1_543' title='bbox 2282 2469 2357 2502; x_wconf 84' lang='lat' dir='ltr'>post</span> 
     </span>
     <span class='ocr_line' id='line_1_99' title="bbox 1447 2511 2355 2551; baseline -0.002 -9"><span class='ocrx_word' id='word_1_544' title='bbox 1447 2513 1557 2542; x_wconf 89' lang='lat' dir='ltr'>festum</span> <span class='ocrx_word' id='word_1_545' title='bbox 1580 2512 1677 2541; x_wconf 87' lang='lat' dir='ltr'>sancti</span> <span class='ocrx_word' id='word_1_546' title='bbox 1699 2511 1908 2541; x_wconf 90' lang='lat' dir='ltr'>Bartholomei</span> <span class='ocrx_word' id='word_1_547' title='bbox 1928 2511 1959 2540; x_wconf 90' lang='lat' dir='ltr'>in</span> <span class='ocrx_word' id='word_1_548' title='bbox 1979 2511 2136 2551; x_wconf 89' lang='lat' dir='ltr'>principio</span> <span class='ocrx_word' id='word_1_549' title='bbox 2158 2511 2246 2550; x_wconf 89' lang='lat' dir='ltr'>parvi</span> <span class='ocrx_word' id='word_1_550' title='bbox 2266 2512 2355 2541; x_wconf 79' lang='lat' dir='ltr'>ordi·</span> 
     </span>
     <span class='ocr_line' id='line_1_100' title="bbox 1446 2559 2354 2600; baseline 0 -10"><span class='ocrx_word' id='word_1_551' title='bbox 1446 2561 1541 2596; x_wconf 89' lang='lat' dir='ltr'>narii,</span> <span class='ocrx_word' id='word_1_552' title='bbox 1563 2561 1643 2590; x_wconf 90' lang='lat' dir='ltr'>facta</span> <span class='ocrx_word' id='word_1_553' title='bbox 1662 2561 1905 2600; x_wconf 88' lang='lat' dir='ltr'>congregatione</span> <span class='ocrx_word' id='word_1_554' title='bbox 1928 2560 2061 2589; x_wconf 90' lang='lat' dir='ltr'>nationis</span> <span class='ocrx_word' id='word_1_555' title='bbox 2081 2559 2253 2600; x_wconf 85' lang='lat' dir='ltr'>Anglicane</span> <span class='ocrx_word' id='word_1_556' title='bbox 2273 2561 2354 2600; x_wconf 82' lang='lat' dir='ltr'>apud</span> 
     </span>
     <span class='ocr_line' id='line_1_101' title="bbox 1448 2609 2353 2649; baseline -0.001 -9"><span class='ocrx_word' id='word_1_557' title='bbox 1448 2611 1592 2640; x_wconf 89' lang='lat' dir='ltr'>Sanctum</span> <span class='ocrx_word' id='word_1_558' title='bbox 1631 2610 1784 2639; x_wconf 86' lang='lat' dir='ltr'>Julianum</span> <span class='ocrx_word' id='word_1_559' title='bbox 1819 2619 1914 2649; x_wconf 88' lang='lat' dir='ltr'>super</span> <span class='ocrx_word' id='word_1_560' title='bbox 1953 2609 2101 2638; x_wconf 88' lang='lat' dir='ltr'>electione</span> <span class='ocrx_word' id='word_1_561' title='bbox 2139 2610 2353 2648; x_wconf 86' lang='lat' dir='ltr'>procuratoris</span> 
     </span>
     <span class='ocr_line' id='line_1_102' title="bbox 1446 2658 2354 2697; baseline -0.002 -8"><span class='ocrx_word' id='word_1_562' title='bbox 1446 2660 1595 2695; x_wconf 88' lang='lat' dir='ltr'>facienda,</span> <span class='ocrx_word' id='word_1_563' title='bbox 1628 2658 1743 2688; x_wconf 89' lang='lat' dir='ltr'>electus</span> <span class='ocrx_word' id='word_1_564' title='bbox 1769 2658 1825 2688; x_wconf 87' lang='lat' dir='ltr'>fuit</span> <span class='ocrx_word' id='word_1_565' title='bbox 1845 2658 2042 2688; x_wconf 90' lang='lat' dir='ltr'>concorditer</span> <span class='ocrx_word' id='word_1_566' title='bbox 2067 2658 2098 2687; x_wconf 94' lang='lat' dir='ltr'>in</span> <span class='ocrx_word' id='word_1_567' title='bbox 2120 2664 2354 2697; x_wconf 87' lang='lat' dir='ltr'>procuratorem</span> 
     </span>
     <span class='ocr_line' id='line_1_103' title="bbox 1446 2706 2353 2747; baseline -0.002 -9"><span class='ocrx_word' id='word_1_568' title='bbox 1446 2709 1527 2738; x_wconf 91' lang='lat' dir='ltr'>dicte</span> <span class='ocrx_word' id='word_1_569' title='bbox 1549 2708 1683 2738; x_wconf 90' lang='lat' dir='ltr'>nationis</span> <span class='ocrx_word' id='word_1_570' title='bbox 1705 2707 1852 2747; x_wconf 87' lang='lat' dir='ltr'>magister</span> <span class='ocrx_word' id='word_1_571' title='bbox 1870 2706 2036 2736; x_wconf 90' lang='lat' dir='ltr'>Wizkinus</span> <span class='ocrx_word' id='word_1_572' title='bbox 2059 2706 2183 2736; x_wconf 90' lang='lat' dir='ltr'>Venslai</span> <span class='ocrx_word' id='word_1_573' title='bbox 2204 2707 2241 2736; x_wconf 93' lang='lat' dir='ltr'>de</span> <span class='ocrx_word' id='word_1_574' title='bbox 2263 2706 2353 2737; x_wconf 71' lang='lat' dir='ltr'>Dab-</span> 
     </span>
     <span class='ocr_line' id='line_1_104' title="bbox 1446 2756 2354 2796; baseline -0.002 -9"><span class='ocrx_word' id='word_1_575' title='bbox 1446 2758 1568 2793; x_wconf 91' lang='lat' dir='ltr'>brovia,</span> <span class='ocrx_word' id='word_1_576' title='bbox 1584 2757 1716 2786; x_wconf 87' lang='lat' dir='ltr'>clericus</span> <span class='ocrx_word' id='word_1_577' title='bbox 1734 2756 1869 2786; x_wconf 82' lang='lat' dir='ltr'>diocesis</span> <span class='ocrx_word' id='word_1_578' title='bbox 1888 2756 2100 2792; x_wconf 87' lang='lat' dir='ltr'>Kaminensis‚</span> <span class='ocrx_word' id='word_1_579' title='bbox 2120 2756 2206 2786; x_wconf 94' lang='lat' dir='ltr'>nullo</span> <span class='ocrx_word' id='word_1_580' title='bbox 2228 2756 2354 2796; x_wconf 87' lang='lat' dir='ltr'>penitus</span> 
     </span>
    </p>
   </div>
   <div class='ocr_carea' id='block_1_27' title="bbox 1476 2851 1693 2955">
    <p class='ocr_par' dir='ltr' id='par_1_42' title="bbox 1476 2851 1693 2955">
     <span class='ocr_line' id='line_1_105' title="bbox 1477 2851 1649 2875; baseline 0 0"><span class='ocrx_word' id='word_1_581' title='bbox 1477 2853 1499 2875; x_wconf 81' lang='lat'>5.</span> <span class='ocrx_word' id='word_1_582' title='bbox 1535 2851 1562 2875; x_wconf 84' lang='lat'>11</span> <span class='ocrx_word' id='word_1_583' title='bbox 1578 2851 1649 2875; x_wconf 74' lang='lat' dir='ltr'><em>Iulii.</em></span> 
     </span>
     <span class='ocr_line' id='line_1_106' title="bbox 1476 2886 1645 2911; baseline -0.006 0"><span class='ocrx_word' id='word_1_584' title='bbox 1476 2889 1499 2911; x_wconf 88' lang='grc'>6.</span> <span class='ocrx_word' id='word_1_585' title='bbox 1532 2888 1562 2911; x_wconf 84' lang='grc'>27</span> <span class='ocrx_word' id='word_1_586' title='bbox 1574 2886 1645 2910; x_wconf 77' lang='lat' dir='ltr'>Iulii.</span> 
     </span>
     <span class='ocr_line' id='line_1_107' title="bbox 1477 2922 1693 2955; baseline -0.005 -8"><span class='ocrx_word' id='word_1_587' title='bbox 1477 2924 1500 2947; x_wconf 87' lang='lat'>7.</span> <span class='ocrx_word' id='word_1_588' title='bbox 1533 2924 1562 2946; x_wconf 84' lang='lat'>27</span> <span class='ocrx_word' id='word_1_589' title='bbox 1574 2922 1693 2955; x_wconf 69' lang='lat' dir='ltr'>Augusti.</span> 
     </span>
    </p>
   </div>
  </div>
 </body>
</html>
