<?xml version="1.0" encoding="UTF-8"?>
<!DOCTYPE html PUBLIC "-//W3C//DTD XHTML 1.0 Transitional//EN"
    "http://www.w3.org/TR/xhtml1/DTD/xhtml1-transitional.dtd">
<html xmlns="http://www.w3.org/1999/xhtml" xml:lang="en" lang="en">
 <head>
  <title>
</title>
<meta http-equiv="Content-Type" content="text/html;charset=utf-8" />
  <meta name='ocr-system' content='tesseract 3.04.00' />
  <meta name='ocr-capabilities' content='ocr_page ocr_carea ocr_par ocr_line ocrx_word'/>
</head>
<body>
  <div class='ocr_page' id='page_1' title='image "auctariumchartul01univuoft_0214.png"; bbox 0 0 2632 3464; ppageno 0'>
   <div class='ocr_carea' id='block_1_1' title="bbox 464 418 515 443">
    <p class='ocr_par' dir='ltr' id='par_1_1' title="bbox 464 418 515 443">
     <span class='ocr_line' id='line_1_1' title="bbox 464 418 515 443; baseline -0.02 0"><span class='ocrx_word' id='word_1_1' title='bbox 464 418 515 443; x_wconf 80' lang='lat'>251</span> 
     </span>
    </p>
   </div>
   <div class='ocr_carea' id='block_1_2' title="bbox 467 488 1377 2522">
    <p class='ocr_par' dir='ltr' id='par_1_2' title="bbox 467 488 1372 668">
     <span class='ocr_line' id='line_1_2' title="bbox 467 488 1370 531; baseline -0.011 -9"><span class='ocrx_word' id='word_1_2' title='bbox 467 493 620 522; x_wconf 84' lang='lat' dir='ltr'>nuandum</span> <span class='ocrx_word' id='word_1_3' title='bbox 641 497 881 531; x_wconf 84' lang='lat' dir='ltr'>procuratorem,</span> <span class='ocrx_word' id='word_1_4' title='bbox 898 489 1013 518; x_wconf 87' lang='lat' dir='ltr'>electus</span> <span class='ocrx_word' id='word_1_5' title='bbox 1025 488 1079 517; x_wconf 89' lang='lat' dir='ltr'>fuit</span> <span class='ocrx_word' id='word_1_6' title='bbox 1094 488 1125 516; x_wconf 92' lang='lat' dir='ltr'>in</span> <span class='ocrx_word' id='word_1_7' title='bbox 1142 492 1370 525; x_wconf 87' lang='lat' dir='ltr'>procuratorem</span> 
     </span>
     <span class='ocr_line' id='line_1_3' title="bbox 467 535 1369 581; baseline -0.011 -10"><span class='ocrx_word' id='word_1_8' title='bbox 467 542 613 581; x_wconf 87' lang='lat' dir='ltr'>magister</span> <span class='ocrx_word' id='word_1_9' title='bbox 630 540 782 569; x_wconf 90' lang='lat' dir='ltr'>Henricus</span> <span class='ocrx_word' id='word_1_10' title='bbox 797 538 945 568; x_wconf 82' lang='lat' dir='ltr'>Johannis</span> <span class='ocrx_word' id='word_1_11' title='bbox 966 538 1002 566; x_wconf 87' lang='lat' dir='ltr'>de</span> <span class='ocrx_word' id='word_1_12' title='bbox 1019 537 1139 575; x_wconf 89' lang='lat' dir='ltr'>Lingno</span> <span class='ocrx_word' id='word_1_13' title='bbox 1159 537 1197 564; x_wconf 90' lang='lat' dir='ltr'>de</span> <span class='ocrx_word' id='word_1_14' title='bbox 1217 535 1369 572; x_wconf 87' lang='lat' dir='ltr'>Kempen,</span> 
     </span>
     <span class='ocr_line' id='line_1_4' title="bbox 468 583 1372 628; baseline -0.011 -8"><span class='ocrx_word' id='word_1_15' title='bbox 468 589 665 620; x_wconf 91' lang='lat' dir='ltr'>Coloniensis</span> <span class='ocrx_word' id='word_1_16' title='bbox 696 588 850 628; x_wconf 84' lang='lat' dir='ltr'>dyocesis.</span> <span class='ocrx_word' id='word_1_17' title='bbox 884 587 919 616; x_wconf 91' lang='lat' dir='ltr'>ln</span> <span class='ocrx_word' id='word_1_18' title='bbox 949 585 1034 625; x_wconf 89' lang='lat' dir='ltr'>cujus</span> <span class='ocrx_word' id='word_1_19' title='bbox 1062 583 1282 624; x_wconf 90' lang='lat' dir='ltr'>procuracione</span> <span class='ocrx_word' id='word_1_20' title='bbox 1307 588 1372 610; x_wconf 88' lang='lat' dir='ltr'>acta</span> 
     </span>
     <span class='ocr_line' id='line_1_5' title="bbox 468 639 621 668; baseline -0.007 0"><span class='ocrx_word' id='word_1_21' title='bbox 468 646 540 668; x_wconf 90' lang='lat' dir='ltr'>sunt</span> <span class='ocrx_word' id='word_1_22' title='bbox 555 639 621 668; x_wconf 87' lang='lat' dir='ltr'>hec.</span> 
     </span>
    </p>

    <p class='ocr_par' dir='ltr' id='par_1_3' title="bbox 468 680 1372 914">
     <span class='ocr_line' id='line_1_6' title="bbox 508 680 1371 724; baseline -0.013 -7"><span class='ocrx_word' id='word_1_23' title='bbox 508 687 613 717; x_wconf 90' lang='lat' dir='ltr'>Primo</span> <span class='ocrx_word' id='word_1_24' title='bbox 646 686 733 715; x_wconf 89' lang='lat' dir='ltr'>nacio</span> <span class='ocrx_word' id='word_1_25' title='bbox 754 685 892 724; x_wconf 88' lang='lat' dir='ltr'>predicta</span> <span class='ocrx_word' id='word_1_26' title='bbox 918 684 1021 712; x_wconf 86' lang='lat' dir='ltr'>eadem</span> <span class='ocrx_word' id='word_1_27' title='bbox 1044 682 1092 711; x_wconf 92' lang='lat' dir='ltr'>die</span> <span class='ocrx_word' id='word_1_28' title='bbox 1126 680 1316 718; x_wconf 82' lang='lat' dir='ltr'><strong>consumpsit</strong></span> <span class='ocrx_word' id='word_1_29' title='bbox 1342 680 1371 706; x_wconf 83' lang='lat' dir='ltr'>in</span> 
     </span>
     <span class='ocr_line' id='line_1_7' title="bbox 468 729 1371 774; baseline -0.01 -10"><span class='ocrx_word' id='word_1_30' title='bbox 468 737 575 765; x_wconf 83' lang='lat' dir='ltr'>malleo</span> <span class='ocrx_word' id='word_1_31' title='bbox 602 745 699 774; x_wconf 81' lang='lat' dir='ltr'>prope</span> <span class='ocrx_word' id='word_1_32' title='bbox 723 734 865 763; x_wconf 89' lang='lat' dir='ltr'>Sanctum</span> <span class='ocrx_word' id='word_1_33' title='bbox 890 731 1041 761; x_wconf 90' lang='lat' dir='ltr'>Julianum</span> <span class='ocrx_word' id='word_1_34' title='bbox 1064 730 1102 759; x_wconf 90' lang='lat'>30</span> <span class='ocrx_word' id='word_1_35' title='bbox 1129 729 1256 763; x_wconf 87' lang='lat' dir='ltr'>solidos,</span> <span class='ocrx_word' id='word_1_36' title='bbox 1286 733 1371 756; x_wconf 82' lang='lat' dir='ltr'>scuto</span> 
     </span>
     <span class='ocr_line' id='line_1_8' title="bbox 468 779 1372 822; baseline -0.011 -8"><span class='ocrx_word' id='word_1_37' title='bbox 468 785 587 814; x_wconf 87' lang='lat' dir='ltr'>valente</span> <span class='ocrx_word' id='word_1_38' title='bbox 605 784 654 818; x_wconf 74' lang='lat'>34,</span> <span class='ocrx_word' id='word_1_39' title='bbox 674 793 763 822; x_wconf 89' lang='lat' dir='ltr'>quam</span> <span class='ocrx_word' id='word_1_40' title='bbox 782 782 904 821; x_wconf 91' lang='lat' dir='ltr'>quidem</span> <span class='ocrx_word' id='word_1_41' title='bbox 926 779 1084 819; x_wconf 90' lang='lat' dir='ltr'>pecuniam</span> <span class='ocrx_word' id='word_1_42' title='bbox 1101 783 1284 817; x_wconf 88' lang='lat' dir='ltr'>procurator</span> <span class='ocrx_word' id='word_1_43' title='bbox 1303 786 1372 815; x_wconf 91' lang='lat' dir='ltr'>pre-</span> 
     </span>
     <span class='ocr_line' id='line_1_9' title="bbox 469 828 1372 867; baseline -0.011 -4"><span class='ocrx_word' id='word_1_44' title='bbox 469 834 568 862; x_wconf 87' lang='lat' dir='ltr'>dictus</span> <span class='ocrx_word' id='word_1_45' title='bbox 578 833 691 862; x_wconf 85' lang='lat' dir='ltr'>electus</span> <span class='ocrx_word' id='word_1_46' title='bbox 703 842 738 860; x_wconf 91' lang='lat' dir='ltr'>ex</span> <span class='ocrx_word' id='word_1_47' title='bbox 753 837 815 860; x_wconf 91' lang='lat' dir='ltr'>toto</span> <span class='ocrx_word' id='word_1_48' title='bbox 827 830 970 864; x_wconf 88' lang='lat' dir='ltr'>solverat,</span> <span class='ocrx_word' id='word_1_49' title='bbox 980 829 1021 857; x_wconf 91' lang='lat' dir='ltr'>ita</span> <span class='ocrx_word' id='word_1_50' title='bbox 1029 828 1111 867; x_wconf 92' lang='lat' dir='ltr'>quod</span> <span class='ocrx_word' id='word_1_51' title='bbox 1125 833 1254 866; x_wconf 86' lang='lat' dir='ltr'>protunc</span> <span class='ocrx_word' id='word_1_52' title='bbox 1263 835 1372 864; x_wconf 88' lang='lat' dir='ltr'>recep-</span> 
     </span>
     <span class='ocr_line' id='line_1_10' title="bbox 469 875 1043 914; baseline -0.01 -5"><span class='ocrx_word' id='word_1_53' title='bbox 469 887 517 909; x_wconf 87' lang='lat' dir='ltr'>tor</span> <span class='ocrx_word' id='word_1_54' title='bbox 530 880 609 908; x_wconf 82' lang='lat' dir='ltr'>dicte</span> <span class='ocrx_word' id='word_1_55' title='bbox 624 878 760 907; x_wconf 85' lang='lat' dir='ltr'>nacionis</span> <span class='ocrx_word' id='word_1_56' title='bbox 779 876 872 905; x_wconf 89' lang='lat' dir='ltr'>nichil</span> <span class='ocrx_word' id='word_1_57' title='bbox 890 875 1043 914; x_wconf 84' lang='lat' dir='ltr'><strong>exposuit.</strong></span> 
     </span>
    </p>

    <p class='ocr_par' dir='ltr' id='par_1_4' title="bbox 469 922 1372 1017">
     <span class='ocr_line' id='line_1_11' title="bbox 510 922 1372 966; baseline -0.009 -9"><span class='ocrx_word' id='word_1_58' title='bbox 510 929 583 958; x_wconf 87' lang='lat' dir='ltr'><strong>Item</strong></span> <span class='ocrx_word' id='word_1_59' title='bbox 607 927 749 966; x_wconf 80' lang='lat' dir='ltr'>exposuit</span> <span class='ocrx_word' id='word_1_60' title='bbox 770 931 911 964; x_wconf 90' lang='lat' dir='ltr'>receptor</span> <span class='ocrx_word' id='word_1_61' title='bbox 932 923 1068 963; x_wconf 81' lang='lat' dir='ltr'><strong>predicte</strong></span> <span class='ocrx_word' id='word_1_62' title='bbox 1089 922 1227 951; x_wconf 85' lang='lat' dir='ltr'>nacionis</span> <span class='ocrx_word' id='word_1_63' title='bbox 1248 922 1265 950; x_wconf 89' lang='lat'>5</span> <span class='ocrx_word' id='word_1_64' title='bbox 1288 927 1372 949; x_wconf 82' lang='lat' dir='ltr'>scuta</span> 
     </span>
     <span class='ocr_line' id='line_1_12' title="bbox 469 973 996 1017; baseline -0.011 -11"><span class='ocrx_word' id='word_1_65' title='bbox 469 988 526 1017; x_wconf 91' lang='lat' dir='ltr'>pro</span> <span class='ocrx_word' id='word_1_66' title='bbox 542 977 593 1006; x_wconf 88' lang='lat' dir='ltr'>lite</span> <span class='ocrx_word' id='word_1_67' title='bbox 612 976 691 1004; x_wconf 90' lang='lat' dir='ltr'>inter</span> <span class='ocrx_word' id='word_1_68' title='bbox 704 985 760 1003; x_wconf 87' lang='lat' dir='ltr'>nos</span> <span class='ocrx_word' id='word_1_69' title='bbox 780 980 809 1002; x_wconf 89' lang='lat' dir='ltr'>et</span> <span class='ocrx_word' id='word_1_70' title='bbox 825 973 996 1012; x_wconf 87' lang='lat' dir='ltr'>theologos.</span> 
     </span>
    </p>

    <p class='ocr_par' dir='ltr' id='par_1_5' title="bbox 470 1019 1373 1254">
     <span class='ocr_line' id='line_1_13' title="bbox 511 1019 1371 1054; baseline -0.009 0"><span class='ocrx_word' id='word_1_71' title='bbox 511 1026 584 1054; x_wconf 88' lang='lat' dir='ltr'>Item</span> <span class='ocrx_word' id='word_1_72' title='bbox 601 1024 606 1042; x_wconf 84' lang='lat'><strong>¹</strong></span> <span class='ocrx_word' id='word_1_73' title='bbox 626 1025 656 1053; x_wconf 92' lang='lat' dir='ltr'>in</span> <span class='ocrx_word' id='word_1_74' title='bbox 670 1025 746 1052; x_wconf 88' lang='lat' dir='ltr'>festo</span> <span class='ocrx_word' id='word_1_75' title='bbox 764 1021 936 1052; x_wconf 86' lang='lat' dir='ltr'>Nativitatis</span> <span class='ocrx_word' id='word_1_76' title='bbox 951 1026 1053 1049; x_wconf 91' lang='lat' dir='ltr'>sancte</span> <span class='ocrx_word' id='word_1_77' title='bbox 1071 1019 1179 1054; x_wconf 86' lang='lat' dir='ltr'>Marie‚</span> <span class='ocrx_word' id='word_1_78' title='bbox 1194 1025 1225 1047; x_wconf 93' lang='lat' dir='ltr'>ut</span> <span class='ocrx_word' id='word_1_79' title='bbox 1245 1028 1371 1047; x_wconf 90' lang='lat' dir='ltr'>consue-</span> 
     </span>
     <span class='ocr_line' id='line_1_14' title="bbox 470 1067 1373 1108; baseline -0.009 -5"><span class='ocrx_word' id='word_1_80' title='bbox 470 1081 531 1103; x_wconf 89' lang='lat' dir='ltr'>tum</span> <span class='ocrx_word' id='word_1_81' title='bbox 548 1079 609 1108; x_wconf 90' lang='lat' dir='ltr'>est,</span> <span class='ocrx_word' id='word_1_82' title='bbox 629 1073 706 1101; x_wconf 85' lang='lat' dir='ltr'>solet</span> <span class='ocrx_word' id='word_1_83' title='bbox 721 1071 786 1100; x_wconf 86' lang='lat' dir='ltr'>fieri</span> <span class='ocrx_word' id='word_1_84' title='bbox 804 1069 980 1099; x_wconf 80' lang='lat' dir='ltr'>distributio</span> <span class='ocrx_word' id='word_1_85' title='bbox 997 1079 1054 1108; x_wconf 90' lang='lat' dir='ltr'>per</span> <span class='ocrx_word' id='word_1_86' title='bbox 1069 1074 1258 1106; x_wconf 83' lang='lat' dir='ltr'>receptorem</span> <span class='ocrx_word' id='word_1_87' title='bbox 1274 1067 1373 1106; x_wconf 86' lang='lat' dir='ltr'>magi-</span> 
     </span>
     <span class='ocr_line' id='line_1_15' title="bbox 470 1116 1373 1156; baseline -0.01 -4"><span class='ocrx_word' id='word_1_88' title='bbox 470 1123 543 1152; x_wconf 85' lang='lat' dir='ltr'>stris</span> <span class='ocrx_word' id='word_1_89' title='bbox 557 1129 585 1151; x_wconf 87' lang='lat' dir='ltr'>et</span> <span class='ocrx_word' id='word_1_90' title='bbox 598 1121 802 1151; x_wconf 88' lang='lat' dir='ltr'>servientibus</span> <span class='ocrx_word' id='word_1_91' title='bbox 818 1120 854 1148; x_wconf 89' lang='lat' dir='ltr'>ad</span> <span class='ocrx_word' id='word_1_92' title='bbox 868 1117 1024 1152; x_wconf 81' lang='lat' dir='ltr'>missam2,</span> <span class='ocrx_word' id='word_1_93' title='bbox 1040 1127 1099 1156; x_wconf 92' lang='lat' dir='ltr'>que</span> <span class='ocrx_word' id='word_1_94' title='bbox 1110 1116 1243 1146; x_wconf 85' lang='lat' dir='ltr'>totaliter</span> <span class='ocrx_word' id='word_1_95' title='bbox 1258 1116 1373 1144; x_wconf 88' lang='lat' dir='ltr'>omissa</span> 
     </span>
     <span class='ocr_line' id='line_1_16' title="bbox 471 1164 1372 1210; baseline -0.009 -10"><span class='ocrx_word' id='word_1_96' title='bbox 471 1172 536 1206; x_wconf 87' lang='lat' dir='ltr'>fuit,</span> <span class='ocrx_word' id='word_1_97' title='bbox 554 1171 635 1210; x_wconf 89' lang='lat' dir='ltr'>quod</span> <span class='ocrx_word' id='word_1_98' title='bbox 651 1179 792 1208; x_wconf 87' lang='lat' dir='ltr'>magnum</span> <span class='ocrx_word' id='word_1_99' title='bbox 810 1167 985 1197; x_wconf 88' lang='lat' dir='ltr'>scandalum</span> <span class='ocrx_word' id='word_1_100' title='bbox 1001 1166 1056 1195; x_wconf 87' lang='lat' dir='ltr'>suit</span> <span class='ocrx_word' id='word_1_101' title='bbox 1073 1176 1108 1194; x_wconf 91' lang='lat' dir='ltr'>eo</span> <span class='ocrx_word' id='word_1_102' title='bbox 1127 1166 1211 1204; x_wconf 91' lang='lat' dir='ltr'>quod</span> <span class='ocrx_word' id='word_1_103' title='bbox 1233 1164 1372 1193; x_wconf 82' lang='lat' dir='ltr'>servien—</span> 
     </span>
     <span class='ocr_line' id='line_1_17' title="bbox 470 1213 1369 1254; baseline -0.008 -6"><span class='ocrx_word' id='word_1_104' title='bbox 470 1221 551 1249; x_wconf 84' lang='lat' dir='ltr'>tibus</span> <span class='ocrx_word' id='word_1_105' title='bbox 562 1219 655 1247; x_wconf 87' lang='lat' dir='ltr'>nichil</span> <span class='ocrx_word' id='word_1_106' title='bbox 664 1219 802 1251; x_wconf 88' lang='lat' dir='ltr'>dabatur,</span> <span class='ocrx_word' id='word_1_107' title='bbox 815 1223 844 1245; x_wconf 93' lang='lat' dir='ltr'>et</span> <span class='ocrx_word' id='word_1_108' title='bbox 854 1217 900 1245; x_wconf 91' lang='lat' dir='ltr'>cui</span> <span class='ocrx_word' id='word_1_109' title='bbox 915 1216 971 1244; x_wconf 90' lang='lat' dir='ltr'>hoc</span> <span class='ocrx_word' id='word_1_110' title='bbox 984 1215 1193 1254; x_wconf 90' lang='lat' dir='ltr'>imputandum</span> <span class='ocrx_word' id='word_1_111' title='bbox 1205 1214 1245 1242; x_wconf 91' lang='lat' dir='ltr'>sit</span> <span class='ocrx_word' id='word_1_112' title='bbox 1253 1213 1369 1242; x_wconf 85' lang='lat' dir='ltr'>nescio.</span> 
     </span>
    </p>

    <p class='ocr_par' dir='ltr' id='par_1_6' title="bbox 470 1262 1373 1353">
     <span class='ocr_line' id='line_1_18' title="bbox 512 1262 1373 1304; baseline -0.007 -8"><span class='ocrx_word' id='word_1_113' title='bbox 512 1269 583 1296; x_wconf 89' lang='lat' dir='ltr'>Item</span> <span class='ocrx_word' id='word_1_114' title='bbox 607 1267 748 1295; x_wconf 89' lang='lat' dir='ltr'>dominus</span> <span class='ocrx_word' id='word_1_115' title='bbox 768 1264 921 1304; x_wconf 87' lang='lat' dir='ltr'>Nycolaus</span> <span class='ocrx_word' id='word_1_116' title='bbox 943 1265 980 1292; x_wconf 89' lang='lat' dir='ltr'>de</span> <span class='ocrx_word' id='word_1_117' title='bbox 1000 1262 1204 1292; x_wconf 90' lang='lat' dir='ltr'>Lunenborch</span> <span class='ocrx_word' id='word_1_118' title='bbox 1225 1262 1373 1291; x_wconf 87' lang='lat' dir='ltr'>satisfecit</span> 
     </span>
     <span class='ocr_line' id='line_1_19' title="bbox 470 1312 1370 1353; baseline -0.007 -8"><span class='ocrx_word' id='word_1_119' title='bbox 470 1318 507 1345; x_wconf 92' lang='lat' dir='ltr'>de</span> <span class='ocrx_word' id='word_1_120' title='bbox 518 1316 621 1345; x_wconf 89' lang='lat' dir='ltr'>bursis</span> <span class='ocrx_word' id='word_1_121' title='bbox 631 1315 694 1344; x_wconf 88' lang='lat' dir='ltr'>suis</span> <span class='ocrx_word' id='word_1_122' title='bbox 708 1324 764 1353; x_wconf 90' lang='lat' dir='ltr'>pro</span> <span class='ocrx_word' id='word_1_123' title='bbox 777 1313 1019 1346; x_wconf 85' lang='lat' dir='ltr'>determinantia,</span> <span class='ocrx_word' id='word_1_124' title='bbox 1035 1312 1065 1340; x_wconf 91' lang='lat' dir='ltr'>in</span> <span class='ocrx_word' id='word_1_125' title='bbox 1077 1312 1189 1351; x_wconf 88' lang='lat' dir='ltr'>quibus</span> <span class='ocrx_word' id='word_1_126' title='bbox 1200 1312 1370 1340; x_wconf 86' lang='lat' dir='ltr'>tenebatur.</span> 
     </span>
    </p>

    <p class='ocr_par' dir='ltr' id='par_1_7' title="bbox 470 1360 1373 1540">
     <span class='ocr_line' id='line_1_20' title="bbox 512 1360 1372 1400; baseline -0.007 -6"><span class='ocrx_word' id='word_1_127' title='bbox 512 1366 584 1394; x_wconf 86' lang='lat' dir='ltr'>Item</span> <span class='ocrx_word' id='word_1_128' title='bbox 608 1365 638 1392; x_wconf 91' lang='lat' dir='ltr'>in</span> <span class='ocrx_word' id='word_1_129' title='bbox 660 1364 709 1392; x_wconf 92' lang='lat' dir='ltr'>die</span> <span class='ocrx_word' id='word_1_130' title='bbox 732 1363 829 1391; x_wconf 87' lang='lat' dir='ltr'>sancti</span> <span class='ocrx_word' id='word_1_131' title='bbox 852 1361 1004 1391; x_wconf 86' lang='lat' dir='ltr'>Lamberti</span> <span class='ocrx_word' id='word_1_132' title='bbox 1026 1361 1103 1390; x_wconf 81' lang='lat' dir='ltr'>facta</span> <span class='ocrx_word' id='word_1_133' title='bbox 1127 1360 1372 1400; x_wconf 82' lang='lat' dir='ltr'>congregacione</span> 
     </span>
     <span class='ocr_line' id='line_1_21' title="bbox 471 1409 1373 1453; baseline -0.007 -11"><span class='ocrx_word' id='word_1_134' title='bbox 471 1413 606 1453; x_wconf 86' lang='lat' dir='ltr'>generali</span> <span class='ocrx_word' id='word_1_135' title='bbox 622 1413 702 1452; x_wconf 89' lang='lat' dir='ltr'>apud</span> <span class='ocrx_word' id='word_1_136' title='bbox 723 1412 865 1441; x_wconf 88' lang='lat' dir='ltr'>Sanctum</span> <span class='ocrx_word' id='word_1_137' title='bbox 887 1410 1075 1440; x_wconf 89' lang='lat' dir='ltr'>Matellinum</span> <span class='ocrx_word' id='word_1_138' title='bbox 1091 1420 1128 1438; x_wconf 88' lang='lat' dir='ltr'>ex</span> <span class='ocrx_word' id='word_1_139' title='bbox 1146 1409 1280 1438; x_wconf 88' lang='lat' dir='ltr'>unanimi</span> <span class='ocrx_word' id='word_1_140' title='bbox 1298 1419 1373 1437; x_wconf 92' lang='lat' dir='ltr'>con-</span> 
     </span>
     <span class='ocr_line' id='line_1_22' title="bbox 472 1458 1372 1495; baseline -0.004 -5"><span class='ocrx_word' id='word_1_141' title='bbox 472 1471 564 1490; x_wconf 85' lang='lat' dir='ltr'>sensu</span> <span class='ocrx_word' id='word_1_142' title='bbox 587 1461 770 1495; x_wconf 87' lang='lat' dir='ltr'>facultatum,</span> <span class='ocrx_word' id='word_1_143' title='bbox 797 1469 963 1489; x_wconf 87' lang='lat' dir='ltr'>concessus</span> <span class='ocrx_word' id='word_1_144' title='bbox 983 1459 1039 1488; x_wconf 85' lang='lat' dir='ltr'>fuit</span> <span class='ocrx_word' id='word_1_145' title='bbox 1061 1458 1179 1487; x_wconf 92' lang='lat' dir='ltr'>rotulus</span> <span class='ocrx_word' id='word_1_146' title='bbox 1206 1458 1372 1487; x_wconf 90' lang='lat' dir='ltr'>mittendus</span> 
     </span>
     <span class='ocr_line' id='line_1_23' title="bbox 470 1510 900 1540; baseline -0.007 0"><span class='ocrx_word' id='word_1_147' title='bbox 470 1520 579 1540; x_wconf 85' lang='lat' dir='ltr'>versus</span> <span class='ocrx_word' id='word_1_148' title='bbox 597 1510 709 1539; x_wconf 90' lang='lat' dir='ltr'>curiam</span> <span class='ocrx_word' id='word_1_149' title='bbox 724 1510 900 1538; x_wconf 83' lang='lat' dir='ltr'>Romanam.</span> 
     </span>
    </p>

    <p class='ocr_par' dir='ltr' id='par_1_8' title="bbox 513 1555 1371 1595">
     <span class='ocr_line' id='line_1_24' title="bbox 513 1555 1371 1595; baseline -0.005 -7"><span class='ocrx_word' id='word_1_150' title='bbox 513 1559 586 1588; x_wconf 85' lang='lat' dir='ltr'>Item</span> <span class='ocrx_word' id='word_1_151' title='bbox 601 1559 620 1587; x_wconf 88' lang='grc'><strong>6</strong></span> <span class='ocrx_word' id='word_1_152' title='bbox 637 1565 722 1588; x_wconf 90' lang='lat' dir='ltr'>scuta</span> <span class='ocrx_word' id='word_1_153' title='bbox 738 1559 858 1587; x_wconf 86' lang='lat' dir='ltr'>fuerunt</span> <span class='ocrx_word' id='word_1_154' title='bbox 869 1558 937 1586; x_wconf 86' lang='lat' dir='ltr'>data</span> <span class='ocrx_word' id='word_1_155' title='bbox 947 1557 1059 1586; x_wconf 88' lang='lat' dir='ltr'>rectori</span> <span class='ocrx_word' id='word_1_156' title='bbox 1072 1566 1128 1595; x_wconf 88' lang='lat' dir='ltr'>pro</span> <span class='ocrx_word' id='word_1_157' title='bbox 1146 1556 1196 1585; x_wconf 91' lang='lat' dir='ltr'>lite</span> <span class='ocrx_word' id='word_1_158' title='bbox 1208 1555 1336 1584; x_wconf 89' lang='lat' dir='ltr'>ulterius</span> <span class='ocrx_word' id='word_1_159' title='bbox 1348 1555 1371 1584; x_wconf 82' lang='lat'>³.</span> 
     </span>
    </p>

    <p class='ocr_par' dir='ltr' id='par_1_9' title="bbox 472 1604 1375 1934">
     <span class='ocr_line' id='line_1_25' title="bbox 514 1604 1373 1646; baseline -0.003 -10"><span class='ocrx_word' id='word_1_160' title='bbox 514 1608 587 1636; x_wconf 89' lang='lat' dir='ltr'>Item</span> <span class='ocrx_word' id='word_1_161' title='bbox 607 1608 656 1636; x_wconf 92' lang='lat' dir='ltr'>die</span> <span class='ocrx_word' id='word_1_162' title='bbox 672 1606 760 1636; x_wconf 60' lang='lat' dir='ltr'>lune‘³</span> <span class='ocrx_word' id='word_1_163' title='bbox 786 1613 857 1646; x_wconf 90' lang='lat' dir='ltr'>post</span> <span class='ocrx_word' id='word_1_164' title='bbox 872 1607 980 1635; x_wconf 85' lang='lat' dir='ltr'>festum</span> <span class='ocrx_word' id='word_1_165' title='bbox 997 1605 1094 1634; x_wconf 90' lang='lat' dir='ltr'>sancti</span> <span class='ocrx_word' id='word_1_166' title='bbox 1109 1605 1222 1634; x_wconf 89' lang='lat' dir='ltr'>Mathei</span> <span class='ocrx_word' id='word_1_167' title='bbox 1242 1604 1373 1643; x_wconf 89' lang='lat' dir='ltr'>apostoli</span> 
     </span>
     <span class='ocr_line' id='line_1_26' title="bbox 473 1653 1373 1696; baseline -0.003 -11"><span class='ocrx_word' id='word_1_168' title='bbox 473 1657 547 1685; x_wconf 85' lang='lat' dir='ltr'>sacta</span> <span class='ocrx_word' id='word_1_169' title='bbox 557 1656 799 1696; x_wconf 80' lang='lat' dir='ltr'>congregacione</span> <span class='ocrx_word' id='word_1_170' title='bbox 808 1655 945 1684; x_wconf 88' lang='lat' dir='ltr'>nacionis</span> <span class='ocrx_word' id='word_1_171' title='bbox 956 1654 1124 1694; x_wconf 87' lang='lat' dir='ltr'>Anglicane</span> <span class='ocrx_word' id='word_1_172' title='bbox 1136 1654 1216 1693; x_wconf 94' lang='lat' dir='ltr'>apud</span> <span class='ocrx_word' id='word_1_173' title='bbox 1230 1653 1373 1682; x_wconf 85' lang='lat' dir='ltr'>Sanctum</span> 
     </span>
     <span class='ocr_line' id='line_1_27' title="bbox 472 1702 1374 1744; baseline -0.004 -10"><span class='ocrx_word' id='word_1_174' title='bbox 472 1705 624 1734; x_wconf 79' lang='lat' dir='ltr'>Julianum</span> <span class='ocrx_word' id='word_1_175' title='bbox 643 1706 679 1734; x_wconf 90' lang='lat' dir='ltr'>ad</span> <span class='ocrx_word' id='word_1_176' title='bbox 698 1705 878 1744; x_wconf 89' lang='lat' dir='ltr'>elegendum</span> <span class='ocrx_word' id='word_1_177' title='bbox 899 1710 1128 1743; x_wconf 84' lang='lat' dir='ltr'>procuratorem</span> <span class='ocrx_word' id='word_1_178' title='bbox 1146 1709 1176 1731; x_wconf 91' lang='lat' dir='ltr'>et</span> <span class='ocrx_word' id='word_1_179' title='bbox 1197 1703 1234 1731; x_wconf 89' lang='lat' dir='ltr'>ad</span> <span class='ocrx_word' id='word_1_180' title='bbox 1253 1702 1374 1742; x_wconf 91' lang='lat' dir='ltr'>suppli-</span> 
     </span>
     <span class='ocr_line' id='line_1_28' title="bbox 474 1752 1375 1791; baseline -0.002 -9"><span class='ocrx_word' id='word_1_181' title='bbox 474 1755 602 1782; x_wconf 89' lang='lat' dir='ltr'>candum</span> <span class='ocrx_word' id='word_1_182' title='bbox 628 1760 657 1782; x_wconf 89' lang='lat' dir='ltr'>et</span> <span class='ocrx_word' id='word_1_183' title='bbox 683 1754 720 1782; x_wconf 90' lang='lat' dir='ltr'>ad</span> <span class='ocrx_word' id='word_1_184' title='bbox 749 1753 994 1791; x_wconf 89' lang='lat' dir='ltr'>computandum,</span> <span class='ocrx_word' id='word_1_185' title='bbox 1019 1752 1204 1790; x_wconf 88' lang='lat' dir='ltr'>computavit</span> <span class='ocrx_word' id='word_1_186' title='bbox 1227 1752 1375 1791; x_wconf 87' lang='lat' dir='ltr'>magister</span> 
     </span>
     <span class='ocr_line' id='line_1_29' title="bbox 474 1800 1374 1841; baseline -0.002 -10"><span class='ocrx_word' id='word_1_187' title='bbox 474 1803 588 1831; x_wconf 90' lang='lat' dir='ltr'>Themo</span> <span class='ocrx_word' id='word_1_188' title='bbox 617 1809 759 1841; x_wconf 85' lang='lat' dir='ltr'>receptor</span> <span class='ocrx_word' id='word_1_189' title='bbox 790 1801 944 1836; x_wconf 88' lang='lat' dir='ltr'>nacionis,</span> <span class='ocrx_word' id='word_1_190' title='bbox 971 1807 1000 1829; x_wconf 91' lang='lat' dir='ltr'>et</span> <span class='ocrx_word' id='word_1_191' title='bbox 1021 1801 1162 1829; x_wconf 92' lang='lat' dir='ltr'>omnibus</span> <span class='ocrx_word' id='word_1_192' title='bbox 1193 1800 1374 1839; x_wconf 88' lang='lat' dir='ltr'>computatis</span> 
     </span>
     <span class='ocr_line' id='line_1_30' title="bbox 474 1849 1374 1888; baseline -0.002 -9"><span class='ocrx_word' id='word_1_193' title='bbox 474 1852 634 1879; x_wconf 88' lang='lat' dir='ltr'>tenebatur</span> <span class='ocrx_word' id='word_1_194' title='bbox 648 1860 736 1879; x_wconf 89' lang='lat' dir='ltr'>unam</span> <span class='ocrx_word' id='word_1_195' title='bbox 754 1856 890 1888; x_wconf 81' lang='lat' dir='ltr'>quartam</span> <span class='ocrx_word' id='word_1_196' title='bbox 902 1856 931 1878; x_wconf 92' lang='lat' dir='ltr'>et</span> <span class='ocrx_word' id='word_1_197' title='bbox 946 1859 1035 1878; x_wconf 90' lang='lat' dir='ltr'>unam</span> <span class='ocrx_word' id='word_1_198' title='bbox 1049 1855 1175 1884; x_wconf 86' lang='lat' dir='ltr'>sextam,</span> <span class='ocrx_word' id='word_1_199' title='bbox 1192 1849 1228 1878; x_wconf 89' lang='lat'>18</span> <span class='ocrx_word' id='word_1_200' title='bbox 1239 1849 1374 1878; x_wconf 91' lang='lat' dir='ltr'>denariis</span> 
     </span>
     <span class='ocr_line' id='line_1_31' title="bbox 474 1898 891 1934; baseline -0.005 -6"><span class='ocrx_word' id='word_1_201' title='bbox 474 1900 586 1934; x_wconf 83' lang='lat' dir='ltr'>minus,</span> <span class='ocrx_word' id='word_1_202' title='bbox 604 1905 690 1928; x_wconf 88' lang='lat' dir='ltr'>scuto</span> <span class='ocrx_word' id='word_1_203' title='bbox 708 1899 827 1927; x_wconf 90' lang='lat' dir='ltr'>valente</span> <span class='ocrx_word' id='word_1_204' title='bbox 843 1898 891 1926; x_wconf 82' lang='lat'>24.</span> 
     </span>
    </p>

    <p class='ocr_par' dir='ltr' id='par_1_10' title="bbox 475 1946 1375 2074">
     <span class='ocr_line' id='line_1_32' title="bbox 515 1946 1375 1987; baseline -0.001 -10"><span class='ocrx_word' id='word_1_205' title='bbox 515 1948 588 1977; x_wconf 88' lang='lat' dir='ltr'>Item</span> <span class='ocrx_word' id='word_1_206' title='bbox 606 1947 789 1987; x_wconf 87' lang='lat' dir='ltr'>supplicavit</span> <span class='ocrx_word' id='word_1_207' title='bbox 808 1947 949 1976; x_wconf 87' lang='lat' dir='ltr'>dominus</span> <span class='ocrx_word' id='word_1_208' title='bbox 971 1946 1174 1985; x_wconf 87' lang='lat' dir='ltr'>Gyselbertus</span> <span class='ocrx_word' id='word_1_209' title='bbox 1195 1947 1232 1976; x_wconf 89' lang='lat' dir='ltr'>de</span> <span class='ocrx_word' id='word_1_210' title='bbox 1251 1947 1375 1976; x_wconf 88' lang='lat' dir='ltr'>Narden</span> 
     </span>
     <span class='ocr_line' id='line_1_33' title="bbox 475 1995 1372 2035; baseline 0 -10"><span class='ocrx_word' id='word_1_211' title='bbox 475 1997 652 2026; x_wconf 87' lang='lat' dir='ltr'>licenciatus</span> <span class='ocrx_word' id='word_1_212' title='bbox 664 2007 720 2035; x_wconf 87' lang='lat' dir='ltr'>pro</span> <span class='ocrx_word' id='word_1_213' title='bbox 736 1996 926 2025; x_wconf 81' lang='lat' dir='ltr'>remittendis</span> <span class='ocrx_word' id='word_1_214' title='bbox 939 1995 997 2024; x_wconf 91' lang='lat' dir='ltr'>sibi</span> <span class='ocrx_word' id='word_1_215' title='bbox 1013 1995 1117 2024; x_wconf 89' lang='lat' dir='ltr'>bursis</span> <span class='ocrx_word' id='word_1_216' title='bbox 1128 1997 1165 2024; x_wconf 90' lang='lat' dir='ltr'>de</span> <span class='ocrx_word' id='word_1_217' title='bbox 1177 1996 1372 2035; x_wconf 80' lang='lat' dir='ltr'>incepcione3</span> 
     </span>
     <span class='ocr_line' id='line_1_34' title="bbox 476 2044 1184 2074; baseline -0.001 0"><span class='ocrx_word' id='word_1_218' title='bbox 476 2052 505 2074; x_wconf 92' lang='lat' dir='ltr'>et</span> <span class='ocrx_word' id='word_1_219' title='bbox 520 2055 666 2074; x_wconf 84' lang='lat' dir='ltr'>concesse</span> <span class='ocrx_word' id='word_1_220' title='bbox 682 2046 802 2074; x_wconf 89' lang='lat' dir='ltr'>fuerunt</span> <span class='ocrx_word' id='word_1_221' title='bbox 817 2045 876 2073; x_wconf 92' lang='lat' dir='ltr'>sibi</span> <span class='ocrx_word' id='word_1_222' title='bbox 893 2044 975 2073; x_wconf 90' lang='lat' dir='ltr'>nullo</span> <span class='ocrx_word' id='word_1_223' title='bbox 991 2044 1184 2073; x_wconf 86' lang='lat' dir='ltr'>reclamante.</span> 
     </span>
    </p>

    <p class='ocr_par' dir='ltr' id='par_1_11' title="bbox 475 2093 1377 2279">
     <span class='ocr_line' id='line_1_35' title="bbox 516 2093 1375 2132; baseline -0.001 -9"><span class='ocrx_word' id='word_1_224' title='bbox 516 2094 589 2123; x_wconf 84' lang='lat' dir='ltr'>Item</span> <span class='ocrx_word' id='word_1_225' title='bbox 611 2100 752 2122; x_wconf 86' lang='lat' dir='ltr'>statutum</span> <span class='ocrx_word' id='word_1_226' title='bbox 772 2094 826 2122; x_wconf 90' lang='lat' dir='ltr'>fuit</span> <span class='ocrx_word' id='word_1_227' title='bbox 842 2093 891 2122; x_wconf 92' lang='lat' dir='ltr'>die</span> <span class='ocrx_word' id='word_1_228' title='bbox 907 2094 944 2122; x_wconf 88' lang='lat'>23</span> <span class='ocrx_word' id='word_1_229' title='bbox 963 2093 1168 2132; x_wconf 84' lang='lat' dir='ltr'>Septembris,</span> <span class='ocrx_word' id='word_1_230' title='bbox 1187 2094 1267 2132; x_wconf 88' lang='lat' dir='ltr'>quod</span> <span class='ocrx_word' id='word_1_231' title='bbox 1286 2093 1375 2132; x_wconf 92' lang='lat' dir='ltr'>quili-</span> 
     </span>
     <span class='ocr_line' id='line_1_36' title="bbox 476 2142 1375 2181; baseline 0 -10"><span class='ocrx_word' id='word_1_232' title='bbox 476 2144 526 2172; x_wconf 87' lang='lat' dir='ltr'>bet</span> <span class='ocrx_word' id='word_1_233' title='bbox 539 2144 575 2171; x_wconf 86' lang='lat' dir='ltr'>ad</span> <span class='ocrx_word' id='word_1_234' title='bbox 586 2143 716 2181; x_wconf 85' lang='lat' dir='ltr'>aliquem</span> <span class='ocrx_word' id='word_1_235' title='bbox 730 2149 827 2171; x_wconf 86' lang='lat' dir='ltr'>actum</span> <span class='ocrx_word' id='word_1_236' title='bbox 841 2142 1014 2181; x_wconf 90' lang='lat' dir='ltr'>procedens</span> <span class='ocrx_word' id='word_1_237' title='bbox 1025 2143 1111 2170; x_wconf 89' lang='lat' dir='ltr'>daret</span> <span class='ocrx_word' id='word_1_238' title='bbox 1121 2153 1176 2181; x_wconf 89' lang='lat' dir='ltr'>pro</span> <span class='ocrx_word' id='word_1_239' title='bbox 1188 2149 1273 2171; x_wconf 88' lang='lat' dir='ltr'>sexta</span> <span class='ocrx_word' id='word_1_240' title='bbox 1284 2143 1375 2171; x_wconf 90' lang='lat' dir='ltr'>bursa</span> 
     </span>
     <span class='ocr_line' id='line_1_37' title="bbox 475 2190 1377 2231; baseline 0 -11"><span class='ocrx_word' id='word_1_241' title='bbox 475 2193 493 2220; x_wconf 86' lang='lat'>5</span> <span class='ocrx_word' id='word_1_242' title='bbox 519 2201 648 2231; x_wconf 85' lang='lat' dir='ltr'>grossos</span> <span class='ocrx_word' id='word_1_243' title='bbox 678 2190 873 2229; x_wconf 86' lang='lat' dir='ltr'>Philippinos</span> <span class='ocrx_word' id='word_1_244' title='bbox 902 2200 957 2229; x_wconf 89' lang='lat' dir='ltr'>pro</span> <span class='ocrx_word' id='word_1_245' title='bbox 984 2190 1036 2219; x_wconf 90' lang='lat' dir='ltr'>lite</span> <span class='ocrx_word' id='word_1_246' title='bbox 1060 2190 1140 2219; x_wconf 90' lang='lat' dir='ltr'>inter</span> <span class='ocrx_word' id='word_1_247' title='bbox 1161 2191 1322 2231; x_wconf 85' lang='lat' dir='ltr'>theologos</span> <span class='ocrx_word' id='word_1_248' title='bbox 1348 2198 1377 2220; x_wconf 91' lang='lat' dir='ltr'>et</span> 
     </span>
     <span class='ocr_line' id='line_1_38' title="bbox 477 2239 1374 2279; baseline 0 -10"><span class='ocrx_word' id='word_1_249' title='bbox 477 2240 645 2269; x_wconf 84' lang='lat' dir='ltr'>facultatem</span> <span class='ocrx_word' id='word_1_250' title='bbox 661 2246 795 2268; x_wconf 89' lang='lat' dir='ltr'>nostram</span> <span class='ocrx_word' id='word_1_251' title='bbox 806 2239 996 2268; x_wconf 88' lang='lat' dir='ltr'>solummodo</span> <span class='ocrx_word' id='word_1_252' title='bbox 1006 2249 1060 2278; x_wconf 86' lang='lat' dir='ltr'>per</span> <span class='ocrx_word' id='word_1_253' title='bbox 1071 2250 1181 2268; x_wconf 87' lang='lat' dir='ltr'>annum</span> <span class='ocrx_word' id='word_1_254' title='bbox 1193 2241 1374 2279; x_wconf 89' lang='lat' dir='ltr'>predictum.</span> 
     </span>
    </p>

    <p class='ocr_par' dir='ltr' id='par_1_12' title="bbox 476 2288 1377 2415">
     <span class='ocr_line' id='line_1_39' title="bbox 517 2288 1377 2327; baseline 0.002 -10"><span class='ocrx_word' id='word_1_255' title='bbox 517 2289 590 2318; x_wconf 89' lang='lat' dir='ltr'>Item</span> <span class='ocrx_word' id='word_1_256' title='bbox 613 2289 772 2317; x_wconf 87' lang='lat' dir='ltr'>tenebatur</span> <span class='ocrx_word' id='word_1_257' title='bbox 789 2288 876 2316; x_wconf 89' lang='lat' dir='ltr'>nacio</span> <span class='ocrx_word' id='word_1_258' title='bbox 897 2294 1002 2316; x_wconf 87' lang='lat' dir='ltr'>nostra</span> <span class='ocrx_word' id='word_1_259' title='bbox 1022 2289 1169 2327; x_wconf 84' lang='lat' dir='ltr'>magistro</span> <span class='ocrx_word' id='word_1_260' title='bbox 1188 2289 1321 2318; x_wconf 90' lang='lat' dir='ltr'>Henrico</span> <span class='ocrx_word' id='word_1_261' title='bbox 1339 2290 1377 2319; x_wconf 87' lang='lat' dir='ltr'>de</span> 
     </span>
     <span class='ocr_line' id='line_1_40' title="bbox 478 2335 1377 2376; baseline 0 -10"><span class='ocrx_word' id='word_1_262' title='bbox 478 2338 614 2376; x_wconf 89' lang='lat' dir='ltr'>Kempen</span> <span class='ocrx_word' id='word_1_263' title='bbox 635 2336 742 2365; x_wconf 87' lang='lat' dir='ltr'>libram</span> <span class='ocrx_word' id='word_1_264' title='bbox 754 2359 760 2371; x_wconf 91' lang='lat'>,</span> <span class='ocrx_word' id='word_1_265' title='bbox 778 2347 814 2365; x_wconf 92' lang='lat' dir='ltr'>eo</span> <span class='ocrx_word' id='word_1_266' title='bbox 835 2337 915 2375; x_wconf 91' lang='lat' dir='ltr'>quod</span> <span class='ocrx_word' id='word_1_267' title='bbox 938 2335 995 2365; x_wconf 89' lang='lat' dir='ltr'>fuit</span> <span class='ocrx_word' id='word_1_268' title='bbox 1016 2343 1197 2375; x_wconf 85' lang='lat' dir='ltr'>procurator</span> <span class='ocrx_word' id='word_1_269' title='bbox 1215 2348 1271 2376; x_wconf 92' lang='lat' dir='ltr'>per</span> <span class='ocrx_word' id='word_1_270' title='bbox 1288 2348 1377 2366; x_wconf 90' lang='lat' dir='ltr'>vaca-</span> 
     </span>
     <span class='ocr_line' id='line_1_41' title="bbox 476 2386 591 2415; baseline -0.009 0"><span class='ocrx_word' id='word_1_271' title='bbox 476 2386 591 2415; x_wconf 90' lang='lat' dir='ltr'>ciones.</span> 
     </span>
    </p>

    <p class='ocr_par' dir='ltr' id='par_1_13' title="bbox 479 2432 1376 2522">
     <span class='ocr_line' id='line_1_42' title="bbox 519 2432 1376 2472; baseline 0.001 -9"><span class='ocrx_word' id='word_1_272' title='bbox 519 2435 591 2463; x_wconf 91' lang='lat' dir='ltr'>ltem</span> <span class='ocrx_word' id='word_1_273' title='bbox 627 2434 741 2472; x_wconf 88' lang='lat' dir='ltr'>incepit</span> <span class='ocrx_word' id='word_1_274' title='bbox 770 2433 911 2462; x_wconf 90' lang='lat' dir='ltr'>dominus</span> <span class='ocrx_word' id='word_1_275' title='bbox 939 2432 1143 2472; x_wconf 87' lang='lat' dir='ltr'>Gysolbertus</span> <span class='ocrx_word' id='word_1_276' title='bbox 1175 2435 1211 2463; x_wconf 91' lang='lat' dir='ltr'>de</span> <span class='ocrx_word' id='word_1_277' title='bbox 1243 2435 1376 2471; x_wconf 89' lang='lat' dir='ltr'>Narden,</span> 
     </span>
     <span class='ocr_line' id='line_1_43' title="bbox 479 2481 815 2522; baseline -0.006 -10"><span class='ocrx_word' id='word_1_278' title='bbox 479 2482 564 2522; x_wconf 86' lang='lat' dir='ltr'>cujus</span> <span class='ocrx_word' id='word_1_279' title='bbox 580 2484 673 2512; x_wconf 89' lang='lat' dir='ltr'>bursa</span> <span class='ocrx_word' id='word_1_280' title='bbox 691 2481 815 2511; x_wconf 56' lang='lat' dir='ltr'>nichilss.</span> 
     </span>
    </p>
   </div>
   <div class='ocr_carea' id='block_1_3' title="bbox 519 2535 1337 2641">
    <p class='ocr_par' dir='ltr' id='par_1_14' title="bbox 519 2535 1337 2641">
     <span class='ocr_line' id='line_1_44' title="bbox 883 2535 978 2564; baseline 0.011 -1"><span class='ocrx_word' id='word_1_281' title='bbox 883 2535 978 2564; x_wconf 84' lang='lat'>1359</span> 
     </span>
     <span class='ocr_line' id='line_1_45' title="bbox 519 2602 1337 2641; baseline 0.001 -11"><span class='ocrx_word' id='word_1_282' title='bbox 519 2602 666 2641; x_wconf 57' lang='lat' dir='ltr'>(abhas).</span> <span class='ocrx_word' id='word_1_283' title='bbox 691 2602 950 2631; x_wconf 86' lang='lat' dir='ltr'>Theodericus</span> <span class='ocrx_word' id='word_1_284' title='bbox 985 2602 1115 2640; x_wconf 88' lang='lat' dir='ltr'>Dystel</span> <span class='ocrx_word' id='word_1_285' title='bbox 1153 2603 1193 2631; x_wconf 92' lang='lat' dir='ltr'>de</span> <span class='ocrx_word' id='word_1_286' title='bbox 1225 2602 1337 2631; x_wconf 81' lang='lat' dir='ltr'>Unna.</span> 
     </span>
    </p>
   </div>
   <div class='ocr_carea' id='block_1_4' title="bbox 478 2677 1378 2765">
    <p class='ocr_par' dir='ltr' id='par_1_15' title="bbox 478 2677 1378 2765">
     <span class='ocr_line' id='line_1_46' title="bbox 518 2677 1377 2717; baseline 0.001 -11"><span class='ocrx_word' id='word_1_287' title='bbox 518 2678 606 2706; x_wconf 89' lang='lat' dir='ltr'>Anno</span> <span class='ocrx_word' id='word_1_288' title='bbox 632 2677 755 2706; x_wconf 88' lang='lat' dir='ltr'>Domini</span> <span class='ocrx_word' id='word_1_289' title='bbox 780 2678 867 2711; x_wconf 78' lang='lat'>1359,</span> <span class='ocrx_word' id='word_1_290' title='bbox 889 2677 937 2706; x_wconf 90' lang='lat' dir='ltr'>die</span> <span class='ocrx_word' id='word_1_291' title='bbox 953 2677 991 2706; x_wconf 91' lang='lat'>23</span> <span class='ocrx_word' id='word_1_292' title='bbox 1006 2683 1017 2696; x_wconf 75' lang='lat'>⁸</span> <span class='ocrx_word' id='word_1_293' title='bbox 1043 2677 1157 2706; x_wconf 86' lang='lat' dir='ltr'>mensis</span> <span class='ocrx_word' id='word_1_294' title='bbox 1176 2677 1377 2717; x_wconf 83' lang='lat' dir='ltr'>Septembris,</span> 
     </span>
     <span class='ocr_line' id='line_1_47' title="bbox 478 2725 1378 2765; baseline 0.002 -11"><span class='ocrx_word' id='word_1_295' title='bbox 478 2726 554 2755; x_wconf 82' lang='lat' dir='ltr'>facta</span> <span class='ocrx_word' id='word_1_296' title='bbox 572 2726 814 2765; x_wconf 79' lang='lat' dir='ltr'>congregacione</span> <span class='ocrx_word' id='word_1_297' title='bbox 830 2725 978 2755; x_wconf 83' lang='lat' dir='ltr'>facultatis</span> <span class='ocrx_word' id='word_1_298' title='bbox 994 2726 1107 2754; x_wconf 89' lang='lat' dir='ltr'>arcium</span> <span class='ocrx_word' id='word_1_299' title='bbox 1126 2727 1162 2754; x_wconf 87' lang='lat' dir='ltr'>ad</span> <span class='ocrx_word' id='word_1_300' title='bbox 1175 2727 1378 2763; x_wconf 90' lang='lat' dir='ltr'>statuendum,</span> 
     </span>
    </p>
   </div>
   <div class='ocr_carea' id='block_1_5' title="bbox 510 2853 1042 2955">
    <p class='ocr_par' dir='ltr' id='par_1_16' title="bbox 510 2853 1042 2955">
     <span class='ocr_line' id='line_1_48' title="bbox 511 2853 1033 2884; baseline 0.002 -9"><span class='ocrx_word' id='word_1_301' title='bbox 511 2853 532 2877; x_wconf 90' lang='lat'>1.</span> <span class='ocrx_word' id='word_1_302' title='bbox 567 2853 658 2876; x_wconf 82' lang='lat' dir='ltr'>Item...</span> <span class='ocrx_word' id='word_1_303' title='bbox 672 2853 759 2876; x_wconf 84' lang='lat' dir='ltr'>nescio</span> <span class='ocrx_word' id='word_1_304' title='bbox 767 2855 858 2884; x_wconf 70' lang='lat' dir='ltr'>postea</span> <span class='ocrx_word' id='word_1_305' title='bbox 871 2853 954 2877; x_wconf 76' lang='lat' dir='ltr'>deleta</span> <span class='ocrx_word' id='word_1_306' title='bbox 967 2856 1033 2877; x_wconf 73' lang='lat' dir='ltr'>sunt.</span> 
     </span>
     <span class='ocr_line' id='line_1_49' title="bbox 510 2888 1042 2920; baseline 0.002 -9"><span class='ocrx_word' id='word_1_307' title='bbox 510 2889 530 2911; x_wconf 90' lang='lat'>2.</span> <span class='ocrx_word' id='word_1_308' title='bbox 570 2888 623 2911; x_wconf 82' lang='lat' dir='ltr'>Vid.</span> <span class='ocrx_word' id='word_1_309' title='bbox 637 2897 714 2920; x_wconf 67' lang='lat' dir='ltr'>supra</span> <span class='ocrx_word' id='word_1_310' title='bbox 726 2889 761 2911; x_wconf 84' lang='lat' dir='ltr'>ad</span> <span class='ocrx_word' id='word_1_311' title='bbox 773 2897 815 2912; x_wconf 86' lang='lat' dir='ltr'>an.</span> <span class='ocrx_word' id='word_1_312' title='bbox 830 2890 899 2917; x_wconf 81' lang='lat'>1333,</span> <span class='ocrx_word' id='word_1_313' title='bbox 914 2897 939 2920; x_wconf 86' lang='lat' dir='ltr'>p.</span> <span class='ocrx_word' id='word_1_314' title='bbox 954 2889 990 2918; x_wconf 81' lang='lat'>15,</span> <span class='ocrx_word' id='word_1_315' title='bbox 1005 2890 1042 2912; x_wconf 79' lang='lat'>21.</span> 
     </span>
     <span class='ocr_line' id='line_1_50' title="bbox 511 2923 814 2955; baseline 0.003 -9"><span class='ocrx_word' id='word_1_316' title='bbox 511 2924 534 2946; x_wconf 84' lang='lat'>3.</span> <span class='ocrx_word' id='word_1_317' title='bbox 570 2925 665 2947; x_wconf 77' lang='lat' dir='ltr'>Contra</span> <span class='ocrx_word' id='word_1_318' title='bbox 678 2923 814 2955; x_wconf 69' lang='lat' dir='ltr'>theologos.</span> 
     </span>
    </p>
   </div>
   <div class='ocr_carea' id='block_1_6' title="bbox 1016 405 1849 438">
    <p class='ocr_par' dir='ltr' id='par_1_17' title="bbox 1016 405 1849 438">
     <span class='ocr_line' id='line_1_51' title="bbox 1016 405 1849 438; baseline -0.008 0"><span class='ocrx_word' id='word_1_319' title='bbox 1016 410 1237 438; x_wconf 83' lang='lat' dir='ltr'>AUCTARIUM</span> <span class='ocrx_word' id='word_1_320' title='bbox 1259 407 1516 435; x_wconf 84' lang='lat' dir='ltr'>CHARTULARII</span> <span class='ocrx_word' id='word_1_321' title='bbox 1537 406 1710 433; x_wconf 83' lang='lat' dir='ltr'>UNIVERS.</span> <span class='ocrx_word' id='word_1_322' title='bbox 1732 405 1849 432; x_wconf 79' lang='lat' dir='ltr'>PARIS.</span> 
     </span>
    </p>
   </div>
   <div class='ocr_carea' id='block_1_7' title="bbox 1410 927 1443 952">
    <p class='ocr_par' dir='ltr' id='par_1_18' title="bbox 1410 927 1443 952">
     <span class='ocr_line' id='line_1_52' title="bbox 1410 927 1443 952; baseline 0 0"><span class='ocrx_word' id='word_1_323' title='bbox 1410 927 1443 952; x_wconf 84' lang='lat'>10</span> 
     </span>
    </p>
   </div>
   <div class='ocr_carea' id='block_1_8' title="bbox 1410 1170 1443 1196">
    <p class='ocr_par' dir='ltr' id='par_1_19' title="bbox 1410 1170 1443 1196">
     <span class='ocr_line' id='line_1_53' title="bbox 1410 1170 1443 1196; baseline 0 0"><span class='ocrx_word' id='word_1_324' title='bbox 1410 1170 1443 1196; x_wconf 87' lang='lat'>15</span> 
     </span>
    </p>
   </div>
   <div class='ocr_carea' id='block_1_9' title="bbox 1410 1416 1443 1441">
    <p class='ocr_par' dir='ltr' id='par_1_20' title="bbox 1410 1416 1443 1441">
     <span class='ocr_line' id='line_1_54' title="bbox 1410 1416 1443 1441; baseline 0 0"><span class='ocrx_word' id='word_1_325' title='bbox 1410 1416 1443 1441; x_wconf 79' lang='lat'>20</span> 
     </span>
    </p>
   </div>
   <div class='ocr_carea' id='block_1_10' title="bbox 1411 1661 1444 1687">
    <p class='ocr_par' dir='ltr' id='par_1_21' title="bbox 1411 1661 1444 1687">
     <span class='ocr_line' id='line_1_55' title="bbox 1411 1661 1444 1687; baseline 0.03 -1"><span class='ocrx_word' id='word_1_326' title='bbox 1411 1661 1444 1687; x_wconf 85' lang='lat'>25</span> 
     </span>
    </p>
   </div>
   <div class='ocr_carea' id='block_1_11' title="bbox 1412 1906 1446 1932">
    <p class='ocr_par' dir='ltr' id='par_1_22' title="bbox 1412 1906 1446 1932">
     <span class='ocr_line' id='line_1_56' title="bbox 1412 1906 1446 1932; baseline 0 0"><span class='ocrx_word' id='word_1_327' title='bbox 1412 1906 1446 1932; x_wconf 91' lang='grc'>30</span> 
     </span>
    </p>
   </div>
   <div class='ocr_carea' id='block_1_12' title="bbox 1413 2151 1447 2177">
    <p class='ocr_par' dir='ltr' id='par_1_23' title="bbox 1413 2151 1447 2177">
     <span class='ocr_line' id='line_1_57' title="bbox 1413 2151 1447 2177; baseline -0.029 0"><span class='ocrx_word' id='word_1_328' title='bbox 1413 2151 1447 2177; x_wconf 88' lang='grc'>35</span> 
     </span>
    </p>
   </div>
   <div class='ocr_carea' id='block_1_13' title="bbox 1415 2395 1448 2421">
    <p class='ocr_par' dir='ltr' id='par_1_24' title="bbox 1415 2395 1448 2421">
     <span class='ocr_line' id='line_1_58' title="bbox 1415 2395 1448 2421; baseline 0.03 -1"><span class='ocrx_word' id='word_1_329' title='bbox 1415 2395 1448 2421; x_wconf 81' lang='lat'>40</span> 
     </span>
    </p>
   </div>
   <div class='ocr_carea' id='block_1_14' title="bbox 1416 2639 1450 2665">
    <p class='ocr_par' dir='ltr' id='par_1_25' title="bbox 1416 2639 1450 2665">
     <span class='ocr_line' id='line_1_59' title="bbox 1416 2639 1450 2665; baseline 0.029 -1"><span class='ocrx_word' id='word_1_330' title='bbox 1416 2639 1450 2665; x_wconf 81' lang='lat'>45</span> 
     </span>
    </p>
   </div>
   <div class='ocr_carea' id='block_1_15' title="bbox 2333 405 2385 435">
    <p class='ocr_par' dir='ltr' id='par_1_26' title="bbox 2333 405 2385 435">
     <span class='ocr_line' id='line_1_60' title="bbox 2333 405 2385 435; baseline 0.058 -3"><span class='ocrx_word' id='word_1_331' title='bbox 2333 405 2385 435; x_wconf 80' lang='lat'>252</span> 
     </span>
    </p>
   </div>
   <div class='ocr_carea' id='block_1_16' title="bbox 1478 480 2413 2612">
    <p class='ocr_par' dir='ltr' id='par_1_27' title="bbox 1478 480 2389 863">
     <span class='ocr_line' id='line_1_61' title="bbox 1478 480 2388 520; baseline 0 -8"><span class='ocrx_word' id='word_1_332' title='bbox 1478 489 1507 511; x_wconf 87' lang='lat' dir='ltr'>et</span> <span class='ocrx_word' id='word_1_333' title='bbox 1522 483 1612 512; x_wconf 86' lang='lat' dir='ltr'>etiam</span> <span class='ocrx_word' id='word_1_334' title='bbox 1625 481 1764 510; x_wconf 84' lang='lat' dir='ltr'>nacionis</span> <span class='ocrx_word' id='word_1_335' title='bbox 1777 480 1957 520; x_wconf 75' lang='lat' dir='ltr'>Anghcane,</span> <span class='ocrx_word' id='word_1_336' title='bbox 1968 480 1999 510; x_wconf 92' lang='lat' dir='ltr'>in</span> <span class='ocrx_word' id='word_1_337' title='bbox 2007 481 2117 520; x_wconf 87' lang='lat' dir='ltr'>primis</span> <span class='ocrx_word' id='word_1_338' title='bbox 2130 481 2243 511; x_wconf 83' lang='lat' dir='ltr'>Nostre</span> <span class='ocrx_word' id='word_1_339' title='bbox 2257 481 2388 512; x_wconf 81' lang='lat' dir='ltr'>Domine</span> 
     </span>
     <span class='ocr_line' id='line_1_62' title="bbox 1479 530 2387 570; baseline 0 -10"><span class='ocrx_word' id='word_1_340' title='bbox 1479 532 1516 560; x_wconf 91' lang='lat' dir='ltr'>ad</span> <span class='ocrx_word' id='word_1_341' title='bbox 1542 531 1686 560; x_wconf 90' lang='lat' dir='ltr'>Sanctum</span> <span class='ocrx_word' id='word_1_342' title='bbox 1711 530 1864 559; x_wconf 85' lang='lat' dir='ltr'>Julianum</span> <span class='ocrx_word' id='word_1_343' title='bbox 1891 540 2057 569; x_wconf 86' lang='lat' dir='ltr'>pauperem</span> <span class='ocrx_word' id='word_1_344' title='bbox 2081 530 2120 559; x_wconf 89' lang='lat' dir='ltr'>ad</span> <span class='ocrx_word' id='word_1_345' title='bbox 2141 530 2316 570; x_wconf 89' lang='lat' dir='ltr'>eligendum</span> <span class='ocrx_word' id='word_1_346' title='bbox 2338 530 2387 560; x_wconf 82' lang='lat' dir='ltr'>vel</span> 
     </span>
     <span class='ocr_line' id='line_1_63' title="bbox 1480 579 2386 618; baseline -0.001 -9"><span class='ocrx_word' id='word_1_347' title='bbox 1480 580 1717 609; x_wconf 88' lang='lat' dir='ltr'>continuandum</span> <span class='ocrx_word' id='word_1_348' title='bbox 1751 585 2000 618; x_wconf 85' lang='lat' dir='ltr'>procuratorem,</span> <span class='ocrx_word' id='word_1_349' title='bbox 2037 579 2237 618; x_wconf 84' lang='lat' dir='ltr'>congregatis</span> <span class='ocrx_word' id='word_1_350' title='bbox 2272 579 2386 609; x_wconf 87' lang='lat' dir='ltr'>ibidem</span> 
     </span>
     <span class='ocr_line' id='line_1_64' title="bbox 1479 626 2387 667; baseline 0.001 -10"><span class='ocrx_word' id='word_1_351' title='bbox 1479 629 1622 658; x_wconf 89' lang='lat' dir='ltr'>omnibus</span> <span class='ocrx_word' id='word_1_352' title='bbox 1642 627 1799 667; x_wconf 86' lang='lat' dir='ltr'>magistris</span> <span class='ocrx_word' id='word_1_353' title='bbox 1822 626 1958 666; x_wconf 89' lang='lat' dir='ltr'>ejusdem</span> <span class='ocrx_word' id='word_1_354' title='bbox 1979 627 2118 657; x_wconf 88' lang='lat' dir='ltr'>nacionis</span> <span class='ocrx_word' id='word_1_355' title='bbox 2139 634 2211 657; x_wconf 89' lang='lat' dir='ltr'>tunc</span> <span class='ocrx_word' id='word_1_356' title='bbox 2238 628 2387 667; x_wconf 73' lang='lat' dir='ltr'>Par-ysius</span> 
     </span>
     <span class='ocr_line' id='line_1_65' title="bbox 1479 676 2389 717; baseline 0 -11"><span class='ocrx_word' id='word_1_357' title='bbox 1479 677 1696 717; x_wconf 84' lang='lat' dir='ltr'>presentibus,</span> <span class='ocrx_word' id='word_1_358' title='bbox 1721 677 1836 706; x_wconf 87' lang='lat' dir='ltr'>electus</span> <span class='ocrx_word' id='word_1_359' title='bbox 1860 676 1914 705; x_wconf 90' lang='lat' dir='ltr'>fuit</span> <span class='ocrx_word' id='word_1_360' title='bbox 1933 676 1965 705; x_wconf 89' lang='lat' dir='ltr'>in</span> <span class='ocrx_word' id='word_1_361' title='bbox 1984 682 2216 716; x_wconf 85' lang='lat' dir='ltr'>procuratorem</span> <span class='ocrx_word' id='word_1_362' title='bbox 2241 677 2389 716; x_wconf 81' lang='lat' dir='ltr'>magister</span> 
     </span>
     <span class='ocr_line' id='line_1_66' title="bbox 1480 725 2388 764; baseline 0.001 -10"><span class='ocrx_word' id='word_1_363' title='bbox 1480 726 1690 755; x_wconf 85' lang='lat' dir='ltr'>Theodericus</span> <span class='ocrx_word' id='word_1_364' title='bbox 1723 726 1823 755; x_wconf 89' lang='lat' dir='ltr'>dictus</span> <span class='ocrx_word' id='word_1_365' title='bbox 1853 725 1963 764; x_wconf 83' lang='lat' dir='ltr'>Dystel</span> <span class='ocrx_word' id='word_1_366' title='bbox 1993 726 2032 754; x_wconf 90' lang='lat' dir='ltr'>de</span> <span class='ocrx_word' id='word_1_367' title='bbox 2059 725 2160 760; x_wconf 86' lang='lat' dir='ltr'>Unna,</span> <span class='ocrx_word' id='word_1_368' title='bbox 2189 725 2388 756; x_wconf 83' lang='lat' dir='ltr'>Coloniensis</span> 
     </span>
     <span class='ocr_line' id='line_1_67' title="bbox 1480 774 2388 814; baseline 0 -10"><span class='ocrx_word' id='word_1_369' title='bbox 1480 775 1634 814; x_wconf 90' lang='lat' dir='ltr'>dyocesis,</span> <span class='ocrx_word' id='word_1_370' title='bbox 1663 774 1805 804; x_wconf 91' lang='lat' dir='ltr'>omnibus</span> <span class='ocrx_word' id='word_1_371' title='bbox 1829 774 1987 814; x_wconf 84' lang='lat' dir='ltr'>magistris</span> <span class='ocrx_word' id='word_1_372' title='bbox 2011 774 2195 804; x_wconf 84' lang='lat' dir='ltr'>unanimiter</span> <span class='ocrx_word' id='word_1_373' title='bbox 2213 774 2388 804; x_wconf 80' lang='lat' dir='ltr'>assencien-</span> 
     </span>
     <span class='ocr_line' id='line_1_68' title="bbox 1479 822 2214 863; baseline 0 -11"><span class='ocrx_word' id='word_1_374' title='bbox 1479 824 1572 853; x_wconf 90' lang='lat' dir='ltr'>tibus.</span> <span class='ocrx_word' id='word_1_375' title='bbox 1592 824 1626 852; x_wconf 91' lang='lat' dir='ltr'>In</span> <span class='ocrx_word' id='word_1_376' title='bbox 1642 822 1728 863; x_wconf 86' lang='lat' dir='ltr'>cujus</span> <span class='ocrx_word' id='word_1_377' title='bbox 1746 823 1968 862; x_wconf 85' lang='lat' dir='ltr'>procuracione</span> <span class='ocrx_word' id='word_1_378' title='bbox 1985 823 2040 852; x_wconf 87' lang='lat' dir='ltr'>hec</span> <span class='ocrx_word' id='word_1_379' title='bbox 2052 829 2123 852; x_wconf 89' lang='lat' dir='ltr'>sunt</span> <span class='ocrx_word' id='word_1_380' title='bbox 2139 829 2214 852; x_wconf 85' lang='lat' dir='ltr'>acta.</span> 
     </span>
    </p>

    <p class='ocr_par' dir='ltr' id='par_1_28' title="bbox 1479 871 2389 1156">
     <span class='ocr_line' id='line_1_69' title="bbox 1520 871 2387 911; baseline 0 -10"><span class='ocrx_word' id='word_1_381' title='bbox 1520 873 1625 902; x_wconf 91' lang='lat' dir='ltr'>Primo</span> <span class='ocrx_word' id='word_1_382' title='bbox 1641 882 1746 901; x_wconf 86' lang='lat' dir='ltr'>omnes</span> <span class='ocrx_word' id='word_1_383' title='bbox 1761 872 1900 911; x_wconf 86' lang='lat' dir='ltr'>magistri</span> <span class='ocrx_word' id='word_1_384' title='bbox 1913 871 2050 911; x_wconf 89' lang='lat' dir='ltr'>ejusdem</span> <span class='ocrx_word' id='word_1_385' title='bbox 2064 872 2203 901; x_wconf 80' lang='lat' dir='ltr'>nacionis</span> <span class='ocrx_word' id='word_1_386' title='bbox 2218 873 2326 901; x_wconf 86' lang='lat' dir='ltr'>eodem</span> <span class='ocrx_word' id='word_1_387' title='bbox 2338 872 2387 901; x_wconf 89' lang='lat' dir='ltr'>die</span> 
     </span>
     <span class='ocr_line' id='line_1_70' title="bbox 1480 921 2387 956; baseline -0.001 -5"><span class='ocrx_word' id='word_1_388' title='bbox 1480 922 1602 951; x_wconf 90' lang='lat' dir='ltr'>fuerunt</span> <span class='ocrx_word' id='word_1_389' title='bbox 1622 921 1712 950; x_wconf 92' lang='lat' dir='ltr'>simul</span> <span class='ocrx_word' id='word_1_390' title='bbox 1733 922 1763 950; x_wconf 85' lang='lat' dir='ltr'>in</span> <span class='ocrx_word' id='word_1_391' title='bbox 1795 921 1877 949; x_wconf 81' lang='lat' dir='ltr'>bonis</span> <span class='ocrx_word' id='word_1_392' title='bbox 1906 922 1982 950; x_wconf 76' lang='lat' dir='ltr'>ediis</span> <span class='ocrx_word' id='word_1_393' title='bbox 2009 922 2047 950; x_wconf 87' lang='lat' dir='ltr'>de</span> <span class='ocrx_word' id='word_1_394' title='bbox 2075 931 2174 956; x_wconf 89' lang='lat' dir='ltr'>mane,</span> <span class='ocrx_word' id='word_1_395' title='bbox 2206 927 2236 950; x_wconf 89' lang='lat' dir='ltr'>et</span> <span class='ocrx_word' id='word_1_396' title='bbox 2262 931 2333 951; x_wconf 88' lang='lat' dir='ltr'>sero</span> <span class='ocrx_word' id='word_1_397' title='bbox 2356 921 2387 951; x_wconf 91' lang='lat' dir='ltr'>in</span> 
     </span>
     <span class='ocr_line' id='line_1_71' title="bbox 1480 970 2387 1009; baseline 0.002 -11"><span class='ocrx_word' id='word_1_398' title='bbox 1480 970 1606 999; x_wconf 81' lang='lat' dir='ltr'>taberna</span> <span class='ocrx_word' id='word_1_399' title='bbox 1626 971 1768 1009; x_wconf 77' lang='lat' dir='ltr'>angulari</span> <span class='ocrx_word' id='word_1_400' title='bbox 1788 971 1872 1008; x_wconf 82' lang='lat' dir='ltr'>apud</span> <span class='ocrx_word' id='word_1_401' title='bbox 1894 971 2033 999; x_wconf 82' lang='lat' dir='ltr'>Sanctum</span> <span class='ocrx_word' id='word_1_402' title='bbox 2058 972 2225 1005; x_wconf 78' lang='lat' dir='ltr'>Julianum,</span> <span class='ocrx_word' id='word_1_403' title='bbox 2254 976 2284 1000; x_wconf 85' lang='lat' dir='ltr'>et</span> <span class='ocrx_word' id='word_1_404' title='bbox 2307 970 2387 1000; x_wconf 87' lang='lat' dir='ltr'>idem</span> 
     </span>
     <span class='ocr_line' id='line_1_72' title="bbox 1480 1018 2388 1058; baseline -0.001 -10"><span class='ocrx_word' id='word_1_405' title='bbox 1480 1019 1595 1048; x_wconf 87' lang='lat' dir='ltr'>electus</span> <span class='ocrx_word' id='word_1_406' title='bbox 1609 1025 1704 1048; x_wconf 91' lang='lat' dir='ltr'>totum</span> <span class='ocrx_word' id='word_1_407' title='bbox 1719 1025 1824 1058; x_wconf 88' lang='lat' dir='ltr'>preter</span> <span class='ocrx_word' id='word_1_408' title='bbox 1837 1028 1902 1048; x_wconf 85' lang='lat' dir='ltr'>rem</span> <span class='ocrx_word' id='word_1_409' title='bbox 1917 1019 2067 1048; x_wconf 89' lang='lat' dir='ltr'>modicam</span> <span class='ocrx_word' id='word_1_410' title='bbox 2080 1018 2241 1058; x_wconf 85' lang='lat' dir='ltr'>persolvit,</span> <span class='ocrx_word' id='word_1_411' title='bbox 2256 1029 2313 1058; x_wconf 91' lang='lat' dir='ltr'>pro</span> <span class='ocrx_word' id='word_1_412' title='bbox 2326 1029 2388 1058; x_wconf 86' lang='lat' dir='ltr'>quo</span> 
     </span>
     <span class='ocr_line' id='line_1_73' title="bbox 1480 1067 2389 1108; baseline 0 -12"><span class='ocrx_word' id='word_1_413' title='bbox 1480 1068 1619 1108; x_wconf 83' lang='lat' dir='ltr'>magistri</span> <span class='ocrx_word' id='word_1_414' title='bbox 1647 1078 1753 1097; x_wconf 90' lang='lat' dir='ltr'>omnes</span> <span class='ocrx_word' id='word_1_415' title='bbox 1775 1067 1876 1107; x_wconf 89' lang='lat' dir='ltr'>ipsum</span> <span class='ocrx_word' id='word_1_416' title='bbox 1901 1067 2086 1096; x_wconf 87' lang='lat' dir='ltr'>unanimiter</span> <span class='ocrx_word' id='word_1_417' title='bbox 2105 1068 2142 1096; x_wconf 88' lang='lat' dir='ltr'>de</span> <span class='ocrx_word' id='word_1_418' title='bbox 2168 1067 2309 1107; x_wconf 87' lang='lat' dir='ltr'>propinis</span> <span class='ocrx_word' id='word_1_419' title='bbox 2331 1077 2389 1107; x_wconf 83' lang='lat' dir='ltr'>per</span> 
     </span>
     <span class='ocr_line' id='line_1_74' title="bbox 1479 1117 2096 1156; baseline -0.002 -10"><span class='ocrx_word' id='word_1_420' title='bbox 1479 1117 1620 1146; x_wconf 85' lang='lat' dir='ltr'>novicios</span> <span class='ocrx_word' id='word_1_421' title='bbox 1635 1117 1702 1146; x_wconf 85' lang='lat' dir='ltr'>fieri</span> <span class='ocrx_word' id='word_1_422' title='bbox 1719 1117 1877 1146; x_wconf 85' lang='lat' dir='ltr'>consuetis</span> <span class='ocrx_word' id='word_1_423' title='bbox 1890 1117 2096 1156; x_wconf 89' lang='lat' dir='ltr'>quitaverunt.</span> 
     </span>
    </p>

    <p class='ocr_par' dir='ltr' id='par_1_29' title="bbox 1479 1164 2389 1497">
     <span class='ocr_line' id='line_1_75' title="bbox 1521 1164 2389 1206; baseline 0 -11"><span class='ocrx_word' id='word_1_424' title='bbox 1521 1166 1595 1195; x_wconf 81' lang='lat' dir='ltr'>Item</span> <span class='ocrx_word' id='word_1_425' title='bbox 1614 1167 1665 1195; x_wconf 85' lang='lat'>26⁰</span> <span class='ocrx_word' id='word_1_426' title='bbox 1683 1165 1731 1194; x_wconf 91' lang='lat' dir='ltr'>die</span> <span class='ocrx_word' id='word_1_427' title='bbox 1753 1164 1890 1205; x_wconf 90' lang='lat' dir='ltr'>ejusdem</span> <span class='ocrx_word' id='word_1_428' title='bbox 1906 1165 2020 1195; x_wconf 89' lang='lat' dir='ltr'>mensis</span> <span class='ocrx_word' id='word_1_429' title='bbox 2036 1165 2152 1195; x_wconf 89' lang='lat' dir='ltr'>electus</span> <span class='ocrx_word' id='word_1_430' title='bbox 2168 1166 2224 1195; x_wconf 79' lang='lat' dir='ltr'>suit</span> <span class='ocrx_word' id='word_1_431' title='bbox 2241 1166 2389 1206; x_wconf 84' lang='lat' dir='ltr'>magister</span> 
     </span>
     <span class='ocr_line' id='line_1_76' title="bbox 1479 1214 2386 1254; baseline 0.001 -11"><span class='ocrx_word' id='word_1_432' title='bbox 1479 1215 1635 1244; x_wconf 88' lang='lat' dir='ltr'>Johannes</span> <span class='ocrx_word' id='word_1_433' title='bbox 1652 1214 1748 1250; x_wconf 89' lang='lat' dir='ltr'>Ance,</span> <span class='ocrx_word' id='word_1_434' title='bbox 1765 1221 1896 1254; x_wconf 83' lang='lat' dir='ltr'>protunc</span> <span class='ocrx_word' id='word_1_435' title='bbox 1912 1220 2054 1254; x_wconf 89' lang='lat' dir='ltr'>receptor</span> <span class='ocrx_word' id='word_1_436' title='bbox 2068 1215 2207 1244; x_wconf 82' lang='lat' dir='ltr'>nacionis</span> <span class='ocrx_word' id='word_1_437' title='bbox 2218 1214 2386 1251; x_wconf 84' lang='lat' dir='ltr'>Gallicane,</span> 
     </span>
     <span class='ocr_line' id='line_1_77' title="bbox 1480 1263 2388 1303; baseline 0.001 -10"><span class='ocrx_word' id='word_1_438' title='bbox 1480 1265 1515 1293; x_wconf 87' lang='lat' dir='ltr'>ad</span> <span class='ocrx_word' id='word_1_439' title='bbox 1533 1263 1742 1303; x_wconf 88' lang='lat' dir='ltr'>recipiendum</span> <span class='ocrx_word' id='word_1_440' title='bbox 1753 1270 1869 1293; x_wconf 89' lang='lat' dir='ltr'>sextam</span> <span class='ocrx_word' id='word_1_441' title='bbox 1885 1264 2021 1298; x_wconf 88' lang='lat' dir='ltr'>bursam,</span> <span class='ocrx_word' id='word_1_442' title='bbox 2039 1263 2077 1292; x_wconf 90' lang='lat' dir='ltr'>de</span> <span class='ocrx_word' id='word_1_443' title='bbox 2093 1274 2153 1302; x_wconf 91' lang='lat' dir='ltr'>qua</span> <span class='ocrx_word' id='word_1_444' title='bbox 2165 1264 2196 1292; x_wconf 91' lang='lat' dir='ltr'>in</span> <span class='ocrx_word' id='word_1_445' title='bbox 2209 1264 2388 1303; x_wconf 86' lang='lat' dir='ltr'>precedenti</span> 
     </span>
     <span class='ocr_line' id='line_1_78' title="bbox 1479 1312 2388 1353; baseline 0 -11"><span class='ocrx_word' id='word_1_446' title='bbox 1479 1313 1701 1353; x_wconf 89' lang='lat' dir='ltr'>procuracione</span> <span class='ocrx_word' id='word_1_447' title='bbox 1720 1312 1869 1351; x_wconf 88' lang='lat' dir='ltr'>scriptum</span> <span class='ocrx_word' id='word_1_448' title='bbox 1881 1318 1938 1347; x_wconf 87' lang='lat' dir='ltr'>est,</span> <span class='ocrx_word' id='word_1_449' title='bbox 1958 1318 1988 1342; x_wconf 92' lang='lat' dir='ltr'>et</span> <span class='ocrx_word' id='word_1_450' title='bbox 2002 1312 2151 1351; x_wconf 88' lang='lat' dir='ltr'>obligavit</span> <span class='ocrx_word' id='word_1_451' title='bbox 2164 1323 2197 1342; x_wconf 90' lang='lat' dir='ltr'>se</span> <span class='ocrx_word' id='word_1_452' title='bbox 2213 1313 2301 1342; x_wconf 83' lang='lat' dir='ltr'>nacio</span> <span class='ocrx_word' id='word_1_453' title='bbox 2318 1312 2388 1342; x_wconf 83' lang='lat' dir='ltr'>Gal-</span> 
     </span>
     <span class='ocr_line' id='line_1_79' title="bbox 1479 1359 2388 1400; baseline 0 -12"><span class='ocrx_word' id='word_1_454' title='bbox 1479 1360 1579 1389; x_wconf 91' lang='lat' dir='ltr'>licana</span> <span class='ocrx_word' id='word_1_455' title='bbox 1594 1360 1632 1388; x_wconf 91' lang='lat' dir='ltr'>ad</span> <span class='ocrx_word' id='word_1_456' title='bbox 1648 1360 1788 1389; x_wconf 89' lang='lat' dir='ltr'>standum</span> <span class='ocrx_word' id='word_1_457' title='bbox 1805 1365 1833 1388; x_wconf 87' lang='lat' dir='ltr'>et</span> <span class='ocrx_word' id='word_1_458' title='bbox 1849 1359 2097 1388; x_wconf 85' lang='lat' dir='ltr'>satisfaciendum</span> <span class='ocrx_word' id='word_1_459' title='bbox 2113 1369 2171 1398; x_wconf 91' lang='lat' dir='ltr'>pro</span> <span class='ocrx_word' id='word_1_460' title='bbox 2189 1359 2271 1388; x_wconf 91' lang='lat' dir='ltr'>dicto</span> <span class='ocrx_word' id='word_1_461' title='bbox 2289 1359 2388 1400; x_wconf 85' lang='lat' dir='ltr'>magi-</span> 
     </span>
     <span class='ocr_line' id='line_1_80' title="bbox 1481 1408 2388 1448; baseline 0 -10"><span class='ocrx_word' id='word_1_462' title='bbox 1481 1415 1545 1438; x_wconf 91' lang='lat' dir='ltr'>stro</span> <span class='ocrx_word' id='word_1_463' title='bbox 1561 1409 1711 1443; x_wconf 90' lang='lat' dir='ltr'>Johanne,</span> <span class='ocrx_word' id='word_1_464' title='bbox 1729 1409 1754 1437; x_wconf 91' lang='lat' dir='ltr'>si</span> <span class='ocrx_word' id='word_1_465' title='bbox 1770 1418 1849 1447; x_wconf 90' lang='lat' dir='ltr'>opus</span> <span class='ocrx_word' id='word_1_466' title='bbox 1865 1408 1966 1442; x_wconf 88' lang='lat' dir='ltr'>fuerit,</span> <span class='ocrx_word' id='word_1_467' title='bbox 1988 1408 2020 1436; x_wconf 92' lang='lat' dir='ltr'>in</span> <span class='ocrx_word' id='word_1_468' title='bbox 2037 1409 2195 1437; x_wconf 89' lang='lat' dir='ltr'>reddendo</span> <span class='ocrx_word' id='word_1_469' title='bbox 2213 1414 2388 1448; x_wconf 88' lang='lat' dir='ltr'>compotum</span> 
     </span>
     <span class='ocr_line' id='line_1_81' title="bbox 1481 1457 1886 1497; baseline 0 -11"><span class='ocrx_word' id='word_1_470' title='bbox 1481 1464 1510 1487; x_wconf 92' lang='lat' dir='ltr'>et</span> <span class='ocrx_word' id='word_1_471' title='bbox 1526 1458 1680 1487; x_wconf 90' lang='lat' dir='ltr'>racionem</span> <span class='ocrx_word' id='word_1_472' title='bbox 1694 1458 1731 1486; x_wconf 88' lang='lat' dir='ltr'>de</span> <span class='ocrx_word' id='word_1_473' title='bbox 1742 1457 1886 1497; x_wconf 85' lang='lat' dir='ltr'>receptis.</span> 
     </span>
    </p>

    <p class='ocr_par' dir='ltr' id='par_1_30' title="bbox 1481 1505 2413 1683">
     <span class='ocr_line' id='line_1_82' title="bbox 1522 1505 2413 1545; baseline 0 -9"><span class='ocrx_word' id='word_1_474' title='bbox 1522 1507 1596 1536; x_wconf 91' lang='lat' dir='ltr'>Item</span> <span class='ocrx_word' id='word_1_475' title='bbox 1606 1507 1657 1536; x_wconf 87' lang='grc'>280</span> <span class='ocrx_word' id='word_1_476' title='bbox 1667 1507 1717 1535; x_wconf 91' lang='lat' dir='ltr'>die</span> <span class='ocrx_word' id='word_1_477' title='bbox 1732 1506 1848 1535; x_wconf 87' lang='lat' dir='ltr'>mensis</span> <span class='ocrx_word' id='word_1_478' title='bbox 1864 1505 2000 1545; x_wconf 88' lang='lat' dir='ltr'>ejusdem</span> <span class='ocrx_word' id='word_1_479' title='bbox 2010 1506 2126 1545; x_wconf 89' lang='lat' dir='ltr'>incepit</span> <span class='ocrx_word' id='word_1_480' title='bbox 2135 1506 2277 1536; x_wconf 89' lang='lat' dir='ltr'>dominus</span> <span class='ocrx_word' id='word_1_481' title='bbox 2289 1506 2389 1536; x_wconf 84' lang='lat' dir='ltr'>Gisel-</span> <span class='ocrx_word' id='word_1_482' title='bbox 2407 1536 2413 1539; x_wconf 78' lang='grc'><em>,</em></span> 
     </span>
     <span class='ocr_line' id='line_1_83' title="bbox 1481 1554 2390 1595; baseline 0.001 -10"><span class='ocrx_word' id='word_1_483' title='bbox 1481 1556 1587 1585; x_wconf 85' lang='lat' dir='ltr'>bertus</span> <span class='ocrx_word' id='word_1_484' title='bbox 1616 1556 1699 1594; x_wconf 88' lang='lat' dir='ltr'>Pape</span> <span class='ocrx_word' id='word_1_485' title='bbox 1724 1556 1782 1584; x_wconf 88' lang='lat' dir='ltr'>sub</span> <span class='ocrx_word' id='word_1_486' title='bbox 1810 1555 1960 1594; x_wconf 89' lang='lat' dir='ltr'>magistro</span> <span class='ocrx_word' id='word_1_487' title='bbox 1988 1554 2156 1590; x_wconf 90' lang='lat' dir='ltr'>Themone,</span> <span class='ocrx_word' id='word_1_488' title='bbox 2184 1555 2272 1595; x_wconf 88' lang='lat' dir='ltr'>cujus</span> <span class='ocrx_word' id='word_1_489' title='bbox 2294 1556 2390 1586; x_wconf 77' lang='lat' dir='ltr'>bursa</span> 
     </span>
     <span class='ocr_line' id='line_1_84' title="bbox 1482 1604 2388 1644; baseline 0 -10"><span class='ocrx_word' id='word_1_490' title='bbox 1482 1605 1576 1634; x_wconf 89' lang='lat' dir='ltr'>nichil</span> <span class='ocrx_word' id='word_1_491' title='bbox 1591 1611 1695 1644; x_wconf 88' lang='lat' dir='ltr'>preter</span> <span class='ocrx_word' id='word_1_492' title='bbox 1714 1605 1838 1634; x_wconf 89' lang='lat' dir='ltr'>bursam</span> <span class='ocrx_word' id='word_1_493' title='bbox 1858 1610 1989 1639; x_wconf 86' lang='lat' dir='ltr'>sextam,</span> <span class='ocrx_word' id='word_1_494' title='bbox 2009 1614 2100 1644; x_wconf 89' lang='lat' dir='ltr'>quam</span> <span class='ocrx_word' id='word_1_495' title='bbox 2123 1604 2215 1634; x_wconf 90' lang='lat' dir='ltr'>solvit</span> <span class='ocrx_word' id='word_1_496' title='bbox 2233 1605 2388 1644; x_wconf 90' lang='lat' dir='ltr'>receptori</span> 
     </span>
     <span class='ocr_line' id='line_1_85' title="bbox 1483 1654 1645 1683; baseline -0.006 0"><span class='ocrx_word' id='word_1_497' title='bbox 1483 1654 1645 1683; x_wconf 86' lang='lat' dir='ltr'>facultatis.</span> 
     </span>
    </p>

    <p class='ocr_par' dir='ltr' id='par_1_31' title="bbox 1481 1701 2390 2329">
     <span class='ocr_line' id='line_1_86' title="bbox 1522 1701 2388 1742; baseline 0.001 -10"><span class='ocrx_word' id='word_1_498' title='bbox 1522 1703 1597 1732; x_wconf 87' lang='lat' dir='ltr'>Item</span> <span class='ocrx_word' id='word_1_499' title='bbox 1610 1703 1715 1732; x_wconf 90' lang='lat' dir='ltr'>ultimo</span> <span class='ocrx_word' id='word_1_500' title='bbox 1726 1703 1774 1731; x_wconf 90' lang='lat' dir='ltr'>die</span> <span class='ocrx_word' id='word_1_501' title='bbox 1784 1702 1899 1732; x_wconf 88' lang='lat' dir='ltr'>mensis</span> <span class='ocrx_word' id='word_1_502' title='bbox 1908 1701 2045 1742; x_wconf 91' lang='lat' dir='ltr'>ejusdem</span> <span class='ocrx_word' id='word_1_503' title='bbox 2057 1702 2134 1732; x_wconf 87' lang='lat' dir='ltr'>facta</span> <span class='ocrx_word' id='word_1_504' title='bbox 2142 1703 2388 1742; x_wconf 83' lang='lat' dir='ltr'>congregacione</span> 
     </span>
     <span class='ocr_line' id='line_1_87' title="bbox 1481 1751 2389 1791; baseline 0 -10"><span class='ocrx_word' id='word_1_505' title='bbox 1481 1752 1620 1782; x_wconf 87' lang='lat' dir='ltr'>nacionis</span> <span class='ocrx_word' id='word_1_506' title='bbox 1640 1753 1678 1781; x_wconf 87' lang='lat' dir='ltr'>ad</span> <span class='ocrx_word' id='word_1_507' title='bbox 1701 1752 1844 1781; x_wconf 88' lang='lat' dir='ltr'>Sanctum</span> <span class='ocrx_word' id='word_1_508' title='bbox 1864 1751 2050 1780; x_wconf 89' lang='lat' dir='ltr'>Maturinum</span> <span class='ocrx_word' id='word_1_509' title='bbox 2067 1751 2143 1780; x_wconf 86' lang='lat' dir='ltr'>hora</span> <span class='ocrx_word' id='word_1_510' title='bbox 2163 1751 2262 1791; x_wconf 90' lang='lat' dir='ltr'>prime</span> <span class='ocrx_word' id='word_1_511' title='bbox 2282 1753 2320 1781; x_wconf 92' lang='lat' dir='ltr'>ad</span> <span class='ocrx_word' id='word_1_512' title='bbox 2335 1752 2389 1781; x_wconf 88' lang='lat' dir='ltr'>eli-</span> 
     </span>
     <span class='ocr_line' id='line_1_88' title="bbox 1482 1800 2389 1841; baseline 0 -11"><span class='ocrx_word' id='word_1_513' title='bbox 1482 1802 1615 1841; x_wconf 88' lang='lat' dir='ltr'>gendum</span> <span class='ocrx_word' id='word_1_514' title='bbox 1642 1801 1836 1830; x_wconf 82' lang='lat' dir='ltr'>ordinatores</span> <span class='ocrx_word' id='word_1_515' title='bbox 1864 1800 1956 1830; x_wconf 88' lang='lat' dir='ltr'>rotuli</span> <span class='ocrx_word' id='word_1_516' title='bbox 1984 1806 2013 1830; x_wconf 88' lang='lat' dir='ltr'>et</span> <span class='ocrx_word' id='word_1_517' title='bbox 2037 1800 2181 1830; x_wconf 88' lang='lat' dir='ltr'>nuncium</span> <span class='ocrx_word' id='word_1_518' title='bbox 2207 1801 2320 1830; x_wconf 89' lang='lat' dir='ltr'>iturum</span> <span class='ocrx_word' id='word_1_519' title='bbox 2350 1802 2389 1830; x_wconf 83' lang='lat' dir='ltr'>ad</span> 
     </span>
     <span class='ocr_line' id='line_1_89' title="bbox 1482 1850 2389 1885; baseline -0.001 -5"><span class='ocrx_word' id='word_1_520' title='bbox 1482 1851 1597 1880; x_wconf 89' lang='lat' dir='ltr'>curiam</span> <span class='ocrx_word' id='word_1_521' title='bbox 1613 1860 1680 1879; x_wconf 90' lang='lat' dir='ltr'>cum</span> <span class='ocrx_word' id='word_1_522' title='bbox 1693 1850 1804 1885; x_wconf 88' lang='lat' dir='ltr'>rotulo,</span> <span class='ocrx_word' id='word_1_523' title='bbox 1823 1850 1911 1879; x_wconf 89' lang='lat' dir='ltr'>electi</span> <span class='ocrx_word' id='word_1_524' title='bbox 1929 1850 2051 1879; x_wconf 86' lang='lat' dir='ltr'>fuerunt</span> <span class='ocrx_word' id='word_1_525' title='bbox 2067 1850 2105 1878; x_wconf 91' lang='lat' dir='ltr'>ab</span> <span class='ocrx_word' id='word_1_526' title='bbox 2121 1850 2263 1879; x_wconf 89' lang='lat' dir='ltr'>omnibus</span> <span class='ocrx_word' id='word_1_527' title='bbox 2278 1850 2389 1880; x_wconf 82' lang='lat' dir='ltr'>unani-</span> 
     </span>
     <span class='ocr_line' id='line_1_90' title="bbox 1483 1898 2389 1938; baseline 0.001 -10"><span class='ocrx_word' id='word_1_528' title='bbox 1483 1899 1573 1929; x_wconf 88' lang='lat' dir='ltr'>miter</span> <span class='ocrx_word' id='word_1_529' title='bbox 1603 1899 1750 1938; x_wconf 85' lang='lat' dir='ltr'>magister</span> <span class='ocrx_word' id='word_1_530' title='bbox 1783 1898 1898 1928; x_wconf 89' lang='lat' dir='ltr'>Themo</span> <span class='ocrx_word' id='word_1_531' title='bbox 1932 1905 1962 1928; x_wconf 91' lang='lat' dir='ltr'>et</span> <span class='ocrx_word' id='word_1_532' title='bbox 1989 1898 2137 1937; x_wconf 85' lang='lat' dir='ltr'>magister</span> <span class='ocrx_word' id='word_1_533' title='bbox 2167 1898 2322 1929; x_wconf 88' lang='lat' dir='ltr'>Henricus</span> <span class='ocrx_word' id='word_1_534' title='bbox 2350 1899 2389 1929; x_wconf 88' lang='lat' dir='ltr'>de</span> 
     </span>
     <span class='ocr_line' id='line_1_91' title="bbox 1484 1947 2390 1987; baseline 0 -10"><span class='ocrx_word' id='word_1_535' title='bbox 1484 1948 1622 1987; x_wconf 88' lang='lat' dir='ltr'>Kempen</span> <span class='ocrx_word' id='word_1_536' title='bbox 1646 1948 1684 1976; x_wconf 90' lang='lat' dir='ltr'>ad</span> <span class='ocrx_word' id='word_1_537' title='bbox 1702 1947 1905 1976; x_wconf 87' lang='lat' dir='ltr'>ordinandum</span> <span class='ocrx_word' id='word_1_538' title='bbox 1925 1947 2069 1976; x_wconf 89' lang='lat' dir='ltr'>rotulum.</span> <span class='ocrx_word' id='word_1_539' title='bbox 2094 1947 2169 1976; x_wconf 88' lang='lat' dir='ltr'>Item</span> <span class='ocrx_word' id='word_1_540' title='bbox 2192 1947 2308 1977; x_wconf 86' lang='lat' dir='ltr'>electus</span> <span class='ocrx_word' id='word_1_541' title='bbox 2333 1948 2390 1977; x_wconf 83' lang='lat' dir='ltr'>fuit</span> 
     </span>
     <span class='ocr_line' id='line_1_92' title="bbox 1483 1995 2389 2036; baseline 0.001 -11"><span class='ocrx_word' id='word_1_542' title='bbox 1483 1997 1631 2036; x_wconf 83' lang='lat' dir='ltr'>magister</span> <span class='ocrx_word' id='word_1_543' title='bbox 1650 1996 1765 2025; x_wconf 91' lang='lat' dir='ltr'>Themo</span> <span class='ocrx_word' id='word_1_544' title='bbox 1791 1996 1828 2024; x_wconf 89' lang='lat' dir='ltr'>ab</span> <span class='ocrx_word' id='word_1_545' title='bbox 1848 1996 1990 2025; x_wconf 90' lang='lat' dir='ltr'>omnibus</span> <span class='ocrx_word' id='word_1_546' title='bbox 2011 1995 2196 2025; x_wconf 90' lang='lat' dir='ltr'>unanimiter</span> <span class='ocrx_word' id='word_1_547' title='bbox 2216 1997 2254 2024; x_wconf 92' lang='lat' dir='ltr'>ad</span> <span class='ocrx_word' id='word_1_548' title='bbox 2273 1997 2389 2036; x_wconf 82' lang='lat' dir='ltr'>depor-</span> 
     </span>
     <span class='ocr_line' id='line_1_93' title="bbox 1483 2044 2388 2084; baseline 0 -10"><span class='ocrx_word' id='word_1_549' title='bbox 1483 2046 1607 2074; x_wconf 87' lang='lat' dir='ltr'>tandum</span> <span class='ocrx_word' id='word_1_550' title='bbox 1633 2045 1766 2074; x_wconf 91' lang='lat' dir='ltr'>rotulum</span> <span class='ocrx_word' id='word_1_551' title='bbox 1793 2055 1860 2074; x_wconf 90' lang='lat' dir='ltr'>cum</span> <span class='ocrx_word' id='word_1_552' title='bbox 1886 2045 1991 2073; x_wconf 87' lang='lat' dir='ltr'>electis</span> <span class='ocrx_word' id='word_1_553' title='bbox 2016 2044 2139 2074; x_wconf 85' lang='lat' dir='ltr'>nunciis</span> <span class='ocrx_word' id='word_1_554' title='bbox 2160 2045 2209 2074; x_wconf 88' lang='lat' dir='ltr'>vel</span> <span class='ocrx_word' id='word_1_555' title='bbox 2235 2044 2388 2084; x_wconf 85' lang='lat' dir='ltr'>eligendis</span> 
     </span>
     <span class='ocr_line' id='line_1_94' title="bbox 1483 2093 2388 2133; baseline 0 -10"><span class='ocrx_word' id='word_1_556' title='bbox 1483 2094 1609 2124; x_wconf 87' lang='lat' dir='ltr'>aliarum</span> <span class='ocrx_word' id='word_1_557' title='bbox 1633 2094 1812 2129; x_wconf 90' lang='lat' dir='ltr'>nacionum,</span> <span class='ocrx_word' id='word_1_558' title='bbox 1838 2099 1867 2123; x_wconf 87' lang='lat' dir='ltr'>et</span> <span class='ocrx_word' id='word_1_559' title='bbox 1893 2094 1969 2123; x_wconf 87' lang='lat' dir='ltr'>dixit</span> <span class='ocrx_word' id='word_1_560' title='bbox 1995 2093 2075 2122; x_wconf 90' lang='lat' dir='ltr'>idem</span> <span class='ocrx_word' id='word_1_561' title='bbox 2097 2094 2245 2133; x_wconf 83' lang='lat' dir='ltr'>magister</span> <span class='ocrx_word' id='word_1_562' title='bbox 2272 2093 2388 2123; x_wconf 89' lang='lat' dir='ltr'>Themo</span> 
     </span>
     <span class='ocr_line' id='line_1_95' title="bbox 1483 2142 2390 2183; baseline -0.001 -11"><span class='ocrx_word' id='word_1_563' title='bbox 1483 2144 1636 2183; x_wconf 88' lang='lat' dir='ltr'>premissa</span> <span class='ocrx_word' id='word_1_564' title='bbox 1657 2143 1824 2182; x_wconf 86' lang='lat' dir='ltr'>gratiarum</span> <span class='ocrx_word' id='word_1_565' title='bbox 1846 2143 1981 2178; x_wconf 86' lang='lat' dir='ltr'>actione,</span> <span class='ocrx_word' id='word_1_566' title='bbox 2012 2143 2095 2182; x_wconf 89' lang='lat' dir='ltr'>quod</span> <span class='ocrx_word' id='word_1_567' title='bbox 2128 2143 2216 2171; x_wconf 90' lang='lat' dir='ltr'>ambo</span> <span class='ocrx_word' id='word_1_568' title='bbox 2249 2142 2390 2182; x_wconf 86' lang='lat' dir='ltr'>predicta</span> 
     </span>
     <span class='ocr_line' id='line_1_96' title="bbox 1484 2191 2389 2230; baseline -0.001 -9"><span class='ocrx_word' id='word_1_569' title='bbox 1484 2192 1616 2221; x_wconf 87' lang='lat' dir='ltr'>libenter</span> <span class='ocrx_word' id='word_1_570' title='bbox 1632 2192 1724 2221; x_wconf 90' lang='lat' dir='ltr'>vellet</span> <span class='ocrx_word' id='word_1_571' title='bbox 1738 2191 1870 2220; x_wconf 84' lang='lat' dir='ltr'>fideliter</span> <span class='ocrx_word' id='word_1_572' title='bbox 1885 2201 2039 2226; x_wconf 87' lang='lat' dir='ltr'>exercere,</span> <span class='ocrx_word' id='word_1_573' title='bbox 2061 2197 2091 2220; x_wconf 88' lang='lat' dir='ltr'>et</span> <span class='ocrx_word' id='word_1_574' title='bbox 2109 2191 2256 2230; x_wconf 89' lang='lat' dir='ltr'>precipue</span> <span class='ocrx_word' id='word_1_575' title='bbox 2276 2201 2389 2221; x_wconf 86' lang='lat' dir='ltr'>secun-</span> 
     </span>
     <span class='ocr_line' id='line_1_97' title="bbox 1484 2240 2389 2280; baseline 0 -10"><span class='ocrx_word' id='word_1_576' title='bbox 1484 2242 1566 2276; x_wconf 90' lang='lat' dir='ltr'>dum,</span> <span class='ocrx_word' id='word_1_577' title='bbox 1583 2241 1643 2270; x_wconf 88' lang='lat' dir='ltr'>nisi</span> <span class='ocrx_word' id='word_1_578' title='bbox 1659 2241 1759 2280; x_wconf 86' lang='lat' dir='ltr'>ipsum</span> <span class='ocrx_word' id='word_1_579' title='bbox 1775 2241 1912 2270; x_wconf 85' lang='lat' dir='ltr'>desectus</span> <span class='ocrx_word' id='word_1_580' title='bbox 1926 2240 2057 2280; x_wconf 86' lang='lat' dir='ltr'>pecunie</span> <span class='ocrx_word' id='word_1_581' title='bbox 2069 2240 2246 2269; x_wconf 85' lang='lat' dir='ltr'>notabiliter</span> <span class='ocrx_word' id='word_1_582' title='bbox 2256 2240 2389 2279; x_wconf 87' lang='lat' dir='ltr'>impedi-</span> 
     </span>
     <span class='ocr_line' id='line_1_98' title="bbox 1483 2290 1850 2329; baseline -0.005 -9"><span class='ocrx_word' id='word_1_583' title='bbox 1483 2291 1564 2320; x_wconf 88' lang='lat' dir='ltr'>verit</span> <span class='ocrx_word' id='word_1_584' title='bbox 1576 2290 1607 2318; x_wconf 91' lang='lat' dir='ltr'>in</span> <span class='ocrx_word' id='word_1_585' title='bbox 1622 2290 1850 2329; x_wconf 84' lang='lat' dir='ltr'>prosequendo.</span> 
     </span>
    </p>

    <p class='ocr_par' dir='ltr' id='par_1_32' title="bbox 1485 2338 2390 2612">
     <span class='ocr_line' id='line_1_99' title="bbox 1525 2338 2389 2378; baseline 0 -10"><span class='ocrx_word' id='word_1_586' title='bbox 1525 2340 1600 2368; x_wconf 91' lang='lat' dir='ltr'>ltem</span> <span class='ocrx_word' id='word_1_587' title='bbox 1619 2340 1670 2368; x_wconf 85' lang='lat'>21⁰</span> <span class='ocrx_word' id='word_1_588' title='bbox 1684 2339 1733 2368; x_wconf 84' lang='lat' dir='ltr'>die</span> <span class='ocrx_word' id='word_1_589' title='bbox 1751 2339 1866 2367; x_wconf 89' lang='lat' dir='ltr'>mensis</span> <span class='ocrx_word' id='word_1_590' title='bbox 1882 2338 2028 2368; x_wconf 84' lang='lat' dir='ltr'>Octobris</span> <span class='ocrx_word' id='word_1_591' title='bbox 2047 2338 2123 2367; x_wconf 81' lang='lat' dir='ltr'>facta</span> <span class='ocrx_word' id='word_1_592' title='bbox 2143 2338 2389 2378; x_wconf 80' lang='lat' dir='ltr'>congregacione</span> 
     </span>
     <span class='ocr_line' id='line_1_100' title="bbox 1485 2386 2389 2425; baseline -0.002 -8"><span class='ocrx_word' id='word_1_593' title='bbox 1485 2388 1624 2417; x_wconf 90' lang='lat' dir='ltr'>nacionis</span> <span class='ocrx_word' id='word_1_594' title='bbox 1648 2388 1686 2416; x_wconf 90' lang='lat' dir='ltr'>ad</span> <span class='ocrx_word' id='word_1_595' title='bbox 1715 2387 1858 2416; x_wconf 87' lang='lat' dir='ltr'>Sanctum</span> <span class='ocrx_word' id='word_1_596' title='bbox 1885 2386 2037 2416; x_wconf 84' lang='lat' dir='ltr'>Julianum</span> <span class='ocrx_word' id='word_1_597' title='bbox 2064 2387 2102 2416; x_wconf 92' lang='lat' dir='ltr'>ad</span> <span class='ocrx_word' id='word_1_598' title='bbox 2126 2386 2389 2425; x_wconf 89' lang='lat' dir='ltr'>computacionem</span> 
     </span>
     <span class='ocr_line' id='line_1_101' title="bbox 1485 2435 2390 2476; baseline -0.003 -10"><span class='ocrx_word' id='word_1_599' title='bbox 1485 2436 1667 2476; x_wconf 84' lang='lat' dir='ltr'>recepturis,</span> <span class='ocrx_word' id='word_1_600' title='bbox 1682 2442 1712 2465; x_wconf 92' lang='lat' dir='ltr'>et</span> <span class='ocrx_word' id='word_1_601' title='bbox 1724 2435 1880 2465; x_wconf 87' lang='lat' dir='ltr'>defalcatis</span> <span class='ocrx_word' id='word_1_602' title='bbox 1896 2435 2038 2464; x_wconf 86' lang='lat' dir='ltr'>omnibus</span> <span class='ocrx_word' id='word_1_603' title='bbox 2051 2435 2089 2464; x_wconf 88' lang='lat' dir='ltr'>de</span> <span class='ocrx_word' id='word_1_604' title='bbox 2103 2441 2247 2474; x_wconf 88' lang='lat' dir='ltr'>prompta</span> <span class='ocrx_word' id='word_1_605' title='bbox 2259 2435 2390 2474; x_wconf 86' lang='lat' dir='ltr'>pecunia</span> 
     </span>
     <span class='ocr_line' id='line_1_102' title="bbox 1485 2483 2390 2524; baseline 0 -10"><span class='ocrx_word' id='word_1_606' title='bbox 1485 2486 1573 2515; x_wconf 91' lang='lat' dir='ltr'>nacio</span> <span class='ocrx_word' id='word_1_607' title='bbox 1586 2486 1746 2514; x_wconf 89' lang='lat' dir='ltr'>tenebatur</span> <span class='ocrx_word' id='word_1_608' title='bbox 1763 2485 1903 2524; x_wconf 87' lang='lat' dir='ltr'>predicto</span> <span class='ocrx_word' id='word_1_609' title='bbox 1918 2483 2071 2523; x_wconf 89' lang='lat' dir='ltr'>receptori</span> <span class='ocrx_word' id='word_1_610' title='bbox 2087 2493 2179 2512; x_wconf 91' lang='lat' dir='ltr'>unum</span> <span class='ocrx_word' id='word_1_611' title='bbox 2196 2483 2347 2522; x_wconf 86' lang='lat' dir='ltr'>regalem,</span> <span class='ocrx_word' id='word_1_612' title='bbox 2360 2491 2390 2514; x_wconf 89' lang='lat' dir='ltr'>et</span> 
     </span>
     <span class='ocr_line' id='line_1_103' title="bbox 1487 2532 2389 2567; baseline -0.001 -4"><span class='ocrx_word' id='word_1_613' title='bbox 1487 2535 1498 2564; x_wconf 94' lang='lat'>1</span> <span class='ocrx_word' id='word_1_614' title='bbox 1527 2541 1642 2563; x_wconf 85' lang='lat' dir='ltr'>sextam</span> <span class='ocrx_word' id='word_1_615' title='bbox 1672 2534 1750 2563; x_wconf 87' lang='lat' dir='ltr'>scuti</span> <span class='ocrx_word' id='word_1_616' title='bbox 1777 2533 1927 2563; x_wconf 81' lang='lat' dir='ltr'>Johannis</span> <span class='ocrx_word' id='word_1_617' title='bbox 1954 2543 2022 2562; x_wconf 91' lang='lat' dir='ltr'>cum</span> <span class='ocrx_word' id='word_1_618' title='bbox 2052 2533 2088 2562; x_wconf 88' lang='lat'>18</span> <span class='ocrx_word' id='word_1_619' title='bbox 2119 2532 2266 2567; x_wconf 90' lang='lat' dir='ltr'>denariis,</span> <span class='ocrx_word' id='word_1_620' title='bbox 2302 2539 2389 2562; x_wconf 87' lang='lat' dir='ltr'>scuto</span> 
     </span>
     <span class='ocr_line' id='line_1_104' title="bbox 1485 2582 1808 2612; baseline -0.003 0"><span class='ocrx_word' id='word_1_621' title='bbox 1485 2582 1605 2612; x_wconf 88' lang='lat' dir='ltr'>valente</span> <span class='ocrx_word' id='word_1_622' title='bbox 1622 2583 1660 2611; x_wconf 87' lang='lat'>24</span> <span class='ocrx_word' id='word_1_623' title='bbox 1672 2582 1790 2611; x_wconf 88' lang='lat' dir='ltr'>solidos</span> <span class='ocrx_word' id='word_1_624' title='bbox 1802 2604 1808 2611; x_wconf 89' lang='lat'>.</span> 
     </span>
    </p>
   </div>
   <div class='ocr_carea' id='block_1_17' title="bbox 1516 2855 1775 2886">
    <p class='ocr_par' dir='ltr' id='par_1_33' title="bbox 1516 2855 1775 2886">
     <span class='ocr_line' id='line_1_105' title="bbox 1516 2855 1775 2886; baseline -0.004 -8"><span class='ocrx_word' id='word_1_625' title='bbox 1516 2857 1539 2878; x_wconf 73' lang='lat'>4.</span> <span class='ocrx_word' id='word_1_626' title='bbox 1574 2856 1603 2878; x_wconf 82' lang='lat'>23</span> <span class='ocrx_word' id='word_1_627' title='bbox 1616 2855 1775 2886; x_wconf 70' lang='lat' dir='ltr'>Septembris.</span> 
     </span>
    </p>
   </div>
   <div class='ocr_carea' id='block_1_18' title="bbox 1487 2889 2390 2949">
    <p class='ocr_par' dir='ltr' id='par_1_34' title="bbox 1487 2889 2390 2949">
     <span class='ocr_line' id='line_1_106' title="bbox 1517 2889 2390 2922; baseline 0.001 -9"><span class='ocrx_word' id='word_1_628' title='bbox 1517 2892 1539 2914; x_wconf 82' lang='lat'>5.</span> <span class='ocrx_word' id='word_1_629' title='bbox 1573 2892 1601 2913; x_wconf 84' lang='lat' dir='ltr'>ln</span> <span class='ocrx_word' id='word_1_630' title='bbox 1617 2890 1730 2922; x_wconf 75' lang='lat' dir='ltr'>margine</span> <span class='ocrx_word' id='word_1_631' title='bbox 1748 2889 1865 2920; x_wconf 77' lang='lat' dir='ltr'>inferiori</span> <span class='ocrx_word' id='word_1_632' title='bbox 1885 2890 1992 2913; x_wconf 77' lang='lat' dir='ltr'>Summa</span> <span class='ocrx_word' id='word_1_633' title='bbox 2007 2890 2036 2913; x_wconf 84' lang='lat'>13</span> <span class='ocrx_word' id='word_1_634' title='bbox 2055 2893 2128 2913; x_wconf 79' lang='lat' dir='ltr'>scuta</span> <span class='ocrx_word' id='word_1_635' title='bbox 2146 2893 2171 2913; x_wconf 78' lang='lat' dir='ltr'>et</span> <span class='ocrx_word' id='word_1_636' title='bbox 2190 2898 2241 2914; x_wconf 79' lang='lat' dir='ltr'>una</span> <span class='ocrx_word' id='word_1_637' title='bbox 2256 2893 2350 2922; x_wconf 74' lang='lat' dir='ltr'>quarta</span> <span class='ocrx_word' id='word_1_638' title='bbox 2364 2893 2390 2914; x_wconf 65' lang='lat' dir='ltr'>et</span> 
     </span>
     <span class='ocr_line' id='line_1_107' title="bbox 1487 2930 1630 2949; baseline 0 0"><span class='ocrx_word' id='word_1_639' title='bbox 1487 2934 1537 2949; x_wconf 78' lang='lat' dir='ltr'>una</span> <span class='ocrx_word' id='word_1_640' title='bbox 1549 2930 1630 2949; x_wconf 77' lang='lat' dir='ltr'>sexta.</span> 
     </span>
    </p>
   </div>
   <div class='ocr_carea' id='block_1_19' title="bbox 2339 0 2632 106">
    <p class='ocr_par' dir='ltr' id='par_1_35' title="bbox 2339 0 2632 106">
     <span class='ocr_line' id='line_1_108' title="bbox 2339 0 2632 106; baseline 0 3358"><span class='ocrx_word' id='word_1_641' title='bbox 2339 0 2632 106; x_wconf 95' lang='lat' dir='ltr'> </span> 
     </span>
    </p>
   </div>
  </div>
 </body>
</html>
