2632 3464
302 455 356 482 661

697 531 794 562 1³92

344 607 416 647 (Fbl.
441 606 489 648 1)⁴
518 607 610 638 Acta
642 607 679 637 in
708 606 971 648 procuratoria
997 606 1168 647 magistri

461 656 621 686 Arnoldi
648 656 808 696 Bloeyer
840 657 883 686 de
910 655 1048 686 Gouda.

341 730 433 761 Anno
445 731 571 761 Domini
581 730 723 762 M⁰ccc⁰
732 731 934 771 nonagesimo
943 731 1091 765 secundo,
1101 730 1209 770 quinta

299 780 350 810 die
367 780 484 810 mensis
504 780 636 820 Aprilis,
650 780 727 810 bora
741 779 920 819 primarum,
938 780 1016 809 facta
1030 789 1207 819 congrega-

301 828 390 858 cione
413 829 554 859 nacionis
578 828 749 869 Anglicane
770 829 803 858 in
828 829 941 858 Sancto
966 828 1089 858 Juliano
1115 838 1210 868 super

300 877 401 907 tribus
416 877 566 908 articulis.
578 877 683 907 Primo
698 878 736 908 ad
746 877 921 918 eligendum
932 887 1045 907 novum
1057 887 1209 917 procura-

301 931 399 956 torem
415 926 464 956 vel
483 927 521 956 ad
540 926 678 967 antiqum
695 926 949 962 continuandum3
973 927 1004 956 2⁰
1021 927 1059 955 ad
1081 926 1210 955 audien-

301 975 372 1004 dum
391 981 566 1015 compotum
585 976 774 1015 receptoris;
798 975 830 1004 30
849 985 944 1015 super
967 974 1210 1015 supplicacioni-

300 1025 360 1054 bus
378 1030 408 1054 et
427 1023 560 1064 injuriis.
583 1024 685 1064 Super
704 1025 816 1064 primo,
838 1024 954 1054 clectus
971 1025 1027 1054 suit
1044 1024 1210 1054 concordi-

300 1078 349 1103 ter
370 1073 456 1103 nullo
480 1073 666 1103 reclamante
687 1073 846 1103 Arnoldus
868 1073 1002 1113 Bloeyer
1026 1074 1064 1103 de
1087 1072 1208 1108 Gouda,

300 1122 353 1162 qui
367 1121 439 1151 fecit
453 1127 487 1151 ut
502 1122 592 1152 infra.

340 1169 443 1210 Super
458 1171 490 1200 2⁰
508 1170 620 1201 dilatus
639 1171 695 1202 fuit
712 1177 876 1211 computus
898 1181 998 1211 usque
1017 1171 1056 1200 ad
1079 1171 1208 1211 primam

299 1220 588 1260 congregacionem.

340 1267 443 1309 Super
449 1270 482 1298 30
488 1269 674 1309 supplicavit
689 1275 872 1309 procurator
878 1270 1063 1309 precedens,
1075 1275 1108 1299 ut
1119 1269 1208 1299 nacio

299 1317 400 1358 ipsum
416 1317 543 1348 baberet
555 1324 694 1348 avoatum
710 1318 742 1348 in
758 1318 819 1348 hiis
834 1329 894 1358 que
909 1319 1033 1354 fecerat,
1047 1319 1208 1358 potissime

300 1376 368 1397 cum
376 1366 477 1396 omnia
493 1377 553 1407 que
569 1367 682 1397 fecerat
692 1378 730 1397 ex
740 1368 822 1397 bono
833 1378 936 1398 amore
952 1374 982 1398 et
996 1367 1105 1397 affectu
1116 1378 1207 1408 quem

299 1416 339 1445 ad
357 1416 517 1446 nacionem
537 1416 668 1446 habebat
683 1417 795 1447 fecerat
810 1423 843 1447 ut
861 1418 993 1452 dicebat,
1012 1417 1083 1446 licet
1099 1417 1208 1457 aliqui-

299 1465 358 1495 bus
365 1465 552 1495 contrarium
559 1465 829 1506 videretur.Cujus
835 1466 1026 1507 supplicacio
1033 1466 1204 1496 transsivit.

340 1513 432 1543 Facta
459 1515 707 1555 congregacione
745 1515 885 1545 nacionis
921 1515 1092 1555 Anglicane
1126 1516 1207 1555 apud

301 1562 446 1593 Sanctum
468 1563 654 1594 Manus-inum
678 1564 753 1594 hora
772 1565 939 1604 primarum
963 1574 1058 1604 super
1077 1571 1208 1604 quatuor

299 1612 450 1642 articulis.
467 1611 573 1642 Primo
585 1613 624 1643 ad
633 1613 818 1643 audiendum
830 1620 1005 1653 compotum
1017 1614 1205 1654 receptoris;

300 1661 347 1691 2¹¹·
364 1661 420 1691 suit
442 1662 480 1691 ad
498 1662 702 1692 ordinandum
724 1663 762 1692 de
780 1663 871 1692 modo
894 1663 1033 1692 ulteriori
1053 1673 1206 1703 prosecu-

299 1709 400 1740 cionis
419 1721 516 1751 super
536 1712 615 1741 racto
632 1711 772 1752 episcopi
793 1711 996 1742 Baiocensis²
1017 1713 1055 1742 de
1074 1713 1207 1752 quodam

299 1765 479 1800 orto,quem
487 1759 550 1800 jam
560 1759 611 1790 diu
622 1761 821 1800 possedebat,
829 1771 919 1801 quem
931 1761 1018 1790 nacio
1028 1761 1208 1790 indubitan-

298 1814 348 1838 ter
361 1809 399 1838 ad
416 1818 450 1839 se
460 1815 601 1849 spectare
613 1809 736 1839 dicebat
742 1822 750 1846 ;
767 1810 814 1840 3·-
829 1810 884 1840 l’uit
900 1811 938 1840 ad
949 1810 1154 1840 ordinandum
1168 1811 1206 1839 de

299 1857 444 1887 domibus
466 1858 578 1893 tribus,
600 1868 660 1898 que
675 1857 737 1898 jam
759 1865 888 1898 propter
908 1859 1082 1888 absenciam
1106 1859 1208 1888 scola-

299 1906 379 1936 rium
390 1906 511 1937 illarum
522 1907 751 1947 provinciarum
764 1909 801 1937 ad
813 1918 920 1938 manus
930 1908 1071 1937 nacionis
1081 1918 1118 1937 ex
1129 1908 1208 1937 deli-

299 1955 464 1986 beracione
479 1955 700 1986 Universitatis
716 1963 746 1986 et
760 1957 917 1987 sentencia
931 1957 1064 1987 rectoris
1082 1957 1207 1997 pacifice

299 2005 501 2041 devenerunt,
514 2005 632 2035 scilicet
643 2006 682 2035 de
693 2006 947 2045 procuratoribus
958 2012 987 2036 et
993 2007 1207 2046 gubernatori-

298 2054 356 2084 bus
366 2053 485 2083 illarum
496 2054 669 2087 domorum,
683 2055 735 2095 qui
747 2055 785 2085 de
798 2055 940 2095 locagiis,
953 2055 1206 2095 reparacionibus

298 2113 333 2133 ac
353 2102 466 2133 ceteris
485 2102 700 2133 emolumentis
721 2103 870 2134 haberent
889 2105 1067 2144 providere,
1087 2104 1207 2134 scilicet

298 2152 337 2182 de
349 2153 441 2182 domo
455 2151 644 2192 Daciejuxta
653 2152 818 2193 collegium
830 2153 1046 2189 Laudunense,
1058 2155 1096 2183 de
1115 2155 1207 2183 domo

299 2211 390 2231 cornu
415 2203 495 2230 cervi
513 2200 601 2241 juxta
625 2201 768 2232 Sanctum
800 2201 962 2238 Hilarium,
993 2203 1030 2232 de
1058 2205 1209 2243 ymaginis

299 2257 397 2279 nostre
411 2251 534 2280 Domine
549 2250 580 2280 in
592 2250 662 2280 vico
678 2250 828 2280 Brunelli.
843 2251 889 2280 4¹¹·
904 2251 959 2281 suit
974 2261 1070 2291 super
1090 2252 1207 2292 suppli-

298 2298 488 2329 cacionibus.
509 2299 549 2328 Et
565 2299 751 2340 supplicavit
766 2300 868 2330 dictus
884 2299 1042 2330 Arnoldus
1061 2301 1205 2341 Bloeyer,

299 2357 367 2378 cum
378 2346 441 2388 jam
455 2347 532 2378 alias
541 2354 606 2378 tres
616 2358 739 2378 menses
755 2349 886 2378 fuissent
897 2349 1055 2379 distributi
1067 2360 1124 2389 pro
1139 2361 1207 2380 exa-

298 2397 381 2426 mine
398 2396 643 2427 bacbalariorum
660 2404 836 2427 vocatorum
852 2398 883 2427 in
904 2397 1016 2428 Sancta
1036 2398 1205 2435 Genovestz,

298 2450 328 2475 et
342 2445 441 2476 adbuc
462 2456 541 2476 unus
566 2452 708 2481 restaret,
729 2447 811 2487 quod
827 2447 887 2477 sibi
901 2447 1073 2487 predictum
1091 2457 1206 2477 conce-

300 2494 374 2525 dere
388 2494 481 2525 vellet
497 2495 596 2525 nscio.

298 2595 344 2625 σὺ,
368 2603 412 2620 an.
434 2596 495 2621 1³⁸⁸
516 2596 597 2629 (13⁸9)
623 2596 779 2621 Universum
804 2597 976 2627 Coloniemin,
1003 2606 1121 2630 annoque
1146 2599 1208 2623 18⁸⁹

299 2630 381 2663 (¹8⁹2)
395 2631 550 2657 animatu„
566 2633 731 2665 Srsordemin
743 2633 769 2657 in
785 2632 865 2657 lucem
873 2633 1029 2666 prodierint,
1041 2636 1066 2658 et
1078 2634 1207 2659 studione

300 2665 407 2691 isurun·
412 2667 528 2700 partium
535 2668 691 2693 autumi-int
696 2687 702 2693 .

331 2702 354 2726 1.
390 2703 420 2727 m
428 2701 487 2735 jam
503 2703 646 2728 manuisum
660 2712 686 2736 p.
697 2706 752 2733 659,
769 2707 820 2728 nol.
834 2706 858 2732 5,
869 2704 895 2729 in
912 2705 972 2736 1205.
990 2705 1022 2729 de
1035 2704 1207 2735 rvr-lamiae,

301 2741 328 2762 n·
346 2738 370 2762 6.
395 2738 423 2762 In
439 2746 526 2770 pruna
549 2739 648 2773 pagina
676 2739 769 2771 legum
791 2742 852 2764 uota
878 2747 887 2764 .·
911 2740 1039 2768 Quintum
1065 2741 1207 2773 rogi-trum

299 2772 424 2802 nationis.
445 2773 515 2798 18⁹2.
537 2774 591 2799 Hoc
611 2775 754 2807 registrum
774 2783 805 2799 ex
828 2775 993 2807 quorundam
1018 2776 1207 2808 magistrorum

300 2808 479 2834 malivolentia
492 2812 537 2834 aut
555 2810 624 2835 lui-to
638 2810 726 2843 potiu-
743 2811 769 2835 in
787 2811 909 2835 manibus
926 2811 1096 2836 Picti-dorum
1110 2812 1163 2836 lere
1173 2812 1207 2836 ad

299 2843 394 2876 viginti
405 2851 488 2868 anno·
503 2844 614 2874 delituit,
630 2854 678 2870 nec
690 2846 764 2879 prius
780 2846 911 2871 redditum
930 2847 979 2871 luit
993 2855 1072 2879 quam
1085 2855 1136 2879 pax
1147 2855 1207 2872 cnm

300 2878 338 2903 el·
351 2878 383 2903 de
402 2879 499 2904 echoli-
513 2880 612 2905 nostri·
624 2889 655 2906 ac
665 2889 756 2906 eorum
767 2882 864 2906 sacello
876 2886 946 2907 acuet
959 2882 1032 2907 inita.
1042 2883 1108 2907 Sunt
1119 2886 1207 2908 tamen

300 2914 345 2947 qui
362 2914 442 2939 aliter
457 2915 607 2948 opinentur,
620 2917 690 2949 quod
709 2917 809 2942 mineat
824 2918 894 2942 circu
912 2926 1009 2942 annum
1027 2918 1130 2943 Domini
1148 2918 1208 2943 1494

301 2949 380 2974 luerit
391 2950 423 2974 de
435 2951 515 2975 arcba
527 2954 672 2977 onti-actum
682 2955 707 2977 et
724 2953 805 2978 veluti
817 2954 843 2978 in
857 2962 982 2985 magnum
999 2954 1113 2979 nationi·
1125 2953 1207 2978 detri-

301 2988 417 3010 mentum
435 2986 553 3011 Pie-rdt·
568 2987 710 3012 venditum.
728 2988 875 3021 Utcumque
889 2993 976 3014 tamen
996 2990 1039 3017 nit,
1057 2997 1117 3014 cum
1134 2990 1207 3014 nolu·

805 455 919 481 LIBER
938 453 1251 481 PROCURATORUM
1275 453 1455 480 NATIONIS
1473 455 1719 482 ANGLICANAE

1247 976 1281 1002 10

1247 1221 1280 1247 15

1245 1467 1279 1493 20

1245 1712 1279 1738 25

1245 1957 1280 1983 30

1245 2203 1279 2230 35

1244 2447 1279 2474 40

1115 14 1132 31 »s
1203 8 1222 20 ι»
1312 7 1351 23 η·
1452 0 2303 35 ΐωψᾜψψπωπ--ωη
2406 3 2409 6 >

1158 31 1168 40 ὴ
1463 31 1468 43 r
1557 42 1582 45 ,⁷
1670 28 1750 34 ....
1989 28 1992 34 ι
2202 26 2203 30 ¹

2173 457 2228 484 662

1360 530 1461 570 Super
1479 532 1579 571 primo
1597 532 1718 562 auditus
1741 533 1796 562 fuit
1817 539 1978 572 compotus
2001 534 2172 573 receptor-is
2193 535 2225 564 in

1318 579 1460 614 nacione,
1488 581 1540 620 qui
1566 581 1655 610 valde
1679 581 1794 620 placuit
1814 582 1947 611 nacioni.
1978 582 2017 611 Et
2039 584 2226 613 ascendebat

1319 638 1436 658 summa
1455 629 1627 668 receptoris
1646 640 1745 669 usque
1767 631 1804 659 ad
1825 630 1983 670 sexaginta
2002 632 2032 660 3ε
2056 631 2173 662 solidos
2197 639 2227 662 et

1318 678 1424 707 decem
1441 678 1600 714 denari0s;
1618 679 1656 708 de
1667 679 1818 718 expositis
1829 689 1890 708 non
1906 681 2111 719 computabat,
2125 682 2225 720 potis-

1318 727 1395 756 sime
1405 737 1473 756 cum
1484 727 1689 763 debitoribus,
1702 729 1838 757 nundum
1853 729 2059 758 satisfaciebat
2069 740 2124 758 nec
2134 740 2219 759 sum-

1318 786 1396 806 mam
1413 783 1546 816 protunc
1566 777 1691 806 sciebat.
1711 777 1756 806 De
1773 777 1806 805 2⁰
1824 778 1954 806 articulo
1974 778 2029 807 suit
2045 779 2224 809 conclusum

1318 826 1402 865 quod
1423 836 1461 855 ex
1482 836 1544 866 quo
1566 826 1734 866 episcopus
1756 837 1815 856 una
1838 837 1906 856 cum
1931 827 2058 856 nacione
2080 828 2223 867 placitum

1318 875 1397 904 inire
1410 885 1472 904 non
1486 875 1619 910 volebat=
1637 876 1692 904 sed
1706 876 1836 915 proprio
1846 876 1947 905 animo
1959 877 2079 905 nacioni
2094 877 2223 917 triginta

1317 924 1396 953 duos
1413 924 1535 953 francos
1550 934 1609 964 pro
1625 931 1706 960 orto,
1723 931 1756 954 ut
1768 935 1855 954 suum
1867 924 1919 964 jus
1937 925 2122 965 resignaret,
2139 928 2226 956 obtu-

1318 972 1410 1007 lebat,
1427 974 1510 1012 quod
1523 973 1665 1003 similiter
1683 974 1770 1003 nacio
1786 974 1955 1013 predictam
1970 975 2129 1014 pecuniam
2143 976 2224 1005 reci-

1318 1028 1416 1061 peret,
1430 1022 1517 1062 prius
1528 1029 1627 1052 tamen
1640 1024 1749 1052 sactum
1761 1023 1792 1052 in
1803 1023 2010 1053 Universitate
2022 1032 2221 1063 proponeret,

1317 1071 1419 1100 dando
1429 1077 1529 1101 tamen
1545 1072 1694 1112 episcopo
1705 1072 1890 1111 quitanciam
1903 1073 1940 1102 de
1958 1073 2040 1102 dicto
2056 1079 2136 1108 orto,
2149 1080 2179 1103 et
2191 1074 2222 1103 in

1318 1130 1391 1150 casu
1408 1131 1470 1160 quo
1491 1131 1624 1160 unquam
1642 1121 1755 1160 aliquis
1778 1122 1924 1161 magister
1946 1128 1996 1151 aut
2013 1121 2142 1151 scolaris
2163 1133 2220 1162 pro

1317 1169 1398 1199 dicta
1409 1179 1500 1199 causa
1512 1170 1692 1210 episcopum
1703 1171 1784 1210 apud
1788 1170 1923 1210 judicem
1935 1171 2124 1206 conveniret,
2137 1173 2221 1211 quod

1317 1218 1406 1248 nacio
1423 1229 1456 1248 se
1472 1219 1531 1248 sibi
1550 1218 1742 1259 adjungeret,
1757 1220 1903 1259 expensis
1917 1226 2015 1249 tamen
2028 1221 2103 1249 suis.
2123 1221 2224 1260 Super

1316 1268 1348 1298 3⁰
1362 1268 1496 1298 ordinati
1512 1269 1634 1298 suerunt
1647 1269 1689 1298 3⁹·
1705 1275 1933 1308 procuratores,
1946 1269 2066 1299 scilicet
2079 1270 2222 1300 dominus

1316 1323 1460 1357 receptor
1471 1318 1509 1347 de
1517 1318 1678 1357 provincia
1687 1317 1806 1353 Scocie,
1818 1318 1965 1358 magister
1975 1318 2105 1358 Egidius
2114 1320 2151 1348 de
2159 1319 2223 1348 ,lut-

1316 1366 1379 1396 faes
1406 1367 1444 1396 de
1468 1366 1608 1396 Almania
1634 1367 1784 1401 inferiori,
1809 1368 1956 1406 magister
1982 1367 2158 1407 Georgius³
2185 1369 2223 1398 de

1317 1415 1459 1445 Sorbona
1475 1417 1513 1445 de
1531 1415 1672 1446 Almania
1686 1417 1852 1456 superiori,
1872 1417 1924 1456 qui
1947 1417 2101 1455 predictas
2116 1418 2224 1447 domos

1315 1464 1465 1495 locacioni
1484 1465 1632 1495 baberent
1651 1475 1806 1505 exponere
1826 1476 1861 1495 ac
1879 1466 1957 1505 ipsis
1975 1466 2153 1505 providere,
2178 1466 2224 1496 sic

1315 1520 1416 1544 tamen
1433 1515 1516 1554 quod
1538 1514 1640 1544 omnia
1658 1521 1783 1554 recepta
1804 1515 1835 1543 in
1853 1514 1933 1544 libro
1949 1515 2174 1551 scriberentur,
2192 1522 2225 1545 ut

1315 1569 1477 1603 compotus
1496 1563 1558 1593 illis
1575 1564 1613 1593 ad
1629 1574 1707 1603 quos
1727 1570 1914 1603 spectarent,
1937 1564 1963 1593 si
1982 1574 2110 1593 necesse
2134 1565 2222 1600 soret,

1314 1619 1423 1652 posset
1433 1613 1594 1642 declarari.
1605 1613 1742 1652 Super4⁰
1748 1623 1916 1642 concessus
1929 1613 1983 1642 fuit
1994 1613 2095 1642 dictus
2104 1613 2220 1643 mensis

1316 1661 1456 1701 predicto
1464 1662 1659 1702 procuratori
1667 1663 1863 1691 concorditer
1870 1661 2005 1702 quidem,
2015 1668 2115 1691 tamen
2125 1663 2223 1702 gratis

1315 1710 1366 1740 alii
1379 1721 1435 1750 pro
1448 1717 1581 1751 quatuor
1597 1711 1655 1740 sol.
1668 1712 1705 1741 ad
1717 1711 1807 1740 finem
1819 1711 1900 1751 quod
1916 1717 2041 1740 actenus
2053 1712 2225 1741 observan-

1316 1760 1363 1789 cia
1374 1766 1541 1795 teneretur,
1555 1760 1714 1800 potissime
1724 1770 1792 1790 cum
1804 1771 1861 1800 pro
1871 1761 1932 1790 3¹³⁰·
1944 1761 2053 1800 primis
2065 1760 2223 1790 mensibus

1316 1810 1440 1839 francus
1457 1815 1486 1839 et
1501 1809 1646 1838 dimidius
1660 1810 1749 1839 datus
1765 1816 1858 1844 esset,
1875 1810 1957 1849 quod
1978 1809 2122 1838 similiter
2141 1810 2222 1839 lecit.

1357 1858 1431 1888 Item
1448 1858 1563 1898 incepit
1578 1858 1720 1888 dominus
1737 1858 1893 1888 Johannes
1906 1859 1943 1887 de
1961 1858 2149 1896 Mayenberc
2165 1859 2223 1887 sub

1317 1907 1465 1947 magistro
1483 1907 1595 1947 Egidio
1607 1908 1645 1936 de
1663 1907 1790 1942 Jutsaes,
1808 1906 1894 1946 cujus
1911 1908 2004 1936 bursa
2017 1906 2042 1934 V
2057 1907 2159 1936 solidi.

1357 1956 1431 1986 ltem
1452 1956 1567 1996 incepit
1589 1957 1732 1986 dominus
1758 1957 1894 1986 Judocus
1919 1956 2140 1985 Riichemstein
2165 1957 2223 1985 sub

1317 2006 1436 2040 eodem,
1455 2004 1542 2045 cujus
1557 2006 1651 2035 bursa
1668 2005 1710 2035 111
1727 2005 1818 2035 solidi
1834 2012 1863 2034 et
1882 2005 1923 2034 lll
1938 2005 2068 2034 denarii.

1358 2054 1432 2084 Item
1457 2055 1572 2094 incepit
1593 2055 1736 2084 dominus
1761 2054 1905 2083 Nicolaus
1928 2055 1966 2083 de
1988 2054 2141 2082 Gameren
2165 2055 2222 2083 sub

1317 2104 1436 2139 eodem,
1452 2103 1540 2143 cujus
1558 2105 1651 2133 bursa
1664 2110 1782 2143 septem
1800 2103 1902 2133 solidi.

1357 2152 1429 2192 (Fal.
1447 2155 1461 2183 1
1478 2153 1500 2193 b)
1515 2153 1588 2182 ltem
1601 2153 1779 2182 licenciatus
1791 2159 1838 2182 est
1848 2152 1991 2181 dominus
2001 2152 2223 2182 Coenraerdus

1316 2202 1354 2231 de
1371 2201 1536 2241 Friburgo,
1554 2201 1641 2242 cujus
1657 2203 1750 2231 bursa
1763 2201 1788 2230 V
1803 2201 1907 2230 solidi.

1358 2250 1431 2280 ltem
1448 2251 1626 2280 licenciatus
1641 2257 1689 2280 est
1701 2250 1843 2279 dominus
1862 2250 2006 2279 Nicolaus
2024 2250 2062 2278 de
2081 2249 2221 2288 Leid[is],

1315 2299 1403 2339 cujus
1421 2301 1538 2339 [bursa]
1555 2306 1672 2339 septem
1691 2299 1794 2329 solidi.

1357 2349 1431 2378 Item
1450 2348 1628 2378 licenciatus
1648 2355 1695 2378 est
1714 2349 1857 2377 dominus
1876 2348 1986 2377 Petrus
2008 2347 2148 2376 Prcnner
2165 2347 2221 2376 sub

1316 2398 1465 2438 magistro
1483 2397 1595 2437 Egidio
1610 2399 1648 2427 de
1660 2397 1787 2431 Jutfaes.
1807 2396 1893 2436 cujus
1910 2398 2001 2426 bursa
2019 2396 2043 2424 V
2061 2396 2163 2425 solidi.

1356 2446 1447 2476 Facta
1464 2446 1710 2486 congregacione
1726 2446 1864 2475 nacionis
1883 2445 2054 2485 Anglicane
2069 2443 2218 2484 perjura-

1316 2501 1449 2525 mentum
1475 2496 1556 2535 apud
1579 2495 1722 2525 Sanctum
1748 2494 1932 2524 Maturinum
1958 2494 2033 2523 hora
2054 2493 2219 2533 primarum

1315 2597 1440 2622 Dominus
1452 2600 1551 2624 noscat.
1562 2597 1619 2629 ipae
1629 2605 1688 2621 cum
1697 2597 1729 2621 dc
1741 2597 1789 2621 huc
1800 2597 1920 2621 tumnliis
1931 2596 2097 2627 negligentiis·
2107 2595 2219 2627 judicet:

1314 2633 1383 2665 quod
1395 2635 1420 2657 et
1431 2633 1502 2657 haud
1515 2633 1595 2657 dubio
1609 2633 1685 2657 saciet
1697 2633 1810 2656 tandem.
1827 2633 1887 2655 anc
1899 2632 1979 2655 lector
1991 2635 2015 2654 ct
2028 2631 2141 2654 nationi·
2157 2631 2222 2654 telu-

1315 2671 1356 2692 tor
1366 2669 1486 2701 quinquis
1497 2669 1577 2692 [ueris
1587 2669 1694 2692 existas.
1706 2670 1796 2692 Actum
1811 2676 1879 2691 atino
1891 2667 1991 2691 Domini
2007 2666 2074 2693 ¹501,
2090 2666 2115 2689 in
2129 2666 2219 2697 vigilia

1314 2704 1410 2728 Xutho}
1431 2705 1554 2736 apo-toti.
1574 2706 1643 2728 omn
1659 2705 1758 2736 priore·
1773 2703 1966 2735 procus-amrian
1984 2702 2084 2733 arripnit
2107 2701 2220 2725 &adeum

1314 2739 1428 2764 καιίοηίι
1441 2740 1616 2767 Boemundus.
1626 2740 1671 2772 qui
1678 2740 1725 2772 sol.
1737 2741 1750 2763 2
1761 2740 1870 2771 ‚ignovit
1883 2738 2016 2770 διε-τίμὴ]
2030 2738 2059 2761 Β.
2073 2737 2105 2761 do
2116 2738 2219 2765 Lutrea,

1315 2783 1384 2800 anno
1395 2776 1495 2807 quinto.
1509 2777 1536 2800 In
1547 2775 1630 2799 rotulo
1643 2784 1685 2799 an.
1698 2776 1757 2799 1¹00ss
1770 2779 1873 2798 voa-atur
1888 2773 2051 2798 unemundus
2064 2773 2217 2797 Theoderici

1315 2811 1347 2836 de
1360 2811 1463 2838 Lutrea.
1476 2811 1536 2835 cler.
1553 2811 1706 2835 Treverem.
1718 2811 1785 2835 dioc.

1346 2847 1369 2871 2.
1403 2846 1502 2871 Nicolai
1516 2846 1547 2869 de
1559 2846 1650 2870 Bono.

1346 2883 1370 2906 ³.
1405 2883 1477 2907 Certe
1489 2882 1617 2913 Georgius
1632 2882 1663 2905 dc
1677 2881 1750 2908 Rain.
1764 2881 1927 2907 Sorbenkm,
1938 2880 1970 2903 de
1985 2887 2034 2911 quo
2051 2878 2075 2902 in
2089 2878 2220 2907 CbnrtuL,

1316 2918 1362 2946 m.
1377 2922 1404 2942 η·
1419 2918 1487 2945 1569,
1501 2917 1546 2949 qui
1554 2925 1631 2949 :upra
1643 2917 1724 2939 minus
1739 2916 1840 2947 proprie
1853 2915 1948 2939 dicitur
1960 2915 1991 2939 de
2008 2914 2128 2938 Alma-ni·
2139 2922 2220 2946 supe-

1315 2953 1388 2981 riori.
1397 2962 1453 2977 cum
1466 2954 1530 2976 ene!
1544 2952 1575 2976 de
1585 2952 1732 2976 Scluvoniu.
