2632 3464
581 5 590 13 ι
639 18 646 23 K
678 11 685 24 ff
700 0 847 19 ,ζίκξῃῗῖ-*νᾈ
858 0 910 21 ’,γι-εξ-
920 0 993 23 nar-25⁴·
1007 0 1018 11 ὴ
1035 0 1095 21 33³*ss
1129 0 1161 22 *T
1172 0 1180 3 ¹
1207 8 1209 10 .
1246 0 1250 3 ¹

669 507 768 537 134⁷

348 579 591 619 [Procuratio
623 579 796 620 magistri
823 578 1006 608 Johannis
1037 578 1080 607 de

609 628 818 666 Huesden.]

298 703 390 734 Anno
425 704 551 734 Domini
582 703 746 733 millesimo
784 703 902 733 CCC¹¹¹⁰
931 702 1170 742 quadragesimo

261 754 404 794 septimo,
421 753 541 783 decimo
554 758 642 783 sexto
658 752 808 782 kalendas
821 751 980 782 sanum-ii·
999 751 1077 780 sacta
1094 761 1171 780 con-

259 803 446 844 gregacione
464 802 604 832 nacionis
623 801 794 842 Anglicane
814 801 895 840 apud
911 800 1057 830 Sanctum
1073 800 1171 830 Julia-

258 862 331 882 num
343 861 524 892 pauperem,
538 850 655 881 electus
671 851 727 880 fuit
741 851 773 880 in
785 856 1018 890 procuratorem
1031 848 1169 889 ejusdem

258 901 398 932 nacionis
413 901 560 941 magister
578 899 736 930 Johannes
754 900 792 929 de
809 899 958 929 Huesden
972 899 1058 929 nullo
1080 899 1171 938 peni-

259 956 309 980 tus
323 949 521 985 reclamante,
538 949 571 978 in
585 947 673 989 cujus
688 949 913 989 procuracione
929 949 1007 978 facta
1022 954 1095 977 sunt
1110 958 1170 987 que

260 1005 445 1039 sequuntur.

300 1047 334 1078 In
365 1047 475 1088 primis
508 1047 756 1088 congregacione
793 1047 871 1076 facta
905 1047 987 1086 apud
1024 1047 1169 1076 Sanctum

258 1096 446 1127 Maturinum
470 1097 507 1127 18
530 1097 580 1126 die
605 1096 788 1126 Decembris
811 1097 850 1126 ad
872 1096 1058 1126 audiendum
1084 1105 1171 1125 com-

257 1151 363 1186 potum
386 1146 572 1186 receptoria,
591 1145 780 1185 computavit
801 1146 882 1175 idem
907 1151 1063 1185 receptor,
1084 1145 1170 1185 quod

257 1195 399 1225 deductis
415 1201 446 1225 et
463 1194 623 1225 defalcatis
647 1195 799 1234 expositis
823 1205 840 1224 a
861 1195 996 1234 receptis
1020 1194 1170 1224 remansit

259 1243 287 1274 ei
308 1244 397 1274 nacio
415 1244 533 1274 debens
550 1244 582 1273 in
599 1245 635 1274 15
657 1243 768 1273 solidis
783 1245 802 1273 9
820 1244 968 1279 denariis,
989 1244 1044 1273 sed
1064 1253 1168 1273 reser-

257 1293 341 1334 vavit
360 1293 442 1323 idem
465 1299 611 1333 receptor
636 1294 673 1322 13
700 1292 818 1323 solidos
842 1299 872 1323 et
899 1294 914 1322 1
943 1293 1102 1322 denarium
1131 1293 1171 1322 ad

258 1341 432 1372 luminaria.

300 1391 433 1431 Insuper
458 1392 496 1421 ad
525 1391 788 1431 supplicacionem
812 1392 886 1421 dicti
912 1391 1085 1431 receptoria
1114 1401 1171 1431 pro

260 1439 414 1470 solutione
431 1440 491 1470 1111
510 1440 710 1476 florenorum,
725 1441 756 1470 in
774 1441 888 1481 quibus
903 1441 991 1470 nacio
1009 1441 1172 1470 tenebatur

259 1489 303 1524 ei,
329 1490 467 1519 decrevit
493 1489 582 1519 nacio
609 1490 693 1529 quod
722 1489 833 1520 solutis
859 1489 954 1519 scolis
982 1495 1012 1519 et
1033 1489 1171 1520 candelis

260 1538 341 1568 idem
361 1544 506 1578 receptor
527 1539 565 1568 de
587 1539 719 1579 pecunia
738 1539 878 1568 nacionis
899 1538 971 1568 illos
996 1539 1015 1568 4
1035 1538 1171 1568 florenos

261 1587 447 1617 sublevaret.

300 1636 375 1666 Item
399 1637 578 1667 convocatis
600 1637 757 1677 magistris
785 1637 968 1667 deliberavit
994 1643 1059 1667 tota
1082 1637 1171 1666 nacio

260 1686 344 1726 quod
367 1685 499 1726 pecunia
522 1692 647 1726 recepta
669 1687 708 1715 ad
729 1696 812 1726 ,opus
843 1686 984 1726 magistri
1010 1686 1170 1722 Cristiani,

259 1735 343 1775 quod
358 1735 386 1764 ei
402 1734 452 1765 vel
466 1735 663 1775 procuratori
675 1745 732 1765 suo
749 1735 948 1770 deliberaret,
969 1735 1073 1765 habita
1090 1736 1172 1765 bona

260 1783 435 1824 quitacione
452 1794 470 1814 a
482 1791 684 1824 procuratore
706 1784 838 1824 predicti
851 1785 992 1824 magistri
1008 1784 1170 1820 Cristiani,

260 1837 291 1862 et
306 1833 345 1862 ad
363 1831 509 1873 majorem
522 1834 739 1863 certitudinem
756 1833 928 1864 habendam
949 1844 1045 1873 super
1061 1834 1172 1864 suturis

259 1881 513 1922 inpeticionibus,
530 1883 644 1922 quibus
657 1883 805 1923 magister
820 1883 996 1913 Cristianus
1009 1883 1173 1913 occasione

261 1930 342 1960 dicte
361 1931 491 1971 pecunie
512 1938 619 1971 posset
636 1932 795 1962 nacionem
818 1938 956 1962 nostram
977 1932 1026 1962 vel
1046 1932 1174 1972 aliquod

261 1980 458 2020 suppositum
486 1981 626 2011 nacionis
650 1981 813 2021 impedire,
840 1991 949 2011 vexare
980 1991 1035 2011 seu
1061 1981 1173 2021 quovis

260 2026 321 2056 alio
336 2027 428 2056 modo
443 2027 620 2064 molestare,
634 2028 799 2058 arrestavit
810 2028 899 2058 nacio
915 2029 1057 2068 predicta
1074 2028 1172 2058 libros

261 2083 317 2104 seu
339 2083 391 2103 res
417 2073 493 2104 alias
515 2085 716 2115 quascunque
738 2075 879 2115 magistri
902 2075 1067 2111 Cristiani‚
1093 2085 1173 2115 quos

260 2119 310 2150 vel
329 2131 407 2160 quas
428 2121 486 2150 sub
509 2121 650 2151 custodia
673 2122 814 2162 magistri
837 2121 999 2152 Godesridi
1025 2122 1056 2152 in
1081 2122 1173 2152 archa

261 2176 455 2209 reposuerat,
469 2176 499 2200 et
513 2171 594 2200 idem
611 2171 759 2211 magister
774 2170 964 2201 Godefridus
977 2171 1127 2211 obligavit
1140 2181 1173 2202 se

262 2228 366 2248 coram
381 2219 510 2249 nacione
527 2220 566 2249 ad
580 2220 802 2250 reservandum
819 2220 917 2250 libros
935 2227 966 2250 et
979 2230 1030 2250 res
1048 2221 1175 2260 predic·-

262 2273 321 2303 tas,
338 2268 422 2308 quod
433 2268 460 2298 si
475 2269 635 2299 nacionem
652 2279 707 2299 seu
722 2269 848 2310 aliquod
861 2270 1057 2310 suppositum
1073 2270 1174 2300 nacio-

262 2316 312 2347 nis
341 2317 452 2348 exinde
486 2318 620 2358 dampna
654 2318 814 2348 incurrere
849 2319 1055 2359 contingeret,
1090 2320 1175 2359 quod

263 2365 396 2406 dampna
408 2372 439 2396 et
452 2377 606 2407 expensas
624 2366 801 2407 hujusmodi
822 2368 854 2398 in
876 2369 970 2398 rebus
989 2375 1019 2398 et
1037 2369 1069 2398 in
1084 2368 1174 2398 libris

263 2415 396 2455 predicti
412 2416 554 2456 magistri
567 2416 716 2447 Cristiani
731 2423 942 2457 recuperaret.

672 2509 771 2540 1348

267 2579 508 2619 [Procuratio
539 2582 713 2622 magistri
746 2582 900 2612 Heni-ici
934 2584 977 2613 de
1015 2583 1174 2623 Minda.]

305 2659 379 2701 (Fol.
391 2662 420 2701 5)
434 2660 527 2691 Anno
541 2661 666 2692 Domini
679 2661 975 2699 M⁰CCC⁰XLV111⁰,
993 2664 1025 2693 in
1042 2670 1149 2694 octava
1162 2663 1175 2682 ²

266 2708 451 2749 Epypbanie
472 2711 549 2740 sacta
567 2711 815 2752 congregacione
831 2712 970 2752 generali
988 2719 1018 2743 et
1034 2713 1174 2743 nacionis

266 2757 437 2798 Anglicane
452 2760 534 2799 apud
550 2759 718 2796 Jacobitas,
736 2760 853 2791 electus
871 2762 927 2792 fuit
944 2762 976 2791 in
990 2768 1176 2802 procurato-

269 2816 332 2836 rem
352 2805 489 2847 ejusdem
507 2809 646 2839 nacionis
669 2809 818 2850 magister
835 2810 990 2841 Henricus
1010 2811 1048 2841 de
1069 2811 1177 2841 Minda

301 2899 322 2923 2.
355 2899 384 2924 17
395 2901 551 2926 Decembris.

300 2935 323 2959 2.
357 2935 386 2959 1³
398 2937 527 2961 Ianuarii.

299 2971 324 2995 8.
357 2971 393 2995 De
405 2971 574 2997 Portet-tone
585 2972 652 2997 inter
664 2973 746 2998 linea·
756 2976 781 2998 et
793 2974 846 2998 alio
856 2973 1011 2999 charactere.

335 3017 449 3037 Auentina
461 3017 585 3038 cnon-mii
595 3018 682 3039 vnvm.
694 3019 760 3039 hm.
771 3029 797 3035 —
808 3019 824 3040 l.

772 431 890 458 LIBER
912 429 1226 457 PROCURATORUM
1245 429 1426 456 NATIONIS
1445 429 1690 455 ANGLICANAE

1208 953 1241 978 10

1208 1199 1242 1226 15

1209 1447 1243 1474 20

1210 1693 1243 1719 25

1210 1939 1245 1966 ³0

1211 2184 1245 2211 35

1212 2430 1246 2457 40

1213 2676 1247 2703 45

2145 431 2195 457 114

1282 504 1366 534 nullo
1395 505 1520 545 penitus
1552 505 1749 535 reclamante.
1786 505 1821 535 In
1851 505 1938 546 cujus
1967 508 2194 545 procuracione

1281 554 1359 583 sacta
1374 560 1447 584 sunt
1460 554 1516 583 hec
1530 564 1590 594 que
1609 561 1768 584 secuntur.

1321 603 1427 632 Primo
1449 603 1665 632 determinavit
1689 604 1834 633 dominus
1856 604 2070 634 Theodoricus
2096 605 2196 634 Borre

1280 653 1338 682 sub
1351 652 1501 692 magistro
1514 652 1653 682 Johanne
1664 653 1702 682 de
1715 652 1866 688 Wesalia,
1881 652 1968 693 cujus
1980 655 2073 683 bursa
2086 654 2111 682 V
2125 654 2196 684 soli-

1279 702 1337 731 dos
1355 701 1430 741 (sic).

1320 750 1395 780 Item
1418 750 1561 780 dominus
1580 750 1769 780 Wilhelmus
1793 751 1830 780 de
1855 751 1959 780 Marre
1980 752 2198 781 determinavit

1279 800 1338 829 sub
1354 800 1503 839 magistro
1515 799 1658 829 Waltero
1673 801 1712 829 de
1730 800 1831 835 Dune,
1848 799 1936 840 cujus
1952 801 2046 830 bursa
2061 801 2120 830 llll
2136 801 2194 830 sol.

1321 849 1396 878 Item
1414 849 1557 878 dominus
1579 849 1734 879 Henricus
1752 850 1853 879 dictus

1279 897 1400 937 Heymo
1418 899 1456 927 de
1474 898 1568 938 Wyla

1320 946 1395 976 Item
1411 948 1555 977 dominus
1569 947 1734 977 Conradus
1750 948 1852 978 dietus

1280 995 1377 1036 Gigas
1396 997 1433 1025 de
1452 996 1663 1036 Ezzelinghen

1321 1045 1395 1074 ltem
1409 1045 1552 1075 dominus
1569 1045 1776 1086 Marquardus
1789 1047 1853 1076 dic·
1908 1045 2074 1086 cujuslibet
2102 1047 2198 1076 bursa

1278 1100 1328 1124 tus
1343 1094 1475 1124 Kronlin
1488 1095 1526 1124 de
1542 1095 1754 1135 Ezzelinghen
1953 1106 2008 1125 sex
2024 1095 2126 1124 solidi.

1320 1143 1396 1173 Item
1418 1150 1578 1183 reputatus
1597 1144 1654 1174 fuit
1671 1145 1882 1174 determinans
1903 1145 2015 1174 solutis
2036 1144 2197 1174 solvendis

1279 1193 1423 1222 dominus
1451 1193 1627 1223 Richardus
1653 1194 1691 1223 de
1722 1193 1948 1224 Porterstona³
1973 1194 2102 1228 Scotus,
2136 1195 2196 1223 sub

1280 1242 1429 1282 magistro
1449 1241 1567 1271 Thoma
1584 1243 1622 1272 de
1642 1242 1772 1278 Wedal,
1790 1242 1879 1283 cujus
1897 1244 1992 1273 bursa
2011 1243 2071 1273 llll
2090 1243 2194 1272 solidi.

1321 1290 1396 1320 Item
1415 1291 1592 1321 convocatis
1608 1292 1766 1332 magistris
1785 1292 1866 1322 dicte
1882 1292 2021 1322 nacionis
2041 1292 2198 1322 sufficien-

1280 1346 1328 1370 ter
1361 1341 1444 1380 apud
1481 1340 1626 1370 Sanctum
1662 1341 1895 1377 Bernhardum,
1922 1342 2107 1371 deliberavit
2131 1348 2197 1371 tota

1280 1389 1385 1424 nacio,
1418 1390 1501 1429 quod
1532 1390 1664 1429 pecunia
1694 1391 1733 1419 ad
1767 1401 1842 1420 usus
1874 1391 2016 1431 magistri
2047 1390 2197 1420 Cristiani

1280 1439 1426 1478 deputata
1440 1439 1616 1469 traderetur
1631 1439 1697 1469 suis
1711 1440 1968 1479 procuratoribus
1985 1440 2015 1469 in
2031 1440 2197 1479 presencia

1280 1488 1431 1517 nacionis.
1452 1487 1490 1517 Et
1505 1488 1550 1517 sic
1569 1489 1679 1518 factum
1698 1489 1769 1524 suit,
1786 1495 1816 1518 et
1830 1489 1892 1528 ipsi
1906 1495 2053 1529 presente
2069 1489 2197 1528 publico

1281 1537 1402 1566 notario
1430 1543 1617 1577 receperunt
1640 1548 1657 1566 a
1681 1538 1810 1567 nacione
1834 1538 1970 1567 sedecim
1999 1539 2140 1568 catedras
2167 1544 2197 1567 et

1281 1595 1336 1615 sex
1356 1592 1443 1616 scuta
1461 1596 1569 1622 aurea,
1591 1587 1777 1626 quitanciam
1798 1597 1894 1627 super
1917 1587 1999 1617 dicta
2017 1587 2197 1626 receptione

1280 1635 1498 1674 promittentes
1522 1636 1580 1665 sub
1609 1645 1701 1665 manu
1726 1636 1850 1675 publica
1884 1629 2088 1671 roboratam,
2105 1646 2197 1676 quam

1281 1684 1370 1714 nacio
1396 1685 1433 1714 de
1460 1685 1539 1714 facto
1568 1684 1661 1714 habet
1688 1685 1746 1714 sub
1776 1695 1866 1715 manu
1893 1685 2034 1726 magistri
2062 1685 2196 1715 Gotfridi

1281 1739 1482 1763 reservatam.

1913 850 2198 879 determinaverunt

1937 899 1995 928 sub
2011 899 2162 938 magistro

1907 947 2048 977 Johanne
2069 949 2108 977 de
2131 948 2197 977 Fri-

1912 998 2024 1036 burgo,
2040 1007 2171 1036 quorum

1691 1828 1789 1858 1348

1335 1898 1575 1938 [Procuratio
1615 1901 1790 1941 magistri
1833 1900 2062 1930 Theoderici
2103 1901 2145 1930 de

1678 1949 1798 1988 Delf.]

1322 2028 1414 2059 Anno
1429 2029 1554 2059 Domini
1570 2029 1602 2059 M
1614 2030 1694 2060 CCC
1709 2031 1948 2071 quadragesimo
1965 2037 2090 2066 octavo,
2103 2031 2134 2060 in
2146 2030 2196 2060 die

1283 2084 1388 2108 sancte
1425 2078 1595 2109 Scolastice
1627 2079 1760 2119 virginis
1772 2078 1796 2115 ⁴,
1830 2080 1909 2109 facta
1953 2080 2196 2120 congregatione

1283 2127 1434 2158 facultatis
1450 2134 1480 2158 et
1494 2129 1634 2158 nacionis
1646 2128 1819 2169 Anglicane
1834 2129 1917 2168 apud
1938 2128 2082 2159 Sanctum
2099 2129 2197 2159 Matu-

1281 2177 1395 2212 rinum,
1412 2176 1529 2207 electus
1540 2178 1596 2208 suit
1607 2178 1639 2207 in
1653 2184 1887 2218 procuratorem
1905 2177 2043 2218 ejusdem
2055 2178 2198 2208 nacionis

1282 2227 1431 2267 magister
1457 2227 1669 2257 Theodoricus
1692 2228 1731 2256 de
1755 2227 1830 2257 Delf
1849 2227 2090 2263 Hollandrinus,
2112 2226 2198 2257 nullo

1282 2276 1407 2316 penitus
1421 2276 1620 2306 reclamante.

1324 2325 1359 2355 ln
1375 2324 1464 2366 cujus
1479 2326 1704 2366 procuracione
1719 2325 1797 2355 sacta
1812 2331 1885 2355 sunt
1902 2325 1959 2355 hec
1980 2335 2040 2365 que
2059 2335 2198 2365 sequun-

1283 2380 1344 2404 tur.

1325 2423 1431 2453 Primo
1454 2424 1579 2453 domino
1601 2423 1732 2459 rectori,
1756 2423 1876 2453 scilicet
1897 2424 2047 2463 magistro
2064 2423 2198 2453 Johanni

1283 2473 1322 2502 de
1336 2472 1487 2508 Wesalia,
1505 2472 1565 2503 1111
1581 2472 1659 2502 libre
1672 2474 1922 2502 concedebantur
1936 2483 1954 2502 a
1966 2473 2101 2508 natione,
2116 2483 2197 2502 nun-

1284 2532 1375 2562 quam
1390 2522 1610 2562 persolvende,
1627 2522 1699 2562 quia
1713 2523 1782 2552 date
1798 2522 1932 2552 fuerunt.

1691 2617 1709 2645 1
1715 2615 1790 2646 348

1286 2687 1528 2726 [Procuratio
1563 2687 1737 2728 magistri
1770 2687 1927 2717 Henrici
1963 2688 2005 2716 de
2038 2687 2196 2726 Minda.j

1324 2767 1417 2797 Anno
1440 2767 1565 2797 Domini
1585 2767 1630 2797 M⁰
1648 2766 1743 2798 CCC⁰
1760 2767 1999 2807 quadragesimo
2025 2773 2144 2802 octavo,
2166 2767 2199 2796 in

1286 2817 1414 2846 sabbato
1427 2815 1439 2835 ⁵
1452 2823 1522 2846 ante
1535 2817 1724 2852 brandones,
1742 2817 1819 2846 sacta
1835 2816 2088 2856 congregacione
2107 2815 2199 2846 sacul-

1316 2905 1340 2929 4.
1374 2905 1404 2928 10
1416 2904 1562 2930 Februarii.

1317 2942 1340 2964 5.
1373 2940 1501 2966 suartii.
