2632 3464
390 19 395 21 ,
415 0 540 22 ι’ἒῧῦβθῗῐέ
555 4 558 17 ,’
595 0 610 13 ι’

400 23 407 32 r
432 19 442 27 „A
477 18 481 22 Α
560 20 562 22 .

271 407 325 434 2⁸9

311 482 404 514 Anno
422 482 548 512 Domini
563 483 608 513 M·
623 482 718 513 CCC⁰
734 481 843 521 L[x]1⁰
854 481 877 516 ⁴,
903 481 967 510 xvi·
987 481 1037 510 die
1059 479 1175 509 mensis

271 532 466 567 Decembris,
489 533 567 562 facta
590 531 830 572 congregatione
850 529 984 559 nationis
1005 529 1176 570 Anglicane

270 582 354 621 apud
369 581 515 611 Sanctum
533 581 687 611 lulianum
700 589 867 620 pauperem
881 579 919 608 ad
937 577 1177 608 continuandum

271 630 323 660 vel
335 630 511 670 eligendum
520 635 754 670 procuratorem
769 627 903 657 nationis
915 627 1065 667 predicte,
1078 626 1178 656 conti-

271 685 382 709 nuatus
409 686 476 709 erat
495 679 609 709 ibidem
630 679 668 707 de
687 686 842 707 consensu
861 676 996 706 omnium
1016 676 1178 716 magistro-

271 736 339 758 rum
360 727 474 758 ibidem
493 727 687 758 existentium
706 725 854 766 magister
871 725 1056 755 Guillelmus
1077 725 1178 755 dictus

272 775 385 812 Buzer,
406 775 614 817 Trajectensis
629 774 786 815 dyocesis,
807 774 839 804 in
858 773 945 814 cujus
959 774 1178 814 procuratione

272 825 350 855 sacta
366 832 438 855 sunt
451 825 518 855 hec.

314 874 349 904 lu
364 875 477 914 primo,
496 875 574 904 sacta
584 873 827 914 congregatione
839 872 991 902 facultatis
1005 872 1054 902 die
1066 878 1096 901 et
1110 872 1179 901 loco

271 929 306 954 ut
317 933 422 963 supra,
437 924 516 952 sacta
529 922 586 953 fuit
601 923 700 962 gratia
715 931 772 962 per
789 921 960 951 facultatem
971 921 1054 961 quod
1066 920 1179 950 bacha-

271 971 342 1002 larii
364 972 504 1002 volentes
529 971 735 1001 determinare
761 977 892 1011 possent
918 971 1110 1010 respondere
1140 970 1180 999 ad

272 1030 363 1051 unam
388 1021 593 1061 questionem,
622 1020 721 1060 ipsam
747 1020 981 1050 determinando
1011 1029 1111 1059 usque
1141 1019 1179 1048 ad

275 1070 386 1099 festum
404 1069 573 1099 brandonis
583 1067 608 1098 ².

315 1118 390 1148 ltem
416 1119 448 1148 in
470 1117 611 1148 octavis³
639 1117 821 1158 Epiphanye
850 1117 975 1147 Domini
1002 1118 1078 1147 facta
1103 1127 1179 1147 con-

274 1167 457 1208 gregatione
477 1167 612 1197 nationis
631 1166 800 1207 Anglicane
821 1168 901 1206 apud
924 1166 1067 1196 Sanctum
1082 1166 1180 1196 Julia-

272 1226 345 1246 num
363 1226 530 1256 pauperem
551 1217 590 1246 ad
605 1216 790 1246 audiendum
806 1222 981 1255 compotum
994 1215 1178 1255 receptor-is,

272 1265 461 1305 computavit
488 1271 633 1305 receptor
659 1265 743 1305 quod
769 1265 855 1294 natio
884 1265 1031 1294 remansit
1061 1264 1121 1294 sibi
1147 1265 1179 1294 in

271 1314 362 1344 xlm
377 1314 436 1344 sol.
453 1320 483 1344 et
499 1314 540 1344 Vl
559 1315 650 1350 den.;
671 1313 758 1354 cujus
775 1320 937 1353 computus
954 1314 1009 1343 suit
1022 1314 1179 1354 approba-

271 1369 334 1395 tus.

681 1437 778 1468 1362

313 1509 405 1540 Anno
438 1509 561 1539 Domini
584 1508 630 1538 Μ’
659 1509 839 1539 CCCLX11⁶
850 1508 860 1527 ⁴
893 1508 960 1549 xiij*
986 1509 1036 1538 die
1062 1509 1178 1540 mensis

271 1558 421 1594 sanum-ii,
453 1559 530 1588 facta
567 1558 808 1598 congregatione
841 1558 975 1588 nationis
1009 1558 1178 1598 Anglicane

271 1607 354 1647 apud
370 1607 514 1637 Sanctum
530 1606 684 1637 sulianum
699 1617 866 1647 pauperem
889 1608 927 1637 ad
940 1607 1115 1647 eligendum
1128 1608 1179 1638 vel

273 1656 513 1686 continuandum
526 1662 758 1696 procuratorem
774 1656 909 1686 nationis
919 1657 1069 1696 predicte,
1082 1657 1178 1686 conti·

272 1711 384 1735 nuatus
406 1711 471 1735 erat
492 1705 607 1735 ibidem
631 1706 670 1734 de
695 1714 849 1735 consensu
871 1705 1007 1735 omnium
1031 1706 1179 1746 magister

271 1753 460 1784 wilhelmus
481 1755 582 1784 dictus
603 1754 716 1789 Busa,
741 1753 948 1794 Trajectensis
971 1755 1127 1794 dyocesis,
1146 1755 1178 1784 in

274 1802 362 1842 cujus
375 1803 592 1843 procuratione
609 1803 685 1833 iacta
700 1809 771 1833 sunt
787 1803 842 1832 hec
859 1813 920 1843 que
934 1810 1095 1843 sequntur.

314 1852 420 1882 Primo
445 1853 523 1882 sacta
547 1852 788 1893 congregatione
814 1852 948 1882 nationis
969 1853 1105 1892 predicte
1126 1853 1178 1883 ubi

275 1911 373 1941 supra
388 1901 494 1931 ultima
511 1901 560 1931 die
575 1901 692 1931 mensis
707 1901 839 1941 predicti
857 1902 895 1931 ad
912 1901 1087 1941 eligendum
1105 1912 1178 1932 exa-

274 1950 441 1980 minatores
455 1960 514 1990 pro
533 1946 671 1980 examine
687 1950 799 1980 Sancte
810 1950 965 1980 Genoieve
976 1957 1006 1980 et
1015 1952 1052 1980 ad
1064 1951 1180 1980 exami-

272 2000 406 2029 nandum
426 1999 677 2035 determinantes,
698 1999 799 2040 primo
821 2009 879 2039 ego
900 2006 1084 2040 procurator
1104 2010 1179 2040 pre-

272 2048 374 2078 dictus
400 2049 441 2078 sui
464 2048 580 2078 electus
605 2049 801 2078 concorditer
821 2058 879 2088 pro
906 2049 1112 2079 examinatore
1141 2050 1178 2079 ad

272 2095 415 2127 Sanctam
426 2096 615 2127 Genosevam
628 2107 685 2137 pro
695 2097 795 2138 prima
805 2097 868 2137 (sic)
880 2107 996 2127 mense.
1007 2098 1081 2128 Item
1090 2099 1178 2128 electi

273 2145 396 2177 fuerunt
419 2146 615 2176 concorditer
645 2153 676 2176 et
706 2147 875 2176 secundum
908 2153 1046 2176 tenorem
1074 2147 1179 2177 statuti

273 2194 420 2235 magister
433 2194 449 2224 J
453 2194 592 2225 ohannes
608 2194 685 2225 Uter
696 2195 793 2236 Spiic,
806 2195 954 2236 magister
967 2195 1178 2226 Theodericus

271 2244 310 2274 de
325 2243 452 2284 Campis
469 2250 501 2274 et
514 2244 663 2285 magister
678 2244 889 2274 Theodericus
903 2245 942 2274 de
956 2244 1046 2275 Unna
1057 2246 1094 2274 ad
1110 2255 1179 2275 exa·

272 2292 448 2322 minandum
466 2293 718 2323 determinantes.

313 2341 388 2372 ltem
407 2343 484 2372 facta
500 2342 742 2382 congregatione
760 2342 894 2372 nationis
910 2343 1049 2382 predicte
1064 2343 1095 2372 in
1110 2343 1179 2373 loco

272 2390 412 2430 predicto
429 2390 470 2420 Χ·
489 2391 539 2420 die
563 2391 721 2421 Februarii
741 2392 779 2421 ad
801 2392 985 2422 audiendum
1002 2398 1178 2432 computum

273 2439 445 2479 receptoria
461 2449 499 2469 ex
509 2440 644 2470 unanimi
661 2450 815 2470 consensu
831 2441 965 2470 nationis
980 2441 1035 2471 suit
1049 2441 1179 2481 prolon-

272 2494 363 2529 gatus
383 2495 545 2528 computus
562 2499 661 2529 usque
677 2490 714 2519 ad
727 2489 808 2519 diem
821 2489 940 2519 xlllm.

305 2717 328 2742 1.
361 2719 409 2743 Μι.
425 2718 555 2743 necem.

305 2753 329 2777 2.
361 2754 411 2777 Sea
429 2753 603 2783 brandonum,
623 2754 641 2779 i.
661 2763 684 2779 e.
705 2763 785 2787 unque
803 2755 841 2779 ad
858 2755 1013 2780 dominicam
1034 2756 1176 2786 invocavit.

273 2787 372 2813 domin.
384 2789 398 2812 1
409 2789 638 2822 Quodn-eguinum.

304 2825 328 2848 8.
363 2824 392 2848 18
403 2824 533 2849 Ianuarii.

304 2860 329 2883 ¹0.
362 2860 409 2884 Mn.
421 2859 541 2884 HCCCL!

305 2896 329 2919 Β.
362 2896 430 2919 Sane
443 2895 514 2919 dem
531 2903 608 2920 unum
622 2895 722 2928 solium,
737 2896 763 2920 in
781 2905 831 2930 qu·
841 2900 900 2922 aeta
915 2897 1036 2922 mensium
1045 2898 1180 2923 Februarii

273 2943 305 2949 —
336 2930 491 2963 Septembriae
518 2933 542 2955 et
570 2931 726 2964 principium
761 2933 950 2965 procurationis
987 2933 1115 2958 Johnnnin
1147 2933 1179 2958 de

770 406 884 433 LIBER
909 403 1223 432 PROCURATORUM
1250 403 1429 430 NATIONIS
1448 402 1693 428 ANGLICANAE

1217 925 1250 952 10

1216 1171 1251 1197 15

1216 1417 1251 1443 20

1215 1661 1250 1688 25

1215 1907 1250 1934 30

1216 2154 1250 2181 35

1216 2399 1250 2426 40

1215 2646 1248 2672 45

2141 404 2196 430 270

1690 477 1787 507 1382

1451 549 1657 588 [lohannes
1686 550 1730 579 de
1759 548 1999 590 Ricmestorp
2012 551 2031 589 .]

1326 625 1397 665 (1701.
1422 626 1469 663 46)
1483 625 1496 643 ⁵
1529 624 1603 654 ltem
1627 625 1703 654 sacta
1725 625 1966 665 congregatione
1989 626 2122 656 nationis
2143 627 2194 656 20·

1286 675 1336 704 die
1350 674 1543 714 Septembris
1559 675 1639 713 apud
1659 673 1804 703 Sanctum
1816 674 2012 709 Materinum,
2029 676 2194 706 advertens

1286 724 1369 753 natio
1387 730 1417 753 et
1437 723 1640 753 considerans
1659 723 1777 753 nullum
1798 733 1868 752 esse
1888 723 2007 753 lucrum
2027 730 2099 753 tunc
2117 731 2195 754 tem-

1287 773 1374 812 poris
1391 773 1534 807 rectoris,
1555 772 1738 802 deliberavit
1755 773 1838 812 quod
1859 772 1911 802 ille
1931 773 1984 812 qui
2004 774 2144 812 proxime
2163 775 2195 804 in

1286 828 1438 851 rectorem
1457 822 1496 851 de
1513 821 1636 850 natione
1658 821 1829 861 Anglicana
1848 821 2016 861 eligeretur
2033 829 2063 852 et
2079 823 2137 853 hoc
2157 824 2195 853 de

1287 880 1415 900 numero
1430 876 1498 900 actu
1515 870 1655 900 Pax-isius
1670 870 1866 900 existentium
1887 881 1943 910 pro
1959 877 2042 906 tunc,
2068 873 2196 902 deberet

1287 919 1400 950 habere
1426 929 1484 960 pro
1516 920 1581 949 suis
1610 919 1768 949 laboribus
1798 920 1959 949 duodecim
1988 920 2123 950 florenos
2156 923 2194 951 de

1287 969 1418 1008 pecunia
1436 969 1580 998 nationis.
1608 969 1648 998 Et
1671 969 1751 998 ultra
1772 969 1854 998 natio
1882 970 2083 999 considerans
2110 972 2193 1010 quod

1287 1018 1435 1058 magister
1471 1018 1678 1048 Wilehelmus
1718 1018 1818 1048 Buser
1862 1028 1935 1058 sepe
1972 1029 2031 1058 pro
2071 1020 2194 1050 natione

1287 1066 1419 1096 fideliter
1441 1067 1602 1102 laboravit,
1629 1067 1727 1097 eidem
1752 1067 1900 1108 magistro
1923 1068 2092 1107 predictam
2121 1079 2194 1109 gra-

1287 1116 1359 1145 tiam
1376 1116 1443 1145 fieri
1465 1117 1630 1151 concessit,
1653 1117 1679 1146 si
1698 1116 1793 1146 vellet
1809 1123 1839 1146 et
1859 1123 1966 1156 posset
1981 1127 2050 1147 esse
2070 1125 2192 1154 rector3

1288 1165 1315 1194 si
1343 1171 1443 1195 autem
1470 1175 1531 1195 non
1554 1172 1663 1205 posset
1689 1176 1758 1195 esse
1782 1172 1886 1195 rector
1912 1173 2040 1206 propter
2062 1166 2194 1207 aliquam

1288 1214 1493 1244 infirmitatem
1521 1214 1570 1244 vel
1596 1214 1684 1244 aliam
1709 1225 1842 1250 causam,
1871 1216 1955 1254 quod
1988 1222 2060 1245 tunc
2090 1217 2195 1246 eadem

1288 1263 1387 1303 gratia
1403 1263 1456 1293 uni
1475 1263 1562 1293 alteri
1582 1264 1680 1299 fieret,
1703 1264 1756 1303 qui
1771 1274 1830 1304 pro
1848 1264 1900 1294 tali
1915 1270 2054 1304 tempore
2076 1265 2107 1294 in
2126 1275 2196 1295 rec-

1287 1318 1386 1342 torem
1407 1312 1586 1352 eligeretur.
1611 1313 1650 1342 Et
1671 1313 1752 1342 ultra
1778 1313 1860 1343 dicta
1883 1314 1966 1343 natio
1997 1314 2194 1350 deliberavit,

1287 1362 1371 1401 quod
1386 1361 1413 1391 si
1428 1361 1499 1401 quis
1515 1368 1623 1402 postea
1639 1363 1670 1391 in
1686 1369 1837 1392 rectorem
1854 1362 2022 1402 eligeretur
2033 1369 2064 1392 et
2079 1364 2105 1392 si
2117 1370 2197 1393 tem-

1288 1419 1364 1449 pora
1378 1416 1408 1439 et
1420 1417 1519 1440 status
1531 1411 1575 1440 sic
1591 1421 1624 1440 se
1640 1411 1800 1446 haberent,
1814 1412 1897 1451 quod
1912 1418 2122 1451 competenter
2139 1423 2196 1452 pro

1287 1465 1367 1488 statu
1385 1469 1442 1489 suo
1462 1459 1644 1495 lucraretur,
1663 1460 1734 1489 talis
1751 1461 1850 1500 gratia
1871 1461 1923 1490 tali
1945 1461 2011 1490 fieri
2027 1471 2088 1491 non
2105 1462 2195 1491 debe-

1287 1514 1335 1537 ret
1343 1520 1351 1544 3
1367 1508 1393 1537 si
1408 1515 1507 1538 autem
1518 1515 1658 1548 tempora
1672 1519 1734 1538 non
1748 1510 1793 1538 sic
1807 1519 1840 1539 se
1854 1509 2013 1545 haberent,
2027 1517 2100 1540 tunc
2113 1511 2196 1541 natio

1286 1566 1383 1596 super
1397 1557 1455 1587 hoc
1467 1558 1594 1587 deberet
1609 1558 1793 1588 deliberare.

1328 1605 1402 1635 Item
1423 1607 1454 1635 in
1475 1607 1578 1636 eadem
1600 1607 1842 1647 congregatione
1869 1608 2017 1647 magister
2041 1608 2196 1638 Henricus

1287 1655 1325 1684 de
1347 1655 1474 1695 Kempis
1500 1657 1618 1695 recepit
1634 1666 1727 1686 unum
1747 1656 1896 1686 florenum
1920 1658 1958 1686 de
1980 1658 2110 1696 pecunia
2135 1658 2197 1687 ibi-

1287 1704 1355 1734 dem
1370 1704 1401 1733 in
1414 1704 1506 1734 archa
1520 1705 1682 1740 existente,
1702 1712 1731 1735 et
1745 1713 1960 1736 remanserunt
1974 1707 1992 1735 3
2009 1706 2128 1736 ssoreni.

1706 1798 1803 1828 1362

1610 1869 1865 1909 Ricmestorp.

1326 1949 1417 1979 Anno
1444 1950 1567 1979 Domini
1594 1950 1682 1985 1362,
1709 1950 1759 1979 23·
1779 1949 1828 1979 die
1853 1950 1968 1980 mensis
1987 1950 2192 1990 Septembris,

1288 1999 1364 2028 sacta
1381 1999 1622 2039 congregatione
1645 1999 1779 2028 nationis
1798 1998 1968 2039 Anglicane
1991 2001 2071 2039 apud
2097 1999 2194 2030 Sanc-

1287 2054 1349 2078 tum
1380 2048 1534 2078 sulianum
1562 2058 1729 2088 pauperem
1752 2049 1790 2077 ad
1812 2048 1997 2083 audiendum
2019 2056 2193 2088 compotum

1287 2097 1403 2126 domini
1420 2098 1591 2137 recepturis
1610 2104 1639 2127 et
1653 2098 1691 2126 ad
1706 2097 1881 2137 eligendum
1899 2104 2130 2137 procuratorem
2146 2099 2194 2128 vel

1287 2147 1525 2176 continuandum
1537 2146 1706 2186 antiquum,
1716 2146 1830 2175 ibidem
1849 2147 2036 2186 computavit
2051 2148 2193 2177 dominus

1287 2202 1430 2235 receptor
1442 2195 1590 2235 magister
1609 2196 1763 2225 Hem-icus
1777 2196 1814 2224 de
1835 2195 1984 2235 Kempen,
2004 2202 2034 2225 et
2050 2197 2193 2226 omnibus

1287 2244 1358 2274 hinc
1373 2245 1445 2274 inde
1467 2245 1651 2284 computatis
1666 2251 1696 2274 et
1712 2244 1869 2274 defalcatis
1885 2245 2026 2284 predicto
2039 2246 2193 2285 receptori

1287 2293 1370 2323 natio
1386 2294 1416 2323 in
1432 2294 1553 2323 duobus
1571 2293 1682 2323 solidis
1700 2300 1730 2323 et
1746 2293 1765 2322 4
1784 2294 1933 2329 denariis,
1954 2295 2057 2324 franco
2072 2294 2192 2324 valente

1289 2343 1326 2372 18
1352 2343 1424 2378 sol.v
1453 2343 1565 2373 mansit
1593 2343 1739 2382 obligata.
1771 2343 1810 2372 Et
1841 2343 1954 2373 ibidem
1984 2343 2060 2372 hora
2086 2344 2191 2373 eadem

1287 2392 1431 2432 antiquus
1454 2398 1637 2431 procurator
1658 2392 1713 2421 luit
1732 2392 1938 2427 continuatus,
1961 2392 2045 2422 nullo
2068 2392 2191 2431 penitus

1287 2441 1481 2471 reclamante.

1327 2490 1401 2520 ltem
1424 2490 1500 2520 facta
1520 2489 1761 2530 congregatione
1783 2489 1919 2530 generali
1945 2490 2026 2530 apud
2047 2490 2190 2519 Sanctum

1287 2538 1470 2569 Materinum
1497 2539 1548 2568 24·
1575 2539 1626 2568 die
1646 2539 1850 2577 Septembris,
1877 2539 2025 2578 magister
2047 2539 2191 2569 Odardus

1288 2587 1391 2628 Bileyt
1402 2587 1415 2607 ⁶
1429 2594 1458 2617 et
1476 2588 1610 2618 Jacobus
1627 2588 1768 2618 bedellus
1786 2587 1882 2627 major
1895 2594 1924 2617 et
1940 2587 2094 2627 generalis
2110 2594 2191 2617 retu-

1287 2636 1388 2666 lerunt
1407 2643 1490 2666 certa
1516 2647 1594 2666 nova
1615 2637 1653 2666 de
1676 2643 1774 2666 morte
1797 2636 1919 2676 pape7,
1945 2646 2004 2676 que
2026 2647 2042 2666 a
2067 2636 2192 2666 domino

1285 2721 1450 2753 Ricmestorp
1468 2721 1565 2753 scripta
1587 2724 1662 2745 erant
1679 2723 1704 2744 et
1723 2721 1823 2753 quidem
1837 2721 1895 2753 jam
1917 2723 2028 2752 tempore
2047 2720 2147 2749 Bulaei,
2165 2723 2193 2745 ut

1285 2756 1428 2781 numeratio
1437 2756 1567 2788 soliorum,
1582 2757 1637 2780 nine
1651 2765 1713 2780 cura
1723 2759 1784 2780 tunc
1794 2757 1876 2788 sacta,
1891 2755 1999 2780 indicae.

1316 2793 1340 2816 θ.
1374 2794 1422 2816 Seu
1436 2792 1534 2820 Billeti,
1549 2795 1604 2816 nae.
1617 2792 1779 2816 Gallicanae.

1317 2828 1339 2852 7.
1374 2827 1518 2852 innocentii
1536 2827 1578 2856 Vt,
1598 2828 1627 2851 12
1645 2827 1806 2860 Septembris,
1822 2827 1946 2859 defuncti.
1965 2830 1988 2851 et
2005 2826 2195 2859 dictampnus·

1287 2863 1312 2887 in
1335 2862 1396 2887 eccl.
1422 2863 1445 2887 h.
1469 2863 1570 2887 Mariae
1591 2863 1623 2886 de
1644 2862 1722 2887 Doniu
1741 2864 1829 2892 Auem,
1849 2865 1991 2895 posteaque
2013 2861 2138 2886 translati
2156 2862 2195 2886 ad

1287 2902 1395 2922 menan.
1409 2898 1629 2923 Cartuu'anorum.
