2632 3464
286 469 338 497 545

285 546 441 576 lohannes
463 548 501 576 de
529 546 672 581 Saxonia‚
700 546 749 576 cui
768 547 807 575 de
827 546 905 575 sacto
926 545 1098 580 constabat,
1128 555 1189 574 non

285 601 351 625 erat
373 605 516 635 presens,
536 595 696 625 dicebatur
717 595 872 624 aurifabro
893 594 977 634 quod
997 593 1029 623 in
1049 594 1188 633 proxima

285 645 531 685 congregacione
548 644 675 680 rediret,
692 650 722 674 et
735 643 900 673 satisfieret
914 643 942 672 ei
957 643 996 672 de
1011 653 1068 672 suo
1082 643 1189 682 precio

284 703 342 732 per
369 693 529 723 nacionem
546 693 569 722 ⁶.
599 692 675 723 Item
699 698 831 732 protunc
859 691 1006 732 magister
1032 691 1124 732 Hugo
1151 692 1189 721 de

284 741 438 772 Hervorst
449 752 508 782 pro
518 741 643 772 domino
658 741 849 782 Eggelberto
860 741 898 770 de
909 740 1053 770 Embrica
1066 740 1190 780 suppli-

283 790 364 820 cavit
379 797 412 820 ut
425 791 515 821 nacio
524 792 613 821 daret
622 791 682 820 sibi
693 789 876 820 dilacionem
887 790 1050 819 bursarum
1064 799 1188 819 suarum

283 839 411 869 licencie
421 846 452 869 et
461 839 644 880 magisterii,
653 839 766 880 positis
774 845 875 868 tamen
884 838 1082 878 pignoribus.
1091 837 1188 878 Cujus

283 889 474 928 supplicacio
500 888 556 918 fuit
580 898 730 918 concessa
743 887 832 928 juxta
859 888 1113 917 consuetudinem
1133 897 1189 917 na-

283 937 395 967 cionis.

323 985 396 1026 (1701.
422 988 458 1016 14
473 986 497 1026 ¹²)
523 986 598 1016 Item
621 986 736 1026 incepit
763 986 906 1015 dominus
938 985 1126 1015 Godesridus
1149 986 1188 1015 de

284 1034 399 1064 Kalker
424 1036 482 1064 sub
504 1035 653 1075 magistro
680 1035 812 1075 Hugone
838 1035 876 1064 de
906 1034 1071 1072 Hervorst,
1101 1033 1188 1075 cujus

282 1084 376 1113 bursa
390 1083 449 1113 llll
465 1084 568 1114 solidi.

323 1132 397 1162 Item
413 1132 529 1173 incepit
546 1132 689 1162 dominus
708 1131 868 1162 Walterus
889 1132 990 1162 Borro
1013 1133 1070 1162 sub
1090 1133 1188 1173 magi-

281 1187 347 1211 stro
364 1181 496 1222 Hugone
511 1182 550 1212 de
567 1181 730 1216 Hervorst,
746 1180 834 1222 cujus
849 1182 943 1211 bursa
958 1181 985 1210 V
998 1181 1101 1211 solidi.

321 1230 395 1260 ltem
412 1230 528 1270 incepit
541 1231 684 1261 dominus
700 1230 895 1260 Hermannus
910 1231 948 1260 de
968 1231 1188 1271 Warendorpe

280 1279 338 1309 sub
353 1279 501 1320 magistro
517 1279 651 1320 Hugone
666 1280 704 1309 de
720 1278 884 1314 Hervorst‚
903 1278 991 1319 cujus
1006 1280 1101 1309 bursa
1117 1279 1144 1309 V
1159 1289 1185 1309 s.

321 1327 396 1358 Item
425 1327 542 1368 incepit
570 1328 714 1358 dominus
745 1328 924 1368 Nycholaus
955 1327 1120 1368 Grosetyle
1149 1329 1188 1358 de

279 1376 393 1407 Prucia
414 1377 472 1407 sub
499 1377 648 1417 magistro
673 1377 844 1407 Colmanno
873 1377 911 1406 de
935 1377 1074 1413 Austria,
1099 1376 1187 1418 cujus

279 1426 373 1456 bursa
387 1425 431 1455 ΙΙΙ
447 1426 552 1462 solidi,
571 1425 632 1456 llll
645 1426 776 1456 denarii.

319 1474 393 1504 item
410 1474 526 1515 incepit
543 1475 687 1504 dominus
708 1475 887 1505 Bernardus
905 1476 943 1505 de
966 1475 1109 1505 Embrica
1128 1476 1186 1505 sub

279 1523 427 1564 magistro
446 1524 578 1564 Hugone
592 1524 630 1554 de
647 1523 811 1559 nervon-st,
828 1523 915 1563 cujus
932 1525 1027 1554 bursa
1039 1523 1066 1553 V
1082 1525 1184 1554 solidi.

319 1572 394 1602 Item
413 1572 530 1613 incepit
543 1573 687 1602 dominus
706 1572 885 1613 Eggbertus
905 1573 942 1603 de
966 1572 1111 1603 Embrica
1129 1574 1186 1603 sub

279 1621 398 1657 eodem,
415 1620 502 1662 cujus
520 1622 613 1651 bursa
629 1621 656 1651 V
669 1621 773 1651 solidi.

685 1716 703 1745 1
708 1716 782 1746 ³78

354 1786 622 1818 Procuratori’a
654 1787 829 1828 magistri
857 1787 1041 1818 Johannis
1069 1789 1111 1818 de

649 1836 815 1866 Stralen.

315 1915 407 1946 Anno
424 1916 547 1946 Domini
567 1915 613 1946 M⁰
632 1915 730 1947 ccco
750 1916 930 1952 Lxxvlnv.
954 1917 1031 1947 sacta
1051 1927 1185 1958 congre-

275 1965 405 2005 gacione
429 1965 569 1995 nacionis
598 1966 681 2006 apud
711 1965 855 1995 Sanctum
881 1965 1036 1996 Julianum
1067 1966 1106 1996 V·
1134 1968 1185 1997 die

277 2012 350 2054 Maij
368 2013 444 2043 hora
463 2014 630 2054 primarum
652 2015 690 2044 ad
707 2014 883 2054 eligendum
904 2022 1137 2055 procuratorem
1155 2022 1186 2045 et

276 2063 314 2092 ad
330 2062 514 2092 audiendum
533 2069 706 2103 compotum
721 2064 904 2104 receptoris,
925 2063 1022 2094 dilato
1040 2071 1184 2105 computo

274 2111 447 2151 recepturis
462 2122 561 2152 usque
576 2112 614 2141 ad
630 2118 809 2152 sequentem
825 2113 1038 2152 procuratoris
1056 2113 1184 2144 electio-

274 2170 355 2195 nem,
375 2160 491 2190 electus
510 2160 566 2190 fuit
581 2159 612 2190 in
627 2167 860 2200 procuratorem
872 2162 1072 2192 concorditer
1089 2163 1183 2203 magi-

275 2214 341 2239 ster
355 2208 513 2239 =lohannes
528 2210 566 2239 de
585 2209 718 2245 Stralen,
738 2209 823 2240 nullo
842 2210 966 2250 penitus
983 2211 1181 2242 reclamante.

275 2257 310 2287 ln
326 2257 413 2298 cujus
428 2258 644 2298 procuratoria
658 2265 723 2288 acta
738 2265 811 2289 sunt
827 2269 887 2299 que
903 2266 1086 2300 sequuntur.

315 2306 421 2336 Primo
450 2307 526 2336 sacta
558 2307 806 2348 congregacione
841 2308 980 2338 nacionis
1013 2319 1094 2339 anno
1121 2320 1183 2349 quo

274 2365 369 2396 supra
383 2355 433 2385 die
448 2355 519 2385 Vll·
534 2356 650 2386 mensis
667 2355 751 2396 Maij,
770 2357 852 2396 apud
869 2356 1013 2387 Sanctum
1028 2357 1044 2387 J
1049 2357 1182 2388 ulianum

275 2403 350 2434 hora
371 2404 550 2444 primarum,
574 2411 604 2434 et
622 2404 653 2434 in
671 2406 776 2435 eadem
800 2404 876 2435 hora
892 2405 961 2446 ipsa
979 2407 1127 2436 translata
1144 2408 1182 2437 ad

274 2452 419 2483 Sanctum
433 2453 631 2489 Maturinum,
642 2463 738 2493 super
749 2454 792 2483 4⁰²
806 2454 957 2491 articulis,
967 2465 1098 2495 quorum
1115 2456 1183 2496 pri-

274 2510 342 2532 mus
357 2501 414 2532 fuit
433 2513 439 2531 :
460 2511 528 2532 cum
548 2502 580 2532 in
596 2502 656 2532 alia
675 2503 923 2544 congregacione
944 2504 1084 2534 nacionis
1103 2505 1183 2535 deli-

273 2550 411 2580 bei-atum
432 2550 523 2581 fuerit
542 2551 624 2591 quod
646 2551 797 2581 terminus
822 2552 1037 2592 porreccionis
1061 2553 1183 2594 suppli-

274 2599 432 2629 cacionum
449 2599 666 2640 magistrorum
688 2600 845 2630 seniorum
863 2601 995 2631 debebat
1010 2602 1123 2632 durare
1143 2603 1182 2632 ad

272 2646 300 2677 X
318 2647 556 2684 diesinchsive,
573 2649 625 2689 qui
641 2649 791 2679 terminus
802 2648 856 2679 vl·
866 2650 916 2679 die
931 2649 1004 2689 Maij
1017 2651 1180 2690 expiravit,

273 2701 303 2726 et
314 2701 379 2726 tres
388 2696 502 2727 fuerint
513 2697 744 2734 inrotulatores,
756 2708 886 2738 quorum
897 2698 1028 2739 quilibet
1039 2709 1180 2730 seorsum

274 2745 390 2784 recepit
406 2745 655 2786 supplicaciones
671 2746 901 2787 magistrorum,
923 2757 980 2777 nec
1003 2748 1076 2778 dicti
1094 2748 1181 2778 inro-

272 2793 420 2824 tulatores
436 2799 579 2834 poterant
596 2795 628 2824 in
645 2795 777 2826 termino
797 2796 915 2836 preflxo
929 2797 1119 2827 concordare
1142 2798 1180 2827 de

271 2841 402 2871 dicendo
416 2842 602 2874 collaciones
624 2843 841 2884 magistrorum
861 2855 876 2874 a
893 2845 1007 2885 quibus
1021 2845 1180 2886 supplica-

271 2890 377 2921 ciones
398 2898 593 2931 receperunt,
620 2902 677 2922 uec
700 2893 796 2923 eciam
822 2894 964 2924 seniores
993 2904 1061 2924 cum
1086 2895 1178 2926 dictis

303 2991 326 3015 ¹.
364 2990 417 3015 rid.
430 2998 508 3023 cupra
520 2999 546 3023 p.
560 2993 616 3021 524,
629 2992 652 3016 1.

350 3036 463 3056 Auem-‘eun
474 3036 598 3057 cun-luri}
609 3037 697 3058 [laima.
709 3038 776 3059 Pan'a.
786 3048 812 3054 —
822 3038 840 3059 1.

783 469 897 496 LIBER
922 468 1236 496 PROCURATORUM
1263 468 1443 495 NATIONIS
1463 469 1707 495 ANGLICANAE

1226 993 1260 1019 10

1225 1238 1259 1264 15

1225 1483 1258 1509 20

1223 1729 1257 1755 25

1222 1975 1256 2001 30

1221 2220 1255 2246 35

1220 2464 1254 2491 40

1218 2710 1252 2736 4⁵

2155 471 2207 497 546

1299 544 1555 574 inrotulatoribus
1574 546 1755 584 congregati
1775 545 1918 574 volebant
1938 546 2041 574 dicere
2060 547 2206 586 cathego-

1299 593 1361 623 rice
1381 593 1592 628 collacionem,
1612 594 1643 623 in
1665 604 1724 633 qua
1738 594 1911 623 voluissent
1931 595 2066 629 stetisse,
2083 596 2206 625 racione

1298 641 1386 682 cujus
1412 642 1516 672 nullus
1542 653 1598 671 nec
1629 653 1724 672 senex
1751 653 1808 672 nec
1832 642 1956 682 juvenis
1982 650 2103 682 poterat
2136 655 2205 674 esse

1298 698 1401 721 certus
1417 692 1454 721 de
1475 692 1695 721 concurrencia
1715 698 1745 721 et
1762 702 1819 731 per
1836 702 2031 731 consequens
2047 693 2084 721 de
2100 694 2206 732 perdi-

1298 740 1386 770 cione
1408 740 1610 770 collacionum
1633 747 1705 780 post
1725 740 1807 770 illam
1829 742 1867 770 ad
1891 751 1994 783 quam!
2008 741 2204 780 supplicavit,

1298 789 1340 819 ita
1354 790 1438 829 quod
1453 800 1515 819 non
1529 789 1584 819 fuit
1598 799 1780 829 processum
1797 800 1881 819 more
1898 790 2000 827 solito,
2011 801 2072 830 quo
2086 791 2206 820 inrotu-

1298 838 1412 868 latores
1426 848 1533 868 omnes
1549 838 1640 868 simul
1652 839 1793 868 solebant
1804 839 1988 878 congregari
2001 839 2037 868 ad
2055 840 2205 879 recipien-

1298 887 1380 922 dum,
1405 887 1454 916 vel
1476 887 1583 917 saltem
1604 898 1683 917 unus
1703 898 1809 917 eorum
1829 898 1935 917 omnes
1958 888 2205 928 supplicaciones

1297 936 1477 976 recipiebat,
1503 936 1555 966 ubi
1579 937 1685 966 videre
1712 943 1849 976 poterat,
1880 947 1970 976 quam
1995 944 2025 967 et
2050 938 2204 977 quomodo

1298 985 1439 1014 seniores
1457 995 1493 1015 eo
1514 985 1681 1026 eligebant,
1699 992 1729 1015 et
1746 986 1816 1025 quia
1833 986 1917 1015 nullo
1937 987 2030 1016 modo
2048 986 2106 1015 hoc
2124 987 2205 1016 scire

1296 1040 1451 1074 poterant,
1488 1035 1560 1074 quia
1588 1035 1704 1064 diversi
1733 1035 1927 1065 diversorum
1957 1036 2205 1075 supplicaciones

1297 1083 1499 1123 recipiebant,
1517 1093 1572 1112 nec
1590 1094 1670 1113 unus
1686 1094 1790 1113 eorum
1810 1083 1868 1113 hoc
1883 1083 1971 1113 alteri
1987 1085 2103 1113 referre
2119 1084 2206 1114 vole-

1298 1133 1348 1162 bat
1363 1139 1393 1162 et
1407 1133 1438 1161 in
1450 1132 1508 1162 hoc
1521 1133 1614 1162 multe
1626 1139 1792 1172 potuerunt
1804 1133 1869 1162 fieri
1884 1133 2006 1162 fraudes
2020 1144 2077 1173 per
2090 1134 2205 1163 inrotu-

1297 1181 1411 1211 latores
1427 1188 1457 1211 et
1472 1191 1528 1221 per
1540 1181 1636 1211 alios:
1653 1182 1886 1222 proponebatur
1898 1192 1956 1222 per
1971 1183 2093 1211 modum
2110 1192 2205 1222 expe-

1297 1230 1411 1266 dientis
1426 1240 1464 1260 an
1482 1231 1644 1270 expediret
1661 1231 1786 1260 attentis
1800 1231 1950 1270 predictis
1967 1237 1998 1260 et
2013 1231 2082 1261 aliis
2098 1231 2205 1261 dicen-

1297 1271 1346 1309 dis
1362 1286 1538 1319 presentem
1553 1280 1633 1308 diem
1650 1279 1748 1309 adhuc
1765 1281 1876 1309 cedere
1892 1279 1980 1309 sicud
1996 1280 2073 1310 alios
2090 1280 2118 1310 X
2130 1291 2205 1320 pre-

1295 1328 1405 1358 teritos
1421 1328 1452 1358 in
1470 1329 1603 1358 savorem
1614 1328 1845 1369 magistrorum,
1863 1339 1925 1358 non
1938 1329 2037 1358 solum
2047 1328 2204 1368 juniorum

1297 1378 1351 1407 sed
1366 1378 1462 1407 eciam
1481 1377 1649 1413 seniorum,
1668 1378 1705 1407 ad
1718 1378 1939 1418 porrigendum
1957 1388 2028 1407 suas
2047 1378 2204 1418 supplica-

1295 1426 1402 1455 ciones
1423 1425 1494 1466 jure
1517 1436 1578 1466 quo
1603 1426 1702 1465 prius,
1730 1432 1760 1456 et
1783 1427 1865 1466 quod
1889 1427 1976 1456 fieret
1998 1427 2204 1466 congregacio

1296 1474 1435 1504 nacionis
1449 1475 1480 1504 in
1497 1475 1587 1504 nonis
1600 1475 1714 1505 Nostre
1730 1475 1861 1504 Domine
1879 1485 1935 1515 per
1943 1474 2150 1516 juramentum
2166 1476 2204 1505 ad

1296 1533 1386 1564 quam
1399 1534 1506 1553 omnes
1521 1524 1664 1554 venirent
1681 1530 1711 1554 et
1726 1525 1894 1554 secundum
1913 1525 2052 1554 ordinem
2069 1524 2204 1564 antiqui-

1295 1573 1367 1602 tatis
1386 1573 1517 1612 quilibet
1534 1583 1624 1602 unam
1647 1573 1847 1602 collacionem
1867 1574 1898 1603 in
1919 1574 2082 1614 presencia
2104 1574 2203 1603 tocius

1295 1622 1435 1651 nacionis
1451 1622 1581 1662 eligeret
1598 1622 1793 1662 cathegorice
1813 1629 1842 1652 et
1862 1619 2118 1658 irrevocabiliter,
2142 1633 2203 1652 non

1295 1670 1560 1706 condicionaliter,
1589 1672 1626 1700 ad
1648 1671 1738 1700 finem
1763 1672 1846 1711 quod
1868 1678 1964 1701 totum
1987 1673 2064 1701 bene
2087 1678 2117 1701 et
2136 1672 2203 1701 sine

1295 1720 1400 1749 fraude
1414 1720 1523 1750 suisset
1533 1721 1718 1759 expeditum.
1732 1720 1771 1749 Et
1782 1720 1833 1749 isti
1844 1720 1973 1750 articulo
1986 1721 2041 1750 fuit
2052 1731 2202 1750 annexum

1294 1770 1378 1809 quod
1393 1769 1482 1798 nacio
1492 1769 1663 1799 declararet
1678 1769 1709 1798 in
1720 1779 1793 1799 casu
1807 1770 1837 1798 in
1854 1779 1915 1809 quo
1928 1769 2041 1809 aliquis
2057 1770 2204 1809 magister

1294 1817 1400 1848 senior
1419 1818 1548 1858 eligeret
1562 1817 1773 1854 collacionem‚
1791 1828 1881 1858 quam
1907 1829 1969 1848 non
1989 1818 2080 1848 vellet
2098 1825 2202 1848 tenere

1294 1867 1332 1896 ad
1358 1867 1578 1896 reservandum
1603 1867 1655 1896 uni
1677 1866 1806 1906 juniori,
1832 1868 1916 1907 quod
1941 1867 2071 1907 quilibet
2098 1868 2202 1896 senior

1293 1915 1347 1945 illo
1366 1915 1491 1956 juniore
1514 1922 1677 1956 postquam
1701 1916 1761 1946 sibi
1786 1922 1943 1946 constaret
1973 1917 2056 1956 quod
2083 1917 2201 1956 primus

1293 1965 1410 1995 elector
1431 1975 1495 1994 eam
1513 1975 1575 1994 non
1595 1964 1687 1995 vellet
1708 1972 1824 2001 tenere,
1847 1966 1945 2005 ipsam
1966 1972 2072 2005 posset
2092 1975 2202 2005 capere

1294 2014 1325 2044 in
1351 2013 1555 2054 prejudicium
1585 2014 1659 2043 dicti
1677 2013 1825 2054 junioris,
1853 2021 1884 2044 et
1910 2015 1935 2043 si
1961 2021 2066 2044 essent
2095 2014 2201 2054 plures

1293 2063 1433 2093 seniores
1456 2063 1536 2093 inter
1555 2061 1711 2103 juniorem
1736 2069 1765 2092 et
1789 2064 1921 2103 primum
1947 2064 2098 2093 seniorem
2120 2063 2201 2092 elec-

1292 2118 1402 2147 torem,
1431 2113 1515 2152 quod
1542 2113 1623 2142 inter
1651 2112 1721 2142 illos
1751 2113 1856 2142 senior
1886 2113 1912 2142 si
1941 2113 2032 2142 vellet
2059 2122 2124 2142 eam
2146 2122 2200 2151 pre

1292 2161 1405 2191 ceteris
1424 2161 1588 2191 obtineret.

1332 2210 1378 2239 2¹¹·
1401 2210 1549 2240 articulus
1573 2211 1628 2240 suit
1651 2217 1753 2241 utrum
1776 2211 2033 2250 supervenientes
2053 2211 2201 2240 deberent

1293 2269 1409 2299 ponere
1430 2260 1460 2289 in
1479 2259 1764 2300 supplicacionibus
1785 2260 1850 2289 suis
1869 2259 1974 2289 titulos
1996 2260 2025 2288 in
2042 2259 2109 2288 aliis
2127 2259 2199 2288 Uni-

1291 2309 1490 2338 ver-sitatibus
1508 2309 1678 2348 acquisitos
1691 2315 1721 2338 et
1738 2309 1877 2348 adeptos.

1331 2357 1378 2387 3¹¹·
1395 2367 1463 2387 cum
1487 2357 1562 2387 alias
1586 2358 1787 2388 deliberatum
1809 2357 1910 2392 suerit,
1927 2367 2034 2386 omnes
2051 2366 2199 2396 superve-

1292 2406 1412 2436 nientes
1425 2407 1538 2436 debere
1554 2406 1667 2436 habere
1683 2406 1835 2446 signetum
1853 2416 1869 2435 a
1885 2413 2046 2445 receptore
2061 2406 2198 2435 nacionis

1292 2465 1387 2494 super
1405 2454 1473 2491 hoc,
1491 2455 1574 2495 quod
1593 2455 1618 2485 si
1639 2455 1713 2495 quid
1734 2455 1855 2484 nacioni
1877 2454 2059 2484 debuissent
2079 2461 2108 2483 ct
2123 2454 2198 2483 illud

1291 2503 1469 2539 solvissent,
1478 2510 1508 2533 et
1522 2504 1560 2533 de
1575 2504 1718 2544 pluribus
1729 2504 1919 2544 reperiretur
1933 2504 2015 2543 quod
2028 2509 2198 2542 posuerunt

1290 2553 1434 2592 pignora,
1458 2553 1512 2582 sed
1529 2563 1591 2582 non
1614 2553 1848 2593 reperiebantur
1870 2559 1977 2591 postea
1999 2552 2082 2591 quod
2110 2552 2196 2580 rede-

1291 2601 1420 2631 missent
1435 2612 1470 2631 ea
1486 2601 1536 2631 vel
1549 2601 1728 2637 solvissent,
1748 2602 1902 2642 quomodo
1919 2611 1985 2631 cum
2005 2600 2066 2629 illis
2086 2610 2197 2640 proce-

1290 2650 1435 2680 dendum.

1329 2699 1376 2729 4¹¹·
1394 2709 1490 2739 super
1504 2699 1788 2740 supplicacionibus
1809 2705 1839 2728 et
1858 2698 1989 2738 injuriis,
2007 2698 2086 2727 circa
2106 2708 2195 2737 quem

1289 2749 1454 2788 proposuit
1477 2749 1624 2789 magister
1640 2748 1796 2778 Johannes
1821 2749 1858 2777 de
1879 2747 2011 2777 saxonia
2034 2747 2074 2786 (et
2097 2747 2196 2786 magi-

1289 2802 1353 2826 ster
1368 2795 1460 2837 Hugo
1478 2797 1535 2827 hoc
1559 2797 1766 2835 confirmabat)
1788 2797 1870 2837 quod
1890 2802 1973 2825 esset
1995 2795 2164 2835 requisitus
2179 2806 2195 2824 a

1288 2845 1391 2875 multis
1413 2846 1571 2886 magistris
1592 2847 1630 2875 de
1649 2846 1775 2875 nacione
1797 2845 1899 2874 dicere
1921 2854 2026 2873 verum
2047 2844 2128 2884 quod
2150 2843 2195 2873 eis

1287 2894 1434 2930 innotuit,
1465 2895 1536 2934 quia
1575 2895 1717 2924 viderunt
1747 2894 1904 2934 antiquum
1937 2893 2047 2922 librum
2081 2903 2195 2933 procu-
