2632 3464
269 444 323 474 {85

314 524 390 555 Item
402 524 434 554 in
448 522 567 564 prefata
581 521 822 563 congregatione
838 519 1025 561 supplicavit
1037 517 1181 549 dominus

272 574 470 604 Hermannus
492 571 623 607 Consul.
643 577 678 602 ut
696 571 736 601 de
758 569 891 611 pecunia
915 578 974 609 pro
999 569 1180 609 incepcione

269 624 422 654 solvenda
435 619 559 654 inducie
574 629 675 661 usque
689 620 729 650 ad
746 619 857 649 festum
871 618 1023 648 Johannis
1040 618 1101 648 sibi
1117 623 1182 647 tra-

267 674 431 707 derentur,
449 670 499 702 cui
513 669 713 701 concorditer
726 668 919 708 supplicacio
936 674 1002 697 erat
1017 676 1179 702 concessa,

270 732 340 752 cum
369 721 432 751 hoc*
455 720 540 760 quod
566 719 648 749 idem
685 717 882 748 Hermannus
910 717 1066 757 receptori
1100 717 1182 746 bona

271 771 406 812 pignora
419 777 478 810 pro
489 768 608 810 prefata
621 767 754 808 pecunia
771 767 936 807 obligaret.

313 820 389 850 ltem
424 817 542 858 incepit
571 817 715 847 dominus
739 816 898 846 {linricus
924 815 963 845 de
996 815 1095 845 Clivis
1122 814 1180 844 sub

271 869 422 910 magistro
437 867 568 898 Hinrico
583 867 622 896 de
638 866 768 906 Kempe,
787 864 875 905 cujus
888 865 984 894 bursa
997 863 1104 894 nichil.

315 918 391 948 Item
421 916 539 957 incepit
563 915 708 946 dominus
736 914 895 944 Johannes
919 912 1090 943 wilhelm*
1122 913 1180 943 sub

271 967 421 1007 magistro
435 965 576 996 Jobanne
592 965 630 994 de
647 963 761 1004 Aquisg
778 962 865 1003 cujus
883 963 977 993 bursa
988 964 1008 992 9
1023 961 1116 993 solidi
1130 962 1181 991 vel

269 1015 433 1046 dimidium
448 1020 580 1044 scutum.

314 1065 392 1095 ltem-
409 1063 554 1094 dominus
577 1062 735 1092 lohannes
759 1062 797 1091 de
821 1061 957 1091 Zittarde
982 1060 1099 1100 incepit
1123 1060 1181 1090 sub

270 1113 421 1154 magistro
432 1112 588 1152 Tyderico
600 1112 639 1141 de
655 1111 782 1146 Havert,
797 1109 884 1150 cujus
895 1111 989 1140 bursa
1002 1109 1140 1150 quinque
1153 1119 1179 1139 s.

312 1162 388 1192 Item
414 1161 532 1200 incepit
556 1160 702 1190 dominus
727 1159 888 1190 Arnoldus
914 1160 952 1188 de
979 1158 1103 1189 Celario
1123 1158 1182 1188 sub

270 1211 421 1252 magistro
435 1210 552 1240 Jacobo
562 1210 601 1239 de
613 1209 790 1244 Hollandia‚
802 1207 889 1248 cujus
900 1209 995 1238 bursa
1007 1207 1100 1238 solidi
1114 1217 1179 1237 sex.

313 1261 388 1290 Item
423 1259 541 1299 incepit
573 1258 718 1288 dominus
749 1257 936 1298 Henuingus
971 1256 1091 1292 Pamin,
1124 1257 1182 1286 sub

269 1309 422 1350 magistro
435 1308 596 1343 Wiskino.
613 1306 702 1348 cujus
719 1308 814 1336 bursa
826 1306 899 1336 vlu
915 1306 1019 1336 solidi.

312 1358 388 1388 Item
423 1357 541 1397 incepit
573 1357 718 1387 dominus
745 1355 942 1385 Hermannus
974 1355 1094 1386 Consul
1125 1355 1182 1384 sub

272 1408 423 1448 magistro
440 1406 600 1442 Wiskino,
620 1404 708 1446 cujus
725 1405 820 1435 bursa
837 1411 956 1444 septem
972 1404 1077 1439 solidi,
1095 1409 1182 1434 scuto

271 1457 393 1487 valente
409 1456 529 1486 solidos
546 1456 605 1498 19.-

681 1531 779 1560 1355

466 1605 644 1645 [lacobus
672 1605 715 1634 de
749 1604 987 1642 Hollandia.]

795 1678 808 1690 ο

313 1699 403 1730 Anno
432 1698 558 1729 Domini
585 1678 617 1728 1⁴31
642 1678 727 1728 CC&
748 1697 811 1733 LV,
837 1698 914 1727 facta
935 1697 1182 1738 congregacione

271 1749 414 1779 nacionis
432 1747 604 1788 Anglicane
626 1747 702 1777 feria
722 1746 834 1776 tertia²
852 1752 925 1787 post
949 1747 1059 1776 festum
1077 1745 1183 1775 Trini-

273 1798 344 1829 tatis
359 1807 456 1838 super
470 1796 621 1827 electione
633 1796 858 1836 procuratoris,
870 1796 987 1826 electus
1000 1796 1055 1825 fuit
1069 1795 1100 1824 in
1110 1805 1183 1835 pro-

270 1853 445 1882 curatorem
467 1846 617 1886 magister
634 1846 769 1876 Jacobus
788 1846 827 1875 de
847 1844 1024 1880 Hollandia,
1046 1845 1076 1873 in
1095 1843 1182 1884 cujus

272 1895 487 1936 procuratorio
504 1895 582 1925 facta
595 1901 668 1925 sunt
681 1895 735 1924 hec
750 1905 810 1934 que
826 1900 1010 1934 sequuntur.

314 1945 420 1975 Primo
435 1944 551 1984 incepit
565 1944 709 1974 dominus
723 1943 844 1974 Stacius
864 1943 945 1973 Saxo
959 1944 1017 1972 sub
1034 1943 1182 1983 magistro

271 1994 416 2030 Alberto‚
435 1993 522 2034 cujus
541 1994 635 2023 burse
652 1993 709 2023 Vll
728 1993 832 2023 solidi.

314 2044 389 2073 ltem
416 2042 533 2083 incepit
560 2042 704 2072 dominus
730 2041 895 2082 Adolphus
918 2042 956 2071 de
978 2041 1098 2071 Werda
1125 2041 1183 2071 sub

273 2093 422 2133 magistro
440 2091 576 2122 Henrico
594 2092 632 2121 de
652 2092 802 2131 Kempen,
822 2090 909 2131 cujus
926 2092 1019 2120 bursa
1037 2092 1055 2120 5
1077 2090 1181 2120 solidi.

314 2142 389 2172 Item
413 2141 544 2181 quilibet
570 2141 699 2171 istorum
727 2147 757 2170 et
780 2141 930 2180 magister
959 2140 1114 2169 Henricus
1145 2140 1183 2169 de

271 2190 373 2221 Clivis
391 2190 484 2220 solvit
501 2200 595 2220 unum
616 2189 765 2220 florenum
783 2190 821 2219 de
837 2189 994 2230 principio
1012 2189 1183 2229 magisterii

270 2242 302 2269 in
323 2242 473 2280 Grangia.

681 2332 780 2362 1355

476 2403 681 2443 [Henricus
713 2404 756 2433 de
788 2403 982 2444 Kempen.]

313 2484 405 2515 Anno
422 2483 546 2514 Domini
560 2484 724 2514 millesimo
739 2483 835 2514 CCC⁰
849 2477 1108 2524 quinquagesimo
1123 2483 1182 2518 ΨΟ,

271 2534 351 2564 facta
365 2533 613 2573 congregacione
630 2533 771 2562 nacionis
791 2532 963 2573 Anglicane
981 2533 1064 2572 apud
1086 2532 1185 2562 Sanc-

273 2589 337 2613 tum
356 2581 510 2612 lulianum
533 2591 712 2622 pauperem,
732 2582 806 2612 feria
829 2580 959 2622 quinta³
982 2588 1051 2612 ante
1073 2581 1184 2611 festum

273 2630 359 2661 Petri
388 2637 419 2661 et
449 2630 550 2666 Pauli,
579 2641 675 2671 super
706 2630 933 2660 substitucione
957 2630 1182 2671 procuratoris,

272 2680 460 2710 substitutus
484 2679 539 2710 l'uit
561 2679 710 2720 magister
734 2679 889 2710 Henricus
914 2680 952 2709 de
979 2680 1129 2720 Kempen,
1152 2679 1184 2710 in

270 2728 360 2769 cujus
375 2728 596 2759 substitutione
612 2729 688 2759 sacta
702 2735 775 2758 sunt
790 2729 846 2759 hee
862 2739 922 2769 que
937 2735 1122 2769 sequuntur.

305 2835 328 2859 1.
361 2836 388 2859 ln
399 2835 515 2868 margine
524 2835 687 2867 Traiectum.

305 2871 320 2895 2
363 2871 377 2895 2
387 2871 467 2896 lunii.

305 2907 329 2931 3.
361 2907 391 2931 2⁵
405 2907 483 2931 Iunii.

304 2942 328 2966 b.
359 2943 439 2966 Error
449 2943 475 2967 in
486 2951 531 2968 me.
539 2943 627 2967 Potine
634 2942 681 2976 103.
693 2943 758 2967 feria
767 2946 848 2970 nexta.
857 2943 874 2967 i.
883 2951 905 2967 e.
913 2943 942 2967 22
951 2943 1071 2976 Augusti,
1080 2947 1187 2976 propter

270 2977 418 3010 aequalia.

781 445 895 472 LIBER
915 438 1235 471 PRocURA'rORUM‘
1250 442 1432 469 NATIONIS
1451 443 1695 470 ANGLICANAE

1219 967 1252 993 10

1220 1212 1254 1239 15

1221 1459 1255 1485 20

1221 1951 1255 1977 30

1222 2197 1255 2224 35

1223 2443 1256 2470 40

1223 2689 1257 2716 45

2151 439 2211 471 1'864

1330 515 1437 549 Primo
1459 529 1645 550 concessum
1666 520 1722 549 suit
1749 516 1899 560 magistro
1927 520 2078 550 Themoni
2108 521 2200 550 Judei

1290 569 1374 608 quod
1399 568 1573 598 solveretur
1597 569 1658 598 sibi
1682 569 1823 608 pecunia,
1851 579 1943 609 quam
1969 569 2115 608 exposuit
2144 578 2213 609 pro;

1290 617 1398 653 scolis,
1417 618 1587 647 dummodo
1600 617 1815 647 informaverit
1834 614 1995 647 nacionem
2015 628 2048 647 se
2067 614 2201 658 aliquam

1290 666 1451 706 pecuniam
1460 676 1518 706 pro
1527 666 1622 696 scolis
1633 667 1830 706 exposuisse.
1838 666 1879 696 Et
1886 666 1945 696 hoe
1954 667 2203 707 congregacione

1290 715 1429 755 generali
1447 716 1525 745 facta
1537 716 1620 755 apud
1636 715 1782 746 Sanctum
1798 715 1998 745 Maturinum.

1331 765 1407 794 ltem
1423 765 1501 794 sacta
1519 764 1768 805 congregacione
1787 764 1939 794 facultatis
1953 765 2036 804 apud
2055 764 2201 794 Sanctum

1289 813 1444 844 Julianum
1461 814 1512 843 die
1526 813 1603 843 Vl⁸⁴
1620 813 1737 843 mensis
1752 813 1887 854 Augusti
1903 820 1973 843 ante
1990 814 2101 843 festum
2122 814 2202 844 Bar-

1289 861 1448 898 tholomei,
1466 862 1578 892 datus⁵
1595 862 1651 892 fuit
1670 862 1820 902 magistro
1842 863 1978 893 Henrico
2000 864 2039 893 de
2062 863 2217 903 Kempen-

1289 912 1486 952 procuratori
1504 922 1584 941 unus
1596 912 1818 947 determinans,
1838 911 1950 941 solutis
1969 912 2140 942 solvendis.

1331 961 1407 990 Item
1427 961 1578 1001 magistro
1593 961 1723 991 Alberto
1738 962 1776 990 de
1793 960 1927 990 Saxonia
1946 971 2130 991 concessum
2149 962 2206 991 suit

1291 1011 1322 1040 in
1337 1011 1443 1040 eadem
1459 1010 1520 1046 die,
1535 1010 1654 1040 scilicet
1668 1010 1700 1040 in
1713 1010 1842 1040 sabbato
1853 1009 1865 1028 ⁸
1881 1017 1951 1040 ante
1971 1010 2083 1040 festum
2095 1011 2204 1040 Barto-

1291 1059 1394 1094 lomei,
1410 1060 1494 1099 quod
1508 1060 1702 1099 post-festum
1716 1059 1834 1089 Natalis
1845 1059 1945 1089 nostri
1960 1059 2086 1089 Domini
2102 1066 2206 1099 potest

1291 1108 1396 1149 legere
1421 1119 1515 1138 unum
1541 1109 1655 1139 librum
1687 1107 1870 1138 Aristotelis
1900 1108 1932 1138 in
1964 1109 2056 1138 nonis
2090 1109 2204 1139 Nostre

1293 1158 1438 1187 Domine.

1333 1207 1408 1237 Item
1433 1207 1582 1247 magistro
1610 1207 1705 1237 Petro
1732 1208 1771 1236 de
1799 1206 1916 1237 cecilia
1943 1205 2127 1237 concessum
2151 1208 2220 1237 fuit*

1292 1257 1377 1296 quod
1389 1262 1493 1296 potest
1503 1253 1607 1296 legere
1622 1256 1736 1286 librum
1751 1257 1789 1285 de
1805 1257 1917 1286 Causis
1934 1256 1965 1285 in
1987 1256 2078 1286 nonis
2097 1252 2205 1286 Ja'cobi

1291 1315 1349 1345 per
1366 1315 1495 1345 parvum
1513 1305 1714 1335 Ordinarium
1729 1306 1840 1335 diebus
1860 1305 2120 1345 disputabilibus,
2139 1306 2205 1335 sive

1292 1361 1362 1384 actu
1377 1355 1564 1395 disputetur,
1580 1355 1645 1385 sive
1662 1365 1735 1385 non.
1767 1367 1769 1369 ¹

1703 1449 1801 1478 1355

1341 1520 1413 1560 (F'ol.
1436 1519 1508 1559 28)7
1537 1520 1728 1550 ,lohannes
1759 1520 1860 1557 filius
1889 1520 2097 1565 Wilhelmi
2116 1521 2158 1549 de

1316 1571 1319 1574 '
1550 1567 1723 1609 Trajecto
1755 1569 1948 1599 inferiori.
2062 1566 2064 1570 ’

1332 1649 1424 1679 Anno
1447 1648 1572 1679 Domini
1591 1649 1756 1678 millesimo
1777 1645 1996 1679 trecentesimo
2015 1646 2206 1690 quinqua'ge-

1293 1699 1372 1729 simo
1392 1698 1512 1738 quinte,
1537 1698 1614 1728 feria
1635 1697 1765 1738 quarta⁸
1792 1704 1864 1737 post
1883 1699 1995 1728 festum
2016 1698 2223 1728 Bartolomet

1293 1748 1438 1789 apostoli,
1470 1748 1546 1777 facta
1576 1747 1823 1788 congregacione
1845 1747 1996 1777 nacionis
2027 1747 2205 1788 ·Anglicane

1293 1798 1373 1838 apud
1390 1796 1535 1827 Sanctum
1547 1796 1702 1826 „lulianum
1718 1797 1938 1836 magistrorum
1956 1803 2017 1826 tam
2033 1796 2205 1837 regentium

1293 1857 1383 1887 quam
1407 1856 1470 1875 non
1493 1846 1667 1886 regentium
1690 1856 1785 1885 super
1811 1845 1961 1876 electione
1993 1847 2222 1886 procuratoris:

1293 1896 1443 1931 facienda,
1460 1896 1576 1925 electus
1594 1895 1652 1924 fuit
1671 1895 1870 1924 concorditer
1887 1896 1925 1925 ab
1941 1892 2207 1935 omnibusma'gi-

1293 1942 1379 1975 stris‘
1390 1944 1527 1985 ejusdem
1547 1944 1853 1984 nacionis-magister
1866 1944 2025 1974 lohannes
2037 1941 2204 1974 'wilhelmi
2221 1951 2223 1955 ⁴

1293 1995 1331 2024 de
1348 1993 1491 2034 Trajecto
1511 1994 1651 2026 inferiori
1668 1994 1699 2023 in
1714 2000 1951 2034 procuratorem
1967 1994 2085 2034 prefate
2104 1990 2206 2023 nacio-
2221 2002 2223 2012 ¹

1293 2044 1342 2073 nis
1362 2043 1447 2073 nullo
1463 2043 1587 2083 penitus
1608 2043 1805 2072 reclamante.
1829 2042 1864 2072 ln
1883 2042 1970 2083 cujus
1990 2038 2205 2083 procuratoria
2221 2037 2223 2061 ἶ

1294 2093 1371 2122 facta
1384 2099 1457 2122 sunt
1473 2092 1528 2122 hec
1541 2101 1602 2132 que
1619 2098 1803 2132 sequuntur.
2076 2095 2079 2099 '
2167 2099 2170 2102 ’

1335 2141 1444 2171 Dictus
1461 2148 1644 2181 procurator
1662 2141 1756 2171 solvit
1773 2151 1866 2171 unum
1883 2147 2002 2171 scutum
2024 2142 2141 2181 prefata
2157 2142 2207 2171 die
2221 2148 2224 2153 '

1293 2201 1352 2231 pro
1369 2191 1585 2231 procuratoria
1600 2193 1629 2220 in
1651 2192 1799 2230 Grangia.

1334 2240 1409 2270 ltem
1428 2240 1459 2270 in
1472 2239 1630 2270 crastino⁹
1647 2240 1728 2270 beati
1747 2239 1861 2269 Mathei
1879 2240 2013 2280 apostoli
2035 2241 2112 2270 sacta
2132 2251 2208 2269 con—

1293 2289 1481 2330 gregacione
1502 2289 1642 2319 nacionis
1667 2289 1806 2328 predicte
1832 2290 1914 2329 apud
1937 2289 2083 2319 Sanctum
2109 2289 2207 2318 ‚lulia-

1294 2348 1367 2368 num
1379 2348 1547 2378 pauperem
1563 2348 1659 2378 super
1673 2338 1823 2367 electione
1833 2339 2018 2378 receptoris,
2032 2338 2147 2367 electus
2161 2345 2209 2367 est

1295 2387 1326 2417 in
1346 2394 1539 2428 receptorem
1559 2387 1709 2428 magister
1730 2387 1888 2417 Johannes
1914 2388 1952 2416 de
1978 2387 2128 2421 Lovonio.
2154 2388 2206 2426 qui

1295 2437 1387 2466 solvit
1406 2438 1514 2467 eodem
1534 2437 1584 2466 die
1602 2446 1696 2466 unum
1717 2443 1837 2466 scutum
1858 2437 1895 2466 ad
1917 2447 2009 2466 unum
2031 2437 2207 2466 convivium

1295 2488 1324 2515 in
1342 2487 1491 2526 Grangia.

1703 2535 1800 2564 1355

1380 2601 1562 2643 Magister
1592 2602 1827 2632 Hermannus
1855 2603 1897 2631 de
1930 2601 2115 2632 Wesalia.

1334 2682 1425 2712 Anno
1460 2682 1582 2712 Domini
1607 2662 1749 2712 ffiCCmd’.
1780 2681 2039 2722 quinquagesimo
2083 2682 2204 2722 quinto,

1296 2731 1412 2761 mensis
1431 2731 1624 2771 Septembris
1652 2731 1702 2760 die
1731 2730 1835 2770 xxiij³‚
1860 2731 1936 2760 sucta
1958 2731 2206 2771 congregacione

1388 2944 1419 2967 26
1431 2943 1549 2976 Augusti.

1385 2980 1415 3003 22
1428 2978 1591 3011 Septembrie.

1327 2839 1348 2862 5.
1385 2838 1453 2861 'nter
1469 2836 1552 2860 [ἡκ-αι
1564 2844 1714 2861 concessus.

1326 2874 1349 2897 6.
1384 2874 1413 2897 22
1426 2873 1545 2903 Augusti.

1327 2909 1351 2933 7.
1385 2910 1438 2932 rot.
1450 2909 1479 2932 27
1490 2908 1606 2940 nequitur
1620 2910 1680 2940 pont
1691 2907 1737 2939 soI.
1751 2909 1790 2932 37.

1327 2945 1352 3003 3:
