2632 3464
274 419 308 446 49

273 495 431 525 lohannes
446 494 545 534 Peny,
561 495 656 524 bursa
671 493 731 523 1111
746 493 804 523 sol.
852 500 858 519 l

274 543 476 577 Laurencius,
490 544 518 572 V
532 543 636 573 solidi.
875 541 1114 570 determinantes
1123 540 1183 569 sol-

274 592 487 628 Hermannus,
502 592 527 621 V
542 591 644 622 solidi.
871 596 980 619 ventes
1008 589 1181 629 pecuniam.

274 641 429 671 Henricus
445 642 483 670 de
498 640 673 674 Pluscardi,
692 639 736 669 III
756 639 814 669 sol.
847 612 859 719 s
874 639 997 667 Summa
1015 638 1072 668 XII
1095 637 1180 667 liin-‚⁴

274 689 349 719 Item
367 690 502 724 Franco,
520 689 564 719 111
581 688 685 718 solidi.

274 738 350 768 Item
369 738 580 772 Burchardus,
598 737 642 767 Ill
657 737 761 766 solidi.

274 787 349 817 Item
366 787 523 816 Johannes
535 786 660 821 Arneri,
677 786 704 815 II
719 785 822 815 solidi.

274 836 348 866 Item
364 836 512 875 magister
524 835 679 864 Ricardus
695 834 781 864 VIII.

272 884 455 914 Willermus
472 883 583 913 Scotus
600 883 644 912 111
664 883 768 912 solidi.

275 933 349 963 Item
362 933 505 962 dominus
519 933 675 962 Henricus
690 932 747 962 VII
764 933 823 962 sol.
872 954 1043 984 &cencium
1060 955 1183 984 Summa

273 982 424 1012 Dominus
441 982 637 1012 Nol-mannus
650 981 725 1011 VIII
740 981 798 1010 sol.

271 1030 427 1060 Iohannes
444 1030 655 1070 Wythinbech
672 1029 698 1059 V
713 1030 804 1060 solid.
870 1003 896 1032 V
912 1004 983 1033 hbr'
1000 1010 1030 1033 et
1046 1004 1073 1032 V
1088 1004 1145 1034 SOL

312 1078 435 1109 Summa
448 1079 551 1109 totalis
564 1079 666 1109 XXIII
679 1079 750 1108 libr.
764 1086 794 1109 et
804 1079 862 1109 XII
875 1080 966 1108 solid.
980 1085 1009 1108 et
1020 1079 1059 1109 Vl
1074 1080 1181 1109 denar.

312 1128 457 1168 Expense
480 1127 632 1167 ejusdem,
653 1129 754 1168 primo
774 1129 806 1158 in
824 1129 1036 1168 redemptione
1058 1129 1183 1169 privile-

271 1177 393 1216 giorum
407 1177 558 1217 regalium
572 1178 609 1207 de
628 1188 709 1207 novo
725 1177 957 1218 impetratorum
976 1184 1005 1207 et
1019 1178 1050 1207 in
1066 1188 1183 1218 expen-

276 1226 321 1256 sis
343 1227 444 1256 eundo
468 1227 506 1256 ad
531 1237 638 1267 regem
664 1237 721 1266 per
743 1227 826 1256 vices
848 1226 889 1256 Vl
912 1227 1001 1257 libre.
1025 1227 1098 1256 Item
1125 1238 1182 1267 pro

270 1274 367 1305 scolis
379 1275 434 1304 XX
450 1275 542 1305 solidi
560 1276 696 1305 Henrico
714 1276 848 1305 bedello.
866 1276 941 1305 Item
957 1276 1046 1305 nacio
1065 1277 1182 1306 satisfe-

271 1324 313 1354 cit
330 1324 391 1354 sibi
411 1325 449 1354 de
470 1324 527 1354 VII
548 1325 638 1354 libris
659 1325 841 1364 parisiens.‚
866 1335 943 1364 quas
965 1326 1098 1355 debebat
1122 1326 1182 1355 sibi

272 1382 329 1412 pro
349 1373 459 1403 itinere
476 1383 533 1403 suo
550 1374 588 1403 ad
606 1374 722 1403 curiam
737 1384 795 1414 pro
814 1374 952 1414 negociis
968 1375 1182 1405 communibus

270 1422 422 1458 nacionis,
439 1423 520 1452 unde
537 1422 644 1452 habuit
660 1423 818 1463 publicum
834 1423 1082 1459 instrumentum,
1098 1425 1182 1464 quod

270 1470 435 1501 inmediate
458 1471 544 1501 dedit
570 1472 703 1501 nacioni.
729 1472 803 1502 Item
828 1472 855 1501 X
878 1472 970 1502 solidi
991 1483 1048 1512 pro
1071 1473 1182 1503 rotulis

270 1520 376 1550 missis
390 1521 429 1550 ad
443 1521 570 1550 curiam.
589 1521 663 1550 Item
684 1520 791 1561 majori
812 1521 934 1550 bedello
950 1522 1034 1551 XXX
1050 1522 1179 1552 solidos.

271 1569 346 1598 Item
359 1569 471 1599 minori
484 1570 606 1599 bedello
622 1570 676 1599 XV
692 1570 821 1599 solidos.
838 1570 912 1600 Item
928 1571 1042 1600 refudit
1060 1572 1181 1601 nacioni

269 1628 362 1648 unum
386 1618 498 1648 librum
518 1619 659 1659 magistri
686 1619 812 1649 Ricardi
837 1619 932 1654 scoti,
957 1620 1102 1650 videlicet
1123 1631 1182 1660 pro

266 1666 320 1696 XL
331 1667 450 1697 solidis.
466 1668 540 1697 Item
553 1668 667 1698 refudit
681 1659 839 1698 dominum
850 1668 1043 1698 Willelmum
1056 1670 1181 1699 Scotum

267 1725 326 1756 pro
341 1715 453 1746 XXXV
468 1716 589 1746 solidis.

314 1764 439 1795 Summa
467 1766 522 1795 XX
548 1766 627 1796 libre
654 1773 684 1796 et
709 1767 736 1796 X
765 1767 868 1802 solidi,
895 1774 924 1796 et
950 1768 994 1796 sic
1025 1775 1184 1798 remanent

274 1813 318 1844 111
341 1813 421 1844 libre
445 1821 475 1844 et
497 1815 524 1844 11
548 1815 640 1844 solidi
664 1822 694 1845 et
715 1815 754 1844 Vl
773 1817 904 1851 denarii,
928 1817 966 1846 de
987 1828 1047 1856 qua
1067 1828 1184 1848 summa

273 1863 359 1893 dedit
383 1864 533 1904 magistro
557 1864 676 1894 Sunoni
697 1865 802 1894 Karoli
818 1866 873 1895 XX
892 1866 1022 1901 solidos,
1040 1873 1069 1896 et
1085 1867 1184 1907 magi-

270 1918 336 1942 stro
353 1912 486 1942 Johunni
505 1914 543 1943 de
558 1913 707 1953 Kynnard
723 1914 777 1944 XX
793 1914 922 1949 solidos,
940 1922 970 1945 et
984 1916 1111 1945 retinuit
1124 1917 1184 1946 sibi

274 1962 331 1992 XX
345 1962 463 1992 solidos
474 1973 531 2002 per
542 1963 666 1992 modum
678 1963 925 1993 distribucionis.
938 1964 1030 1994 Facto
1041 1973 1184 2005 compoto

277 2010 304 2040 II
321 2011 441 2040 solidos
457 2017 487 2041 et
502 2021 556 2041 sex
570 2012 715 2042 denarios
728 2019 922 2052 potaverunt.

307 2059 347 2090 Et
366 2060 424 2090 iste
449 2067 612 2100 compotus
630 2061 686 2091 suit
708 2062 805 2092 sactus
825 2063 906 2102 apud
926 2063 1070 2093 Sanctum
1088 2064 1183 2094 Julia-

265 2119 338 2139 num
365 2109 415 2139 die
440 2109 591 2139 veneris²
623 2117 692 2140 ante
719 2111 937 2148 Pentecosten,
966 2113 997 2141 in
1025 2113 1185 2153 presentia

266 2158 401 2188 omnium
443 2159 663 2198 magistrorum
704 2166 773 2189 actu
811 2161 989 2201 regencium
1032 2162 1063 2191 in
1103 2163 1184 2193 dicta

266 2207 396 2237 nacione
432 2209 469 2237 ad
506 2208 564 2237 hoc
601 2209 778 2248 specialiter
810 2216 1004 2246 vocatorum,
1037 2212 1184 2251 videlicet

265 2256 410 2296 magistri
424 2257 575 2286 Johannis
594 2258 631 2287 de
649 2258 797 2297 Kynnard
817 2258 912 2294 Scoti‚
929 2260 1068 2299 magistri
1083 2261 1181 2291 Ulrici

265 2305 302 2335 de
320 2306 474 2346 Augusta,
489 2306 632 2346 magistri
649 2307 785 2336 Sunonis
803 2307 907 2337 Karoli
921 2309 958 2338 de
973 2310 1094 2345 Suecia,
1110 2321 1182 2350 pre-

265 2355 406 2384 sentibus
428 2355 550 2385 hedello
572 2355 678 2395 majori
699 2362 729 2385 et
747 2356 876 2391 minori,
897 2364 926 2387 et
947 2359 1115 2389 ratificatus
1135 2367 1182 2390 est

267 2403 326 2432 iste
342 2410 504 2443 compotus
520 2414 577 2444 per
591 2405 729 2440 eosdem,
746 2404 830 2434 nullo
846 2406 1044 2436 reclamante.

307 2451 382 2481 Item
410 2451 527 2492 incepit
550 2453 698 2482 dominus
731 2453 850 2483 Franco
879 2455 917 2484 de
943 2455 1094 2485 Turtraco
1123 2458 1180 2486 sub

266 2500 418 2540 magistro
434 2501 588 2531 Geirardo
601 2503 639 2531 de
651 2501 783 2537 Marten,
796 2502 883 2543 cujus
895 2505 988 2534 bursa
1003 2505 1061 2534 llll
1074 2505 1177 2535 solidi.

312 2549 386 2579 Item
418 2549 606 2580 lecenciatus
638 2551 694 2581 suit
726 2553 806 2591 apud
841 2553 984 2582 Nostram
1018 2554 1179 2584 Dominam

267 2598 412 2628 dominus
434 2599 568 2630 Thomas
585 2601 622 2629 de
638 2600 794 2640 Treverry
807 2602 864 2630 sub
885 2603 1034 2642 magistro
1052 2603 1178 2634 Ilulrico

271 2647 308 2676 de
321 2647 474 2687 Augusta,
489 2647 577 2688 cujus
593 2649 687 2679 bursa
702 2649 760 2679 llll
776 2650 880 2680 solidi.

306 2695 380 2726 Item
399 2697 479 2727 sacto
494 2704 638 2737 compoto
652 2709 719 2728 cum
738 2706 899 2739 receptore
918 2701 1104 2731 substitutus
1122 2702 1177 2732 suit

265 2745 413 2785 magister
427 2746 584 2776 Johannes
597 2748 635 2776 de
650 2747 797 2787 Kynnard
813 2749 843 2778 in
859 2757 1051 2789 receptorem
1071 2752 1176 2781 nacio-

265 2793 314 2823 nis
329 2804 384 2834 per
399 2795 513 2825 dictum
524 2803 728 2836 receptorem,
746 2807 801 2837 per
815 2808 999 2828 consensum
1014 2801 1175 2840 magistro-

872 743 1024 776 ponentes
1074 736 1176 766 vadia.

872 785 996 815 Summa
1031 785 1071 815 VI
1111 786 1180 814 libr.

870 841 900 864 et
933 834 990 864 Vll
1025 834 1117 864 solid.
1153 841 1183 864 et

869 883 1041 912 dimidium.

293 2909 316 2932 1.
350 2909 434 2933 Primo
447 2911 568 2942 scriplum
582 2915 639 2936 erat
653 2912 710 2940 lib..
724 2913 770 2936 ned
779 2916 869 2944 pentec
883 2914 992 2938 deletum
1007 2918 1031 2938 et
1053 2916 1174 2948 ucriplum

262 2944 312 2969 sol.
328 2945 500 2970 Nihilominue
510 2950 577 2970 recle
589 2947 695 2979 ponitur
707 2948 779 2977 libr..
792 2951 818 2972 ut
831 2958 844 2973 e
856 2958 955 2973 summa
965 2951 1042 2974 cocali
1056 2955 1173 2984 apparel.

350 2991 464 3010 Aut-turum·
476 2991 599 3012 Charini-rii
609 2993 697 3013 Uniom.
706 2993 771 3013 Parin.
782 3004 808 3009 —
818 2994 834 3014 I.

778 417 892 443 LIBER
913 415 1228 442 PROCURATORUM
1247 414 1429 441 NATIONIS
1449 414 1695 441 ANGLICANAE

1239 695 1255 722 5

1222 933 1255 958 10

1221 1179 1254 1204 15

1220 1425 1253 1450 20

1220 1674 1254 1700 25

1221 1920 1255 1946 30

1221 2166 1255 2192 35

1218 2412 1252 2438 40

1216 2659 1249 2686 45

2167 417 2201 441 50

1291 500 1358 520 rum
1375 490 1525 520 nacionis.
1542 491 1617 520 Item
1634 497 1734 530 empta
1750 491 1806 520 suit
1822 502 1882 520 una
1897 502 1995 531 cappa
2010 502 2066 531 pro
2082 499 2201 521 rectore

1291 540 1330 569 de
1356 540 1504 574 scarleto,
1534 549 1592 579 pro
1619 550 1679 579 qua
1705 539 1842 579 quelibet
1872 541 1959 569 naeio
1987 541 2203 571 contribuebat

1293 589 1337 618 III
1354 589 1450 618 libras
1466 589 1647 628 parisiens„
1662 595 1691 617 et
1708 595 1811 618 rector
1828 589 1972 628 exposuit
1989 590 2157 619 residuum.

1334 638 1408 667 Item
1440 638 1624 667 lecenciatus
1658 638 1714 666 fuit
1745 638 1827 677 apud
1862 638 2006 667 Nostram
2038 638 2199 668 Dominam

1292 687 1437 716 dominus
1476 687 1672 716 Hermannus
1710 687 1748 716 de
1789 687 1909 716 Rostok
1956 688 2013 716 sub
2054 688 2202 728 magistro

1291 736 1432 766 Johanne
1448 737 1485 765 de
1504 735 1649 771 Boionia,
1667 734 1754 776 cujus
1770 737 1863 765 bursa
1879 736 1918 765 Vl
1934 736 2036 765 solidi.

1334 785 1409 814 Item
1439 785 1626 815 lecenciatus
1658 785 1714 814 fuit
1746 786 1828 824 apud
1861 785 2004 814 Nostram
2040 786 2201 816 Dominam

1292 835 1436 864 dominus
1451 834 1609 864 Johannes
1629 835 1666 863 de
1685 834 1812 863 Boemia
1831 835 1888 864 sub
1907 835 2055 874 magistro
2075 835 2202 865 Hulrico

1292 885 1330 913 de
1345 884 1496 923 Augusta,
1512 883 1600 923 cujus
1614 885 1708 913 bursa
1726 883 1785 913 1111
1801 883 1904 913 solidi.

1334 933 1408 962 Item
1442 933 1628 962 lecenciatus
1659 933 1715 962 suit
1748 934 1828 972 apud
1863 933 2007 962 Nostram
2041 934 2202 963 Dominam

1292 982 1449 1012 Johannes
1472 982 1559 1022 Peny
1581 983 1639 1012 sub
1662 982 1810 1021 magistro
1832 982 1971 1012 Johanne
1994 984 2031 1012 de
2056 983 2204 1022 Kynnard

1294 1031 1398 1066 Scoto,
1416 1030 1504 1071 cujus
1522 1033 1617 1060 bursa
1634 1031 1673 1060 Vl
1695 1031 1798 1060 solidi.

1333 1081 1408 1110 Item
1424 1081 1568 1110 dominus
1584 1081 1718 1110 Thomas
1734 1081 1771 1109 de
1789 1081 2009 1120 Kynninmund
2025 1082 2082 1110 sub
2097 1083 2203 1111 eodem

1293 1131 1452 1171 magistro,
1470 1129 1558 1170 cujus
1575 1131 1669 1159 bursa
1684 1130 1723 1159 Vl
1741 1130 1846 1159 solidi.

1332 1179 1404 1219 (Fal.
1426 1182 1473 1217 42)
1493 1179 1567 1209 Item
1585 1179 1770 1209 lecenciatus
1785 1179 1839 1208 fuit
1857 1180 2000 1222 dominus
2015 1180 2204 1210 Laurencius

1292 1230 1330 1258 de
1347 1229 1442 1258 Dacia
1456 1229 1514 1258 sub
1527 1229 1648 1263 eodem,
1663 1227 1750 1268 cujus
1766 1229 1860 1257 bursa
1875 1228 1915 1258 VI
1930 1229 2034 1258 solidi.

1333 1279 1408 1308 Item
1429 1278 1572 1307 dominus
1593 1277 1748 1307 Henricus
1770 1279 1807 1306 de
1828 1278 1989 1307 Pluscardi
2009 1278 2120 1308 Scotus
2141 1280 2198 1309 sub

1292 1329 1410 1362 eodem,
1428 1328 1515 1366 eujus
1531 1328 1627 1356 bursa
1643 1327 1702 1356 IIII
1719 1327 1811 1356 solidi
1829 1333 1858 1356 et
1875 1327 2049 1357 dimidium.

1332 1379 1408 1406 Item
1433 1376 1620 1405 lecenciatus
1645 1376 1701 1405 fuit
1722 1376 1801 1405 idem
1827 1376 1970 1405 dominus
1996 1376 2139 1406 Galterus
2163 1378 2202 1407 de

1292 1426 1405 1456 Sancto
1435 1425 1527 1455 Claro
1557 1426 1615 1454 sub
1645 1425 1794 1465 magistro
1826 1425 1976 1455 Michaele
2007 1426 2181 1456 Lumbardo
2194 1450 2201 1462 ,

1291 1475 1378 1516 cujus
1393 1476 1488 1504 bursa
1501 1474 1527 1503 V
1541 1475 1644 1504 solidi.

1332 1525 1407 1554 Item
1422 1524 1537 1563 incepit
1551 1523 1694 1553 dominus
1711 1523 1793 1552 Kero
1807 1524 1844 1552 de
1861 1523 1969 1553 Suesia
1983 1525 2040 1554 sub
2054 1525 2203 1564 magistro

1292 1574 1428 1608 Sunone,
1448 1572 1535 1613 cujus
1550 1574 1644 1602 bursa
1661 1572 1720 1602 1111
1738 1573 1842 1602 solidi.

1332 1624 1407 1652 Item
1427 1622 1542 1662 incepit
1562 1622 1705 1651 dominus
1721 1621 1865 1651 Galterus
1884 1623 1922 1651 de
1941 1621 2110 1653 Wardlave
2129 1624 2202 1652 Sco-

1291 1679 1340 1702 tus
1358 1673 1416 1701 sub
1440 1671 1590 1711 magistro
1609 1671 1749 1700 Johanne
1767 1671 1804 1700 de
1824 1671 1984 1711 Kynnard,
2003 1671 2090 1711 cujus
2109 1673 2203 1702 bursa

1291 1722 1398 1751 nichil.

1333 1771 1455 1800 Summa
1473 1770 1547 1799 XIII
1566 1769 1644 1799 libre
1660 1780 1727 1799 cum
1745 1769 1772 1798 11
1789 1770 1898 1799 solidis
1913 1777 1942 1799 et
1956 1770 1995 1800 Vl
2013 1771 2161 1800 denariis.

1333 1821 1408 1850 Item
1427 1819 1622 1849 continuatus
1639 1825 1686 1848 est
1701 1819 1850 1859 magister
1866 1819 2023 1848 Johannes
2042 1820 2072 1848 in
2088 1830 2202 1860 procu-

1293 1876 1425 1899 ratorem
1444 1869 1577 1898 nationis
1593 1868 1643 1897 die
1661 1867 1802 1897 sabbati³
1821 1875 1890 1897 ante
1908 1869 2017 1898 festum
2041 1869 2201 1899 Trinitatis

1293 1919 1373 1959 apud
1390 1919 1535 1947 Sanctum
1550 1917 1720 1952 lulianum,
1737 1923 1766 1946 et
1783 1918 1860 1947 facta
1878 1924 1950 1947 sunt
1965 1929 2025 1958 que
2044 1925 2200 1948 secuntur.

1333 1968 1440 1997 Primo
1453 1967 1597 2007 exposuit
1609 1967 1662 1996 XL
1676 1967 1794 1996 solidos
1808 1977 1865 2006 pro
1879 1977 1977 2007 cappa
1993 1968 2135 1997 rectoris.

1334 2018 1409 2047 Item
1422 2016 1477 2046 XV
1490 2015 1609 2046 solidos
1622 2026 1680 2055 pro
1695 2017 1827 2045 surr—ura.

1334 2067 1408 2096 Item
1423 2066 1560 2095 Henrico
1573 2065 1696 2094 bedello
1708 2065 1763 2094 XX
1779 2065 1897 2094 solidos
1911 2076 1968 2105 pro
1982 2066 2088 2095 scolis.

1334 2117 1409 2146 Item
1430 2116 1461 2144 in
1478 2115 1641 2155 potacione
1659 2114 1753 2143 semel
1769 2116 1852 2153 apud
1866 2126 1970 2143 cavam
1991 2115 2050 2145 llll
2071 2116 2200 2145 solidos.

1334 2166 1409 2195 Item
1426 2165 1572 2195 Cunrado
1588 2163 1709 2193 bedello
1725 2164 1780 2193 XX
1797 2164 1925 2193 solidos.

1333 2215 1407 2244 Item
1424 2224 1482 2254 pro
1498 2213 1708 2243 refusionibus
1723 2213 1795 2242 VIII
1813 2213 1942 2242 solidos.

1334 2264 1408 2293 Item
1424 2273 1482 2303 pro
1498 2273 1559 2292 uno
1574 2262 1749 2302 protocollo
1762 2262 1788 2290 V
1803 2263 1933 2292 solidos.

1332 2313 1406 2342 Item
1421 2312 1480 2342 llll
1498 2311 1616 2341 solidos
1632 2318 1661 2341 et
1674 2312 1833 2340 dimidium
1851 2313 2037 2351 computavit
2051 2313 2108 2341 sibi
2124 2324 2202 2352 quos

1291 2362 1378 2391 naeio
1397 2362 1528 2391 debebat
1547 2361 1617 2390 sibi.

1331 2411 1406 2441 Item
1422 2421 1480 2450 pro
1497 2410 1591 2440 scolis
1609 2410 1632 2438 L
1649 2410 1779 2439 solidos.

1330 2460 1405 2489 Item
1419 2459 1446 2489 X
1459 2460 1578 2489 solidos
1592 2469 1649 2499 pro
1663 2459 1756 2488 scolis
1772 2460 1911 2499 magistri
1925 2460 2086 2489 Johannis.

1331 2509 1405 2538 Item
1420 2509 1460 2538 VI
1487 2509 1604 2538 solidos
1628 2509 1714 2547 apud
1739 2509 1861 2537 tabulas
1887 2509 1916 2537 in
1948 2509 2103 2548 potatione
2129 2516 2198 2549 post

1289 2565 1475 2598 compotum.

1329 2607 1404 2637 Item
1437 2607 1623 2636 lecenciatus
1658 2607 1712 2636 suit
1742 2608 1823 2646 apud
1859 2607 2001 2636 Nostrmn
2036 2607 2197 2637 Dominam

1287 2656 1431 2686 dominus
1461 2656 1662 2686 Burchardus
1689 2657 1726 2685 (le
1754 2656 1940 2685 constancia
1967 2657 2024 2685 sub
2050 2657 2199 2695 magistro

1287 2705 1434 2735 Cunrado
1449 2706 1487 2734 de
1501 2706 1605 2734 Monte
1621 2705 1806 2738 Puellarum.
1822 2705 1909 2744 cujus
1924 2706 2017 2734 bursa
2032 2705 2074 2735 Ill
2092 2706 2195 2735 solidi.

1328 2754 1402 2784 Item
1422 2755 1566 2784 (lominus
1586 2754 1742 2783 Johannes
1760 2755 1798 2783 de
1819 2754 1955 2783 Missena
1973 2755 2030 2783 sub
2048 2755 2197 2794 magistro

1285 2803 1458 2838 Warnero,
1476 2803 1563 2843 cujus
1580 2805 1671 2833 bursa
1692 2803 1796 2832 nichil.

1316 2919 1339 2942 2.
1374 2919 1402 2942 25
1417 2918 1489 2941 Maii.

1317 2955 1341 2977 3.
1375 2954 1482 2977 2111nii.
