2632 3464
441 420 526 436 Lxx-111
1151 418 1153 421 ’
1177 414 1182 427 ”
1279 410 1550 438 INTRODUCTIO'

444 488 631 523 Henricus
654 485 702 523 de
723 488 874 529 Hassia,
907 498 1005 534 mag.
1032 483 1071 522 isn
1096 486 1232 529 theol,
1260 487 1324 535 qui
1351 486 1443 522 olim
1469 486 1517 522 ad
1544 488 1741 523 nationem
1767 489 2003 537 pertinuerat
2032 497 2072 525 et
2106 501 2259 539 semper
2282 503 2370 527 cum

442 557 597 592 natione
617 556 758 606 ligatus
781 555 1016 592 remanebat.
1043 558 1078 592 Is
1107 557 1171 606 qui
1195 568 1242 592 eo
1266 563 1442 605 tempore
1468 557 1629 591 maxima
1648 558 1881 594 auctoritate
1908 557 2009 607 apud
2039 559 2236 595 nationem
2267 559 2370 597 frue-

442 626 567 668 batur,
586 625 774 662 Gerardus
795 624 842 661 de
863 625 1016 667 Kalkar,
1040 624 1253 673 discipulus
1275 624 1378 660 illius
1399 626 1438 660 in
1462 624 1659 675 theologia
1683 625 1819 663 fuerat.
1844 628 2032 664 Hem-icus
2053 627 2102 664 de
2116 629 2262 665 Hassia
2287 637 2370 665 tum

443 694 727 732 neutralitatem
768 695 1031 743 pronuntiavit
1050 695 1073 729 ¹.
1119 693 1234 729 Aliud
1279 694 1528 743 praecipuum
1573 696 1740 731 nationis
1779 698 2039 746 suppositum,
2084 697 2282 734 Conradus
2321 697 2371 736 de

443 765 698 807 Gelnhausen,
717 763 853 799 doctor
868 763 1011 799 decret.
1029 764 1299 805 Bononiensis,
1315 762 1453 799 eodem
1469 775 1547 812 quo
1563 765 1750 800 Henricus
1766 763 1815 801 de
1831 766 1965 802 Hassia
1979 778 2098 802 sensu
2113 765 2194 802 fuit.

492 833 567 870 Sed
588 840 723 882 postea
748 833 862 868 etiam
881 840 923 868 ut
943 831 1035 868 olim
1056 833 1183 881 agitur
1202 844 1355 881 semper
1377 831 1425 868 de
1450 831 1575 868 rotulo
1598 834 1663 882 qui
1686 833 1816 869 forsan
1840 842 1975 884 posset
1995 836 2175 885 componi
2199 836 2366 882 (569,38;

442 903 604 947 575,31);
641 903 750 951 Hugo
779 900 826 937 de
856 902 1039 937 Hervorst
1069 913 1179 936 suum
1209 913 1351 937 nomen
1380 900 1503 945 dedit,
1535 902 1615 938 sive
1650 901 1797 938 rotulus
1831 902 1879 938 ad
1915 903 2170 947 Clementem,
2210 905 2292 941 sive
2321 903 2369 941 ad

443 971 638 1009 Urbanum
667 972 883 1007 mitteretur
905 969 1081 1016 (571‚32).
1102 970 1226 1006 Martii
1254 970 1299 1005 23
1330 977 1368 1005 et
1397 970 1444 1005 24
1471 977 1510 1006 et
1534 969 1675 1007 deinde
1698 983 1821 1021 usque
1845 971 1892 1008 ad
1916 972 1964 1008 30
1990 972 2117 1022 April.
2140 986 2217 1009 non
2243 975 2368 1011 minus

442 1055 556 1091 quam
580 1042 623 1076 21
655 1040 826 1089 magistri
854 1040 1048 1088 petierunt
1076 1051 1117 1075 se
1139 1038 1267 1075 rotulo
1283 1038 1411 1075 futuro
1425 1040 1632 1086 (nescimus
1655 1053 1703 1076 an
1725 1041 1764 1075 in
1786 1052 2030 1091 quocumque
2053 1042 2191 1090 rotulo)
2212 1043 2369 1079 inscribi

441 1111 609 1158 (576‚39;
629 1110 739 1151 577,7
754 1115 793 1145 et
813 1122 847 1158 p.
874 1109 970 1155 578).
992 1110 1117 1145 Paene
1140 1120 1275 1144 omnes
1295 1108 1497 1144 Alemanni
1515 1117 1636 1145 erant.

490 1181 590 1216 Ante
626 1178 748 1228 April.
783 1178 830 1214 30
872 1178 1028 1213 nuntius
1057 1178 1222 1213 Parisios
1257 1178 1381 1220 venit,
1424 1190 1554 1227 regem
1581 1178 1854 1216 Wenzeslaum
1895 1187 1934 1216 et
1962 1179 2228 1216 Alemanniam
2266 1181 2367 1218 velle

443 1250 597 1287 Urbano
624 1250 673 1285 VI
702 1255 743 1284 ut
764 1260 855 1283 vero
890 1259 1014 1297 papae
1050 1245 1257 1283 adhaerere
1272 1247 1298 1282 ².
1334 1248 1430 1282 Tum
1459 1260 1551 1283 vero
1582 1247 1772 1284 Gerardus
1802 1248 1850 1284 de
1872 1249 2026 1294 Kalkar‚
2062 1262 2216 1299 semper
2245 1250 2369 1287 adbuc

442 1320 598 1356 nuntius
618 1317 746 1360 rotuli,
771 1330 857 1353 cum
879 1330 955 1366 quo
979 1316 1132 1353 infectis
1154 1316 1269 1352 rebus
1290 1317 1455 1352 Parisios
1478 1329 1655 1353 reversus
1675 1324 1774 1360 erat,
1801 1317 1930 1354 audita
1951 1318 2031 1354 hac
2047 1318 2146 1354 fama
2167 1318 2290 1368 April.
2316 1319 2369 1356 30v

443 1391 480 1425 in
502 1388 802 1437 congregatione
821 1401 837 1422 «
857 1386 1100 1436 supplicavit,
1120 1393 1161 1422 ut
1174 1399 1194 1421 a
1210 1385 1403 1434 legatione
1419 1398 1486 1422 sua
1503 1388 1590 1436 (qua
1605 1386 1755 1436 legatus
1777 1399 1845 1423 seu
1862 1389 2018 1424 nuntius
2036 1389 2305 1425 Universitatis
2322 1401 2368 1426 ex

441 1466 550 1509 parte
578 1458 745 1494 nationis
772 1458 865 1503 erat)
888 1455 1152 1492 absolveretur
1173 1455 1348 1491 facienda
1373 1454 1420 1490 ad
1441 1455 1693 1499 Clementem,
1723 1463 1872 1493 attento
1894 1456 1998 1506 quod
2013 1456 2241 1494 Alcman-nia
2261 1470 2303 1494 se
2321 1458 2368 1494 ad

442 1528 637 1565 Urbanum
654 1526 951 1563 determinasset
969 1540 985 1560 ›>
1007 1525 1155 1571 (578‚47
1172 1527 1287 1574 sqq.).
1307 1526 1418 1561 Natio
1435 1525 1508 1561 hoc
1531 1526 1736 1567 concessit,
1762 1538 1974 1575 omnesque
1994 1527 2033 1561 in
2057 1526 2130 1562 hoc
2153 1526 2366 1564 concordes

441 1597 608 1639 fuerunt,
633 1611 650 1631 «
669 1595 774 1631 nullo
797 1594 912 1631 modo
928 1595 1104 1631 volentes
1125 1595 1250 1644 ipsum
1272 1594 1318 1630 ad
1340 1594 1576 1631 Clementem
1597 1595 1736 1630 iturum
1756 1608 1773 1629 »
1791 1594 1946 1644 (579‚8).
1966 1594 2221 1632 Nihilominus
2242 1609 2366 1646 usque

442 1666 489 1703 ad
506 1667 594 1703 Maii
613 1665 637 1701 9
659 1664 735 1701 duo
753 1664 954 1700 Alemanni
976 1664 1222 1700 inveniuntur
1244 1663 1420 1699 volentes
1447 1663 1660 1708 inrotulari,
1685 1677 1702 1698 ι(
1727 1664 1759 1700 si
1781 1665 2023 1713 contingeret
2048 1663 2130 1700 fieri
2154 1664 2322 1701 rotulum
2347 1679 2365 1701 n

440 1736 612 1784 (579,27;
634 1734 796 1780 58024).

490 1808 683 1842 Hactenus
705 1805 808 1839 natio
833 1803 1046 1853 Anglicana
1067 1810 1108 1839 ut
1126 1803 1230 1838 natio
1251 1804 1408 1839 minime
1432 1802 1479 1838 ab
1501 1803 1759 1839 Universitate
1778 1801 2049 1846 dissentiebat,
2067 1815 2166 1852 quae
2183 1803 2275 1840 licet
2289 1805 2368 1853 jam

441 1889 510 1926 pro
545 1876 678 1924 majori
716 1882 825 1924 parte
854 1875 1142 1924 suppositorum
1169 1873 1290 1922 magis
1314 1871 1362 1908 ad
1388 1871 1626 1908 Clementem
1653 1873 1720 1908 Vll
1749 1870 1967 1916 inclinaret,
1999 1879 2041 1907 ut
2071 1884 2211 1921 corpus
2238 1880 2368 1910 tamen

441 1959 508 1982 seu
532 1946 697 1981 societas
718 1945 756 1979 in
777 1943 923 1979 neutris
945 1942 1118 1992 partibus
1144 1941 1378 1978 remanebat.
1404 1942 1491 1978 Maii
1513 1942 1533 1977 7
1562 1953 1652 1977 vero
1673 1953 1740 1976 rex
1758 1941 1914 1977 tertium
1935 1941 2140 1977 concilium
2161 1955 2369 1992 congrega—

441 2015 525 2051 vit¹¹²
546 2022 584 2050 et
605 2014 692 2049 Maii
715 2014 758 2048 21
782 2013 1079 2049 Universitatem
1105 2012 1291 2054 invitavit,
1319 2018 1360 2047 ut
1387 2010 1610 2060 suffragium
1634 2022 1837 2046 commune
1860 2022 1931 2059 pro
1953 2009 2150 2046 Clemente
2176 2012 2243 2047 Vll
2264 2010 2369 2047 velut

440 2097 531 2121 vero
554 2096 653 2133 papa
683 2083 893 2124 emitteret,
919 2088 957 2117 et
984 2080 1179 2118 Urbanum
1202 2081 1251 2117 VI
1277 2081 1513 2129 respueret3.
1545 2078 1760 2115 Facultates
1786 2078 2024 2128 theologiae,
2058 2078 2300 2115 decretorum
2329 2087 2368 2116 et

441 2153 668 2194 medicinae,
683 2160 797 2201 atque
809 2152 985 2187 nationes
997 2150 1140 2187 Galliae
1153 2157 1192 2186 et
1208 2151 1513 2186 Normannorum
1528 2149 1615 2185 Maii
1630 2149 1677 2184 24
1689 2149 1789 2184 votis
1804 2149 1905 2198 regis
1922 2148 2046 2184 Caroli
2062 2148 2365 2198 responderunt3

440 2223 651 2272 Anglicana
674 2229 799 2257 autem
828 2222 947 2264 natio,
976 2221 1037 2256 cui
1061 2219 1257 2255 Picardica
1283 2232 1325 2255 se
1348 2219 1535 2267 adjunxit,
1559 2219 1685 2255 renuit
1710 2230 1751 2254 se
1771 2217 1847 2253 illis
1874 2217 2179 2260 accommodare,
2201 2217 2335 2254 dicens
2355 2232 2364 2253 z

443 2308 458 2327 «
478 2292 713 2329 Universitas
731 2303 806 2327 non
831 2289 999 2326 debebat
1019 2288 1199 2325 recedere
1216 2302 1235 2324 a
1252 2288 1530 2325 deliberatione
1550 2287 1644 2323 alias
1663 2289 1692 2334 (J
1697 2287 1842 2323 anuarii
1858 2288 1891 2333 8)
1912 2286 2056 2330 habita,
2077 2286 2226 2323 scilicet
2242 2299 2263 2322 a
2278 2299 2367 2324 neu—

440 2362 608 2398 tralitate
623 2368 661 2396 et
679 2359 936 2395 indifferentia
958 2373 974 2393 ))
986 2359 1012 2394 ⁴.

492 2433 631 2467 Rector
652 2430 932 2472 Universitatis,
950 2436 1040 2464 tunc
1057 2440 1077 2463 e
1094 2427 1195 2463 dicta
1214 2428 1369 2463 natione
1389 2426 1587 2469 oriundus,
1605 2427 1782 2462 nimirum
1797 2425 1991 2461 Johannes
2006 2425 2053 2461 de
2069 2424 2234 2468 Stralen,
2252 2424 2366 2461 modo

442 2507 618 2549 receptor
633 2506 672 2535 et
693 2498 836 2548 pluries
854 2505 1080 2547 procurator
1100 2497 1280 2539 nationis,
1299 2497 1454 2546 negavit
1473 2495 1685 2532 deliberata
1711 2495 1979 2531 Universitatis
2005 2509 2021 2529 «
2047 2493 2279 2531 concludere
2298 2506 2367 2543 per

444 2569 596 2605 modum
615 2568 882 2605 Universitatis
900 2574 938 2602 et
953 2579 1021 2615 pro
1040 2566 1223 2602 concluso
1241 2566 1384 2602 habere
1399 2573 1438 2601 et
1453 2572 1631 2614 reputare
1650 2578 1666 2599 »
1683 2565 1707 2600 5.
1732 2564 1969 2601 Universitas
1989 2563 2239 2599 nihilominus
2258 2575 2363 2598 suam

484 2701 510 2728 1.
556 2698 626 2726 Vid.
650 2698 802 2733 Chartul„
819 2697 876 2731 111,
894 2701 938 2725 n⁰⁵
955 2696 1033 2726 1619
1048 2702 1077 2725 et
1095 2697 1183 2731 1663,
1201 2702 1266 2725 not.
1458 2695 1527 2723 solie
1547 2695 1796 2732 Quartalsclerift‚
1812 2693 1919 2732 Jahrg.
1937 2692 2006 2728 Vll,
2025 2693 2112 2727 1893,
2131 2702 2163 2732 p.
2183 2693 2238 2722 107
2254 2701 2324 2731 sqq.

483 2748 510 2776 2.
557 2747 709 2784 Quantum
741 2747 779 2775 ad
810 2746 1048 2775 declarationem
1086 2745 1177 2774 Febr.
1204 2745 1254 2780 27,
1285 2745 1347 2773 vid.
1498 2744 1528 2772 3.
1571 2742 1642 2772 Vid.
1665 2744 1815 2777 Char-tul„
1835 2742 1892 2777 Ill,
1907 2746 1940 2770 n⁰
1960 2741 2048 2770 1621.

442 2797 671 2830 szsaffixssn,
686 2796 834 2824 Deutsehc
851 2795 1130 2833 Reiclestagsalcten,
1154 2793 1178 2829 l,
1199 2794 1257 2822 232
1277 2804 1347 2832 sqq.
1499 2794 1527 2821 4.
1572 2792 1664 2827 ibid„
1684 2795 1717 2820 n⁰
1735 2792 1823 2821 1623.

443 2845 511 2873 Non
526 2852 617 2874 totam
634 2844 843 2874 Alemanniam
859 2843 1007 2873 Urhanno
1025 2842 1217 2879 adhaesisse,
1232 2849 1261 2871 et
1278 2842 1351 2872 Cle·
1499 2843 1528 2871 5.
1573 2841 1664 2875 lbid„
1679 2852 1709 2880 p.
1726 2841 1795 2870 569.
1812 2840 1857 2869 De
1874 2840 2008 2870 diversis
2023 2839 2318 2878 congregationibus
2335 2844 2365 2868 et

443 2901 573 2923 mentem
590 2894 645 2922 Vll
667 2894 756 2922 etiam
775 2893 910 2922 asseclas
936 2892 1093 2929 habuisse,
1117 2892 1195 2920 bene
1214 2891 1351 2920 ostendit
1459 2890 1535 2919 actis
1550 2890 1637 2924 ibid„
1653 2889 1694 2918 n¹⁸
1715 2889 1897 2920 1624-1627.

443 2943 572 2978 VALois,
592 2946 633 2971 Le
656 2943 761 2971 Grand
782 2943 913 2970 Schisme
935 2952 970 2970 en
989 2943 1177 2980 Allemagne,
1199 2941 1230 2969 in
1247 2941 1350 2969 Romi·
1499 2940 1527 2968 6.
1572 2939 1664 2973 llaid„
1682 2949 1712 2977 p.
1731 2939 1788 2968 570
1805 2948 1853 2977 sq.
