2632 3464
438 436 472 461 23
982 437 1207 464 AUCTARIUM
1227 438 1488 465 CHARTULARII
1508 439 1682 466 UNIVERS.
1705 439 1823 466 PARIS.

427 514 497 542 data
514 514 728 552 compromisit
750 520 780 542 et
797 513 942 553 paratus*
961 520 1027 543 erat
1043 515 1218 544 emendare.
1238 515 1343 554 Itaque

428 563 533 592 literas
547 563 682 602 optinuit
697 563 861 602 sigillatas.
879 563 1048 593 Presentes
1065 564 1188 593 suerunt
1201 564 1343 603 magistri

427 612 584 641 Johannes
621 612 748 647 Scotus‚
780 612 994 642 Theodericus
1024 614 1062 642 de
1094 612 1236 651 Trajecto
1271 623 1344 652 pre—

427 662 540 690 «lictus.

470 711 544 739 Item
567 717 717 750 sequente
740 710 812 740 die²
846 711 1033 751 supplicavit
1057 712 1221 741 Conradus
1247 710 1344 750 major

428 760 579 793 bedellus,
604 766 637 789 ut
662 760 722 789 sibi
746 759 835 789 litera
857 760 1075 790 testimonialis
1100 760 1147 789 sui
1171 760 1344 799 pedellatus

427 809 630 848 sigillaretur.
655 810 688 838 In
711 809 840 838 nacione
863 809 1068 839 concessum³
1099 810 1155 838 suit
1172 809 1249 845 sibi,
1272 810 1344 849 quia

428 859 589 887 dicebatur
619 859 808 898 rigorosum.
846 859 1012 887 Presentes
1045 859 1168 888 fuerunt
1202 859 1344 898 magistri

429 908 520 947 Hugo
556 907 682 942 Scotus‚
716 908 881 947 Philippus
917 907 1044 943 Scotus‚
1074 907 1160 937 Suno
1197 908 1341 943 Swecus,

429 957 578 996 magister
615 957 757 986 Andreas
794 957 832 985 de
868 957 1010 986 Polonia.
1047 957 1156 986 Eidem
1193 957 1343 997 magistro

428 1006 552 1035 Andree
579 1007 702 1035 fuerunt
724 1006 811 1035 litere
837 1007 906 1034 date
930 1016 947 1035 a
974 1006 1104 1035 nacione
1126 1007 1164 1035 ad
1186 1007 1343 1036 dominum

429 1066 538 1095 papam
562 1062 591 1084 et
615 1056 653 1084 ad
677 1056 756 1084 duos
781 1055 954 1084 cardinales
979 1055 1010 1084 in
1038 1056 1144 1084 eadem
1169 1066 1344 1096 congrega-

428 1105 517 1134 cione
559 1106 597 1133 ad
645 1104 791 1133 Sanctum
831 1104 1050 1140 Marturinum,
1093 1105 1130 1133 ab
1163 1105 1344 1144 eisdemque

431 1154 588 1194 magistris
604 1160 662 1182 etc.

469 1204 541 1243 (Fol.
568 1203 617 1241 31)
642 1203 717 1231 Item
741 1213 799 1242 ego
823 1203 972 1242 magister
994 1203 1120 1232 Ulricus
1143 1204 1181 1232 de
1204 1203 1346 1243 Augusta

429 1253 501 1281 dedi
521 1252 660 1292 Giligino
678 1252 843 1291 pedellono
859 1259 967 1281 nostro
981 1252 1053 1281 VIII
1071 1253 1201 1282 solidos.

468 1302 560 1330 Anno
592 1301 716 1330 Domini
749 1307 782 1330 ut
811 1302 956 1341 superius
987 1302 1018 1330 in
1049 1301 1208 1331 crastino⁴
1246 1302 1345 1331 sancti

431 1351 614 1380 Eadimundi
644 1351 730 1390 regis
758 1350 962 1390 Anglicorum
994 1351 1171 1381 convocatis
1201 1351 1344 1380 omnibus

430 1401 588 1440 magistris
607 1400 790 1440 regentibus
806 1401 843 1429 de
859 1400 989 1430 nacione
1006 1400 1178 1440 Anglicana
1192 1411 1248 1439 per
1261 1399 1345 1440 jura-

430 1456 530 1479 menta
558 1460 664 1478 eorum
695 1450 733 1479 ad
763 1449 909 1479 Sanctum
932 1449 1089 1479 ,lulianum
1116 1460 1295 1489 pauperem,
1312 1455 1347 1479 ut

432 1499 527 1528 moris
550 1505 608 1533 est,
626 1500 663 1527 ad
684 1499 855 1528 faciendum
880 1509 994 1528 novum
1016 1506 1264 1538 procuratorem,
1286 1509 1345 1538 ego

430 1549 579 1588 magister
597 1548 722 1577 Ulricus
739 1549 917 1587 sepedictus
933 1549 971 1577 de
989 1548 1130 1588 Augusta
1148 1549 1189 1578 fui
1210 1549 1248 1577 de
1264 1559 1346 1578 novo

429 1598 546 1627 electus
570 1598 601 1626 in
630 1604 863 1636 procuratorem
888 1604 918 1627 et
944 1598 1151 1627 continuatus.
1177 1598 1345 1627 Presentes

431 1648 554 1676 Fuerunt
584 1647 725 1686 magistri
754 1647 951 1676 VVernherus
983 1647 1154 1682 WoHram,
1188 1647 1273 1676 Suno
1308 1648 1346 1676 de

430 1697 562 1731 Swecia,
587 1697 639 1735 qui
668 1707 715 1725 me
743 1697 941 1726 concorditer
966 1697 1003 1725 de
1029 1707 1108 1726 novo
1134 1703 1163 1725 et
1190 1706 1345 1726 consensu

430 1746 566 1774 unanimi
585 1746 750 1786 eligerunt.

469 1794 546 1824 Acta
562 1802 634 1824 sunt
649 1806 709 1834 que
725 1802 873 1824 secuntur
889 1806 894 1823 :

472 1845 547 1873 Item
574 1845 605 1873 in
633 1844 764 1884 vigilia⁵
795 1851 900 1873 sancte
926 1844 1071 1874 Katerine
1102 1850 1173 1884 post
1196 1854 1345 1884 vesperas

432 1900 555 1922 nostras
581 1895 619 1922 ad
643 1894 788 1923 Sanctum
809 1894 952 1923 Cosmam
972 1904 1030 1933 ego
1054 1894 1201 1933 magister
1219 1894 1345 1923 Ulricus

431 1944 468 1972 de
484 1943 624 1982 Augusta
641 1943 719 1972 solvi
737 1953 795 1982 pro
813 1943 885 1973 vino
901 1944 943 1971 ad
964 1943 1118 1972 Βανὸὶαε6
1137 1943 1178 1972 Xl
1199 1943 1345 1972 denarios

432 2003 488 2031 pro
507 1993 666 2031 magistris
685 1999 714 2021 et
735 1993 882 2032 pedellis,
902 1993 955 2032 qui
978 1993 1008 2021 in
1026 1993 1168 2032 vesperis
1189 1999 1260 2022 tunc
1279 1993 1346 2021 fue-

431 2048 512 2071 runt.

472 2091 547 2119 Item
564 2091 652 2119 nacio
669 2091 828 2120 Gallicana
845 2092 952 2120 eodem
968 2098 1107 2131 tempore
1123 2091 1275 2120 intimavit
1291 2101 1346 2120 seu

430 2140 628 2169 denunciavit
646 2141 747 2169 trihus
766 2141 964 2175 nacionibus,
985 2140 1104 2170 scilicet
1119 2140 1344 2180 Pycardorum‚

435 2190 657 2218 Normanorum
674 2196 704 2218 et
719 2189 933 2229 Anglicorum,
952 2190 1196 2229 separacionem.

474 2239 547 2267 Item
563 2239 639 2267 facta
653 2239 901 2279 congregacione
914 2239 1054 2268 nacionis
1066 2238 1238 2278 Anglicane
1252 2249 1347 2278 super

432 2287 491 2316 ista
512 2288 713 2326 separacione
733 2288 952 2327 magistrorum
972 2294 1032 2317 tam
1053 2288 1232 2327 regencium
1256 2297 1346 2326 quam

434 2347 493 2365 non
521 2337 699 2375 regencium
730 2338 767 2365 ad
798 2337 942 2366 Sanctum
972 2337 1160 2366 Maturinum
1190 2337 1221 2365 in
1254 2337 1347 2365 nonis

434 2386 546 2415 Nostre
575 2386 706 2415 Domine
731 2397 788 2425 per
807 2385 991 2425 juramenta,
1016 2386 1213 2426 propositum
1238 2386 1294 2415 suit
1316 2386 1347 2414 in

434 2435 662 2464 deliberacione
683 2436 901 2475 magistrorum
921 2436 952 2464 in
972 2437 1077 2465 eadem
1098 2435 1347 2475 congregacione

432 2485 470 2513 de
486 2486 576 2514 modo
598 2485 774 2523 separandi,
795 2491 895 2514 utrum
911 2485 1057 2514 videlicet
1074 2485 1219 2524 placeret,
1244 2483 1346 2524 quod⁷

433 2534 587 2573 quoddam
610 2533 784 2573 originale⁸
806 2544 860 2563 seu
890 2540 1035 2563 statutum
1065 2534 1210 2573 Symonis
1240 2533 1345 2573 legati,

433 2584 516 2622 quod
550 2583 581 2611 in
611 2583 702 2612 archa
738 2584 893 2612 communi
929 2590 1001 2612 tunc
1041 2593 1110 2612 esse
1148 2584 1342 2618 credebatur,

524 2692 569 2713 Ma.
588 2694 705 2722 paratas.

523 2727 553 2749 2—'4
568 2726 692 2749 Octobris.

523 2764 571 2785 Ma.
589 2765 778 2785 concetessurn.

484 2816 489 2820 .
524 2798 550 2820 21
569 2798 723 2822 Novembris.

523 2834 552 2856 24
566 2833 722 2856 Nouembris.

529 2869 582 2892 l'icl.
597 2878 684 2900 supra,
698 2878 723 2900 p.
739 2870 818 2897 19,30.
833 2870 879 2892 Με-
891 2869 979 2901 potius
992 2869 1143 2893 Verarbias.

526 2906 572 2927 Ms.
589 2905 663 2927 addit
676 2913 732 2928 nos.

525 2941 572 2963 Με.
587 2941 696 2971 origulc.

526 2976 565 3006 (Ἰ.
579 2976 756 3000 documentum
771 2976 796 2999 in
810 2976 940 3004 ChartuL,
958 2981 984 2999 n·
996 2977 1051 3000 409.

465 2691 488 2784 5⁶30?

465 2799 479 2820 A>

465 2835 490 2963 P‘J'P'MC'

467 2977 481 2998 c

1383 962 1416 987 10

1383 1207 1416 1233 15

1383 1453 1418 1478 20

1384 1699 1417 1725 25

1383 1945 1417 1970 30

1384 2191 1418 2216 35

1386 2436 1419 2462 40

2335 441 2369 466 24

1453 515 1754 546 amministraretur⁹
1777 516 1840 545 illis
1863 516 2023 556 magistris
2047 516 2203 556 deputatis
2220 517 2258 546 ad
2277 527 2369 556 sepa-

1453 564 1609 594 racionem
1627 565 1801 601 nacionum,
1817 565 1930 605 quibus
1948 565 2092 594 omnibus
2110 565 2236 604 placuit,
2253 572 2284 595 et
2297 575 2368 606 pro-

1454 623 1576 643 cessum
1596 620 1662 643 erat
1680 615 1718 643 de
1740 614 1872 644 consilio
1896 625 2013 644 eorum.
2032 614 2178 654 Magistri
2190 613 2217 633 ⁴⁰
2237 625 2370 655 presen-

1453 669 1500 692 tes
1524 663 1656 698 fuerunt,
1680 663 1821 703 magistri
1843 663 2002 693 Johannes
2023 663 2136 693 Scotus
2156 664 2315 704 antiquior
2337 664 2369 693 in

1454 711 1595 747 nacione,
1619 712 1711 752 Hugo
1734 712 1857 747 Scotus‚
1882 713 2048 752 Philippus
2068 712 2191 748 Scotus‚
2208 712 2367 742 Johannes

1455 760 1566 790 Scotus
1580 761 1618 790 de
1634 761 1766 800 Rathey,
1778 761 1935 791 Johannes
1951 763 1989 791 de
2003 762 2202 797 Constancia,
2214 761 2369 791 Wernhe-

1454 819 1508 839 rus
1521 809 1686 845 Wolfram,
1701 810 1858 840 Johannes
1874 811 2007 841 Consilii
2024 817 2054 840 et
2068 811 2216 850 magister
2230 810 2315 840 Suno
2330 811 2368 840 de

1455 858 1587 894 Swecia‚
1611 859 1724 898 quibus
1745 860 1888 889 omnibus
1906 860 2022 899 placuit
2042 860 2241 889 concorditer
2258 860 2296 888 de
2316 859 2369 889 tali

1453 918 1606 947 processu
1630 908 1854 947 sepamcionis,
1874 910 2132 948 quemadmodum
2157 908 2227 938 aliis
2249 909 2369 938 duabus

1454 957 1637 986 nacionibus
1661 957 1788 996 placuit,
1815 964 1845 987 et
1873 958 1910 988 de
1937 959 2029 987 modo
2056 958 2247 998 procedendi
2275 957 2370 987 remi-

1455 1013 1563 1035 serunt
1575 1007 1613 1035 ad
1627 1006 1702 1035 alias
1716 1006 1874 1036 naciones.

1495 1055 1571 1084 Item
1601 1055 1632 1084 in
1659 1056 1709 1085 die
1737 1056 1835 1085 sancti
1865 1055 1993 1096 Eligii⁴⁴
2025 1057 2202 1086 convocatis
2226 1056 2369 1085 omnibus

1454 1105 1613 1144 magistris
1638 1106 1676 1135 de
1698 1105 1828 1134 nacione
1849 1105 2023 1145 Anglicana
2044 1116 2100 1145 per
2117 1104 2292 1145 juramenta
2316 1115 2370 1134 sua

1455 1154 1636 1193 regentibus
1652 1160 1682 1183 et
1696 1164 1759 1184 non
1776 1154 1959 1195 regentibus
1976 1155 2014 1184 ad
2030 1154 2217 1184 Maturinum
2231 1155 2262 1183 in
2277 1154 2370 1183 nonis

1455 1203 1570 1232 Nostre
1600 1203 1744 1239 Domine,
1760 1203 1954 1243 propositum
1984 1203 2040 1233 fuit
2068 1204 2101 1232 in
2128 1203 2368 1238 deliberacione,

1455 1262 1523 1281 cum
1538 1262 1596 1292 per
1611 1252 1688 1282 istos
1707 1259 1826 1292 septem
1845 1253 2012 1292 magistros
2028 1253 2148 1293 legatos
2167 1263 2183 1282 a
2205 1253 2278 1282 sede
2298 1262 2370 1292 apo-

1456 1301 1565 1331 stolica
1575 1300 1611 1337 ¹²,
1629 1302 1682 1341 qui
1698 1312 1889 1331 connoscere
1905 1302 2019 1331 habent
2031 1303 2069 1331 de
2084 1312 2178 1331 causa
2193 1302 2371 1341 separacio-

1456 1351 1521 1386 nis,
1552 1351 1727 1380 consultum
1759 1351 1851 1381 fuerit
1885 1351 1986 1381 tribus
2020 1351 2219 1386 nacionibus,
2252 1350 2372 1380 scilicet

1457 1400 1671 1436 Picardorum,
1685 1400 1912 1430 Normanorum
1931 1407 1961 1430 et
1975 1400 2191 1440 Anglicorum,
2206 1406 2240 1429 ut
2257 1400 2319 1440 ipsi
2337 1410 2371 1429 se

1455 1449 1659 1479 amicabiliter
1681 1456 1904 1489 componerent
1924 1460 1993 1479 cum
2013 1449 2154 1485 Gallicis,
2178 1448 2254 1479 ita⁴³
2270 1455 2372 1479 tamen

1457 1499 1540 1538 quod
1572 1499 1675 1528 omnia
1707 1499 1831 1539 incepta
1864 1500 1902 1528 ab
1935 1499 2012 1529 hora
2048 1499 2210 1528 electionis
2239 1498 2371 1528 rectoris

1456 1548 1699 1578 retractarentur
1713 1554 1743 1578 et
1757 1548 2002 1584 annullarentur,
2015 1554 2046 1578 et
2060 1548 2264 1588 privationem
2276 1548 2371 1587 magi-

1457 1597 1514 1626 stri
1538 1597 1690 1626 Johannis
1711 1598 1749 1626 de
1770 1597 1892 1627 Vimarz
1915 1597 2103 1637 revocarent]
2114 1603 2178 1627 tres
2196 1597 2366 1626 naciones:

1457 1646 1529 1685 (Fol.
1554 1648 1590 1676 31
1607 1646 1630 1686 ¹²)
1657 1646 1859 1676 deliberatum
1881 1647 1937 1676 fuit
1959 1647 2157 1676 concorditer
2179 1646 2265 1675 nullo
2295 1656 2371 1675 con-

1456 1695 1643 1732 tradicente,
1677 1697 1760 1735 quod
1788 1706 1851 1725 non
1882 1702 2124 1725 retractarentur
2154 1701 2368 1735 attemptatuS,

1456 1746 1539 1784 quod
1569 1745 1620 1774 isti
1650 1745 1787 1784 deputati
1815 1745 1847 1774 in
1864 1755 1937 1774 casu
1958 1743 2198 1774 discernendo¹⁴
2215 1745 2369 1784 procede-

1455 1800 1525 1823 rent
1552 1795 1720 1824 secundum
1741 1793 1866 1834 justicie
1889 1794 2036 1834 rigorem.
2059 1794 2227 1823 Presentes
2248 1794 2371 1823 suerunt

1456 1844 1596 1883 magistri
1614 1844 1706 1884 Hugo
1725 1844 1853 1879 Scotus‚
1869 1843 2027 1873 Johannes
2046 1842 2194 1878 Consilii,
2212 1842 2370 1872 Wernhe-

1455 1903 1510 1923 rus
1525 1893 1722 1923 Wolsrammi
1742 1899 1799 1922 etc.

1697 1966 1703 1979 Ι

1868 1986 1965 2016 1337

1496 2059 1654 2098 Tempus
1691 2057 1865 2098 magistri
1901 2058 2063 2087 Sunonis
2097 2058 2139 2087 de
2171 2057 2328 2087 Swecia.

1498 2139 1572 2168 Item
1589 2149 1669 2168 anno
1690 2145 1723 2168 ut
1740 2149 1834 2178 supra
1854 2138 2031 2168 convocatis
2049 2137 2193 2167 omnibus
2212 2137 2370 2177 magistris

1457 2189 1596 2218 nacionis
1615 2188 1786 2228 Anglicane
1805 2188 1843 2217 ad
1865 2187 2009 2217 Sanctum
2027 2187 2181 2217 ,lulianum
2197 2187 2235 2215 ad
2250 2186 2371 2226 eligen-

1457 2239 1528 2268 dum
1555 2248 1668 2267 novum
1690 2235 1936 2277 procuratorem,
1962 2247 2020 2277 ego
2047 2236 2196 2277 magister
2221 2235 2305 2265 Suno
2332 2236 2370 2264 de

1458 2287 1577 2317 Swecia
1596 2287 1712 2316 electus
1734 2286 1775 2316 sui
1793 2286 1824 2315 in
1843 2293 2078 2326 procuratorem
2098 2285 2239 2315 nacionis
2257 2284 2371 2324 Angli-

1457 2347 1531 2366 cane
1556 2337 1606 2365 die
1632 2336 1702 2366 lune
1727 2346 1787 2375 qua
1813 2337 1993 2365 cantabatur
2019 2337 2046 2365 O
2067 2333 2266 2374 Sapiencia⁴⁵
2286 2334 2371 2364 nullo

1458 2386 1582 2425 penitus
1601 2385 1849 2420 contradicente,
1869 2383 1957 2425 cujus
1978 2391 2116 2424 tempore
2137 2390 2204 2413 acta
2220 2390 2292 2413 sunt
2311 2394 2371 2423 que

1459 2441 1642 2474 sequuntur.

1471 2495 1473 2497 ·
1499 2484 1606 2513 Primo
1624 2484 1706 2523 apud
1723 2483 1866 2513 dominos
1880 2481 2000 2523 judices
2018 2483 2055 2512 de
2070 2493 2144 2512 casu
2160 2482 2370 2522 separacionis

1459 2533 1508 2561 die
1535 2532 1678 2572 sequenti
1705 2532 1779 2561 dicti
1808 2531 1920 2561 Gallici
1946 2531 2080 2570 reputati
2109 2531 2231 2560 fuerunt
2261 2536 2372 2559 contu-

1459 2592 1577 2617 maces,
1594 2591 1704 2621 penam
1722 2591 1797 2611 vero
1814 2580 2004 2610 contumacie
2019 2585 2258 2609 reservaverunt
2271 2589 2371 2619 usque

1490 2689 1528 2712 10.
1563 2690 1611 2712 Ms.
1625 2687 1701 2711 addit
1714 2688 1828 2711 suerunt.

1491 2725 1530 2748 11.
1565 2725 1576 2747 1
1594 2723 1745 2747 Decembris.

1491 2761 1529 2784 12.
1564 2761 1602 2792 Cfi
1617 2760 1746 2788 Chartul.,
1758 2760 1775 2783 l.
1788 2768 1820 2788 c.,
1832 2767 1859 2791 p.
1870 2759 1925 2783 454.

1490 2797 1529 2820 13.
1563 2798 1610 2819 Ma.
1627 2796 1724 2827 itaque.

1491 2833 1526 2856 14.
1558 2833 1606 2855 Ma.
1616 2831 1701 2864 primo
1712 2839 1792 2854 causa
1803 2829 1986 2854 discernenda.

1491 2868 1528 2891 15.
1563 2869 1631 2890 Ilaec
1637 2867 1779 2899 antiphona
1787 2865 1895 2890 Parisiis
1902 2868 1930 2889 15
1936 2865 2051 2889 Decemb.
2059 2864 2217 2888 cantabatur
2223 2863 2284 2896 (oid.
2293 2872 2371 2895 supra

1459 2903 1485 2926 in
1506 2903 1664 2927 Kalendario
1683 2904 1771 2926 notam
1790 2902 1826 2925 acl
1845 2902 1874 2925 15
1895 2900 2031 2933 Decemb.),
2051 2909 2117 2932 quae
2131 2903 2191 2932 post
2207 2908 2251 2923 an.
2269 2900 2330 2923 1333
2347 2903 2370 2923 et

1460 2942 1520 2962 ante
1533 2939 1594 2962 1339
1606 2946 1674 2961 anno
1688 2938 1748 2961 1³37
1762 2939 1862 2961 tantum
1875 2936 1900 2961 in
1913 2936 1981 2960 diem
1994 2935 2070 2960 lunae
2084 2935 2223 2959 incidebat.
