2632 3464
441 459 489 484 511

440 539 504 563 erat
521 538 683 572 computus
698 531 881 570 receptoris‚
899 537 928 559 et
943 530 1058 559 electus
1074 535 1138 558 erat
1148 527 1344 558 concorditer

439 583 469 611 in
481 587 711 621 procuratorem
724 580 872 619 magister
883 578 960 608 Giso
972 579 1095 618 Dfiysse
1104 579 1142 607 de
1153 575 1341 616 Ratinghen,

438 631 469 660 in
485 629 571 669 cujus
587 629 799 669 procuratoria
817 634 883 657 acta
899 634 971 657 sunt
986 626 1193 666 infrascripta.

479 679 584 708 Primo
603 678 696 707 solvit
714 678 815 706 dictus
838 682 1022 716 procurator
1040 675 1067 704 11
1088 676 1226 709 francos,
1250 683 1342 703 unum

438 738 496 768 pro
519 728 617 766 prima
634 726 858 766 procuratoria,
878 731 907 754 et
929 725 1020 754 alium
1040 724 1112 763 quia
1138 729 1342 762 percepturus

439 783 504 806 erat
519 776 720 805 emolomenta
734 785 751 804 a
766 774 1040 804 determinantibus
1056 771 1145 812 hujus
1163 771 1246 806 anni,
1260 771 1343 800 vide-

439 826 510 855 licet
533 836 548 854 a
571 825 709 864 quolibet
733 834 826 853 unum
849 823 1006 862 antiquum
1033 831 1188 861 grossum.
1214 820 1253 849 Et
1273 819 1345 849 licet

439 875 520 903 dicta
549 873 761 913 procuratoria
790 878 858 901 ante
889 877 1010 910 tempus
1043 869 1230 909 receptionis
1256 867 1344 908 jura-

439 929 609 952 mentorum
634 932 650 951 a
669 921 829 950 bacalariis
847 920 1011 959 expiraret,
1030 925 1131 948 tamen
1149 918 1345 947 concorditer

439 973 527 1001 nacio
551 978 660 1001 extunc
681 970 862 999 deliberavit
886 969 987 1008 ipsum
1017 968 1255 997 continuandum
1279 967 1343 996 fore

439 1031 496 1060 pro
510 1020 649 1060 proxima
662 1018 886 1059 procuratoria‚
903 1024 933 1047 et
950 1018 1032 1057 quod
1050 1017 1107 1046 hoc
1125 1016 1205 1045 dicte
1221 1015 1343 1045 nacioni

438 1070 599 1099 videbatur
617 1068 773 1107 expedire.

479 1118 551 1147 Item
566 1117 680 1156 incepit
695 1117 836 1145 dominus
849 1116 960 1145 Petrus
978 1116 1015 1144 de
1027 1115 1156 1144 Catwiic
1172 1115 1230 1143 sub
1245 1114 1344 1154 magi-

439 1174 503 1196 stro
521 1167 660 1195 Waltero
678 1166 715 1194 de
738 1165 818 1200 Delf,
839 1163 925 1204 cujus
948 1165 1039 1194 bursa
1066 1163 1091 1192 V
1115 1163 1219 1192 solidi.
1245 1163 1344 1192 Solvit

437 1226 506 1245 rece
532 1216 600 1244 tori.

478 1226 552 1294 Itgm
581 1264 695 1303 incepit
717 1263 858 1292 dominus
884 1262 1035 1291 Martinus
1054 1261 1191 1291 Gisberti
1213 1262 1251 1290 de
1273 1260 1346 1290 Delf

437 1314 542 1342 eodem
559 1313 607 1342 die
621 1313 678 1342 sub
694 1313 801 1341 eodem
816 1311 975 1351 magistro,
991 1310 1077 1350 cujus
1089 1311 1183 1340 bursa
1194 1309 1221 1338 V
1236 1310 1338 1339 solidi.

438 1362 535 1391 Solvit
549 1361 714 1401 receptori.

838 1440 936 1468 1377

477 1512 547 1552 (Fol.
573 1512 628 1551 5¹³)
661 1511 910 1542 Continuacio
944 1510 1114 1550 magistri
1147 1510 1299 1540 Gisonis

437 1561 582 1600 Duysse
625 1561 667 1590 de
711 1560 918 1599 Ratinghen
964 1560 1000 1588 in
1040 1565 1337 1598 procuratorem.

475 1654 565 1683 Anno
591 1654 714 1683 Domini
735 1653 779 1682 Μ0
799 1652 893 1683 CCC⁰
910 1652 1032 1682 LXXVI
1051 1653 1219 1682 secundum
1236 1653 1340 1682 stilum

434 1703 632 1743 gallicanum,
652 1703 701 1731 die
717 1702 834 1731 decima
850 1702 966 1731 mensis
982 1702 1157 1737 Februarii,
1174 1708 1341 1732 convocata

434 1752 561 1781 nacione
578 1751 750 1790 Anglicana
761 1752 842 1790 apud
866 1750 1009 1780 Sanctum
1025 1751 1212 1780 Maturinum
1226 1752 1266 1780 ad
1281 1751 1339 1780 eli-

434 1802 567 1841 gendum
589 1807 821 1840 procuratorem
842 1806 872 1829 et
894 1800 932 1829 ad
953 1800 1137 1829 audiendum
1164 1806 1339 1839 computum

434 1849 605 1889 receptoris
632 1856 661 1878 et
686 1850 724 1878 ad
746 1849 921 1889 eligendum
948 1849 1339 1892 examinatores-determi-

434 1899 574 1928 nancium
595 1898 684 1937 hujus
708 1898 780 1927 anni
798 1905 828 1927 et
849 1897 1012 1927 officiarios
1026 1908 1084 1938 pro
1099 1897 1264 1927 baculariis
1278 1898 1339 1928 isto

434 1958 513 1976 anno
531 1948 612 1986 apud
632 1947 772 1976 Sanctam
795 1946 980 1976 Genovesam
1005 1947 1215 1982 licenciandis,
1244 1947 1340 1977 conti-

434 2002 543 2025 nuatus
564 1996 619 2025 fuit
642 1996 789 2035 magister
806 1995 882 2025 Giso
908 1995 1031 2035 Dfiysse
1049 1996 1086 2025 de
1109 1996 1286 2035 Ratinghen
1307 1996 1339 2025 in

434 2051 675 2084 procuratorem.
696 2045 735 2073 Et
751 2045 829 2074 sacto
847 2051 989 2084 computo
1005 2045 1176 2084 receptoris
1191 2046 1228 2074 ab
1243 2045 1339 2074 omni-

434 2094 491 2123 bus
508 2094 690 2133 approbato,
708 2094 819 2123 mansit
831 2093 985 2133 obligatus
1003 2094 1124 2123 nacioni
1137 2094 1168 2123 in
1180 2094 1337 2123 XXXVIII

434 2143 542 2172 solidis
561 2143 724 2181 parisiens.

474 2191 546 2220 Item
571 2191 660 2220 electi
685 2192 807 2221 suerunt
830 2192 860 2220 in
886 2192 1110 2220 examinatores
1131 2192 1338 2221 determinan-

432 2241 511 2269 cium
527 2240 666 2279 magistri
678 2240 847 2275 Mercilius,
860 2240 1014 2269 Jordanus
1025 2241 1075 2278 [de
1089 2240 1212 2278 Clivis],
1227 2240 1338 2270 Gerar-

433 2290 491 2319 dus
521 2290 643 2318 Kalkar.
677 2289 751 2318 Item
786 2290 874 2319 electi
903 2289 1026 2318 fuerunt
1053 2289 1084 2318 in
1113 2290 1337 2319 examinatores

431 2338 656 2368 baculariorum
670 2338 928 2367 licenciandorum
944 2339 1025 2377 apud
1041 2338 1181 2367 Sanctam
1198 2338 1337 2368 Genove-

433 2388 490 2416 fam
506 2398 562 2426 pro
578 2387 677 2426 primo
690 2397 794 2416 mense
810 2387 956 2426 magister
975 2387 1128 2417 Henricus
1141 2389 1179 2417 de
1191 2387 1335 2423 Rossem,

432 2446 490 2475 pro
510 2438 540 2464 2⁰
562 2446 666 2465 mense
695 2436 842 2475 magister
864 2436 1019 2465 Johannes
1041 2437 1178 2472 Luberti,
1205 2447 1335 2476 quorum

433 2491 561 2524 uterque
579 2485 671 2514 solvit
689 2495 781 2514 unum
807 2486 954 2514 francum.
974 2484 1048 2514 Item
1066 2486 1205 2525 magistri
1224 2486 1335 2515 Petrus

434 2535 471 2562 de
493 2534 610 2563 Catwic
641 2539 670 2562 et
694 2534 845 2562 Martinus
869 2535 906 2563 de
930 2534 1004 2563 Delf
1024 2534 1182 2564 solverunt
1207 2541 1336 2574 uterque

433 2583 569 2611 francum
593 2592 649 2621 pro
664 2581 800 2621 jocundo
820 2583 946 2612 introitu
971 2583 1002 2611 in
1019 2583 1148 2622 primam
1167 2593 1335 2622 congrega-

434 2631 550 2660 cionem
566 2631 715 2666 nacionis,
731 2631 782 2670 qui
796 2632 919 2670 quidem
935 2632 979 2660 [21⁰r
996 2632 1091 2661 franci
1104 2632 1236 2671 expositi
1249 2638 1336 2661 erant

433 2680 463 2708 in
482 2681 607 2709 taberna
619 2681 661 2709 ad
676 2682 833 2719 epitogium
852 2682 954 2709 Gilleti
968 2691 1023 2719 per
1034 2680 1193 2710 nacionem
1206 2681 1249 2710 ibi
1265 2691 1334 2710 con-

432 2735 600 2768 gregatam.

462 2864 483 2887 1.
518 2865 546 2886 17
558 2864 699 2889 Februarii.

460 2899 483 2923 2.
518 2899 577 2923 Scil.
594 2899 659 2923 inter
677 2900 874 2924 determinantes
890 2900 965 2932 hujus
980 2901 1051 2924 anni.

461 2936 483 2958 3.
518 2937 599 2958 Paene
631 2945 715 2959 omnes
744 2937 901 2967 sequentium
935 2937 1157 2960 determinantium
1185 2937 1332 2961 scribuntur

430 2970 506 2993 etiam
518 2970 542 2993 in
553 2971 598 3001 sol.
613 2975 671 2994 ante
682 2972 728 3003 sol.
741 2972 751 2995 1
766 2974 827 3003 Reg.
841 2973 864 2996 ln.

980 453 1202 479 AUCTARIUM
1223 449 1482 478 CHARTULARII
1502 450 1674 477 UNIVERS.
1698 450 1815 477 PARIS.

1399 724 1414 750 5

1381 970 1415 996 10

1379 1215 1413 1241 15

1377 1461 1411 1487 20

1377 1708 1411 1734 25

1376 1954 1410 1980 30

1374 2199 1409 2227 ,35

1374 2444 1408 2470 40

1372 2689 1405 2715 45

2308 451 2359 477 512

1493 525 1567 556 Item
1589 526 1639 556 die
1663 525 1790 556 martis⁴
1820 533 1892 566 post
1913 526 2096 556 dominicam
2116 529 2265 557 [avocavit
2282 528 2359 558 facta

1453 575 1698 615 congregacione
1728 575 1867 605 nacionis
1905 576 1986 615 apud
2025 575 2169 605 Sanctum
2203 575 2357 606 sulianum

1452 623 1528 653 hora
1542 624 1640 663 prime
1653 625 1691 654 ad
1705 624 1941 664 supplicandum
1956 630 1985 654 et
1995 624 2199 654 ordinandum
2211 626 2250 655 de
2264 635 2358 665 pecu-

1452 673 1513 702 niis
1530 673 1682 709 nacionis,
1696 673 1950 714 supplicaverunt
1961 683 2018 713 pro
2033 673 2238 704 dilacionibus
2250 675 2358 704 bursa-

1452 732 1520 752 rum
1534 722 1636 757 XIIII,
1651 732 1781 762 quorum
1795 723 1919 752 nomina
1933 722 2062 752 inferius
2073 722 2085 741 ²
2105 722 2267 759 habentur,
2284 733 2359 763 quo-

1451 780 1519 800 rum
1535 770 1782 810 supplicaciones
1800 777 1888 800 erant
1908 781 2072 806 concesse,
2096 771 2183 801 sicud
2200 771 2261 801 alio
2278 781 2358 801 anno

1451 819 1483 848 in
1498 820 1712 859 procuratoria
1726 820 1867 860 magistri
1883 820 2028 860 Hugonis
2044 821 2081 849 de
2098 820 2260 850 Hervorst.

1607 921 1906 952 Determinantes
1940 921 2049 962 hujus
2082 922 2168 952 anni
2183 921 2208 952 ³.

1492 1015 1597 1045 Primo
1625 1016 1839 1046 determinavit
1868 1015 2011 1046 dominus
2039 1016 2151 1046 Petrus
2180 1018 2218 1046 de
2248 1017 2355 1054 Porta,

1451 1064 1527 1094 alias
1556 1065 1593 1094 de
1622 1064 1835 1100 Bacharacho‚
1868 1066 1926 1095 sub
1963 1065 2112 1105 magistro
2141 1065 2280 1095 Johanne
2318 1067 2357 1097 de

1451 1112 1628 1153 Moguncia‚
1644 1113 1730 1153 cujus
1742 1115 1837 1143 bursa
1850 1113 1891 1143 VI
1910 1114 2011 1143 solidi.
2028 1114 2127 1144 Solvit
2138 1116 2303 1154 receptori.

1491 1162 1566 1192 Item
1584 1163 1799 1192 determinavit
1812 1162 1955 1192 dominus
1967 1163 2162 1193 Hermannus
2174 1164 2212 1193 de
2226 1164 2334 1194 Renen
2343 1163 2354 1182 ⁴

1451 1212 1508 1242 sub
1534 1212 1683 1251 magistro
1712 1211 1859 1251 Philippo
1886 1212 1923 1240 de
1947 1211 2081 1251 Pinghe,
2105 1211 2191 1253 cujus
2215 1213 2310 1243 bursa
2330 1213 2357 1243 V

1451 1260 1554 1296 solidi,
1573 1260 1614 1290 VI
1630 1260 1760 1290 denarii.
1781 1260 1880 1290 Solvit
1895 1260 2060 1300 receptori.

1490 1309 1566 1339 Item
1581 1309 1795 1339 determinavit
1809 1309 1952 1338 dominus
1966 1309 2154 1339 Wilhelmus
2168 1309 2282 1340 Tauwe
2297 1310 2356 1340 sub

1449 1358 1598 1398 magistro
1624 1358 1764 1388 Johanne
1785 1357 1918 1393 Stralen,
1937 1357 2023 1398 cujus
2049 1359 2144 1388 bursa
2173 1358 2216 1388 111
2249 1359 2352 1389 solidi.

1449 1407 1560 1437 Posuit
1576 1407 1702 1447 pignus.

1490 1456 1564 1486 Item
1585 1456 1800 1486 determinavit
1815 1455 1971 1485 Johannes
1993 1455 2118 1485 Boemel
2135 1456 2173 1485 de
2193 1456 2354 1486 Dordraco

1449 1506 1506 1535 sub
1529 1506 1677 1546 magistro
1691 1505 1831 1535 Johanne
1849 1504 2029 1540 Forestarii,
2048 1504 2134 1544 cujus
2151 1505 2246 1535 bursa
2264 1505 2308 1535 III
2325 1515 2351 1535 s.

1449 1554 1559 1584 Posuit
1575 1555 1699 1594 pignus.

1489 1603 1564 1633 Item
1593 1603 1807 1633 determinavit
1836 1603 1980 1632 dominus
2007 1601 2191 1632 Lambertus
2222 1603 2353 1633 Cluvinc

1448 1653 1506 1682 sub
1521 1652 1671 1692 magistro
1691 1652 1822 1692 Hugone
1844 1653 1882 1681 de
1905 1652 2069 1687 Hervorst,
2089 1651 2176 1691 cujus
2198 1653 2292 1682 bursa
2307 1652 2352 1682 111

1449 1701 1552 1730 solidi.
1573 1701 1682 1731 Posuit
1693 1701 1820 1741 pignus.
1840 1700 1949 1731 Solvit.

1489 1750 1563 1780 Item
1584 1750 1798 1780 determinavit
1818 1750 1961 1779 dominus
1984 1750 2095 1779 Petrus
2115 1749 2271 1780 Prutenus
2293 1751 2351 1780 sub

1448 1799 1597 1839 magistro
1614 1799 1754 1829 Johanne
1770 1800 1808 1828 de
1829 1798 1962 1834 Stralen,
1985 1797 2072 1838 cujus
2091 1799 2186 1828 bursa
2205 1799 2265 1829 1111
2284 1799 2350 1836 sol;

1448 1847 1559 1878 Posuit
1578 1848 1704 1888 pignus.
1724 1847 1830 1878 Noluit
1841 1847 1978 1888 jurare-3.

1488 1897 1564 1927 Item
1577 1897 1792 1927 determinavit
1804 1897 1947 1926 dominus
1959 1896 2104 1927 Nicolaus
2120 1896 2301 1937 Udenheym
2313 1898 2351 1927 de

1448 1946 1633 1986 Maghuncia
1648 1947 1705 1976 sub
1720 1946 1869 1986 magistro
1887 1946 2014 1976 Nicolao
2028 1946 2142 1982 Zuker‚
2157 1945 2244 1986 cujus
2255 1947 2351 1977 bursa

1449 1996 1492 2026 111
1509 1996 1612 2026 solidi.
1631 1995 1731 2026 Solvit
1744 1995 1910 2035 receptori.

1488 2045 1563 2074 Item
1585 2044 1798 2074 determinavit
1818 2044 1961 2074 dominus
1985 2043 2144 2074 Walterus
2162 2043 2262 2074 Borro
2293 2046 2351 2075 sub

1447 2095 1596 2134 magistro
1624 2094 1763 2123 Johanne
1785 2093 1923 2129 Lubet-ti,
1950 2092 2037 2133 cujus
2059 2093 2153 2123 bursa
2173 2092 2215 2123 VI
2244 2093 2348 2124 solidi.

1449 2143 1547 2173 Solvit
1563 2142 1729 2182 receptori.

1488 2192 1563 2222 Item
1585 2191 1799 2221 determinavit
1821 2191 1964 2220 dominus
1986 2191 2131 2221 Nicolaus
2154 2191 2192 2220 de
2216 2191 2351 2221 Lutzen-

1446 2241 1544 2271 burch
1562 2242 1619 2270 sub
1636 2240 1785 2280 magistro
1798 2240 1939 2269 Mercilio
1956 2241 1994 2269 de
2010 2239 2141 2280 Inghen,
2155 2238 2242 2279 cujus
2257 2241 2351 2270 bursa

1445 2290 1515 2320 XVI
1534 2290 1662 2319 denarii.
1681 2289 1791 2319 Posuit
1805 2289 1931 2329 pignus.

1487 2339 1562 2368 Item
1584 2338 1798 2368 determinavit
1819 2338 1961 2367 dominus
1985 2337 2142 2367 Germ-dus
2169 2338 2350 2377 Engelberti

1446 2389 1503 2418 sub
1521 2388 1669 2427 magistro
1680 2387 1827 2426 Philippo
1843 2386 1956 2426 Pingh,
1970 2385 2057 2426 cujus
2072 2387 2166 2416 bursa
2185 2386 2228 2416 III
2244 2386 2346 2416 solidi.

1446 2437 1555 2466 Posuit
1572 2437 1697 2476 pignus.

1486 2486 1560 2515 Item
1579 2484 1794 2515 determinavit
1808 2485 1951 2514 dominus
1967 2484 2120 2514 Henricus
2136 2483 2272 2523 Gorley⁶
2288 2485 2346 2514 sub

1445 2535 1594 2574 magistro
1617 2533 1756 2563 Johanne
1778 2526 1958 2568 Forestarii‚
1982 2532 2068 2573 cujus
2088 2533 2182 2562 bursa
2197 2533 2223 2562 V
2241 2533 2347 2563 solidi.

1445 2583 1544 2613 Solvit
1562 2583 1728 2622 receptori.

1484 2633 1559 2662 Item
1586 2631 1801 2661 determinavit
1827 2630 1969 2660 dominus
1993 2630 2138 2660 Nicolaus
2169 2630 2275 2660 Jacobi
2309 2632 2347 2660 de

1444 2681 1530 2710 Goch
1549 2682 1605 2710 sub
1622 2680 1769 2720 magistro
1783 2679 1922 2709 Johanne
1938 2679 2014 2714 Koc,
2031 2678 2118 2718 cujus
2133 2680 2227 2709 bursa
2242 2679 2269 2709 11
2285 2679 2344 2709 sol.

1443 2730 1550 2759 Posuit
1567 2730 1692 2769 pignus.

1471 2868 1495 2926 [5.
1529 2866 1718 2925 ἔξὲαΝἶῖἰῗέι-«ι
1736 2900 1820 2923 deleta
1842 2902 1887 2927 est,
1908 2899 2019 2931 exceptis
2041 2899 2122 2923 verbis
2141 2899 2225 2923 noluit
2243 2899 2344 2931 jurare.

1439 2938 1534 2960 Revera
1545 2938 1633 2960 Petrus
1645 2938 1767 2959 Prutenus
1776 2935 1801 2958 ιίι
1812 2935 1976 2966 ,equentibus
1989 2943 2039 2958 non
2053 2937 2168 2966 apparet.

1471 2973 1494 2996 6.
1528 2973 1587 3003 Reg.
1600 2972 1622 2999 4,
1636 2971 1682 3002 fol.
1698 2972 1708 2994 1
1723 2971 1842 2994 scribitur
1852 2970 1983 3002 Gouerluy
1993 2971 2095 2995 scotus.
