2632 3464
609 4 618 12 v
630 0 921 22 2·,2·,‹3;÷-,1q.37w-5.·J÷2ff=5-·
938 0 1170 20 “vv-²⁰
1304 0 1307 3 ·

249 423 285 450 ⁶9

248 505 383 530 retorem
407 499 447 528 ad
471 498 707 529 examinandum
733 497 973 527 determinantes
1002 506 1061 526 una
1091 506 1159 525 cum

248 549 371 578 duobus
383 548 645 578 examinatoribus
657 546 936 585 determinantium)
951 557 957 575 ε
972 551 1075 575 utrum
1087 555 1159 585 pro·

248 603 373 627 curator
398 597 488 627 etiam
515 602 674 627 teneretur
699 606 769 626 esse
796 605 864 624 cum
896 594 1159 624 examinatoribus

248 646 516 676 determinandum
547 647 587 676 ad
623 645 856 674 examinandum
888 644 976 683 ipsos
1012 643 1160 673 determi-

248 701 369 725 nantes.
396 695 435 725 Et
453 694 551 735 major
570 704 645 735 pars
665 694 897 733 magistrorum,
921 692 1042 722 scilicet
1060 692 1160 732 magi-

249 750 314 774 ster
339 744 506 774 Nicholaus
537 744 575 773 de
602 743 697 773 Dacia
727 742 829 772 dictus
861 742 1027 776 Drunken,
1057 747 1161 771 rector

249 793 470 823 Universitatis
482 803 540 832 pro
553 799 637 828 tunc,
649 791 798 831 magister
813 791 939 821 Ulricus
952 792 990 820 de
1008 792 1157 830 Augusta,

248 841 409 872 Walter-us
428 843 467 872 de
483 841 643 876 Wardela,
664 840 856 870 Laurencius
873 841 911 869 de
930 840 1041 875 Dacia,
1061 841 1159 879 depo-

250 897 379 921 suerunt
402 901 460 931 per
475 889 651 931 juramenta
674 890 826 929 ipsorum,
847 889 973 918 attentis
997 889 1157 928 predictis,

250 941 334 980 quod
350 950 412 970 non
431 940 470 969 de
486 939 592 980 rigore
612 940 668 969 sed
685 939 785 968 solum
806 939 844 968 de
864 938 975 978 gratia.
994 938 1034 967 Et
1053 944 1160 977 postea

249 989 328 1019 dixit
345 994 407 1019 tota
423 989 506 1018 natio
522 989 606 1028 quod
621 994 688 1018 erat
702 988 733 1017 in
753 988 844 1028 plena
859 993 1012 1027 potestate
1028 988 1158 1016 duorum

249 1038 490 1068 examinatorum
512 1037 781 1067 determinantium
803 1037 964 1066 admittere
989 1047 1056 1066 cum
1080 1036 1159 1076 ipsis

247 1093 482 1127 procuratorem
495 1093 525 1116 et
541 1086 699 1126 expellere
713 1086 827 1126 ipsum,
844 1092 874 1115 et
889 1087 972 1126 quod
987 1085 1027 1115 ita
1045 1092 1112 1115 erat
1128 1085 1159 1114 in

249 1136 389 1177 ipsorum
406 1142 557 1175 potestate
572 1136 610 1165 de
625 1136 695 1165 aliis
711 1135 882 1175 magistris.

291 1186 318 1214 1.
343 1185 419 1215 Item
435 1185 578 1214 dominus
592 1185 752 1214 Gerardus
767 1186 805 1214 de
820 1185 932 1214 Prusia
944 1183 1161 1214 determinavit

250 1235 309 1264 sub
326 1235 477 1274 magistro
497 1234 642 1263 Conrado
662 1235 700 1263 de
717 1234 835 1263 Munda
853 1235 961 1269 domo,
981 1244 1044 1273 quo
1062 1234 1161 1273 magi-

250 1289 316 1312 stro
328 1284 492 1313 recedente
506 1283 666 1323 predictus
679 1283 823 1319 dominus
833 1282 1160 1324 Gera[r]dusaccepta-

249 1332 294 1362 vit
308 1342 367 1372 pro
380 1332 560 1372 magisterio
579 1343 635 1362 suo
651 1332 832 1372 magistrum
847 1333 1018 1362 Johannem
1033 1333 1072 1361 de
1085 1332 1160 1361 Sar-

250 1382 363 1422 burgo,
381 1380 468 1420 cuius
484 1382 577 1411 bursa
597 1381 657 1410 llll
677 1381 781 1411 solidi.

289 1431 320 1460 2.
345 1431 420 1460 Item
436 1430 580 1460 dominus
593 1430 779 1470 Rudolphus
795 1431 904 1460 Stukki
920 1432 958 1460 de
975 1430 1162 1460 Constancia

250 1480 467 1510 determinavit
483 1481 541 1509 sub
558 1480 708 1519 magistro
725 1479 832 1509 Ulrico
850 1481 888 1509 de
906 1479 1058 1520 Augusta,
1073 1478 1160 1519 cujus

250 1529 344 1558 bursa
360 1529 420 1558 llll
433 1529 536 1558 solidi.

288 1579 317 1608 3.
343 1578 419 1607 Item
437 1578 579 1608 dominus
592 1578 750 1608 Menricus
764 1579 802 1607 de
818 1578 931 1608 Susato
946 1578 1162 1607 determinavit

250 1628 308 1657 sub
334 1627 484 1667 magistro
513 1627 697 1662 Michahele,
727 1626 815 1667 cujus
843 1628 937 1657 bursa
959 1627 987 1656 V
1011 1627 1104 1656 solidi
1131 1634 1162 1656 et

249 1676 371 1712 dimid„
390 1675 468 1706 sed‘
487 1686 582 1716 super
600 1676 658 1706 hoc
676 1677 764 1706 nacio
780 1676 977 1716 dispensavit
995 1686 1098 1706 secum
1123 1677 1160 1706 ad

249 1725 506 1765 supplicationem
525 1725 666 1765 magistri
685 1725 880 1755 Michahelis.

289 1775 319 1804 4.
341 1774 416 1804 Item
429 1775 575 1804 dominus
590 1775 781 1804 Laurencius
796 1775 981 1804 Arosiensis
997 1776 1034 1805 de
1052 1775 1161 1805 Suecia

250 1824 466 1854 determinavit
496 1825 554 1853 sub
582 1823 732 1864 magistro
763 1823 888 1854 Sunone
919 1825 1042 1860 Karofi,
1073 1823 1162 1864 cujus

250 1874 346 1903 bursa
361 1872 402 1902 Vl
421 1873 524 1903 solidi.

290 1924 320 1952 5.
347 1922 422 1952 Item
437 1922 582 1952 dominus
598 1922 756 1952 Johannes
771 1923 809 1952 de
825 1923 964 1953 Wesalia
978 1923 1162 1953 determina-

250 1971 294 2002 vit
302 1972 360 2001 sub
370 1971 519 2011 magistro
529 1971 635 2001 Ulrico
643 1972 682 2001 de
691 1971 843 2012 Augusta,
854 1971 941 2011 eujus
951 1973 1045 2002 bursa
1053 1972 1160 2002 nichil.

289 2021 320 2050 6.
347 2021 422 2050 Item
443 2020 588 2050 dominus
611 2020 770 2050 «Iohannes
791 2022 829 2050 de
855 2021 996 2061 Lychtim
1019 2021 1161 2051 determi-

249 2070 335 2100 navit
369 2070 427 2099 sub
464 2070 613 2110 magistro
645 2069 772 2100 Galtero
805 2070 913 2106 Scuto,
949 2070 1036 2111 cujus
1069 2071 1164 2100 bursa

252 2119 296 2149 ΙΙΙ
313 2119 406 2148 solidi
422 2125 453 2149 et
469 2119 578 2149 dimid.

291 2169 320 2198 7.
346 2168 419 2198 ltem
437 2168 580 2198 dominus
592 2168 750 2198 Johannes
768 2170 806 2198 de
825 2169 962 2209 Ketenys
979 2169 1163 2199 determina-

250 2217 295 2248 vit
309 2219 368 2247 sub
381 2218 530 2257 magistro
544 2217 671 2248 Galtero
687 2218 792 2254 Scoto,
806 2218 894 2258 cujus
912 2219 1007 2248 bursa
1025 2218 1084 2248 llll
1103 2219 1161 2248 sol.

290 2267 320 2296 8.
339 2267 370 2296 9.
391 2267 466 2296 ltem
481 2267 625 2297 dominus
643 2266 784 2307 Esgerus
801 2267 937 2307 Lagonis
957 2274 987 2297 et
1005 2268 1164 2297 Johannes

252 2315 345 2346 Bund
359 2316 398 2345 de
414 2315 509 2345 Dacia
521 2315 806 2346 determinaverunt
817 2317 875 2346 sub
888 2317 1038 2357 magistro
1051 2317 1077 2347 N
1081 2316 1164 2346 icho-

251 2364 300 2395 lao
325 2365 475 2395 Drukken
495 2365 534 2395 de
554 2365 665 2401 Dacia,
687 2371 717 2395 et
741 2364 906 2405 cujuslibet
926 2366 1049 2396 illorum
1070 2367 1165 2396 bursa

251 2413 279 2443 V
293 2413 398 2443 solidi.

295 2464 343 2493 10.
367 2463 443 2493 Item
467 2464 611 2493 dominus
629 2464 799 2494 Goswinus
823 2464 926 2494 Storm
949 2465 1166 2494 determinavit

253 2513 311 2542 sub
329 2513 480 2552 magistro
496 2513 622 2542 Galtero
641 2513 750 2548 Scoto,
767 2513 855 2554 cujus
871 2515 966 2543 bursa
982 2514 1041 2544 1111
1058 2514 1162 2543 solidi.

294 2563 343 2592 11.
376 2562 450 2592 item
493 2562 637 2592 dominus
676 2563 832 2592 Robertus
871 2563 1012 2603 Crispini
1053 2564 1164 2593 Scotus

253 2611 468 2642 determinavit
499 2612 557 2641 sub
588 2612 738 2651 magistro
774 2612 900 2642 Galtero
933 2612 1042 2648 Scoto,
1077 2611 1165 2652 cujus

253 2661 349 2690 bursa
365 2660 408 2690 111
428 2660 533 2690 solidi.

295 2710 342 2739 12.
361 2709 436 2739 ltem
452 2710 629 2740 Alexander
642 2711 680 2740 de
700 2710 919 2741 Abircrumbi²
935 2711 1046 2741 Scotus
1061 2712 1166 2741 deter-

254 2758 381 2788 minavit
405 2759 462 2788 sub
488 2759 638 2800 magistro
668 2759 795 2790 Galtero
826 2760 930 2795 Scuto,
955 2759 1042 2800 cujus
1072 2761 1166 2790 bursa

255 2807 316 2838 llll
336 2806 441 2838 solidi.

286 2918 310 2943 1.
345 2919 417 2950 Quae
428 2921 578 2951 aequantur,
591 2919 658 2944 inter
671 2919 762 2944 lineae.

286 2954 311 2978 2.
344 2955 393 2978 Mn.
405 2954 579 2980 Abirtrumbi.

1198 942 1231 968 10

1198 1188 1231 1213 15

1199 1680 1232 1706 25

1200 1926 1234 1951 30

1201 2173 1235 2198 35

1203 2419 1236 2446 40

1203 2666 1237 2693 45

750 421 864 448 LIBER
889 419 1205 447 PROCURATORUM
1230 419 1411 446 NATIONIS
1432 418 1680 447 ANGLICANAE
2149 425 2182 450 70

1311 497 1358 525 13.
1391 496 1466 525 Item
1491 497 1634 526 dominus
1659 495 1757 525 Adam
1783 498 1821 526 de
1847 498 2045 536 Kyninmund
2069 500 2180 530 Scotus

1269 545 1485 575 determinavit
1498 546 1555 574 sub
1568 545 1718 585 magistro
1729 545 1855 575 Galtero
1870 547 1974 582 Semo,
1986 547 2073 587 cujus
2087 550 2181 578 bursa

1271 593 1357 623 11110'
1373 593 1477 623 solidi.

1311 642 1358 671 14.
1387 643 1462 672 Item
1486 643 1630 672 dominus
1655 643 1845 673 Guillermus
1871 644 1982 674 Scotus
2005 646 2043 674 de
2068 646 2180 676 Sancto

1270 691 1363 721 Claro
1392 692 1607 722 determinavit
1640 693 1698 722 sub
1730 693 1878 732 magistro
1911 693 2036 723 Galtero
2070 695 2179 729 Scoto,

1269 740 1357 780 cujus
1372 741 1468 770 bursa
1483 741 1509 769 V
1523 741 1626 770 solidi.

1311 791 1359 819 15.
1382 790 1457 819 ltem
1473 790 1616 820 dominus
1632 791 1796 820 Conradus
1813 792 1850 820 de
1865 791 2064 822 Gelenhusen
2080 794 2180 822 deter-

1269 839 1398 868 minavit
1410 840 1468 868 sub
1485 840 1634 879 magistro
1649 840 1768 875 Ulrico,
1784 839 1871 880 cujus
1887 842 1982 870 bursa
1998 842 2058 871 1111
2076 843 2178 872 solidi.

1312 889 1358 917 16.
1386 889 1461 918 Item
1479 889 1623 919 dominus
1641 889 1815 919 Maeolinus
1837 891 1949 920 Scotus
1965 891 2182 922 determinavit

1270 939 1327 967 sub
1342 938 1492 978 magistro
1508 938 1634 968 Galtero
1651 939 1756 973 Scoto‚
1773 938 1860 979 cujus
1875 941 1968 969 bursa
1984 940 2090 970 nichil.

1311 988 1358 1017 17.
1384 987 1460 1016 Item
1478 988 1621 1017 dominus
1637 988 1794 1018 Johannes
1812 989 1850 1018 de
1867 988 1979 1018 Prusia
1994 990 2182 1019 determina-

1269 1035 1314 1066 vit
1342 1037 1400 1065 sub
1427 1036 1577 1076 magistro
1600 1037 1707 1066 Ulrico
1733 1038 1771 1066 de
1798 1037 1951 1078 Augusta,
1976 1037 2063 1078 cujus
2086 1040 2181 1069 bursa

1271 1085 1330 1114 1111
1349 1085 1454 1114 solidi.

1311 1135 1358 1164 18.
1387 1134 1462 1164 Item
1482 1135 1626 1165 dominus
1656 1135 1830 1165 Sutbernus
1854 1136 1991 1166 Sunonis
2011 1138 2048 1166 de
2073 1138 2185 1167 Suecia

1269 1183 1486 1213 determinavit
1518 1185 1576 1214 sub
1611 1185 1762 1225 magistro
1794 1185 1936 1221 Sunone‚
1970 1185 2057 1226 cujus
2088 1188 2182 1217 bursa

1272 1233 1315 1262 lll
1334 1233 1438 1262 solidi.

1312 1283 1358 1311 19.
1385 1282 1460 1312 Item
1477 1283 1621 1312 dominus
1631 1283 1826 1313 Wilhermus

1270 1332 1308 1360 de
1324 1331 1516 1371 Novomagio
1530 1332 1747 1362 determinavit

1309 1381 1358 1410 20.
1379 1381 1455 1410 ltem
1471 1381 1616 1411 dominus
1627 1381 1822 1412 Theodricus

1271 1430 1308 1459 de
1327 1429 1503 1459 Grusebeth
1527 1431 1743 1460 determinavit

1311 1479 1360 1508 21.
1387 1479 1462 1508 ltem
1504 1480 1647 1509 dominus
1690 1480 1867 1510 Alexander
1910 1481 1947 1510 de
1990 1481 2182 1522 Novomagio

1271 1528 1487 1558 determinavit
1519 1530 1577 1558 suh
1610 1529 1760 1569 magistro
1794 1529 1920 1559 Galtero
1954 1530 2063 1566 Scoto,
2095 1530 2183 1571 cujus

1271 1578 1366 1607 bursa
1385 1577 1444 1607 llll
1465 1578 1569 1607 solidi.

1313 1628 1360 1655 19.
1386 1626 1461 1655 ltem
1475 1627 1619 1656 dominus
1631 1627 1776 1657 Rimarus
1789 1628 1827 1657 de

1909 1308 1966 1336 sub
1983 1308 2131 1347 magistro

1874 1356 2042 1391 Cristiano‚
2051 1367 2182 1396 quorum

1849 1389 1860 1471 s
1895 1406 1990 1435 bursa
2008 1405 2067 1435 1111
2086 1406 2144 1436 sol.

1882 1645 2098 1681 determinavit
2127 1653 2184 1682 sub

1272 1675 1367 1705 Brula
2033 1701 2038 1707 .

1311 1726 1360 1754 23.
1387 1725 1461 1755 Item
1498 1726 1642 1755 dominus
1673 1726 1828 1756 Lubertus
1885 1708 2169 1779 Ηθηῑῖῗξέῗέοοκθι

1272 1775 1360 1804 Bone
1972 1809 2103 1838 quorum
2175 1774 2183 1786 r

1313 1824 1361 1853 24.
1388 1824 1462 1853 ltem
1494 1824 1638 1853 dominus
1672 1825 1830 1854 Gerardus

1272 1874 1310 1902 de
1325 1873 1519 1903 Attenderna

1314 1921 1386 1961 (Fol.
1406 1925 1443 1952 48
1454 1922 1476 1962 ³)
1502 1922 1576 1952 Item
1599 1922 1742 1952 dominus
1767 1923 1922 1952 Henricus
1940 1924 1977 1952 de
2006 1924 2185 1964 Pulkardyn

1273 1972 1389 2011 incepit
1410 1972 1467 2001 sub
1490 1972 1640 2011 magistro
1663 1972 1790 2002 Galtero
1813 1973 1852 2002 de
1874 1972 2072 2008 NVarfflawe,
2097 1973 2185 2014 cujus

1272 2021 1368 2050 bursa
1384 2021 1443 2050 llll
1460 2021 1564 2050 solidi.

1314 2069 1390 2099 Item
1421 2070 1565 2100 dominus
1602 2071 1793 2100 Laurencius
1831 2071 1983 2111 Thrugoti
2018 2072 2055 2100 de
2092 2072 2187 2102 Dacia

1273 2119 1453 2148 licenciatus
1481 2119 1537 2149 suit
1563 2121 1620 2149 sub
1649 2120 1798 2159 magistro
1822 2120 1950 2149 Nicolao
1978 2120 2127 2150 Drukken
2148 2122 2185 2150 de

1274 2168 1385 2204 Dacia,
1403 2167 1490 2208 cujus
1509 2170 1603 2198 bursa
1619 2169 1646 2198 V
1666 2169 1758 2198 solidi
1779 2176 1809 2198 et
1828 2169 1869 2198 Vl
1888 2170 2020 2199 denarii.
2046 2170 2085 2199 Et
2106 2170 2185 2199 idem

1274 2217 1464 2248 Laurencius
1480 2218 1586 2248 habuit
1598 2219 1884 2248 determinationem
1901 2229 1918 2248 a
1934 2219 2077 2258 predicto
2093 2219 2187 2259 magi-

1274 2273 1340 2296 stro
1369 2267 1508 2303 Nicolao,
1535 2278 1594 2308 que
1623 2267 1698 2297 alins
1723 2268 1751 2297 ei
1779 2278 1928 2297 concessa
1953 2269 2050 2297 fuerat
2075 2268 2186 2298 solutis

1275 2316 1446 2346 solvendis.

1905 1848 2000 1877 bursa
2021 1848 2080 1878 1111
2104 1849 2162 1878 sol.

1686 2410 1785 2440 1344

1300 2481 1457 2521 Tempus
1490 2481 1662 2522 magistri
1698 2482 1815 2511 David
1847 2483 1889 2511 de
1922 2482 2014 2511 Mair
2046 2482 2165 2511 Scoti.

1315 2562 1406 2593 Anno
1431 2563 1557 2592 Domini
1578 2563 1742 2593 millesimo
1766 2564 1983 2593 trecentesimo
2006 2563 2183 2602 quadrage-

1276 2613 1354 2642 simo
1370 2612 1477 2647 tertio,
1497 2613 1546 2642 die
1563 2613 1669 2642 martis
1681 2612 1692 2631 ⁴
1713 2612 1852 2652 proxima
1870 2614 1961 2651 [ante]
1979 2613 2089 2641 festum
2106 2612 2184 2641 beati

1276 2661 1422 2701 Gregorii
1453 2672 1530 2701 pape
1562 2668 1591 2690 et
1615 2662 1818 2696 confessoris,
1842 2661 2019 2690 convocatis
2042 2661 2187 2690 omnibus

1276 2711 1434 2751 magistris
1453 2717 1521 2740 actu
1545 2711 1726 2750 regentibus
1747 2711 1886 2740 nacionis
1910 2710 2082 2750 Anglicane
2104 2711 2185 2750 apud

1277 2760 1422 2789 Sanctum
1446 2760 1611 2794 sulianum.
1632 2760 1747 2789 electus
1774 2766 1821 2789 est
1852 2760 1998 2799 magister
2026 2759 2123 2789 David
2149 2760 2188 2789 de

1277 2809 1356 2839 Mair
1368 2809 1453 2839 nullo
1471 2810 1594 2849 penitus
1611 2809 1794 2838 reclamante
1811 2809 1840 2837 in
1857 2815 2089 2848 procuratorem
2106 2808 2188 2838 dicte

1308 2921 1330 2944 3.
1365 2922 1393 2944 ln
1406 2921 1523 2951 marm'ne
1534 2920 1660 2952 nuper-[ori
1673 2927 1681 2943 :
1695 2920 1808 2948 Quintus
1822 2923 1967 2944 auten-nuo.

1308 2957 1331 2980 la.
1365 2958 1380 2980 9
1393 2956 1492 2981 Martii.
