2632 3464
428 437 480 462 639
975 433 1198 459 AUCTARIUM
1219 432 1478 459 CHARTULARII
1497 433 1671 460 UNIVERS.
1694 434 1811 461 PARIS.
2302 437 2357 463 640

426 512 531 552 guinei
557 512 747 541 oblacionem
774 511 896 541 totalem
915 511 1067 545 audirent,
1087 516 1177 549 atque
1201 509 1335 539 auditam

426 562 457 590 in
473 562 635 601 premissis
654 561 856 591 Universitati
870 560 1097 589 renunciarent.

466 611 528 639 Pro
546 612 587 646 2⁰,
607 611 695 639 nacio
713 610 894 639 deliberavit
918 610 1000 648 quod
1026 609 1172 637 darentur
1197 608 1334 647 deputati

422 671 462 689 ex
480 666 566 699 parte
585 659 805 689 Universitatis
827 669 884 698 per
906 668 984 697 quos
1007 657 1215 697 inspiceretur
1228 657 1335 686 sanior

425 710 533 738 modus
569 708 779 748 prosequendi
818 707 1060 747 appellacionem
1096 706 1186 735 latam
1226 713 1334 736 contra

424 759 603 797 episcopum
632 757 852 791 Parisiensem‚
883 763 1038 796 petentem
1066 766 1103 784 ex
1138 761 1224 794 parte
1247 756 1334 795 regia

424 807 613 836 solucionem
632 807 828 835 decimarum.

463 856 527 885 Pro
547 858 589 891 3⁰,
614 856 696 894 quod
720 855 808 884 nacio
825 855 983 883 Gallicana
1002 854 1158 883 laboraret
1173 864 1231 893 per
1247 854 1332 893 seip-

424 915 487 934 sam
506 915 563 943 pro
575 915 628 933 sua
640 905 727 943 virga
743 910 831 942 rapta
846 914 936 932 manu
948 903 1080 932 seculari
1096 903 1148 932 diu
1165 909 1196 932 et
1209 904 1333 932 detenta

423 954 609 988 rehabenda,
628 953 835 982 Universitate
851 953 952 981 minus
966 951 1049 992 juste
1066 958 1206 981 cessante
1224 962 1333 991 proce-

423 1004 495 1032 dere
512 1010 618 1031 contra
636 1002 773 1041 predicte
788 1002 876 1041 virge
890 1002 1079 1030 detentores.

464 1052 538 1080 Item
563 1051 594 1080 in
610 1051 745 1080 crastino
765 1051 987 1090 Conceptionis
1006 1051 1093 1079 beate
1116 1050 1256 1090 Virginis
1273 1050 1331 1079 Dei

422 1101 583 1140 genitricis
599 1101 695 1129 Marie
714 1111 793 1129 anno
813 1100 991 1139 supradicto
1016 1099 1160 1128 XX1111⁰=
1178 1099 1296 1128 solidos
1315 1110 1332 1128 a

421 1156 582 1189 receptore
596 1156 739 1189 acceptos
757 1149 880 1178 nomine
894 1149 1034 1177 nacionis
1050 1148 1220 1178 deliberavi
1237 1148 1330 1188 magi-

422 1205 486 1228 stro
511 1199 642 1227 Johanni
667 1198 814 1237 Loqueti,
846 1198 960 1227 rectori
990 1197 1228 1233 Universitatis,
1258 1204 1332 1227 tunc

422 1248 570 1287 temporis
595 1248 738 1276 existenti
765 1247 796 1276 in
818 1247 949 1286 collegio
979 1247 1126 1282 Navarre,
1145 1257 1204 1286 pro
1224 1247 1331 1276 matris

421 1303 526 1326 nostre
543 1297 679 1335 predicte
697 1296 837 1335 negociis
856 1296 1097 1335 prosequendis.

462 1346 532 1384 (Fol.
555 1346 603 1385 39)
628 1346 702 1374 Item
723 1346 798 1374 sacta
824 1345 1071 1385 congregacione
1093 1345 1231 1385 generali
1251 1345 1331 1374 Uni-

421 1395 577 1424 versitatis
603 1395 640 1423 ad
666 1395 810 1423 Sanctum
832 1394 1019 1423 Maturinum
1045 1404 1102 1433 per
1125 1393 1331 1433 juramentum

421 1444 508 1473 Xlll⁰
526 1444 575 1473 die
596 1445 712 1472 mensis
733 1444 915 1473 Decembris
933 1443 1077 1472 dominus
1099 1450 1202 1472 rector
1217 1443 1331 1472 ibidem

422 1494 499 1522 duos
514 1493 659 1522 articulos
675 1494 880 1532 proponebat,
898 1493 1029 1532 primum
1048 1490 1143 1532 super
1158 1493 1286 1522 decimis
1302 1499 1332 1522 et

421 1542 503 1571 taliis
526 1542 648 1571 nomine
674 1542 761 1581 regio
785 1542 891 1581 petitis
914 1542 1123 1576 removendis,
1141 1552 1198 1581 pro
1218 1542 1331 1581 quibus

421 1592 570 1631 predictis
587 1591 675 1620 nacio
691 1597 797 1620 nostra
811 1591 993 1620 deliberavit
1008 1591 1245 1630 appellationem
1262 1601 1331 1620 esse

421 1641 606 1680 diligencius
628 1642 886 1679 prosequendam,
907 1641 1132 1679 deputatosque
1155 1640 1331 1679 solempnes

422 1701 458 1718 ex
481 1696 567 1729 parte
588 1690 808 1718 Universitatis
827 1690 1012 1718 constitutos
1041 1700 1109 1718 esse
1133 1689 1332 1719 conformiter

421 1739 559 1768 adituros
586 1740 799 1777 presedentem
817 1739 848 1767 in
865 1739 1078 1778 parlyamento
1092 1745 1121 1767 et
1138 1739 1330 1778 prepositum

421 1787 659 1822 mercatorum⁴‚
685 1788 798 1827 quibus
826 1787 1029 1827 previlegium
1054 1787 1175 1827 regium
1197 1788 1331 1826 speciale

422 1837 622 1866 Universitati
648 1847 830 1866 concessum
848 1837 1021 1871 continens,
1047 1838 1130 1876 quod
1155 1836 1331 1876 hujusmodi

421 1886 671 1915 contribuciones
686 1886 824 1925 singulas
838 1896 907 1915 esse
921 1886 1139 1921 excludendas,
1159 1886 1331 1915 discrecius

421 1941 637 1973 exponeretur,
658 1942 691 1964 ut
708 1934 773 1974 ejus
787 1942 895 1964 tenore
915 1935 1071 1964 informati
1086 1935 1203 1963 domini
1219 1945 1331 1975 supra-

421 1984 494 2012 dicti
527 1991 686 2013 cessarent
707 1975 710 1978 *
725 1984 965 2014 Universitatem
998 1984 1102 2013 taliter
1137 1985 1328 2023 perturbare,

421 2043 583 2072 quousque
604 2034 640 2061 ad
666 2044 770 2072 regem
796 2033 827 2062 in
855 2032 920 2073 ejus
947 2043 1095 2073 regressu
1111 2040 1208 2062 mater
1224 2040 1331 2062 nostra

423 2083 564 2121 predicta
580 2093 737 2111 accessum
754 2083 896 2111 habuerit
911 2083 1115 2121 personalem.

462 2131 523 2159 Pro
542 2133 677 2160 secundo
696 2131 824 2160 articulo
853 2132 942 2160 nacio
966 2132 1148 2160 deliberavit
1172 2132 1330 2171 supplica-

420 2180 525 2208 ciones
545 2190 605 2208 non
624 2191 693 2209 esse
712 2181 916 2209 admittendas
940 2181 1166 2209 baculariorum
1189 2181 1220 2209 in
1239 2181 1329 2210 sacul-

420 2235 479 2257 tate
509 2230 715 2264 decretorum,
746 2229 918 2258 volencium
950 2229 1082 2258 rotulum
1113 2229 1329 2268 particularem

422 2277 568 2307 habuisse
585 2289 702 2307 summo
722 2279 857 2317 pontifici
872 2279 1098 2308 destinandum.

462 2327 535 2355 Item
562 2327 679 2356 decimo
703 2334 812 2366 quarto
831 2328 880 2356 die
898 2328 1014 2356 mensis
1033 2327 1236 2357 Decembris2'
1259 2339 1329 2357 con-

421 2382 547 2414 gregata
572 2376 699 2405 nacione
727 2376 897 2415 Anglicana
917 2378 955 2405 ad
981 2377 1124 2406 Sanctum
1142 2377 1329 2406 Maturinum

421 2431 492 2463 post
526 2435 698 2454 sermonem
724 2435 818 2465 super
837 2426 937 2454 tribus
961 2426 1164 2465 expediendis
1191 2426 1329 2455 articulis

422 2473 500 2502 infra
514 2474 678 2508 contentis,
687 2475 831 2503 videlicet
843 2485 901 2514 pro
918 2475 1120 2514 expedicione
1132 2475 1329 2514 diligenciori

422 2522 614 2561 inspicienda
630 2523 723 2552 rotuli
740 2524 896 2563 dirigendi
917 2525 955 2552 ad
975 2534 1095 2563 papam,
1115 2534 1173 2563 pro
1192 2524 1329 2563 ejusdem

423 2572 655 2609 presentacione
688 2572 826 2601 facienda
852 2583 887 2601 ex
919 2573 1042 2601 nomine
1066 2573 1215 2608 nacionis,
1234 2574 1329 2602 eciam

422 2630 478 2657 pro
494 2621 581 2659 copia
592 2621 723 2649 videnda
739 2622 901 2660 pignerum
918 2632 955 2650 ex
970 2628 1055 2660 parte
1073 2622 1213 2651 nacionis
1229 2633 1329 2651 rema-

423 2669 563 2697 nencium
578 2680 645 2698 cum
661 2677 833 2708 receptore.
850 2671 912 2699 Pro
926 2670 1027 2710 primo
1043 2671 1131 2699 nacio
1147 2671 1329 2700 deliberavit

422 2719 587 2746 secundum
609 2725 725 2757 partem
749 2719 913 2754 saniorem,
937 2720 1019 2758 quod
1046 2720 1160 2759 singuli
1188 2721 1328 2759 magistri

422 2766 560 2794 nacionis
578 2768 716 2796 volentes
733 2768 904 2803 inrotulari,
922 2768 1000 2797 infra
1016 2768 1083 2797 dies
1099 2769 1204 2798 decem
1219 2769 1328 2808 proxi-

454 2854 475 2877 1.
509 2854 654 2878 Johannem
669 2856 699 2878 de
714 2856 816 2887 Fleury,
838 2856 892 2881 Vid.
907 2865 985 2888 supra
1000 2865 1026 2888 p.
1042 2858 1096 2885 596,
1111 2860 1164 2880 not.
1177 2858 1201 2880 ὃ.

454 2890 476 2911 2.
513 2891 582 2919 Quae
592 2891 642 2920 suit
656 2891 710 2914 dies
720 2891 859 2916 dominica.

454 2926 476 2946 3.
510 2927 555 2947 Ma.
572 2926 645 2948 addit
660 2930 694 2949 et.

1444 519 1510 539 mos
1527 517 1693 549 sequentes
1712 510 1855 540 viderent
1875 520 1909 540 se
1931 521 2002 540 esse
2017 511 2202 551 inscriptos;
2227 523 2289 552 quo
2303 513 2356 543 die

1443 558 1562 588 decimo
1577 559 1713 589 venienti
1730 560 1851 589 rotulus
1863 559 1875 578 ³
1890 567 2099 600 grossaretur.

1483 607 1546 637 Pro
1574 609 1722 644 secunde,
1741 610 1779 638 ad
1799 609 1892 638 istum
1917 610 2090 649 predictum
2115 610 2248 640 rotulum
2274 621 2356 652 pape

1442 658 1683 696 presentandum
1699 658 1848 698 magister
1861 658 2005 688 Andreas
2019 659 2056 688 de
2070 659 2242 695 Trabrune‚
2261 661 2356 690 frater

1389 711 1404 737 5
1442 706 1584 745 magistri
1600 706 1785 745 W[ilhelmi]
1810 708 1848 736 de
1871 707 2068 743 Trabronne‚
2096 708 2255 738 existens⁴
2276 716 2356 739 tem-

1441 764 1518 794 pore
1538 754 1592 784 illo
1613 755 1778 792 Avinioneg
1803 757 1982 796 eligeretur,
1998 757 2051 796 qui
2071 756 2193 797 juratus
2221 758 2355 788 nuncius

1442 803 1662 834 Universitatis
1681 813 1776 844 super
1796 805 1879 835 fideli
1901 816 1957 835 sua
1981 805 2148 846 diligencia
2168 806 2306 836 facienda
2321 807 2353 836 in

1442 853 1581 892 negociis
1598 854 1739 883 nacionis
1760 854 1936 894 reciperet⁵
1963 855 2023 884 sibi
2041 856 2203 895 pecuniam
2228 856 2353 886 totalem

1441 902 1646 942 colligendam
1677 914 1694 932 a
1726 903 1865 943 quolibet
1896 903 2148 940 inrotulatorum,
2179 905 2240 934 nisi
2274 905 2354 935 alius

1370 956 1403 981 10
1442 951 1596 981 salubrior
1617 953 1726 981 modus
1748 953 1983 992 procuracionis
2004 953 2035 982 in
2051 960 2209 992 posterum
2231 954 2354 984 inveni-

1441 1007 1538 1030 retur.

1481 1050 1543 1079 Pro
1564 1050 1671 1085 tercio,
1695 1051 1779 1089 quod
1801 1050 1944 1080 dominus
1967 1051 2123 1081 decanus⁰
2152 1058 2182 1082 et
2206 1053 2353 1092 magister

1441 1099 1596 1128 Ernaldus
1617 1099 1755 1138 deputati
1779 1099 1851 1129 inde
1876 1100 2035 1130 constituti
2054 1101 2195 1130 nacionis
2211 1101 2355 1131 viderent

1440 1148 1606 1188 pignorum
1621 1149 1741 1188 copiam
1760 1154 1789 1178 et
1799 1149 1947 1178 valorem.

1370 1200 1402 1227 15
1481 1197 1556 1226 Item
1582 1198 1648 1227 XV⁰
1667 1198 1716 1227 die
1740 1197 1857 1227 mensis
1876 1198 2058 1228 Decembris
2082 1199 2158 1228 facta
2176 1209 2351 1240 congrega-

1440 1246 1529 1275 cione
1565 1246 1785 1276 Universitatis
1817 1247 1955 1286 generali
1984 1247 2130 1277 Sanctum
2159 1248 2348 1279 Maturinum

1440 1295 1514 1324 hora
1546 1306 1746 1335 vesperarum
1777 1306 1834 1335 per
1855 1295 2061 1335 juramentum
2097 1307 2191 1336 super
2220 1304 2353 1337 quatuor

1440 1344 1578 1374 articulis
1592 1345 1705 1374 ibidem
1721 1345 1892 1384 propositis
1909 1345 2129 1381 deliberandis,
2147 1356 2204 1385 pro
2220 1357 2351 1386 quorum

1439 1394 1541 1432 primo
1559 1394 1756 1434 significanti,
1781 1400 1931 1423 rectorem
1957 1400 1987 1423 et
2004 1395 2166 1434 deputatos
2187 1394 2353 1426 Universi-

1369 1447 1402 1472 20
1440 1443 1511 1473 tatis
1529 1450 1674 1482 receptos
1701 1443 1797 1472 fuisse
1822 1443 1854 1472 in
1871 1443 1993 1472 decenti
2018 1443 2136 1473 honore
2154 1451 2184 1474 et
2198 1445 2351 1474 amicabili

1440 1493 1545 1522 auditu
1559 1503 1626 1522 cum
1638 1493 1763 1522 domino
1774 1492 1947 1532 presidenti
1957 1493 1988 1521 in
1998 1493 2212 1532 parliamentO,
2228 1494 2352 1534 sibique

1441 1541 1650 1570 favorabiliter
1682 1542 1884 1580 respondenti
1917 1542 1948 1570 in
1977 1542 2117 1582 negociis
2143 1549 2174 1572 et
2199 1543 2351 1582 expositis

1440 1590 1564 1619 nomine
1598 1590 1838 1626 Universitatis,
1874 1591 1957 1620 natio
1994 1591 2177 1621 deliberavit
2210 1591 2352 1631 predicto

1441 1639 1566 1669 domino
1582 1650 1651 1668 esse
1668 1640 1777 1669 merito
1794 1640 2038 1679 regraciandum.

1369 1693 1402 1718 25
1437 1707 1439 1709 ·
1481 1689 1543 1718 Pro
1561 1690 1593 1717 2⁰
1608 1689 1736 1718 articulo
1753 1689 1890 1728 tangenti
1910 1690 2020 1718 factum
2038 1689 2181 1728 Hugonis
2197 1689 2352 1720 Aubriotb

1440 1738 1528 1767 nacio
1542 1737 1726 1767 deliberavit
1740 1738 1824 1777 quod
1837 1738 2004 1767 secundum
2018 1738 2162 1768 formales
2177 1739 2350 1778 peticiones

1440 1787 1515 1816 alias
1531 1787 1688 1826 expositas
1707 1797 1763 1826 per
1778 1787 1940 1826 deputatos
1955 1797 2050 1826 super
2062 1788 2200 1816 emendis
2213 1787 2351 1818 honora-

1439 1835 1554 1865 bilibus
1564 1836 1712 1865 faciendis
1726 1835 1815 1865 matri
1827 1842 1933 1865 nostre
1949 1835 2152 1866 Universitati
2170 1837 2349 1876 perturbate

1439 1885 1578 1924 graviter
1592 1886 1623 1914 in
1639 1885 1737 1924 capite
1752 1891 1843 1924 atque
1859 1885 2006 1914 membris
2023 1895 2079 1924 per
2097 1885 2259 1925 Hugonem
2275 1896 2350 1925 pre-

1368 1939 1402 1965 30
1440 1934 1565 1969 dictum,
1578 1945 1595 1963 a
1610 1941 1721 1974 nepote
1736 1944 1791 1963 suo
1807 1940 1837 1963 et
1850 1933 1962 1963 ceteris
1978 1933 2043 1963 suis
2056 1934 2162 1964 amicis
2172 1935 2350 1965 volentibus

1440 1983 1616 2022 supplicare
1641 1994 1698 2022 pro
1721 1982 1941 2012 Universitutis
1967 1983 2182 2012 misericordia
2208 1983 2268 2013 sibi
2293 1983 2349 2013 ha-

1439 2033 1550 2067 benda,
1566 2033 1692 2061 emende
1704 2038 1737 2061 ut
1752 2031 1937 2061 sufficientes
1951 2031 2074 2061 nomine
2087 2032 2219 2071 predicti
2237 2032 2350 2072 Hugo—

1439 2081 1488 2110 nis
1502 2087 1607 2110 essent
1622 2081 1811 2120 recipiende.

1479 2131 1542 2159 Pro
1557 2130 1589 2158 3⁰
1610 2131 1647 2159 de
1669 2130 1809 2169 predicta
1832 2130 1962 2159 nacione
1983 2130 2233 2160 deliberaverunt
2249 2131 2348 2171 magi-

1368 2184 1401 2210 35
1440 2179 1496 2208 stri
1513 2179 1649 2208 volentes
1668 2178 1841 2214 inrotulari,
1862 2179 1944 2218 quod
1959 2179 2054 2208 rotuli
2069 2179 2299 2218 expedirentur.

1479 2228 1542 2257 Pro
1571 2235 1681 2267 quarto
1715 2227 1906 2267 supplicacio
1937 2227 2069 2257 rectoris
2094 2229 2131 2258 de
2157 2228 2216 2257 hoc
2247 2228 2348 2259 officio

1438 2277 1593 2306 recessuri
1607 2288 1622 2305 a
1640 2277 1781 2316 pluribus
1797 2277 2024 2306 admittebatur.

1845 2370 1942 2400 1882

1367 2429 1400 2455 4⁰
1439 2441 1687 2471 Continuacio
1725 2440 1896 2480 magistri
1933 2440 2070 2469 Thome
2106 2441 2148 2469 de
2189 2440 2346 2470 Foresta

1616 2491 1650 2519 in
1680 2489 1815 2519 officio
1848 2489 2166 2529 procuracionis.

1479 2573 1553 2602 Item
1579 2582 1658 2601 anno
1682 2571 1870 2611 supradicto,
1889 2570 1972 2600 XVI⁰
2000 2570 2050 2599 die
2076 2571 2192 2600 mensis
2213 2571 2346 2600 Decem-

1437 2621 1515 2652 bris.
1547 2622 1623 2650 sacta
1653 2620 1898 2660 congregacione
1930 2619 2069 2649 nacionis
2093 2619 2265 2659 Anglicane
2288 2630 2347 2659 per

1366 2674 1399 2699 45
1433 2670 1639 2709 juramentum
1663 2671 1702 2699 ad
1723 2669 1867 2698 Sanctum
1896 2668 2048 2698 Julianum
2078 2668 2154 2697 hora
2176 2669 2343 2707 primarum

1438 2729 1532 2758 super
1547 2725 1691 2758 computo
1705 2718 1857 2747 audiendo
1874 2717 2046 2756 receptor-is
2063 2724 2092 2746 et
2106 2717 2255 2747 electione
2271 2727 2346 2756 per-

1436 2768 1566 2797 ficienda
1583 2767 1654 2796 novi
1672 2766 1896 2807 procuratoris,
1914 2776 1971 2805 pro
1989 2765 2075 2805 cujus
2094 2772 2193 2795 autem
2209 2765 2344 2805 computi

1466 2859 1490 2881 4.
1524 2859 1552 2881 In
1572 2860 1628 2881 mam
1642 2866 1692 2881 non
1705 2857 1782 2885 clare,
1800 2865 1833 2880 an
1850 2856 1962 2880 existens
1980 2856 2018 2879 vel
2036 2856 2185 2885 existentis;
2199 2856 2244 2880 sed
2255 2857 2345 2889 potius

1436 2894 1558 2917 existens.

1467 2931 1490 2952 5.
1523 2930 1571 2951 Ma.
1586 2931 1730 2959 receperet.

1466 2965 1491 2987 6.
1525 2963 1585 2987 Scit.
1603 2963 1760 2987 Guillelmus
1775 2962 1902 2987 Grinlaw.
