2632 3464
410 450 459 475 451

822 543 920 572 1374

450 630 687 661 Procuracio
720 629 893 668 magistri
922 627 1078 657 Jordani
1107 625 1276 665 Wanghe

757 679 799 707 de
822 677 960 707 clivis.

451 770 541 799 Anno
555 768 678 798 Domini
696 767 857 796 millesimo
877 766 970 796 CCC⁰
980 764 1139 795 LXXIIII0
1149 764 1316 793 secundum

412 819 514 849 stilum
543 816 751 847 Gallicanum⁴
786 817 862 845 facta
897 814 1142 854 congregacione
1178 813 1317 842 nacionis

413 868 583 907 Anglicane
600 868 637 895 ad
653 866 827 905 eligendum
844 870 1076 904 procuratorem
1092 869 1122 892 et
1136 863 1174 891 ad
1189 862 1317 891 audien-

414 918 485 946 dum
503 922 675 955 computum
692 914 873 953 receptoris,
889 913 1004 942 electus
1019 912 1074 941 fuit
1087 913 1119 941 in
1133 917 1318 951 procurato-

412 976 477 995 rem
497 965 580 994 nullo
597 964 720 1004 penitus
738 963 920 992 reclamante
942 962 1089 1001 magister
1105 960 1260 989 Jordanus
1280 960 1318 989 de

415 1015 512 1044 Clivis
530 1023 634 1042 mense
654 1012 773 1051 Aprilis
793 1012 842 1040 die
860 1011 941 1046 Vlla,
959 1021 1017 1050 que
1036 1010 1092 1039 fuit
1110 1010 1176 1038 dies
1193 1009 1318 1038 veneris

413 1070 486 1103 post
507 1064 616 1092 festum
630 1061 759 1091 Pasche.
780 1061 814 1090 In
832 1060 919 1100 cujus
933 1059 1154 1099 procuracione
1169 1064 1235 1088 acta
1252 1058 1318 1088 fue-

413 1119 485 1142 runt
499 1111 705 1150 infrascripta.

459 1162 563 1190 Primo
587 1166 616 1189 et
636 1161 741 1189 eadem
767 1158 1012 1198 congregacione
1035 1157 1146 1186 dilatus
1161 1157 1217 1186 fuit
1234 1166 1318 1186 com-

415 1217 508 1250 putus
530 1209 700 1248 receptoris
725 1218 823 1247 usque
852 1209 890 1236 ad
921 1207 1091 1246 proximam
1124 1206 1316 1242 electionem,

414 1260 484 1299 quia
498 1258 682 1288 sufficienter
698 1263 875 1296 expectatus
892 1267 954 1285 non
973 1256 1156 1296 comparuit.

454 1309 529 1337 Item
547 1307 724 1336 licenciatus
749 1306 805 1335 suit
833 1306 882 1335 die
910 1305 1030 1334 sabbati
1050 1311 1198 1344 sequente

413 1357 554 1386 dominus
593 1355 746 1385 Henricus
786 1355 907 1394 Spronc
948 1355 1004 1383 sub
1049 1355 1198 1394 magistro

417 1406 533 1435 Thoma
550 1406 587 1434 de
606 1405 715 1440 Clivis,
735 1403 821 1444 cujus
836 1405 931 1433 bursa
942 1403 983 1432 VI
1002 1403 1106 1432 solidi.

456 1455 530 1484 Item
552 1455 659 1483 eodem
684 1454 733 1482 die
763 1453 942 1482 licenciatus
974 1453 1029 1482 suit
1055 1453 1198 1482 dominus

411 1505 567 1533 Johannes
588 1502 827 1533 Cambisnathan
846 1502 956 1531 Scotus
972 1503 1029 1531 sub
1050 1502 1198 1541 magistro

413 1553 582 1583 Wilhelmo
595 1552 747 1587 Trebron,
765 1550 851 1591 cujus
867 1552 963 1581 bursa
976 1551 1032 1580 VII
1049 1551 1152 1580 solidi.

454 1603 531 1631 Item
565 1602 670 1630 eodem
698 1601 747 1629 die
769 1601 947 1630 licenciatus
975 1601 1030 1630 fuit
1055 1601 1199 1630 dominus

415 1651 570 1681 Johannes
582 1650 729 1680 Lubberti
745 1651 782 1678 de
795 1650 962 1679 Daventria
977 1651 1034 1679 sub
1049 1650 1199 1690 magistro

415 1700 572 1730 Willelmo
588 1699 763 1737 Wadenoy,
781 1698 867 1738 cujus
885 1700 979 1728 bursa
995 1699 1038 1728 ΙΙΙ
1054 1699 1157 1728 solidi.

455 1750 527 1779 Item
565 1749 672 1777 eodem
712 1748 762 1776 die
801 1748 1020 1777 licenciabatur
1057 1749 1200 1777 dominus

415 1798 571 1828 ,Iohannes
606 1796 776 1836 Schurpfer
812 1797 850 1825 de
878 1796 1113 1836 Phullendorph
1142 1798 1199 1826 sub

418 1847 566 1887 magistro
579 1846 593 1875 J
598 1845 716 1874 ohanne
733 1845 914 1884 Scriptoris,
927 1845 1014 1885 cujus
1026 1847 1121 1875 bursa
1131 1846 1158 1875 V
1172 1857 1197 1876 s.

457 1896 531 1925 Item
554 1896 660 1924 eodem
687 1894 736 1923 die
763 1894 942 1924 licenciatus
967 1901 1032 1924 erat
1057 1896 1200 1925 dominus

416 1945 572 1974 Johannes
605 1943 667 1972 Coc
678 1967 685 1979 ,
719 1944 777 1972 sub
808 1944 957 1983 magistro
990 1945 1131 1974 Mercilio
1162 1947 1200 1974 de

1232 1948 1261 1958 l
1232 1780 1262 1934 licenciati
1232 1640 1261 1764 fuerunt
1232 1594 1260 1624 in
1231 1481 1271 1580 prima
1230 1305 1260 1467 audicione

1281 1771 1311 1885 Nostre
1281 1600 1310 1744 Domine.

1243 1961 1262 1979 Ξ

418 1994 547 2033 lnghen,
564 1992 651 2032 cujus
670 1993 765 2022 bursa
784 1992 810 2021 V
830 1993 922 2022 solidi
940 1999 970 2022 et
987 1993 1047 2023 1111
1070 1995 1198 2023 denarii.
1223 1981 1262 2038 μΞ

457 2043 531 2072 Item
554 2042 734 2071 licenciatus
758 2041 814 2071 suit
833 2042 939 2071 eodem
966 2042 1015 2071 die
1044 2043 1200 2073 Johannes
1222 2057 1224 2082 ‚¹
1243 2056 1261 2076 με

417 2091 602 2120 Theodorici
617 2092 654 2120 de
669 2090 862 2120 Scoenhovia
880 2091 936 2120 sub
953 2092 1100 2131 magistro
1115 2093 1200 2122 Wal-
1222 2077 1262 2135 ’Ξ

418 2147 485 2170 tero
501 2139 621 2175 Wolf-³,
639 2139 726 2179 cujus
741 2139 870 2169 bursaV
882 2139 974 2169 solidi
989 2147 1019 2170 et
1035 2142 1054 2170 4
1069 2142 1198 2171 denarii.
1233 2137 1262 2181 Ξ

458 2189 576 2218 Deinde
596 2188 645 2218 die
675 2189 745 2218 lune
769 2189 906 2228 proxime
931 2196 1090 2229 sequente,
1115 2201 1173 2230 que
1203 2192 1260 2221 fuit
1282 2192 1322 2222 Χει

418 2239 485 2268 dies
515 2237 646 2277 Aprilis,
670 2237 785 2277 incepit
807 2244 836 2266 et
864 2239 1061 2278 magistratus
1089 2247 1155 2269 erat
1178 2241 1321 2271 dominus

419 2287 572 2316 Henricus
603 2287 723 2326 Spronc
748 2287 805 2316 sub
831 2288 979 2327 magistro
1002 2288 1118 2318 Thoma
1144 2290 1181 2318 de
1210 2290 1319 2326 Clivis,

418 2335 504 2375 cujus
517 2337 611 2365 bursa
623 2335 664 2364 Vl
681 2335 783 2364 solidi.

458 2386 532 2414 Item
564 2385 614 2414 die
642 2385 748 2413 martis
770 2384 885 2414 XVIIIa
911 2385 1030 2425 Aprilis
1059 2386 1238 2418 licenciatus
1267 2389 1323 2418 fuit

417 2434 559 2463 dominus
590 2433 767 2462 Willelmus
798 2434 916 2463 Fenton
944 2435 1054 2465 Scotus
1084 2437 1141 2466 sub
1173 2438 1321 2477 magistro

421 2482 559 2512 Gerardo
577 2483 701 2518 Kalker‚
722 2482 807 2522 cujus
823 2484 918 2512 bursa
932 2483 958 2512 V
973 2485 1075 2514 solidi.

460 2532 534 2561 Item
554 2531 603 2560 die
621 2530 725 2571 jovis³
743 2538 816 2571 post
832 2533 941 2562 festum
964 2534 1044 2563 beati
1063 2534 1160 2563 Marci
1178 2545 1323 2576 ewange-

418 2580 487 2609 liste
507 2580 686 2610 licenciatus
702 2587 749 2610 est
760 2580 917 2610 Johannes
934 2581 1017 2621 Gray
1029 2582 1140 2613 Scotus
1158 2585 1214 2613 sub
1228 2585 1321 2625 magi-

419 2636 483 2658 stro
504 2630 639 2658 Jordano
667 2630 703 2658 de
729 2630 838 2665 Clivis,
860 2629 947 2670 cujus
970 2632 1064 2661 bursa
1081 2632 1108 2660 V
1123 2633 1215 2662 solidi
1234 2640 1263 2663 et
1280 2634 1321 2663 VI

418 2678 547 2707 denarii.

459 2727 532 2755 Item
560 2728 666 2756 eodem
689 2727 738 2756 die
762 2727 981 2758 lioenciabatur
1004 2729 1162 2760 Gilbertus
1187 2730 1322 2761 Grenlau

419 2775 607 2848 {emp-{sub
623 2776 771 2815 magistro
786 2776 945 2806 Willelmo
958 2778 1110 2815 Trebron,
1128 2779 1213 2819 cujus
1229 2781 1322 2810 bursa

459 2830 516 2848 sel
542 2831 561 2848 1.

451 2903 473 2926 1.
508 2904 558 2927 Sed
580 2906 604 2927 et
627 2905 763 2928 secundum
789 2906 870 2929 alium
896 2907 991 2937 stilum,
1016 2916 1072 2931 cum
1098 2910 1192 2940 festum
1210 2909 1323 2933 Paschae

422 2938 512 2970 suisset
523 2940 536 2962 2
550 2940 654 2971 Aprilis.

450 2974 474 2996 2.
506 2974 578 2997 Alias
588 2975 619 2998 de
635 2976 700 2999 Delf.

949 443 1171 470 AUCTARIUM
1191 442 1450 469 CHARTULARII
1469 443 1643 470 UNIVERS.
1665 443 1782 470 PARIS.

1356 966 1389 991 10

1357 1211 1390 1237 15

1357 1457 1391 1483 20

1358 1703 1391 1729 25

1359 1949 1392 1975 30

1358 2195 1392 2220 35

1359 2439 1393 2465 40

1360 2684 1393 2710 45

2279 445 2335 472 452

1468 519 1543 548 Item
1562 519 1742 550 licenciatus
1764 520 1820 550 fuit
1838 511 1996 550 Gerardus
2011 519 2143 550 Viskaer
2161 521 2218 550 sub
2236 521 2338 562 magi-

1428 574 1493 597 stro
1507 567 1647 598 Gerardo
1661 570 1699 598 de
1715 569 1840 605 Kalker,
1857 569 1944 609 cujus
1960 570 2056 598 bursa
2070 569 2111 598 Vl
2126 569 2229 599 solidi.

1466 617 1587 647 Deinde
1599 617 1716 648 XXIII²
1732 618 1782 647 die
1801 618 1918 648 mensis
1936 618 2055 657 Aprilis
2071 619 2149 648 facta
2165 628 2336 659 congrega-

1425 666 1514 695 cione
1534 667 1674 697 nacionis
1698 668 1779 707 apud
1800 668 2018 697 Predicatores
2045 673 2118 707 post
2139 667 2336 697 sermonem⁴

1426 716 1465 744 ad
1487 715 1735 755 supplicandum,
1757 716 1944 756 supplicavit
1970 716 2118 756 magister
2142 716 2277 746 Thomas
2298 718 2337 746 de

1426 764 1552 793 Heriem
1567 775 1750 795 recessurus
1763 766 1801 794 ad
1811 772 1927 805 partes,
1941 766 2024 804 quod
2040 765 2067 795 si
2075 771 2214 805 tempore
2228 766 2336 795 absen-

1425 813 1471 842 cie
1489 823 1544 843 sue
1561 814 1681 844 rotulus
1703 821 1772 845 ante
1799 814 1906 844 Natale
1933 815 2059 844 Domini
2083 814 2261 850 conclusus,
2287 821 2339 844 aut

1426 862 1521 891 eciam
1538 863 1564 892 si
1580 863 1634 892 illo
1660 864 1790 893 dimisso
1814 864 1852 893 de
1872 874 1954 893 novo
1972 864 2049 893 alius
2067 863 2200 898 rotulus,
2219 863 2339 893 scilicet

1426 912 1453 940 si
1474 922 1586 951 papam
1601 912 1725 942 interim
1745 913 1824 942 mori
1839 913 2016 952 contigerit,
2033 913 2071 942 ad
2089 913 2204 942 curiam
2222 912 2337 942 Roma-

1427 971 1496 990 nam
1512 961 1782 997 transmitteretur,
1802 961 1870 1001 ipse
1884 968 2028 1001 tanquam
2046 971 2178 1001 presens
2195 962 2338 1002 impone-

1426 1016 1523 1045 retur,
1543 1016 1572 1039 et
1585 1011 1727 1040 omnibus
1743 1010 1950 1050 prerogativis
1964 1011 2159 1050 presencium
2175 1011 2335 1051 gauderet.

1428 1058 1524 1099 Cujus
1541 1059 1732 1099 supplicacio
1747 1069 1897 1089 concessa
1919 1065 1995 1095 erat,
2019 1060 2184 1089 dummodo
2207 1060 2239 1089 in
2257 1060 2336 1090 festo

1428 1108 1573 1147 Dyonisii
1589 1108 1639 1138 vel
1656 1115 1726 1138 ante
1744 1118 1876 1148 presens
1895 1115 1989 1144 esset,
2006 1115 2036 1138 et
2057 1108 2180 1138 interim
2201 1109 2333 1144 rotulus,

1427 1157 1500 1187 licet
1525 1168 1561 1187 eo
1597 1158 1738 1193 absente,
1767 1157 2042 1193 transmitteretur,
2070 1158 2201 1197 prestito
2241 1157 2337 1187 eciam

1422 1205 1609 1246 juramento,
1632 1207 1720 1236 sicud
1743 1206 1848 1246 recepi
1878 1207 1916 1235 ab
1947 1216 1996 1242 eo,
2026 1208 2111 1246 quod
2139 1213 2223 1236 esset
2251 1207 2337 1236 firme

1427 1255 1614 1285 intencionis
1629 1255 1780 1285 redeundi
1806 1255 1946 1285 Parisius
1975 1261 2044 1285 ante
2068 1256 2232 1286 terminum
2263 1265 2338 1295 pre-

1427 1306 1531 1334 fixum.

1471 1354 1543 1394 (Fol.
1563 1354 1609 1394 41)
1627 1354 1747 1383 Deinde
1764 1353 1861 1383 XXV=
1878 1354 1928 1383 die
1937 1353 2057 1394 Aprilis
2071 1354 2148 1383 facta
2163 1351 2339 1394 congrega-

1429 1403 1517 1433 cione
1535 1403 1675 1432 nacionis
1689 1402 1861 1443 Anglicane
1879 1403 2044 1443 sollempni
2058 1409 2130 1443 post
2147 1412 2336 1439 sermonem,

1428 1453 1510 1492 apud
1549 1451 1694 1481 Sanctum
1728 1452 1916 1481 Maturinum
1949 1452 2084 1482 omnium
2120 1452 2338 1492 magistrorum

1428 1502 1607 1541 regencium
1625 1507 1655 1531 et
1669 1511 1732 1530 non
1749 1501 1928 1541 regencium
1938 1511 1995 1541 per
2004 1500 2209 1541 juramentum
2223 1500 2339 1540 princi-

1428 1551 1540 1590 paliter
1557 1551 1594 1579 ad
1612 1550 1818 1586 statuendum,
1834 1556 1946 1579 statuta
1965 1557 2052 1580 erant
2073 1550 2270 1580 concorditer
2285 1550 2339 1579 illa

1428 1601 1500 1635 duo,
1520 1609 1614 1639 super
1634 1600 1747 1639 quibus
1764 1599 1935 1629 statuendis
1952 1599 2059 1639 plures
2074 1599 2339 1640 congregaciones

1431 1655 1662 1688 precesserant,
1693 1659 1731 1678 ne
1758 1649 1826 1678 sine
1850 1649 2077 1678 deliberacione
2103 1655 2221 1678 matura
2249 1648 2340 1690 dige-

1433 1705 1542 1738 stoque
1566 1698 1696 1727 consilio
1719 1697 1886 1737 quidquam
1905 1697 1977 1727 novi
1994 1689 2190 1727 statueretur.
2214 1697 2249 1727 In
2266 1707 2339 1737 qua-

1429 1757 1497 1777 rum
1527 1747 1664 1787 qualibet
1688 1747 1783 1776 eciam
1813 1747 2024 1782 concorditer,
2059 1753 2111 1776 aut
2142 1746 2250 1776 saltem
2283 1755 2340 1786 per

1429 1795 1575 1836 majorem
1584 1802 1713 1836 partem,
1724 1795 1926 1825 deliberatum
1935 1802 2001 1825 erat
2013 1795 2065 1825 illa
2076 1796 2168 1826 statui
2178 1795 2338 1835 expedire,

1470 1846 1608 1875 Primum
1630 1845 1736 1885 igitur,
1759 1845 1843 1884 quod
1858 1845 1940 1874 dicta
1960 1845 2049 1875 nacio
2081 1851 2154 1874 tunc
2176 1844 2283 1874 statuit
2309 1850 2341 1874 et

1431 1895 1587 1924 ordinavit
1602 1894 1761 1934 perpetuis
1782 1894 1975 1934 temporibus
1994 1893 2214 1924 inviolabiliter
2228 1894 2340 1923 obser-

1429 1945 1563 1973 vandum
1585 1954 1623 1973 ex
1646 1943 1740 1973 certis
1767 1949 1796 1972 et
1819 1941 1914 1982 justis
1945 1943 2080 1978 motivis,
2104 1943 2155 1972 hic
2178 1942 2340 1973 brevitatis

1431 1993 1535 2033 gracia
1550 1993 1773 2032 pretermissiS,
1789 1998 1836 2022 est
1854 1992 1948 2028 istud,
1963 1993 2047 2032 quod
2062 1993 2100 2022 de
2116 1998 2218 2022 cetero
2235 1990 2339 2022 nullus

1431 2042 1562 2071 scolaris
1587 2042 1667 2071 dicte
1689 2041 1830 2071 nacionis
1848 2041 1958 2070 nolens
1973 2040 2079 2081 jurare
2097 2047 2253 2077 statutum,
2277 2050 2340 2081 quo

1430 2091 1632 2120 communiter
1646 2100 1801 2130 pauperes
1817 2091 1954 2120 scolares
1969 2101 1986 2119 a
2002 2090 2160 2120 solucione
2175 2091 2339 2120 bursarum

1429 2140 1461 2169 in
1477 2141 1594 2180 gradus
1611 2139 1795 2179 recepcione
1811 2139 1984 2169 debitarum
2006 2149 2063 2179 per
2085 2140 2246 2169 nacionem
2264 2149 2340 2168 con-

1430 2195 1598 2219 sueverunt
1619 2189 1750 2224 absolvi,
1767 2189 1866 2218 donec
1890 2189 1928 2218 ad
1954 2188 2150 2228 pinguiorem
2171 2195 2243 2224 etc.,
2259 2188 2341 2218 ultra

1430 2238 1511 2267 diem
1526 2238 1672 2267 mercurii
1683 2243 1757 2277 post
1771 2238 1948 2267 brandones
1960 2238 1998 2267 ad
2013 2237 2277 2267 determinandum
2289 2236 2340 2267 vel

1430 2287 1756 2317 subdeterminandum
1767 2297 1822 2316 seu
1831 2287 1870 2316 ad
1881 2287 2096 2327 recepcionem
2106 2287 2221 2327 gradus
2229 2286 2339 2316 bacha-

1429 2337 1556 2366 lariatus
1573 2337 1604 2366 in
1628 2336 1747 2366 artibus
1763 2336 1870 2365 eodem
1883 2346 1975 2372 anno,
1998 2335 2082 2365 omni
2101 2335 2339 2375 dispensacione

1431 2386 1604 2421 interdicta,
1624 2385 1735 2425 quovis
1750 2385 1842 2414 modo
1860 2385 2047 2420 admittatur,
2067 2384 2269 2414 excusacione
2283 2394 2339 2414 seu

1431 2435 1613 2474 exceptione
1630 2444 1813 2474 quacunque
1829 2434 1860 2463 in
1879 2433 2066 2463 contrarium
2083 2433 2143 2463 sibi
2158 2443 2220 2462 non
2235 2433 2339 2472 profu-

1430 2490 1509 2513 tura.
1535 2484 1581 2513 De
1605 2483 1796 2523 pauperibus
1822 2493 1897 2513 vero
1922 2489 1952 2512 et
1979 2488 2123 2513 statutum
2147 2482 2343 2521 paupertatis—

1426 2532 1532 2573 jurare
1545 2533 1661 2572 paratis
1675 2533 1791 2568 statuit,
1806 2533 1890 2572 quod
1905 2531 2008 2561 nullus
2022 2531 2139 2566 talium,
2154 2531 2235 2560 sicut
2249 2531 2338 2561 etiam

1431 2582 1600 2621 antiquitus
1612 2582 1846 2617 observabatur,
1856 2581 1894 2610 ad
1907 2580 2122 2620 principaliter
2134 2580 2339 2610 determinan-

1431 2632 1503 2660 dum
1525 2630 1557 2659 in
1576 2630 1732 2670 principio
1760 2630 2013 2669 Quadragesime‚
2045 2630 2101 2658 sed
2121 2629 2278 2659 dumtaxat
2300 2630 2338 2659 ad

1431 2679 1756 2709 subdeterminandum
1786 2678 1824 2719 (si
1852 2678 2055 2718 principalem
2083 2678 2237 2707 volentem
2270 2688 2339 2708 eum

1431 2729 1635 2758 subordinare
1659 2734 1689 2757 et
1708 2728 1793 2758 vices
1815 2726 1881 2766 ejus
1901 2727 2090 2756 committere
2111 2727 2228 2766 poterit
2247 2736 2341 2766 repe-

1431 2778 1509 2812 rire,
1541 2777 1591 2806 vel
1618 2777 1726 2806 saltem
1755 2783 1908 2816 tamquam
1938 2775 2206 2805 subdeterminans
2238 2777 2341 2815 quoad

1431 2833 1516 2856 actus
1527 2836 1583 2865 per
1598 2836 1666 2855 eum
1681 2825 1811 2861 fiendos,
1826 2825 1851 2854 si
1866 2825 2102 2854 substituentem
2113 2824 2214 2864 ipsum
2226 2824 2342 2855 habere

1462 2910 1485 2933 3.
1520 2910 1549 2933 27
1560 2909 1668 2940 Aprilis.

1462 2946 1486 2968 4.
1522 2945 1589 2976 Quia
1607 2944 1736 2968 dominica
1748 2944 1808 2976 suit.
