2632 3464
258 1052 409 1078 Erfordiae

250 1539 406 1566 Cracoviae

434 413 495 430 xuv
1267 406 1531 433 INTRODUCTIO

483 494 621 530 Postea
638 495 752 530 etiam
773 495 946 543 magistri
967 495 1085 531 Paris.
1111 497 1279 531 nationis
1296 495 1411 545 Angl.
1434 496 1632 532 Coloniam
1654 497 1818 546 profecti
1836 505 1925 533 sunt
1944 511 1952 532 z
1974 510 2036 532 an.
2064 497 2159 534 1390
2173 497 2365 535 Volkerus

432 565 589 599 Yserem
605 593 613 606 ‚
636 564 701 612 qui
725 571 836 600 antea
860 563 1077 600 Aurelianis
1099 563 1170 600 fnit
1185 565 1210 606 ¹,
1241 577 1301 600 an.
1334 565 1426 601 1391
1449 565 1588 602 Paulus
1611 565 1659 602 de
1681 566 1806 602 Gelria
1825 573 1865 602 et
1884 566 2051 602 Thomas
2070 565 2290 616 Zegenandi
2313 567 2363 604 de

431 632 583 675 Clivis2‚
621 634 685 682 qui
721 634 877 669 interim
912 633 1005 669 alias
1035 634 1313 670 Universitates
1343 635 1614 678 visitaverunt,
1647 647 1708 670 an.
1748 634 1841 672 1392
1871 636 2059 671 Henricus
2088 635 2275 672 Lanchals
2312 635 2361 672 de

431 701 548 738 Clivis
562 703 588 738 ³.
618 703 674 738 De
701 702 859 752 reliquis
880 702 957 738 vid.
982 702 1078 738 infra
1104 704 1143 737 in
1163 703 1265 738 notis
1287 710 1377 752 post
1404 715 1464 738 an.
1497 703 1603 739 1392.
1636 704 1766 739 Trium
1800 710 1930 740 tamen
1966 705 2200 740 mentionem
2236 703 2362 742 facere

431 778 597 820 oportet,
620 771 805 808 Johannis
826 771 874 808 de
895 773 1000 820 Dorp
1025 771 1072 807 de
1092 771 1234 814 Leidis,
1260 772 1395 808 famosi
1417 772 1636 814 nominalis,
1657 774 1722 822 qui
1744 785 1804 809 an.
1831 773 1924 809 1418
1948 773 2131 810 Coloniae
2157 774 2367 823 inscriptus

431 841 526 883 est4,
543 839 664 876 David
685 840 733 877 de
755 840 973 890 Hamyston,
997 854 1057 876 an.
1083 841 1176 876 1440
1192 849 1234 877 ut
1254 841 1398 878 decret.
1420 840 1523 877 doct.
1541 842 1755 891 inscripti⁵‚
1776 843 1939 892 Reyneri
1954 843 2081 892 Creyt.
2106 845 2182 879 Iste
2203 842 2360 879 ultimus

432 923 492 946 an.
529 911 618 945 1421
647 910 829 946 Coloniae
854 910 1071 946 intitulatus
1090 918 1150 946 est
1171 910 1300 946 verbis
1319 925 1326 946 :
1354 923 1371 945 c(
1392 910 1486 946 nihil
1511 910 1636 953 solvit,
1662 912 1752 960 quia
1775 912 1955 961 antiquus
1977 924 2077 962 mag.
2100 919 2187 955 art..
2211 913 2276 962 qui
2298 911 2364 948 diu

432 980 528 1015 rexit
544 980 583 1014 in
600 978 747 1015 eisdem
761 980 786 1014 ⁶.
808 993 824 1013 ))
844 980 1007 1019 Revera,
1028 980 1104 1027 jam
1127 992 1186 1015 an.
1213 979 1305 1015 1369
1325 980 1479 1015 Parisiis
1495 981 1593 1016 rexit
1606 981 1632 1015 ⁷.

481 1050 573 1084 Cum
604 1049 842 1085 Universitas
870 1048 1137 1096 Erfordiensis
1167 1062 1227 1084 an.
1257 1049 1350 1084 1392
1376 1050 1415 1084 in
1441 1050 1558 1085 vitam
1587 1048 1743 1099 prodiit,
1774 1049 1920 1085 nullum
1951 1051 2194 1100 suppositum
2225 1063 2246 1088 e
2277 1058 2355 1087 nat.

430 1118 644 1167 Anglicana
665 1119 824 1167 recepit.
846 1117 988 1154 Saltem
1010 1119 1110 1154 inter
1125 1119 1333 1167 inscriptos
1355 1119 1444 1154 anni
1461 1118 1633 1167 ejusdem
1654 1118 1782 1155 nullus
1799 1120 1967 1156 occurrit
1977 1120 2004 1162 ⁸,
2028 1121 2093 1169 qui
2109 1133 2155 1156 ex
2172 1120 2358 1157 Aac-cario

432 1195 473 1223 ut
500 1200 600 1237 mag.
626 1188 744 1223 Paris.
772 1195 1060 1236 agnosceretur.
1084 1189 1240 1223 Minime
1261 1195 1391 1223 tamen
1412 1187 1819 1237 praetermittendum,
1848 1201 1969 1225 annos
1999 1190 2212 1226 1383-1392
2237 1191 2275 1226 in
2297 1189 2362 1226 lib.

426 1270 536 1305 proc.
560 1265 639 1292 nat.
663 1256 774 1307 Angl.
795 1256 948 1296 deesse,
974 1256 1215 1306 proindeque
1234 1258 1335 1293 inter
1353 1257 1401 1293 20
1426 1258 1634 1306 magistros
1650 1257 1873 1294 alemannos
1895 1259 1934 1293 in
1957 1259 2215 1295 Universitate
2235 1259 2366 1295 Erfor-

430 1325 554 1362 diensi
574 1327 781 1375 inscriptos
805 1327 968 1362 fortasse
982 1339 1098 1362 unum
1118 1326 1283 1362 aliumve
1298 1327 1551 1363 Parisiensem
1575 1326 1707 1368 fuisse,
1726 1328 1791 1376 qui
1813 1327 1969 1364 Parisiis
1986 1328 2083 1363 infra
2099 1327 2227 1365 dictos
2243 1341 2364 1365 annos

428 1395 571 1443 gradus
590 1397 627 1430 in
651 1395 797 1431 artibus
820 1403 1032 1445 receperat.
1056 1397 1193 1432 Postea
1210 1403 1338 1432 tamen
1360 1409 1476 1445 saepe
1492 1397 1729 1432 Parisienses
1749 1396 1963 1433 Erfordiam
1985 1397 2180 1440 adierunt,
2203 1405 2246 1434 ut
2268 1398 2365 1435 infra

428 1465 466 1499 in
482 1466 584 1500 notis
600 1464 860 1514 probavimus.

478 1537 555 1571 Nec
588 1536 688 1571 inter
717 1537 862 1584 primos
892 1536 1164 1572 Universitatis
1193 1535 1451 1571 cracoviensis
1483 1536 1689 1585 magistros
1718 1535 1856 1584 aliquis
1885 1537 2053 1572 nationis
2077 1536 2229 1586 Anglic.
2263 1538 2363 1574 inve-

429 1607 532 1641 nitur
545 1607 572 1647 9,
591 1606 766 1654 quamvis
782 1604 923 1641 diversi
941 1604 1075 1641 Poloni
1090 1611 1180 1640 tunc
1196 1605 1384 1653 temporis
1399 1605 1554 1640 Parisiis
1571 1604 1709 1640 studiis
1725 1606 1958 1641 vacaverint.
2345 1598 2347 1601 ¹

479 1675 757 1711 Universitates
794 1674 1042 1722 Lfflsimsem,
1074 1673 1383 1716 Rostoloeensem,
1415 1674 1699 1716 Lovanz‘msem,
1732 1675 1820 1723 quia
1841 1675 2095 1723 posteriores,
2123 1674 2268 1711 ad11¹¹¹¹²
2285 1675 2362 1712 vol.

427 1745 606 1780 Auctarc'i
625 1744 832 1792 rejicimus.
857 1745 961 1780 Duos
986 1751 1116 1779 tamen
1140 1745 1348 1793 magistros
1375 1743 1511 1778 infra¹⁰
1536 1750 1690 1779 notatos
1718 1744 1901 1780 invenies.
1930 1744 2042 1780 Certe
2067 1744 2364 1781 Universitatem

428 1814 467 1850 S.
484 1814 669 1850 Anclrws
692 1815 730 1848 in
748 1814 894 1855 Scotia‚
914 1827 934 1848 a
951 1812 1161 1849 Benedicto
1178 1814 1265 1849 XIII
1285 1826 1345 1848 an.
1368 1813 1474 1855 1413,
1494 1813 1593 1860 Aug.
1612 1812 1673 1855 28,
1699 1819 1865 1848 erectam
1881 1812 1921 1855 ¹¹,
1943 1812 2073 1862 plures
2090 1814 2264 1862 magistri
2281 1820 2360 1850 nat.

428 1882 580 1931 Anglic.
611 1884 730 1918 Paris.
769 1882 1061 1925 inchoaverunt,
1098 1895 1185 1918 cum
1219 1889 1277 1918 tot
1310 1883 1414 1918 Scoti
1447 1882 1603 1917 Parisiis
1633 1881 1863 1918 studuerint.
1904 1882 1979 1918 Sed
2009 1889 2194 1932 quantum
2221 1883 2363 1919 scimus

427 1952 627 1988 matricula
661 1953 772 1988 istius
794 1953 1063 1988 Universitatis
1080 1951 1127 1987 ad
1145 1965 1216 1988 nos
1237 1965 1315 1987 non
1331 1951 1521 2000 pervenit.

475 2023 555 2057 Jam
577 2035 692 2070 supra
711 2035 795 2070 cap.
819 2023 838 2057 7
860 2022 1143 2063 annotavimus,
1167 2021 1297 2070 plures
1316 2034 1394 2057 non
1412 2033 1498 2056 raro
1518 2021 1554 2056 in
1574 2019 1658 2056 aliis
1683 2020 2023 2063 Universitatibus,
2046 2022 2254 2070 praecipue
2273 2022 2364 2059 Pra-

426 2092 551 2139 gensi,
566 2090 872 2132 vindobonensi,
890 2090 1224 2139 Heidelbergensi,
1241 2090 1477 2131 Coloniensi,
1498 2089 1735 2126 Erfordiensi
1752 2098 1793 2126 ut
1807 2090 2003 2127 scholares
2019 2091 2228 2140 inscriptos
2243 2090 2363 2127 fuisse

427 2161 487 2197 vel
511 2162 549 2195 in
566 2160 712 2196 artibus
729 2160 1020 2204 determinasse,
1041 2159 1181 2195 deinde
1198 2161 1364 2195 Parisios
1381 2160 1576 2209 profectos
1590 2173 1690 2202 esse,
1717 2159 1782 2196 ubi
1804 2166 1978 2196 caeteros
1997 2159 2140 2209 gradus
2160 2161 2199 2196 in
2219 2159 2366 2196 artibus

426 2238 667 2279 receperunt.

1201 2319 1261 2355 10.
1305 2320 1579 2357 Solutiones.

475 2436 574 2484 Quid
601 2444 639 2472 et
667 2435 807 2486 quibus
833 2435 1026 2472 solverent
1046 2437 1247 2484 supposita
1269 2437 1437 2472 nationis
1453 2436 1690 2486 Anglicanae
1717 2435 1764 2471 ad
1789 2449 2072 2485 quemcumque
2092 2436 2253 2486 gradum
2273 2449 2365 2487 pro·-

427 2506 627 2549 movenda,
652 2506 788 2542 saltem
810 2518 831 2542 e
852 2505 966 2541 Libro
989 2506 1249 2553 procuratoris
1269 2505 1330 2541 hic
1350 2519 1543 2556 exponere
1560 2506 1673 2542 nobis
1691 2507 1957 2555 proponimus.

467 2611 493 2638 1.
539 2609 575 2638 V.
601 2619 694 2648 supra
718 2619 748 2648 p.
767 2617 888 2638 xxxvu.
907 2607 977 2636 Vid.
998 2608 1156 2643 Kssussmv,
1178 2609 1202 2643 1,
1218 2620 1248 2648 p.
1270 2610 1319 2638 46.
1447 2611 1578 2644 ver-sitm,
1597 2609 1621 2644 1,
1639 2619 1670 2648 p.
1692 2609 1796 2639 36-42.

465 2659 492 2687 2.
538 2659 630 2694 Ibid.‚
647 2669 679 2698 p.
700 2659 749 2687 51.
1488 2659 1517 2688 9.
1561 2658 1632 2687 Vid.
1653 2660 1770 2687 Statum
1790 2669 1903 2687 necnon
1924 2658 2014 2687 Liber
2029 2659 2249 2697 promotionum
2260 2659 2364 2696 philo-

464 2708 493 2736 3.
538 2708 630 2743 ibid„
650 2719 679 2747 p.
699 2709 747 2737 57.
1444 2708 1605 2747 sophorum
1627 2708 1742 2736 ordinis
1767 2708 1795 2735 in
1821 2709 2020 2737 Universitate
2041 2708 2207 2736 studiorum
2227 2709 2365 2747 Jagello-

463 2757 492 2785 4.
537 2757 629 2792 Ibid„
647 2768 678 2796 p.
696 2758 752 2786 162
769 2763 799 2786 et
814 2758 963 2791 Cltartul.‚
982 2756 1039 2792 111,
1058 2766 1088 2795 p.
1106 2766 1137 2791 x,
1155 2763 1227 2785 note
1240 2756 1270 2786 4.
1444 2759 1513 2786 nica
1530 2758 1710 2787 1402-1849
1728 2755 1921 2796 (Cracoviae,
1941 2756 2040 2797 1849).

464 2807 493 2835 5.
539 2806 676 2845 Ibicl.‚p.
696 2807 767 2841 323,
783 2810 816 2835 n⁰
830 2806 879 2835 40.
1487 2807 1533 2835 10.
1579 2806 1615 2835 P.
1643 2806 1712 2841 713,
1740 2811 1805 2835 not.
1830 2806 1864 2841 2;
1896 2807 1967 2841 917,
1991 2811 2056 2835 not.
2083 2807 2108 2834 1.
2137 2805 2290 2842 Quantum
2325 2805 2363 2834 ad

463 2856 494 2884 6.
539 2855 630 2889 lbicl..
650 2866 679 2894 p.
699 2856 767 2884 181.
1443 2854 1613 2884 Johannem
1631 2854 1813 2884 Groesbeck
1830 2855 1894 2884 vid.
1911 2864 2016 2893 supra,
2034 2853 2186 2883 Bononia.

464 2906 493 2934 7.
538 2904 608 2933 Vid.
630 2905 719 2940 infra,
737 2905 881 2933 Iudicem.
1486 2906 1532 2933 11.
1578 2903 1786 2933 Instrumenta
1825 2903 1857 2932 in
1898 2903 1993 2933 Arch.
2033 2903 2115 2940 Vat.,
2144 2903 2223 2943 Reg.
2259 2902 2358 2932 Aven.

464 2954 493 2982 8.
538 2953 608 2983 Vid.
633 2953 881 2989 Wmssmnomz,
906 2955 997 2983 Akten
1022 2954 1076 2982 der·
1097 2955 1235 2991 Erfurter·
1260 2956 1333 2984 Uni-
1444 2953 1521 2982 Ben.
1536 2952 1622 2988 XIII,
1638 2952 1701 2982 vol.
1719 2952 1828 2988 LXIV,
1847 2952 1898 2982 fol.
1913 2953 2061 2982 606-611.
