2632 3464
1134 449 1398 476 INTRODUCTIO
2180 458 2231 475 xm

353 529 396 563 In
429 526 590 564 edendis
617 533 910 576 procuratorum
937 526 1106 575 scriptis,
1133 526 1321 574 imprimis
1353 525 1481 561 conati
1515 537 1647 561 sumus
1673 524 1787 560 fidam
1819 524 1995 561 codicum
2023 526 2229 575 imaginem
2252 531 2334 557 Ratio
2348 530 2483 557 editionis

305 596 488 640 reddere3
511 609 598 632 nam
619 595 820 646 originalia
835 608 924 631 vera
945 602 1047 631 sunt.
1066 594 1229 631 Codices
1245 595 1363 644 igitur
1382 595 1521 630 iterum
1539 594 1756 643 iterumque
1774 595 1826 630 ita
1846 594 1959 630 ambo
1981 594 2228 637 contulimus,

305 673 348 702 ut
360 666 392 702 si
409 665 501 715 quid
517 665 678 702 alterum
691 664 867 713 fugisset,
885 664 982 700 alter
994 664 1228 713 perscrutari
1243 671 1424 700 tentaret.
1437 664 1598 701 Veniam
1614 671 1743 700 tamen
1758 676 1777 699 a
1790 664 1924 712 peritis
1938 662 2102 700 fidenter
2115 677 2231 713 quan-

306 735 434 785 doque
459 735 641 785 petimus‚
671 747 758 770 cum
785 734 940 770 nomina
965 732 1202 770 studentium
1226 732 1287 769 vel
1313 734 1583 783 magistrorum
1606 732 1703 769 adeo
1727 732 1939 769 deformata
1967 733 2229 776 inveniantur3

303 805 542 854 scripserunt
578 804 680 840 enim
718 804 879 852 juvenes
917 801 1242 852 quemadmodum
1285 801 1503 845 audierant;
1542 802 1737 852 singulare
1780 801 1823 839 fit
1861 815 2001 838 nomen
2041 803 2145 838 Scoti
2185 802 2232 838 ab

303 873 379 910 illis
399 873 447 910 de
463 873 630 915 Prussia,
655 885 795 909 nomen
817 872 1019 909 Alemanni
1040 885 1061 908 a
1082 873 1221 914 Scotis,
1240 884 1379 908 nomen
1397 871 1550 908 illorum
1573 871 1622 908 de
1638 873 1838 909 Germania
1859 873 2046 922 superiori
2063 885 2083 908 a
2100 873 2234 908 Suecis

302 943 458 979 auribus
482 950 698 992 acceptum.
721 943 777 978 De
792 941 1080 991 orthographia,
1096 954 1194 991 quae
1215 949 1306 978 tunc
1328 941 1422 977 nihil
1439 942 1512 977 nisi
1533 954 1630 977 vana
1650 954 1710 977 res
1727 940 1941 984 videbatur,
1961 954 2038 977 non
2055 954 2231 991 agemus3

303 1012 473 1063 prudens
493 1012 615 1048 lector
638 1011 870 1048 documenta
890 1024 988 1048 nova
1007 1010 1055 1047 de
1076 1010 1278 1047 latinitatis
1293 1012 1481 1061 pravitate
1502 1023 1603 1047 saec.
1623 1023 1753 1046 xiv-xv
1773 1011 2065 1060 ingravescente
2083 1012 2121 1046 in
2139 1024 2234 1060 qua-

301 1095 466 1132 cumque
481 1081 561 1118 fere
575 1081 754 1118 columna
771 1082 940 1118 inveniet
954 1082 979 1117 ¹.

353 1153 476 1188 Pauca
501 1159 650 1188 tantum
678 1153 963 1188 immutavimus
987 1165 995 1186 :
1017 1158 1171 1201 praeter
1195 1151 1456 1186 correctiones
1484 1150 1522 1186 in
1549 1151 1652 1187 notis
1680 1158 1924 1193 memoratas,
1955 1151 2108 1199 signum
2133 1163 2235 1185 com-

303 1220 435 1271 pendii
458 1234 528 1271 pro
550 1220 757 1258 medietate
788 1219 995 1270 aliquando
1015 1227 1104 1270 post
1132 1233 1333 1256 numerum
1364 1219 1577 1256 adhibitum
1602 1219 1741 1256 litteris
1767 1219 2018 1263 reddidimus,
2051 1226 2089 1256 et
2114 1232 2235 1255 annos

303 1303 435 1327 crasso
458 1290 679 1327 charactere
701 1289 996 1334 introduximus,
1015 1289 1179 1326 claritati
1199 1290 1424 1326 servientes.

355 1361 632 1410 Inscriptiones
651 1361 1001 1410 procuratoriarum
1021 1361 1185 1396 omissas
1206 1360 1306 1396 inter
1321 1372 1441 1395 uncos
1462 1359 1739 1409 supplevimus.
1761 1358 1944 1396 Ordinem
1965 1360 2235 1409 congregatio-

307 1443 397 1467 num
417 1443 494 1466 non
511 1443 597 1466 raro
615 1443 636 1466 a
657 1429 971 1479 procuratoribus
987 1429 1183 1466 turbatum
1203 1430 1454 1466 restituimus.
1473 1430 1646 1479 Denique
1663 1429 1874 1466 sententias
1892 1428 1997 1465 nullo
2013 1428 2237 1465 discrimine

305 1500 471 1550 scriptas
486 1498 742 1535 divisionibus
758 1498 1212 1548 interpunctionibusque
1233 1498 1398 1548 liquidas
1416 1498 1667 1535 reddidimus.

352 1569 504 1606 Indices
528 1569 608 1604 sive
634 1567 801 1604 Tabulas
824 1569 991 1604 nationis
1014 1567 1250 1618 Anglicanae
1273 1569 1311 1604 in
1337 1568 1452 1605 finem
1481 1568 1606 1605 ultimi
1633 1569 1803 1605 Auctarii
1837 1568 2043 1605 voluminis
2076 1569 2234 1617 rejicere
2256 1577 2367 1603 Indicos

306 1639 472 1688 primum
492 1636 732 1681 volebamus,
755 1644 794 1673 at
813 1636 1024 1673 lectoribus
1040 1637 1277 1687 parcendum
1295 1637 1366 1674 fuit
1385 1651 1434 1674 ne
1451 1639 1489 1674 in
1505 1638 1578 1674 hoc
1597 1637 1792 1674 volumine
1808 1651 1943 1688 parum
1965 1637 2107 1680 auxilii,
2134 1637 2234 1674 mul-

305 1715 386 1744 tum
404 1705 519 1743 taedii
539 1707 767 1742 invenirent.
789 1706 960 1742 Iudicem
977 1720 1235 1755 personarum
1260 1707 1397 1744 saltem
1422 1707 1670 1749 absolvimus,
1699 1709 1737 1743 in
1763 1721 1839 1757 quo
1861 1707 2073 1744 secundum
2101 1696 2235 1744 urbem

306 1776 472 1813 natalem
493 1775 554 1812 vel
577 1774 716 1835 saltem
735 1776 951 1825 regionem,
972 1777 1125 1825 quoties
1142 1777 1179 1812 in
1196 1776 1309 1813 Libro
1324 1778 1409 1827 ipso
1425 1784 1593 1821 notatur,
1610 1778 1766 1813 nomina
1783 1778 2054 1826 magistrorum
2075 1777 2235 1813 studen-

305 1847 479 1896 tiumque
504 1844 680 1882 ordinata
700 1845 822 1882 sunt2.
847 1844 1058 1882 Deficiente
1083 1847 1245 1896 origine,
1268 1859 1483 1895 cognomen
1505 1848 1660 1883 nomina
1678 1854 1904 1896 sequuntur.
1923 1846 2054 1883 Talem
2071 1846 2236 1883 indicem

309 1915 500 1953 conficere
521 1928 597 1952 non
614 1927 754 1965 parvae
767 1927 908 1965 operae
926 1915 1014 1959 fuit3
1033 1928 1149 1966 saepe
1164 1917 1266 1952 enim
1283 1915 1406 1952 solum
1423 1929 1659 1966 praenomen
1684 1916 1901 1962 (Johannes,
1922 1917 2122 1960 Henricus,
2147 1919 2237 1963 etc.)

306 1986 512 2029 invenitur,
530 1997 617 2021 cum
638 1984 775 2021 eodem
795 1992 971 2034 tempore
989 1985 1099 2021 multi
1112 1985 1318 2028 Johannes,
1342 1985 1516 2022 nonnulli
1538 1987 1692 2022 Henrici
1713 1987 1751 2022 in
1768 1987 1924 2023 natione
1944 1988 2130 2036 vigerent.
2156 1986 2238 2022 Ali-

307 2056 460 2105 quoties
481 2055 780 2091 incertissimum
801 2062 861 2091 est
885 2053 977 2104 quid
998 2054 1191 2105 significet
1213 2055 1262 2092 de
1283 2056 1446 2092 Saxonia
1463 2055 1524 2092 vel
1547 2055 1595 2091 de
1613 2057 1748 2092 Hassia
1769 2055 1965 2105 multaque
1986 2056 2098 2105 hujus
2117 2069 2238 2105 gene-

307 2126 372 2168 ris,
399 2137 486 2161 cum
510 2123 640 2174 plures
657 2123 829 2173 ejusdem
851 2125 997 2174 patriae
1017 2131 1056 2160 et
1072 2126 1238 2161 nominis
1259 2124 1395 2162 eodem
1414 2138 1514 2162 anno
1530 2127 1725 2162 nationem
1746 2125 1998 2176 Anglicanam
2016 2125 2237 2175 frequenta-

305 2202 403 2231 rent.
441 2196 712 2231 Procuratores
750 2193 1028 2230 adolescentuli
1066 2193 1256 2244 ambiguis
1296 2194 1424 2231 verbis
1458 2196 1746 2245 suppositorum
1779 2196 1967 2245 originem
2005 2203 2138 2232 notare
2180 2202 2238 2231 sat

306 2264 536 2301 habuerunt.

359 2333 544 2371 Ultimum
559 2332 739 2369 volumen
755 2340 833 2370 nat.
852 2332 1089 2383 Anglicanae
1104 2334 1269 2384 registro
1285 2333 1435 2370 urbium
1453 2336 1743 2385 regionumque,
1763 2334 1896 2384 quales
1910 2334 2025 2371 hodie
2041 2336 2239 2371 nominan-

306 2411 381 2445 tur,
411 2402 698 2445 coronabimus,
728 2402 865 2440 iisdem
887 2410 928 2439 ut
956 2404 994 2439 in
1013 2403 1086 2439 hoc
1112 2403 1163 2439 ita
1194 2404 1232 2439 in
1257 2403 1415 2454 reliquis
1439 2403 1699 2441 voluminibus
1724 2406 1878 2454 saepius
1902 2404 2040 2446 allatis,
2066 2417 2114 2440 ne
2138 2403 2237 2440 idem

308 2473 369 2509 bis
386 2485 558 2522 agamus.
577 2473 683 2508 Tunc
703 2471 827 2509 solum
848 2474 1066 2509 ratiocinari
1087 2473 1300 2522 poterimus
1315 2473 1510 2523 quomodo
1529 2475 1656 2510 variae
1675 2475 1841 2510 nationis
1858 2473 2094 2524 Anglicanae
2110 2486 2239 2523 perso-

306 2555 378 2579 nae
397 2541 611 2579 secundum
629 2541 802 2578 diversas
816 2543 995 2592 regiones
1009 2542 1343 2580 distribuerentur.
1367 2544 1610 2580 Materiarum
1630 2556 1784 2593 quoque
1801 2543 2054 2580 notandarum
2073 2530 2236 2580 indicem

308 2611 450 2648 addere
470 2624 546 2648 non
568 2613 934 2662 praetermittemus.

350 2770 377 2799 1.
421 2768 584 2798 Caeterum
598 2769 661 2798 vid.
678 2769 715 2798 de
728 2768 787 2798 hoc
798 2770 1049 2798 Introductionem
1067 2769 1104 2798 ad
1125 2770 1219 2798 Char-
1329 2770 1494 2806 traximus;
1512 2770 1635 2809 quoties
1652 2780 1726 2799 vero
1744 2770 1774 2799 in
1793 2770 1887 2799 dubio
1906 2770 1961 2799 fuit
1976 2780 2014 2799 an
2032 2770 2166 2799 diversis
2183 2781 2240 2799 no-

307 2820 362 2849 tul.
384 2817 440 2853 Ill,
455 2829 487 2858 p.
503 2827 585 2858 xsq.
1323 2819 1464 2860 ,minibus
1487 2830 1546 2849 una
1570 2820 1679 2848 civitas
1706 2820 1935 2858 designaretur,
1967 2819 2132 2858 separatim
2158 2820 2242 2849 velut

348 2868 376 2896 2.
422 2866 550 2897 Formas
563 2867 665 2897 varias
681 2866 818 2907 ejusdem
837 2867 971 2897 civitatis
990 2867 1020 2896 in
1040 2878 1131 2897 unum
1148 2878 1220 2897 con·
1330 2868 1360 2897 in
1374 2869 1480 2898 codice
1498 2869 1637 2908 linquere
1652 2869 1748 2897 satius
1764 2868 1947 2907 putavimus.
