2632 3464
300 466 356 494 893

301 550 417 574 attento
439 544 524 583 quod
540 549 625 573 esset
647 542 765 582 aliquid
784 541 946 571 habiturus
968 540 1017 570 vel
1040 540 1123 580 quod
1143 539 1210 568 fieri

301 594 430 623 deberet
445 593 506 623 sibi
521 592 688 622 curialitas.
708 591 748 621 Et
763 597 908 631 protunc,
931 590 1003 629 quia
1021 599 1080 629 pro
1102 588 1210 636 cleno-·

301 642 354 672 dio
375 652 437 672 non
459 641 559 681 potuit
583 641 690 671 haberi
714 640 890 674 concordia,
919 638 1075 678 aliquibus
1103 643 1211 677 prote-

302 691 455 732 stantibus
472 692 510 720 de
526 690 723 730 appellando,
738 687 835 729 major
851 698 925 728 pars
940 687 1080 717 nacionis
1101 687 1156 716 fuit
1173 687 1211 715 ad

301 739 359 770 boc
381 741 464 780 quod
488 740 576 769 fieret
606 739 786 779 prandium,
812 743 843 767 et
867 747 930 766 non
951 737 1012 766 nisi
1037 746 1095 776 per
1117 742 1210 765 totam
1230 776 1234 780 ²

301 789 472 819 necionem.
489 788 591 826 Quare
605 787 719 817 indicta
733 793 799 816 erat
815 786 865 816 die
881 785 1023 826 sequenti
1041 795 1211 825 congrega—

301 838 346 868 tio
360 837 512 873 nacionis,
533 843 563 867 et
575 837 771 877 propositum
790 846 846 876 per
864 836 986 865 modum
1005 834 1209 874 expedientis,

302 897 340 916 ex
355 897 417 927 quo
435 887 536 917 fienda
549 892 616 916 erat
629 885 798 920 curialitas,
814 890 844 914 et
862 885 901 914 de
916 883 1058 913 clenodio
1073 893 1135 912 non
1151 893 1212 923 po-

301 942 382 966 terat
400 935 507 965 haberi
525 934 705 970 concordia,
725 940 756 964 et
774 933 872 974 major
892 938 971 973 pars
985 932 1134 972 proclivis
1156 931 1213 961 fuit

302 985 339 1014 ad
353 984 411 1014 hoc
428 985 512 1024 quod
530 984 618 1014 fleret
631 993 690 1023 per
708 992 899 1013 communem
911 982 1072 1012 nacionem
1087 982 1210 1016 festum,

301 1043 358 1064 nec
372 1034 540 1074 apparebat
549 1032 630 1063 alius
640 1033 750 1062 modus
761 1031 894 1061 habendi
905 1030 1112 1065 concordiam,
1127 1031 1211 1070 quod

302 1082 389 1112 fieret
403 1083 513 1112 festum
534 1092 593 1122 per
615 1079 807 1111 communem
826 1081 986 1110 nacionem
1007 1079 1079 1109 sibi.
1099 1079 1138 1109 Et
1157 1079 1213 1109 suit

302 1131 335 1161 in
351 1131 409 1161 hoc
427 1131 604 1166 concordia,
618 1131 685 1161 solo
700 1141 762 1160 uno
779 1130 939 1169 d[icente]‚
956 1129 1039 1169 quod
1054 1139 1116 1158 non
1133 1128 1212 1158 deli-

301 1181 425 1211 beraret
439 1180 522 1210 aliud
537 1190 629 1220 quam
641 1180 673 1210 in
687 1180 737 1209 die
754 1179 947 1219 precedenti.
965 1178 1005 1208 Et
1022 1179 1144 1208 fuerunt
1158 1187 1212 1207 or-

302 1230 399 1260 dinati
415 1235 645 1269 procuratores,
663 1235 694 1258 et
714 1229 843 1268 pecunia
863 1227 1072 1258 consumenda
1085 1226 1211 1256 limitata

305 1279 344 1309 ad
360 1278 433 1308 VIII
452 1279 586 1314 francos,
605 1287 736 1318 quorum
755 1277 798 1307 ill
820 1278 942 1307 francos
960 1276 1092 1306 soluturi
1107 1282 1212 1306 essent

302 1327 429 1363 novicii,
449 1327 568 1357 scilicet
588 1327 737 1367 magister
754 1326 911 1356 Johannes
931 1325 1043 1361 Witte,
1065 1325 1213 1365 magister

305 1376 518 1407 Theodericus
538 1377 576 1406 de
599 1375 787 1415 Sceydam...
812 1375 888 1415 (sic),
909 1375 960 1404 alii
981 1384 1056 1404 vero
1075 1375 1212 1414 quinque

304 1435 361 1466 per
379 1426 551 1460 nacionem,
568 1425 688 1455 scilicet
707 1434 764 1464 per
782 1430 986 1464 receptorem,
1004 1423 1210 1453 solverentur.

304 1474 345 1504 Et
358 1474 402 1504 sic
420 1474 567 1504 invitatus
583 1474 639 1503 tuit
655 1473 756 1503 dictus
771 1473 924 1507 bedellus,
937 1479 967 1502 et
985 1472 1146 1502 habuimus
1168 1473 1212 1501 se-

303 1530 383 1553 stum
396 1533 495 1563 prope
509 1533 638 1563 parvum
648 1529 785 1562 pontem.
801 1521 836 1551 ln
848 1531 910 1562 quo
925 1522 1015 1556 sesto,
1031 1522 1109 1551 facto
1122 1531 1213 1560 pran-

303 1572 367 1607 dio,
383 1573 463 1602 idem
484 1571 624 1602 bedellus
641 1571 745 1601 retulit
757 1571 976 1601 locumtenenti
988 1570 1212 1610 procuratoris,

303 1622 387 1662 quod
405 1621 534 1651 haberet
552 1621 706 1661 quandam
721 1620 840 1650 literam
858 1620 896 1649 de
913 1619 940 1649 11
959 1619 1073 1649 francis
1089 1620 1212 1649 racione

302 1670 430 1700 licencie
445 1676 476 1700 et
495 1669 665 1710 magisterii
683 1668 841 1709 cujusdam
856 1668 1008 1709 magistri.
1033 1668 1134 1708 Super
1151 1679 1213 1708 quo

302 1719 396 1749 dictis
410 1719 525 1760 graciis
539 1725 613 1759 post
630 1718 794 1759 prandium
809 1718 1021 1748 locumtenens
1036 1723 1214 1757 procurato-

307 1768 354 1798 ris
363 1768 538 1808 proposuit,
555 1774 657 1798 utrum
669 1767 806 1808 placeret
817 1767 939 1797 literam
954 1766 1066 1796 ibidem
1083 1767 1216 1806 aperire,

305 1816 346 1847 Et
366 1817 483 1857 placuit
507 1817 650 1847 omnibus
682 1823 712 1846 et
737 1816 884 1850 cuilibet,
912 1822 1041 1855 excepto
1068 1815 1217 1855 magistro

303 1866 430 1896 Andrea
443 1866 483 1896 de
498 1866 641 1901 Bavaria,
656 1866 708 1906 qui
722 1865 825 1905 aliqua
840 1865 929 1900 dixit,
944 1864 1068 1894 racione
1085 1874 1216 1904 quorum

304 1915 476 1955 requisitus
489 1921 555 1945 erat
565 1914 789 1949 locumtenens‚
809 1920 842 1944 ut
858 1914 945 1943 fieret
957 1913 1166 1953 congregacio
1185 1913 1216 1943 in

304 1964 407 2000 nonis,
421 1964 591 2004 requisitus
602 1973 661 2004 per
674 1963 866 2004 antiquiores
879 1964 918 1992 de
934 1963 1074 1992 nacione.

346 2012 436 2043 Facta
470 2013 566 2053 igitur
596 2013 652 2042 fuit
686 2012 893 2053 congregacio
925 2012 956 2042 in
983 2011 1075 2042 nonis
1102 2011 1216 2041 Nostre

306 2062 437 2092 Domine
461 2062 542 2102 apud
568 2061 713 2091 Sanctum
735 2061 923 2091 Maturinum
937 2084 944 2096 ,
968 2067 998 2091 et
1021 2061 1216 2100 propositum

305 2111 389 2152 quod
403 2112 442 2141 de
461 2117 566 2141 cetero
584 2111 671 2140 fieret
689 2109 802 2146 taliter,
819 2110 902 2150 quod
920 2110 1043 2150 quando
1067 2116 1151 2139 esset
1171 2110 1216 2139 se-

306 2165 386 2190 atum
401 2159 553 2195 nacionis,
569 2169 632 2189 non
640 2159 749 2189 flerent
758 2158 860 2199 alique
873 2158 1082 2188 enormitates.
1101 2158 1141 2188 Et
1154 2158 1216 2187 dati

306 2209 428 2239 fuerunt
449 2209 598 2249 deputati,
615 2215 646 2238 et
664 2208 742 2238 lecta
762 2207 818 2238 fuit
835 2207 934 2242 litera,
954 2217 1050 2247 super
1065 2217 1126 2247 qua
1139 2217 1216 2237 con-

305 2257 423 2288 clusum
449 2258 506 2288 ruit
522 2258 604 2298 quod
629 2257 696 2297 ipse
719 2257 798 2287 lator
821 2256 979 2286 literarum
997 2255 1125 2286 haberet
1145 2256 1216 2296 qui-

305 2306 449 2337 unciam.

713 2399 812 2430 1304

411 2471 501 2502 Acta
528 2471 563 2501 in
591 2471 853 2512 procuratoria
882 2471 913 2500 2·
944 2470 1114 2511 magistri

482 2520 664 2550 Johannis
693 2520 735 2549 de
764 2519 1042 2550 Claromonte⁸.

344 2599 379 2630 ln
393 2600 639 2640 congregacione
655 2599 875 2629 Universitatis
886 2600 965 2638 apud
982 2598 1126 2629 Sanctum
1141 2598 1214 2629 Ber-

307 2649 436 2679 nardum
470 2648 623 2678 celebrata
658 2658 739 2678 anno
772 2648 896 2677 Domini
926 2647 1230 2682 M.ccc.xcnw,·

307 2697 419 2729 xxw·
431 2697 481 2727 die
497 2696 630 2737 Augusti
646 2697 701 2727 fuit
716 2707 775 2727 una
789 2707 856 2726 cum
875 2697 932 2726 hoc
951 2698 1026 2726 sacta
1045 2706 1214 2737 congrega-

308 2746 357 2776 cio
374 2746 513 2776 nacionis
523 2746 562 2776 ad
573 2746 750 2787 eligendum
763 2751 1007 2786 procuratorem,
1022 2751 1052 2775 et
1067 2745 1122 2775 fuit
1137 2745 1215 2775 elec·

308 2801 358 2825 tus
379 2804 397 2824 a
422 2793 530 2834 majori
552 2801 639 2836 parte
662 2794 802 2825 nacionis
826 2794 972 2834 magister
994 2794 1151 2824 Jobannes
1177 2795 1215 2824 de

309 2843 516 2874 Claromonte.

350 2891 440 2922 Facta
454 2892 700 2933 congregacione
714 2892 934 2923 Universitatis
948 2891 1003 2922 xl·
1017 2892 1067 2922 die
1078 2892 1215 2933 Septem-

341 2990 364 3014 1.
398 2990 423 3014 ²·
437 2989 503 3014 incer
512 2988 603 3018 lineae,
618 2992 643 3014 el
655 2990 692 3015 nic
701 2992 791 3022 putea
804 2991 838 3014 ³⁸.

814 465 928 492 LIBER
948 462 1263 491 PROCURATORUM
1281 461 1462 489 NATIONIS
1480 463 1724 489 ANGLICANAE

1249 984 1283 1010 10

1249 1229 1283 1256 15

1249 1475 1284 1501 20

1253 1721 1287 1747 25

1253 1966 1288 1993 30

1253 2211 1288 2238 35

1252 2456 1287 2483 40

1252 2701 1286 2727 (ιδ

1354 0 1695 26 ,Αγψ-Ρῑῶὼ-’νεῡ-τῑ·
1711 0 1729 15 ’τ
1746 5 1749 6 ⁷
1767 0 1793 7 fv·
1819 0 1883 19 vm»,-
2083 0 2214 17 w-«v-wf-a

2174 463 2227 490 694

1319 538 1385 568 bris
1404 539 1460 568 fuit
1483 549 1543 568 una
1565 549 1633 568 cum
1652 539 1709 568 hoc
1727 539 1932 579 congregacio
1953 540 2102 575 nacionis,
2120 541 2150 569 in
2167 550 2226 580 qua

1318 588 1481 627 proposui,
1498 589 1581 627 quod
1597 588 1758 617 honestum
1775 595 1841 617 erat
1860 588 1972 618 habere
1989 590 2049 618 duo
2069 590 2227 629 superpli-

1319 637 1376 666 cia.
1401 637 1441 666 Et
1464 637 1522 666 hoc
1545 637 1661 676 placuit
1685 637 1793 676 majori
1815 638 1893 677 parti
1918 644 1950 667 ut
1973 638 2169 674 haberentur,
2196 646 2226 669 et

1319 685 1378 715 hoc
1394 686 1544 715 conclusi.
1561 686 1634 715 item
1657 687 1909 726 supplicaverunt
1926 687 2050 721 bedelli,
2069 698 2135 716 cum
2150 688 2226 718 alias

1320 735 1351 764 in
1375 735 1590 775 procuratoria
1615 736 1754 776 magistri
1781 736 1931 765 Johannis
1961 737 1999 766 de
2026 737 2170 766 Moravea
2194 738 2227 767 in

1321 784 1433 814 Sancto
1458 785 1618 814 Bernardo
1645 785 1675 814 in
1700 786 1948 825 congregacione
1977 786 2116 815 nacionis
2145 793 2228 816 esset

1320 833 1509 869 conclusum,
1529 835 1613 874 quod
1625 834 1714 863 nacio
1729 835 1908 864 subveniret
1923 834 1968 864 eis
1982 835 2013 864 in
2026 835 2127 875 aliqua
2141 846 2225 865 sum-

1319 893 1367 912 ma
1388 883 1530 923 pecunie,
1545 883 1633 912 nacio
1649 883 1742 913 vellet
1761 883 1843 912 illam
1863 884 1907 913 eis
1927 885 2084 914 ordinare.
2102 884 2141 914 Et
2159 885 2228 925 pla—

1320 932 1383 961 cuit
1400 932 1542 962 omnibus
1564 932 1722 972 magistris
1741 939 1774 962 ut
1794 932 1942 963 haberent
1956 940 2026 963 octo
2046 934 2168 964 francos
2189 935 2226 964 de

1321 981 1450 1020 pecunia
1467 982 1617 1011 nacionis.
1636 981 1676 1011 Et
1689 981 1730 1011 ita
1748 982 1897 1012 conclusi.

1362 1030 1453 1060 Facta
1465 1031 1711 1071 congregacione
1728 1031 1867 1061 nacionis
1885 1032 2054 1072 Anglicane
2068 1033 2143 1062 hora
2157 1033 2225 1072 pri-

1320 1089 1436 1108 marum
1472 1081 1554 1120 apud
1586 1080 1730 1109 Sanctum
1768 1080 1954 1110 Maturinum
1987 1091 2068 1110 anno
2100 1081 2223 1111 Domini

1321 1127 1608 1164 M.CCC.XC1111⁰,
1621 1129 1706 1158 XXl¹
1720 1129 1770 1159 die
1786 1129 1979 1169 Septembris
1993 1140 2087 1170 super
2097 1131 2140 1160 4⁰*
2154 1131 2225 1161 arti-

1321 1177 1409 1207 culis.
1430 1177 1554 1207 Primus
1570 1178 1626 1207 fuit
1642 1179 1679 1208 ad
1692 1179 1877 1208 audiendum
1893 1186 2067 1219 compotum
2085 1187 2228 1220 recepto-

1320 1226 1376 1256 ris.
1400 1227 1441 1256 Et
1462 1227 1517 1257 fuit
1538 1234 1699 1267 compotus
1719 1238 1793 1257 suus
1810 1228 1975 1258 admissus.
1990 1230 2036 1258 2⁰·
2053 1229 2090 1258 ad
2106 1229 2226 1269 eligen-

1321 1276 1391 1305 dum
1413 1283 1605 1316 receptorem
1629 1287 1742 1306 novum
1762 1276 1811 1306 vel
1832 1277 2081 1307 continuandum.
2109 1280 2147 1307 Et
2172 1279 2227 1308 fuit

1319 1325 1515 1355 continuatus
1538 1326 1682 1365 antiquus
1703 1332 1858 1366 receptor.
1881 1327 1928 1355 3¹¹·
1955 1327 2011 1356 fuit
2043 1328 2081 1356 ad
2111 1337 2227 1357 renun-

1320 1373 1461 1403 ciandum
1484 1373 1605 1404 scolas²
1627 1375 1659 1404 in
1682 1375 1822 1405 manibus
1849 1376 1998 1411 nacionis,
2024 1382 2053 1405 et
2079 1377 2227 1406 ordinan-

1320 1423 1391 1452 dum
1425 1424 1463 1452 de
1484 1423 1564 1460 illis;
1595 1424 1651 1453 suit
1680 1425 1755 1454 facta
1783 1425 1980 1454 renunciacio
2011 1425 2163 1455 scolarum
2195 1426 2226 1455 in

1320 1472 1461 1502 manibus
1482 1472 1633 1502 nacionis.
1655 1472 1724 1510 Quo
1744 1474 1821 1502 facto
1843 1473 2096 1513 supplicaverunt
2113 1485 2222 1504 novem

1321 1521 1462 1561 magistri
1478 1531 1534 1561 per
1551 1531 1584 1551 se
1598 1522 1647 1551 vel
1663 1522 1752 1558 alios,
1772 1528 1805 1552 ut
1821 1523 2055 1562 assignarentur
2069 1524 2115 1553 eis
2129 1524 2223 1553 scole.

1324 1569 1363 1600 Et
1375 1570 1459 1599 circa
1476 1570 1534 1600 hoc
1549 1570 1731 1600 deliberavit
1745 1571 1834 1601 nacio
1850 1578 1884 1601 ut
1901 1573 2069 1601 secundum
2089 1573 2223 1612 antiqui-

1322 1625 1413 1649 tatem
1430 1619 1574 1659 regencie
1590 1619 1738 1650 haberent
1757 1620 1869 1655 scolas,
1889 1631 1925 1650 ex
1948 1631 2010 1660 quo
2029 1621 2227 1651 intendebant

1323 1678 1432 1708 regere
1445 1678 1502 1708 per
1518 1667 1662 1708 majorem
1680 1675 1797 1709 partem
1811 1669 1972 1706 ordinarii,
1991 1676 2024 1700 ut
2033 1669 2180 1710 jurabant
2195 1671 2226 1700 in

1324 1718 1486 1757 presencia
1500 1717 1650 1748 nacionis.
1668 1719 1706 1748 Et
1720 1718 1761 1748 ita
1773 1718 1922 1748 conclusi.

1729 1812 1828 1842 1394

1325 1883 1414 1913 Acta
1441 1884 1475 1914 in
1507 1884 1764 1924 procuratoria
1792 1885 1822 1913 3·
1846 1884 2016 1923 magistri
2041 1884 2222 1915 Johannis

1625 1934 1667 1963 de
1695 1933 1948 1963 Claromonte.

1365 2013 1456 2043 Facta
1470 2014 1716 2054 congregacione
1734 2013 1872 2042 nacionis
1886 2013 1916 2042 in
1937 2013 2050 2043 Sancto
2068 2013 2228 2043 Bernardo

1325 2073 1405 2093 anno
1428 2063 1552 2093 Domini
1577 2062 1860 2097 M.CCC⁰XC1111⁰‚
1877 2062 1992 2091 ΧΧΙΙΙΙ
2015 2063 2063 2091 die
2087 2063 2229 2102 Septem-

1325 2113 1391 2142 bris
1407 2119 1439 2142 ut
1459 2118 1642 2152 procurator
1658 2111 1836 2151 eligeretur,
1861 2118 1891 2141 et
1913 2112 1953 2141 sui
1977 2112 2170 2141 continuatus
2188 2112 2225 2141 de

1325 2171 1478 2192 consensu
1496 2162 1630 2191 omnium
1647 2161 1875 2201 magistrorum.

1733 2255 1831 2285 1394

1365 2328 1437 2368 (Fal.
1455 2330 1491 2358 15
1504 2327 1529 2367 ¹²)
1547 2327 1636 2357 Acta
1660 2327 1696 2357 in
1723 2327 1985 2367 procuratoria
2014 2327 2187 2366 magistri

1496 2376 1676 2406 Johannis
1710 2377 1752 2406 de
1779 2376 2053 2416 Edynburgbe.

1365 2457 1456 2487 Facta
1468 2457 1714 2497 congregacione
1726 2457 1864 2486 nacionis
1881 2457 1962 2495 apud
1979 2456 2123 2485 Sanctum
2135 2455 2227 2485 Julia-

1323 2516 1395 2536 num
1409 2516 1575 2546 pauperem
1588 2505 1663 2535 liora
1678 2506 1857 2546 primarum,
1869 2505 1918 2534 die
1930 2504 2072 2534 mercurii
2086 2504 2169 2534 xxi·
2179 2504 2229 2534 die

1323 2556 1480 2590 Octobris.
1496 2566 1575 2584 anno
1591 2555 1713 2585 Domini
1725 2555 1908 2584 MmCCC-*v’
1918 2554 2117 2593 nonagesimo
2133 2563 2227 2593 quar-

1323 2611 1366 2640 to,
1393 2605 1430 2634 ad
1457 2604 1631 2644 eligendum
1656 2610 1903 2644 procuratorem,
1934 2609 1963 2632 et
1988 2603 2042 2631 suit
2069 2602 2184 2631 electus
2211 2611 2228 2631 a

1323 2653 1430 2694 majori
1453 2660 1540 2694 parte
1557 2653 1696 2683 nacionis
1716 2653 1863 2692 magister
1882 2651 2038 2681 Johanncs
2062 2651 2099 2680 de
2120 2650 2226 2690 Edyn·

1323 2702 1454 2743 burghe.

1364 2751 1455 2782 Facta
1474 2751 1720 2792 congregacione
1737 2749 1954 2780 Universitatis
1970 2748 2083 2778 xxm·
2100 2748 2150 2777 die
2166 2747 2228 2777 Oc-

1323 2801 1422 2831 tobris
1439 2802 1519 2841 apud
1542 2800 1686 2830 Sanctum
1706 2799 1891 2829 Maturinum
1915 2807 1994 2827 anno
2019 2796 2141 2827 Domini
2161 2795 2228 2826 M·0

1324 2849 1418 2880 CCC⁰
1433 2850 1633 2890 nonagesimo
1653 2855 1773 2889 quarto,
1794 2848 1921 2877 nacione
1941 2853 2036 2876 tracta
2053 2846 2090 2875 ad
2108 2851 2225 2886 partem

1324 2906 1357 2930 ut
1374 2900 1469 2930 moris
1491 2906 1539 2929 est
1560 2900 1596 2928 ad
1614 2898 1844 2928 deliberandum
1864 2906 1958 2936 super
1981 2895 2151 2936 propositis
2172 2905 2228 2935 per

1355 2989 1379 3012 2.
1397 2989 1444 3013 Νι.
1458 2987 1545 3011 acolis.

2216 0 2259 13 ,-
2268 0 2343 14 μμ,
