2632 3464
417 417 450 442 79
964 414 1189 442 AUCTARIUM
1213 415 1473 442 CHARTULARII
1494 416 1668 443 UNIVERS.
1691 416 1810 443 PARIS.

749 491 999 521 1344—1345

436 564 594 603 Tempus
623 562 911 602 procuracionis
943 562 1115 602 magistri
1145 562 1306 592 Walteri

668 613 710 641 de
738 612 916 642 Wardlau
947 612 1065 641 Scoti.

456 690 490 719 In
508 689 596 730 cujus
615 689 850 730 procuratorio⁴
872 696 937 718 acta
960 696 1031 718 sunt
1053 699 1113 728 que
1142 694 1324 727 sequuntur.

455 739 561 768 Primo
579 739 769 779 computavit
787 739 936 778 magister
951 738 1163 767 Theodericus
1182 744 1326 777 receptor

414 788 554 818 nacionis
567 788 751 828 Anglicane,
769 795 798 817 et
812 788 891 817 sacto
904 793 1046 826 compoto
1061 787 1149 816 nacio
1164 787 1327 816 tenebatur

414 837 475 867 sibi
491 838 522 867 in
537 838 593 867 VII
611 838 732 867 solidis.
1245 836 1247 838 ’

456 888 531 916 Item
550 887 637 916 nacio
665 886 820 916 concessit
840 893 869 915 et
889 886 975 914 dedit
993 885 1144 925 magistro
1167 885 1324 914 Cristiano

414 937 451 965 de
469 937 552 971 Elst‚
570 937 677 965 nuntio
696 937 777 965 dicte
797 935 952 970 nacionis,
969 935 1027 964 XII
1045 934 1180 963 florenos
1195 935 1233 963 de
1253 934 1326 963 Flo-

414 986 530 1015 rencia.

455 1035 530 1064 Item
546 1035 634 1064 nacio
653 1034 798 1074 promisit
812 1034 872 1063 sibi
889 1033 1010 1063 solvere
1026 1044 1118 1063 unum
1135 1039 1254 1062 scutum
1267 1043 1325 1072 pro

414 1084 563 1123 magistro
581 1084 720 1113 Johanne
738 1085 776 1112 de
795 1083 950 1122 Saburgo.

455 1133 529 1162 Item
550 1134 638 1162 nacio
657 1133 786 1172 quitavit
805 1132 987 1172 magistrum
1003 1131 1178 1161 Walterum
1196 1132 1234 1160 de
1253 1131 1324 1160 Dun

415 1181 539 1211 Scotum
562 1183 600 1211 de
622 1183 650 1211 II
670 1182 813 1217 florenis,
834 1181 866 1210 in
887 1182 1001 1220 quibus
1019 1182 1182 1210 tenebatur
1201 1181 1324 1210 nacioni

414 1241 471 1270 pro
490 1231 594 1261 bursis
613 1232 679 1261 suis
697 1238 837 1270 tempore
856 1241 910 1260 sue
929 1230 1133 1270 incepcionis.

821 1326 839 1353 1
844 1325 919 1354 345

413 1397 488 1437 (Fol.
517 1397 591 1437 50¹³)
624 1397 782 1436 Tempus
819 1396 1110 1436 procuracionis
1147 1396 1323 1435 magistri

468 1446 666 1476 Guillermi
697 1447 739 1475 de
772 1446 938 1475 Grinlaw
965 1446 1044 1475 sive
1073 1446 1116 1474 de
1146 1445 1267 1475 Viridi

734 1496 857 1525 Monte
888 1495 1005 1524 Scoti.

451 1573 576 1602 Electus
595 1572 651 1602 suit
671 1572 819 1611 magister
835 1571 1019 1600 XVillermus
1041 1572 1078 1600 de
1098 1571 1238 1600 Grinlaw
1257 1572 1321 1601 sive

409 1623 446 1651 de
462 1622 568 1651 viride
585 1622 690 1650 Monte
707 1622 738 1650 in
755 1627 1000 1660 procuratorem,
1016 1627 1124 1650 octavo
1139 1621 1189 1650 die
1205 1621 1321 1650 mensis

409 1676 570 1705 Februarii
587 1686 667 1705 anno
688 1675 815 1704 Domini
835 1661 1101 1709 ΜθὸὅᾶΧΙᾸΙΙΙ,
1119 1675 1155 1703 ad
1176 1675 1321 1704 Sanctum

407 1725 574 1760 Julianum,
605 1735 662 1764 per
700 1724 868 1764 magistros
893 1724 1033 1753 nacionis
1065 1723 1249 1763 Anglicane.
1286 1725 1321 1754 In

409 1774 495 1814 cujus
517 1774 734 1814 procuratorio
759 1780 825 1803 acta
850 1774 973 1803 fuerunt
995 1784 1030 1802 ea
1053 1783 1112 1812 que
1136 1780 1298 1812 sequntur.

449 1825 555 1854 Primo
578 1824 693 1853 electus
715 1823 770 1852 suit
793 1823 942 1862 magister
961 1822 1137 1852 cristianus
1158 1823 1195 1852 de
1211 1823 1320 1852 Helste

408 1874 540 1904 nuncius
557 1873 778 1903 Universitatis
792 1879 822 1902 et
836 1883 874 1901 ex
890 1879 976 1911 parte
989 1872 1070 1901 dicte
1088 1871 1228 1902 nacionis
1245 1873 1321 1902 mis—

409 1934 462 1953 sus
478 1925 515 1952 ad
531 1923 646 1952 curiam
665 1932 723 1962 pro
741 1922 995 1961 promocionibus
1006 1921 1018 1939 2
1034 1922 1266 1961 magistrorum.

450 1974 524 2002 Item
542 1972 685 2002 dominus
701 1971 843 2010 Mychael
861 1971 948 2000 Pauli
967 1971 1004 1999 de
1024 1971 1118 2000 Dacia
1133 1972 1321 2000 determina-

407 2023 451 2052 vit
475 2023 532 2052 sub
553 2022 703 2061 magistro
728 2021 878 2060 Nicolayo
903 2021 940 2049 de
965 2020 1084 2059 Dacya,
1109 2019 1195 2059 cujus
1225 2022 1320 2050 bursa

409 2073 453 2102 111
474 2072 578 2101 solidi.

449 2122 523 2151 Item
548 2121 692 2150 dominus
716 2120 875 2149 Ornoldus
904 2120 942 2148 de
971 2119 1111 2148 Gruthus
1133 2120 1320 2148 determina-

407 2172 451 2201 vit
472 2171 529 2200 sub
552 2170 701 2210 magistro
720 2169 859 2198 Johanne
882 2170 920 2198 de
942 2169 1100 2208 Saburgo,
1120 2171 1207 2207 cujus
1226 2170 1320 2198 bursa

407 2220 434 2249 V
452 2220 554 2250 solidi.

449 2270 524 2299 Item
543 2269 686 2298 dominus
704 2269 861 2298 Johannes
881 2269 919 2297 de
937 2268 1115 2297 Helmestad
1131 2268 1320 2297 determina-

407 2320 452 2349 vit
467 2320 524 2349 sub
540 2319 690 2358 magistro
702 2318 844 2347 VValtero
858 2318 895 2346 de
910 2317 1102 2352 Wardelaw,
1123 2316 1209 2356 cujus
1225 2318 1319 2346 bursa

407 2369 433 2398 V
449 2369 553 2398 solidi.

450 2419 524 2448 Item
552 2418 695 2447 dominus
718 2416 930 2446 Theodericus
955 2417 992 2445 de
1023 2416 1104 2445 Foro
1131 2416 1319 2445 determina-

407 2469 451 2498 vit
477 2469 534 2497 sub
566 2467 714 2507 magistro
741 2466 890 2505 Nicolayo
913 2467 950 2494 de
977 2466 1091 2505 Dacya,
1116 2464 1202 2504 cujus
1226 2466 1319 2494 bursa

407 2517 433 2546 V
452 2517 559 2547 solidi.

449 2567 523 2596 Item
556 2567 699 2595 dominus
729 2565 884 2594 Henricus
917 2565 954 2593 de
988 2565 1148 2594 Dordraco
1176 2563 1318 2592 determi-

408 2617 490 2645 navit
519 2617 576 2645 sub
609 2615 758 2654 magistro
789 2613 914 2643 Galtero
945 2614 982 2642 de
1010 2613 1202 2648 Vl'ardelaw,
1233 2612 1319 2652 cujus

408 2667 503 2695 bursa
515 2665 541 2694 V
558 2665 661 2694 solidi.

450 2715 524 2744 Item
541 2714 684 2744 dominus
697 2713 854 2743 Johannes
868 2713 905 2741 de
923 2712 1016 2741 Rossi
1032 2711 1247 2741 determinavit
1263 2712 1319 2740 sub

409 2765 529 2798 eodem,
549 2763 636 2803 cujus
654 2764 748 2792 bursa
766 2762 825 2791 1111
843 2761 946 2791 solidi.

450 2814 523 2842 Item
551 2813 694 2842 dominus
721 2811 877 2841 Johannes
902 2811 940 2839 de
966 2811 1148 2850 Frebourgo
1172 2809 1319 2839 determi-

440 2893 452 2916 1
497 2894 582 2916 Menae
595 2891 728 2916 Decembri
740 2889 928 2914 vellanuario.

439 2929 462 2951 2.
494 2930 507 2951 1
532 2937 553 2952 e.
572 2936 621 2959 pro
638 2926 847 2959 provisionibus.
870 2925 1038 2949 Desideratur
1057 2925 1100 2949 hic
1115 2925 1226 2953 rotulus,
1246 2924 1320 2957 cujus

409 2963 501 2987 mentio
513 2964 543 2995 fit
554 2963 579 2987 ιίι
592 2963 711 2987 Chai-tul.
722 2962 844 2986 Univers.
859 2961 954 2990 Paris.,
969 2961 1001 2989 II,
1017 2966 1044 2984 n⁰
1058 2961 1127 2990 1104,
1141 2965 1195 2985 ηυΙ.

1382 691 1398 716 5

1364 937 1397 962 10

1363 1182 1396 1207 15

1361 1428 1394 1454 20

1360 1674 1393 1699 25

1359 1921 1392 1946 30

1358 2167 1391 2193 35

1358 2413 1391 2438 40

1358 2659 1391 2685 45

2300 421 2347 449 v80

1437 491 1520 521 navit
1547 493 1604 522 sub
1631 493 1781 532 magistro
1812 492 1952 522 Johanne
1982 494 2021 523 de
2049 493 2230 534 Wessulya,
2259 495 2346 536 cujus

1437 541 1531 570 bursa
1549 541 1656 570 nichil.

1477 589 1552 619 Item
1568 590 1711 620 dominus
1726 591 1910 621 Willermus
1925 592 1963 620 de
1979 591 2041 621 Los
2056 592 2272 623 determinavit
2289 595 2346 624 sub

1436 639 1555 674 eodem,
1572 638 1659 679 eujus
1674 641 1769 669 bursa
1783 641 1891 670 nichil.

1477 687 1552 717 Item
1571 689 1714 718 dominus
1736 689 1884 719 Albertus
1908 690 1946 719 de
1970 690 2107 730 Boemya
2129 691 2345 722 determinavit

1437 737 1493 765 sub
1509 737 1629 773 eodem,
1645 737 1733 778 cujus
1751 739 1846 768 bursa
1862 739 1969 768 nichil.

1477 785 1551 814 Item
1567 787 1710 816 dominus
1724 787 1935 818 Theodericus
1949 789 1987 818 de
2004 787 2116 830 De[1]fl·
2128 789 2345 820 determinavit

1436 835 1493 863 sub
1511 835 1660 875 magistro
1677 836 1801 866 Curado
1816 838 1854 866 de
1873 837 2005 877 Berlyn‚
2023 837 2110 877 cujus
2126 839 2221 868 bursa
2237 839 2343 869 nichil.

1476 884 1551 913 Item
1578 885 1722 915 dominus
1749 886 1903 916 Henricus
1930 888 1968 916 de
1993 886 2106 916 Menda
2130 888 2346 918 determinavit

1435 934 1493 962 sub
1510 934 1629 969 eodem,
1647 933 1734 974 cujus
1749 935 1845 964 bursa
1859 935 1965 965 nichil.

1476 983 1551 1012 Item
1571 984 1714 1013 dominus
1732 984 1890 1014 Johannes
1907 986 1945 1014 de
1966 984 2107 1015 Gamerri
2127 986 2346 1016 determinavit

1435 1033 1492 1061 sub
1520 1033 1669 1072 magistro
1694 1033 1836 1063 VValtero
1861 1034 1899 1062 de
1924 1034 2115 1071 VVardelaw,
2137 1034 2224 1075 cujus
2251 1037 2346 1065 bursa

1434 1081 1541 1110 nichil.

1476 1131 1550 1160 Item
1582 1131 1614 1160 in
1643 1132 1751 1161 eodem
1786 1133 2001 1171 procuratorio
2030 1133 2132 1163 dictus
2160 1140 2346 1173 procurator

1434 1180 1531 1209 factus
1546 1180 1602 1209 fuit
1616 1187 1720 1210 rector
1735 1181 1956 1211 Universitatis
1970 1182 2171 1218 Parisiensis‚
2186 1189 2216 1212 et
2232 1183 2345 1213 substi-

1433 1229 1490 1258 tuit
1509 1229 1577 1258 loco
1599 1229 1648 1259 sui
1670 1230 1702 1258 in
1728 1237 1960 1269 procuratorem
1981 1231 2162 1271 magistrum
2186 1232 2344 1262 Galterum

1433 1278 1471 1307 de
1486 1278 1666 1308 Wardelaw
1683 1279 1820 1309 Scotum.

1840 1373 1938 1404 1345

1452 1446 1610 1486 Tempus
1636 1446 1925 1485 procuracionis
1952 1446 2124 1486 magistri
2151 1446 2324 1477 Nicholai

1683 1495 1859 1524 Drukken
1889 1496 1931 1525 de
1963 1495 2091 1525 Dacia.

1471 1573 1562 1603 Anno
1579 1571 1703 1601 Domini
1719 1558 1751 1600 fa
1767 1558 1956 1607 eccum,
1968 1571 2060 1601 sacae
2078 1572 2194 1601 mensis
2205 1571 2336 1612 Aprilis,

1431 1628 1597 1652 convocata
1614 1621 1743 1650 nacione
1761 1620 1933 1660 Anglicana
1950 1621 2031 1660 apud
2051 1621 2196 1650 Sanctum
2211 1621 2341 1652 Maturi-

1430 1682 1502 1701 num
1520 1672 1559 1700 ad
1574 1671 1750 1711 eligendum
1766 1670 1846 1699 dicte
1859 1670 1998 1699 nacionis
2013 1677 2248 1710 procuratorem
2261 1671 2344 1700 elees-

1430 1728 1480 1751 tus
1497 1721 1552 1750 suit
1567 1719 1764 1749 concorditer
1778 1719 1927 1758 magister
1942 1719 2109 1749 Nicholaus
2125 1719 2227 1749 dictus
2242 1718 2343 1750 Druk-

1431 1771 1490 1800 ken
1508 1771 1546 1799 de
1565 1769 1659 1799 Dacia
1678 1769 1709 1798 in
1730 1774 1962 1808 procuratorem
1980 1767 2118 1808 ejusdem
2136 1769 2288 1798 nacionis.
2307 1769 2342 1798 In

1431 1819 1518 1859 cujus
1558 1817 1765 1859 procuratorii
1800 1823 1939 1857 tempore
1972 1823 2039 1846 acta
2075 1824 2146 1847 sunt
2187 1817 2243 1847 hec
2282 1827 2343 1858 que

1431 1875 1614 1909 sequuntur.

1471 1919 1577 1948 Primo
1599 1917 1779 1946 licenciatus
1799 1916 1855 1946 fuit
1876 1916 2019 1946 dominus
2043 1916 2201 1946 Johannes
2227 1917 2342 1946 Ketnes

1431 1969 1542 1997 Scotus
1558 1968 1615 1996 sub
1634 1967 1783 2006 magistro
1802 1966 1927 1995 Galtero
1942 1965 2128 2000 Wardelau,
2144 1964 2231 2006 cujus
2247 1966 2343 1995 bursa

1429 2017 1456 2046 V
1471 2017 1574 2047 solidi.

1471 2065 1741 2103 Iteintlicenciatus
1758 2065 1814 2094 suit
1828 2063 2017 2093 VVilhelmus
2033 2065 2071 2093 de
2089 2064 2150 2093 Los
2170 2065 2228 2093 sub
2245 2063 2342 2103 magi-

1430 2123 1495 2145 stro
1510 2115 1649 2144 Johanne
1663 2115 1701 2143 de
1714 2114 1865 2148 Wesalia,
1882 2112 1969 2153 cujus
1986 2114 2080 2142 bursa
2095 2113 2201 2142 nichil.

1470 2165 1544 2194 Item
1580 2164 1697 2193 XVIIII
1737 2163 1786 2192 die
1819 2162 1939 2202 Aprilis
1971 2162 2158 2202 computavit
2193 2162 2342 2202 magister

1429 2214 1642 2244 Theodoricus
1661 2213 1741 2242 dicte
1764 2212 1904 2241 nacionis
1926 2218 2081 2251 receptor,
2102 2211 2175 2240 licet
2194 2211 2282 2250 prius
2302 2212 2342 2240 ad

1429 2263 1667 2303 computandum
1684 2267 1823 2296 vocatus,
1841 2267 1870 2290 et
1885 2261 2029 2290 omnibus
2045 2260 2207 2290 diffalcatis
2222 2270 2341 2290 reman-

1430 2313 1470 2342 sit
1490 2313 1644 2352 obligatus
1665 2311 1745 2340 dicte
1765 2310 1887 2340 nacioni
1911 2310 1943 2339 in
1968 2310 2086 2339 XXIIII
2114 2309 2225 2339 solidis
2248 2319 2339 2349 pary-

1430 2363 1524 2392 siens.
1551 2372 1619 2391 cum
1645 2361 1664 2390 4
1693 2360 1840 2395 denariis,
1869 2366 1899 2389 et
1924 2359 2022 2388 libros
2051 2359 2219 2399 Ingelberti
2249 2358 2341 2388 habet

1429 2411 1655 2451 impignoratos
1670 2420 1728 2449 pro
1745 2411 1763 2438 9
1779 2409 1916 2438 florenis.
2267 2398 2271 2405 ,

1471 2461 1545 2490 Item
1571 2460 1719 2499 magister
1746 2459 1890 2488 Galterus
1915 2459 1952 2487 de
1983 2458 2054 2487 Dun
2080 2457 2191 2487 Scotus
2218 2463 2340 2486 tenetur

1429 2510 1551 2539 nacioni
1572 2511 1586 2538 1
1605 2508 1737 2538 ssoren³.
2127 2542 2130 2543 .

1470 2559 1544 2588 Item
1574 2559 1605 2587 in
1637 2559 1767 2598 quadam
1802 2556 2049 2597 congregacione
2084 2555 2223 2584 nacionis
2257 2555 2340 2594 apud

1430 2609 1575 2638 Sanctum
1604 2607 1792 2636 Maturinum
1821 2606 1975 2636 celebrata
1999 2604 2146 2645 magister
2175 2603 2338 2633 Gillelmus

1429 2659 1467 2687 de
1492 2657 1620 2687 Grinlau
1648 2656 1720 2695 (Fal.
1745 2656 1793 2687 51t
1817 2655 1944 2690 scotus,
1970 2661 2042 2684 tunc
2068 2653 2217 2693 temporis
2236 2659 2340 2682 rector

1429 2706 1648 2737 Universitatis
1676 2704 1880 2739 parisiensis,
1910 2702 2076 2743 proposuit
2112 2708 2220 2732 contra
2245 2702 2340 2742 magi-

1430 2762 1527 2785 strum
1544 2755 1559 2784 J
1564 2755 1714 2784 ohannem
1727 2755 1764 2783 de
1777 2753 1936 2792 Sarburgo
1951 2752 2148 2786 Almannum‚
2166 2751 2250 2791 quod
2278 2750 2338 2780 sibi

1430 2805 1577 2844 magister
1600 2804 1757 2833 Iohannes
1780 2802 1938 2842 predictus
1963 2801 2056 2830 multa
2079 2800 2225 2830 intulerat
2244 2797 2339 2829 verba

1459 2885 1481 2908 3.
1516 2885 1583 2907 Ilaec
1596 2883 1679 2907 deleta
1691 2885 1759 2911 sunt,
1773 2885 1797 2906 et
1809 2881 1918 2913 scriptor
1930 2880 2026 2913 adjecit
2039 2889 2047 2904 .·
2061 2880 2140 2904 solvit
2151 2888 2157 2909 ;
2171 2882 2242 2904 notu.
