2632 3464
418 428 468 454 359

455 505 529 533 Item
556 503 670 542 incepit
701 502 844 531 dominus
870 501 1025 530 Jobannes
1050 500 1087 528 de
1110 498 1258 537 Inghene,
1290 503 1319 526 et

419 553 566 583 satisfecit
581 553 618 581 de
632 551 747 586 bursis,
766 549 853 590 cujus
867 551 960 579 burse
978 548 1049 578 V111
1066 548 1169 577 solidi.

456 602 530 631 Item
559 602 634 630 facta
661 599 905 640 congregacione
927 598 1065 627 nacionis
1092 597 1171 635 apud
1196 595 1320 625 Jacobi-

418 659 463 681 tas
503 652 612 680 domus
653 650 778 678 fratrum
813 648 1057 681 predicatorum,
1095 645 1164 674 die‘
1205 644 1320 674 mensis

416 701 497 730 Junii
528 700 565 728 ad
592 699 762 727 habendum
784 697 958 731 consilium,
983 696 1055 735 quid
1081 701 1164 724 esset
1187 694 1320 723 dandum

420 748 585 778 secretario
608 747 723 776 domini
744 746 882 785 episcopi
898 744 1109 778 Glascuensis,
1131 749 1160 772 et
1183 743 1219 771 ad
1240 742 1321 771 ordi-

420 799 552 826 nandum
578 797 614 825 de
639 795 768 835 pecunia
792 794 942 829 nacionis,
967 794 1018 822 ubi
1044 793 1099 822 fuit
1121 792 1322 821 deliberatum

418 846 627 879 concorditer,
663 845 745 883 quod
776 845 900 872 daretur
931 853 1023 872 unum
1050 841 1151 881 jocale
1186 842 1224 869 de
1261 840 1321 869 IIII

420 896 543 925 francis.

461 945 533 973 Item
553 943 752 972 deliberatum
767 942 822 971 fuit
837 941 950 970 ibidem
966 941 1049 980 quod
1064 940 1166 968 omnia
1178 939 1322 978 pignora,

422 1003 551 1033 quorum
577 991 697 1021 termini
727 997 832 1019 essent
857 990 1014 1024 transacti,
1044 989 1262 1022 venderentur,
1297 994 1326 1016 et

423 1041 503 1080 quod
540 1040 627 1068 litere
666 1037 849 1077 obligatorie
881 1036 1147 1076 proclamarentur
1180 1035 1210 1063 in
1242 1034 1326 1063 curia

422 1088 570 1118 officialis.

462 1138 535 1167 Item
569 1136 683 1175 incepit
718 1135 860 1164 dominus
896 1134 1049 1163 Henricus
1076 1134 1114 1162 de
1149 1133 1325 1168 Tremonia,

423 1187 508 1226 cujus
524 1188 616 1214 burse
634 1186 675 1213 III
691 1185 793 1219 solidi,
811 1190 841 1213 et
858 1184 950 1212 solvit
965 1183 1130 1222 receptori.

465 1236 537 1264 Item
572 1234 687 1273 incepit
719 1233 861 1262 dominus
894 1233 1050 1261 ,lohannes
1087 1233 1124 1260 de
1156 1231 1252 1261 Canel
1290 1232 1328 1260 de

424 1284 604 1323 Argenssna,
622 1282 708 1322 cujus
724 1283 816 1311 burse
835 1282 905 1310 VIII
927 1281 1030 1316 solidi,
1049 1288 1078 1310 et
1094 1281 1196 1310 solvit.

467 1334 540 1362 Item
574 1332 729 1360 Johannes
758 1332 795 1359 de
827 1331 948 1369 Mysna,
992 1330 1158 1363 notandum
1179 1331 1262 1369 quod
1278 1330 1330 1358 isti

426 1381 511 1421 cujus
530 1382 622 1410 burse
642 1380 745 1408 nichil.
993 1380 1054 1408 duo
1066 1379 1248 1418 inceperunt
1259 1384 1329 1407 ante

467 1431 539 1459 Item
568 1429 683 1468 incepit
711 1428 892 1457 Guillelmus
915 1429 952 1457 de
1029 1429 1107 1457 duos
1125 1427 1299 1457 immediate

427 1479 567 1513 Bavaria,
586 1478 671 1518 cujus
690 1479 782 1506 burse
801 1477 906 1506 nichil.
1054 1478 1268 1517 precedentes.

469 1529 542 1557 Item
570 1527 685 1566 incepit
715 1527 857 1556 dominus
890 1526 1044 1556 Henricus
1078 1527 1208 1562 Kalker,
1244 1526 1331 1566 cujus

428 1578 521 1607 burse
536 1577 607 1605 VIII
623 1576 726 1606 solidi.

470 1627 544 1655 Item
580 1626 694 1665 incepit
722 1625 863 1654 dominus
888 1625 1044 1654 Johannes
1070 1624 1211 1659 Vloeme,
1246 1623 1333 1664 cujus

432 1676 524 1704 burse
543 1675 614 1703 VIII
631 1674 733 1703 solidi.

473 1725 546 1753 Item
576 1724 624 1752 die
648 1723 793 1752 veneris²
818 1730 886 1752 ante
920 1724 1027 1752 festum
1055 1723 1152 1752 sancti
1184 1723 1334 1752 Johannis

432 1774 487 1802 suit
512 1774 587 1802 sacta
609 1772 836 1812 congregacio³
860 1772 998 1801 nacionis
1020 1773 1057 1801 ad
1085 1771 1333 1811 supplicandum,

434 1822 485 1851 ubi
504 1822 688 1861 supplicavit
706 1822 852 1860 magister
868 1821 1047 1850 Guilbertus
1065 1822 1148 1860 quod
1164 1821 1335 1860 imponere-

433 1877 482 1900 tur
501 1871 531 1899 in
554 1870 655 1899 rotulo
676 1870 894 1899 Universitatis
912 1870 1076 1909 dirigendo
1097 1880 1208 1899 versus
1226 1880 1335 1909 papam

435 1926 576 1958 tanquam
599 1920 722 1954 absens,
746 1929 807 1947 non
828 1918 1047 1958 prejudicando
1066 1919 1097 1947 in
1117 1919 1220 1957 aliquo
1239 1918 1337 1958 magi-

437 1968 510 1997 stris
528 1968 734 2007 presentibus,
752 1967 839 2007 cujus
855 1968 1046 2007 supplicacio
1064 1968 1120 1997 fuit
1137 1978 1295 1997 concessa.

476 2018 548 2046 Item
580 2018 635 2046 fuit
663 2018 868 2056 congregacio
899 2017 1037 2046 nacionis
1062 2017 1232 2056 Anglicane
1257 2018 1338 2056 apud

438 2067 580 2095 Sanctum
602 2066 755 2095 Julianum
775 2067 811 2094 ad
833 2066 1067 2105 supplicandum
1089 2066 1181 2095 XXm⁸
1205 2067 1340 2095 secunda

438 2116 486 2143 die
507 2115 620 2143 mensis
641 2114 735 2149 Junii,
758 2115 809 2143 ubi
832 2115 1084 2154 supplicaverunt
1099 2116 1242 2144 dominus
1258 2115 1339 2144 Hen-

437 2165 520 2192 ricus
536 2165 573 2192 de
592 2164 746 2202 Angerem
767 2170 796 2192 et
813 2164 955 2193 dominus
972 2164 1143 2193 Erdinarus
1164 2174 1220 2203 pro
1236 2165 1340 2193 bursis

438 2223 490 2241 sue
510 2213 693 2251 inceptionis
717 2214 859 2251 ponendo
878 2213 1009 2252 pignora
1028 2214 1085 2242 sub
1107 2214 1202 2242 forma
1223 2213 1339 2248 statuti,

439 2268 495 2290 etc.
514 2272 643 2300 quorum
658 2262 848 2300 supplicacio
865 2262 919 2290 suit
932 2272 1090 2291 concessa.

480 2310 552 2339 Item
573 2311 686 2349 incepit
699 2311 840 2339 dominus
857 2311 1010 2340 Henricus
1027 2311 1064 2339 de
1080 2311 1237 2350 Angeren,
1256 2310 1342 2350 cujus

439 2360 532 2388 bul-se
548 2359 603 2388 Vll
624 2359 726 2388 solidi.

481 2408 554 2436 Item
584 2408 726 2436 dominus
760 2408 929 2436 Erdinarus
964 2409 1090 2447 incepit,
1128 2408 1214 2448 cujus
1250 2410 1343 2438 burse

441 2455 495 2483 Vll
513 2456 616 2484 solidi.

484 2505 556 2533 ltem
585 2506 660 2533 sacta
692 2505 746 2534 fuit
777 2506 982 2545 congregacio
1011 2507 1149 2535 nacionis
1174 2507 1344 2546 Anglicane

443 2554 522 2591 apud
551 2552 692 2581 Sanctum
716 2553 900 2582 Maturinum
924 2555 960 2582 ad
982 2555 1217 2594 supplicandum
1240 2562 1269 2585 et
1289 2566 1345 2594 pro

445 2603 521 2630 facto
534 2602 677 2636 nationis,
689 2602 739 2630 ubi
755 2602 809 2631 suit
819 2602 1019 2632 deliberatum
1030 2605 1112 2642 quod
1125 2605 1232 2633 sactum
1246 2604 1346 2633 nacio-

446 2650 492 2677 nis
508 2657 643 2678 maneret
660 2651 689 2678 in
709 2661 861 2689 suspenso
880 2662 977 2690 usque
995 2653 1031 2680 ad
1053 2663 1208 2682 recessum
1231 2654 1347 2682 domini

446 2698 583 2736 episcopi
613 2699 822 2728 Glascuensis.
848 2700 882 2728 In
907 2711 965 2739 qua
991 2701 1176 2739 supplicavit
1201 2702 1348 2741 magister

448 2747 599 2775 lIenricus
629 2748 736 2786 Kemp,
764 2749 846 2787 quod
868 2749 1078 2787 imponeretur
1100 2750 1129 2778 in
1154 2750 1255 2779 rotulo
1281 2757 1348 2779 tan-

480 2834 502 2855 1.
536 2836 608 2856 Deest
618 2838 678 2857 ποια
692 2835 817 2867 tempori-x.

479 2869 500 2891 ’2.
536 2870 563 2891 21
578 2870 655 2894 lunii.

480 2906 501 2926 3.
536 2907 582 2928 ⁴11⁸.
598 2907 808 2936 congregatione.

481 2940 503 2962 [1.
538 2940 566 2962 18
578 2941 693 2971 Augusti.

968 422 1185 450 AUCTARIUM
1204 420 1464 447 CHARTULARII
1489 420 1662 447 UNIVERS.
1684 421 1800 448 PARIS.

1363 941 1396 966 10

1365 1185 1398 1211 15

1368 1431 1402 1457 20

1371 1676 1405 1702 25

1375 1923 1408 1948 30

1378 2168 1411 2193 35

1381 2414 1415 2439 40

1386 2658 1418 2683 45

2284 426 2336 453 36⁰

1428 506 1518 535 quarn
1544 506 1687 535 presens,
1722 503 1752 527 et
1788 507 1937 527 concessa
1973 498 2028 528 fuit
2057 499 2248 539 supplicacio
2281 512 2338 542 per

1428 546 1551 574 modum
1567 546 1789 586 supradictum.

1468 596 1530 623 Ποῖ.
1556 596 1592 625 15
1606 595 1631 635 1’)
1653 595 1729 624 Item
1747 596 1824 625 facta
1839 596 1895 626 suit
1917 597 2124 637 congregacio
2147 599 2286 629 nacionis
2306 601 2338 629 3·

1429 642 1604 672 dominica⁴
1634 644 1751 673 mensis
1776 644 1908 685 Augusti
1934 646 2015 685 apud
2038 646 2183 676 Sanctum
2209 647 2341 678 Maturi-

1429 702 1501 722 num
1520 702 1615 732 super
1634 693 1712 722 sacto
1734 694 1885 729 nacionis,
1904 701 1934 724 et
1957 694 2159 726 deliberatum
2181 696 2238 726 fuit
2257 697 2340 736 quod

1431 741 1622 771 scriberetur
1645 742 1794 782 magistro
1817 743 1957 773 Marcilio
1980 744 2018 773 ad
2043 743 2101 774 hoc
2122 751 2156 774 ut
2181 746 2342 785 expediret

1432 791 1553 820 factum.

1474 839 1548 868 Item
1574 839 1776 870 deliberatum
1803 841 1859 870 fuit
1883 841 1997 871 ibidem
2025 842 2140 871 intrare
2171 843 2340 880 tabernam,

1433 889 1485 917 ubi
1502 889 1677 928 consumpti
1691 895 1779 919 erant
1797 889 1825 919 11
1843 890 1951 926 franci,
1967 890 2027 920 1111
2046 891 2150 926 solidi,
2165 891 2206 920 VI
2225 892 2343 922 denarii

1434 937 1484 966 et⁸
1498 937 1646 977 magister
1664 938 1770 968 Helias
1784 939 1821 968 de
1833 939 1918 969 Orne
1929 946 1960 969 et
1980 940 2128 980 magister
2138 940 2294 971 Iohannes
2305 941 2344 971 de

1434 986 1573 1015 Miscena
1585 986 1745 1016 solverunt
1754 988 1832 1017 duos
1845 998 1904 1028 pro
1917 998 1998 1018 novo
2009 989 2148 1025 introitu,
2162 996 2191 1019 et
2201 996 2345 1030 receptor

1436 1035 1496 1064 1111
1516 1035 1646 1071 solidos,
1661 1036 1678 1064 2
1697 1037 1853 1066 denarios.

1476 1083 1628 1114 Omnibus
1657 1085 1815 1114 defalcatis
1842 1087 1990 1116 remansit
2016 1094 2160 1127 receptor
2190 1087 2346 1128 obligatus

1436 1133 1558 1162 nacioni
1573 1134 1604 1162 in
1619 1133 1645 1162 V
1661 1133 1762 1169 libris,
1780 1133 1836 1164 VII
1856 1135 1977 1171 solidis,
1996 1135 2052 1165 VII
2069 1137 2206 1166 denariis
2218 1135 2240 1165 ⁶.

1844 1228 1941 1257 1370

1467 1298 1540 1338 (Fol.
1570 1298 1616 1338 16)
1646 1299 1736 1327 Acta
1763 1299 1799 1327 in
1832 1300 2108 1338 procuracione
2142 1300 2315 1340 magistri

1524 1347 1655 1377 Jacobi
1681 1347 1855 1377 Nicholai
1888 1349 1932 1377 de
1959 1348 2075 1378 Dacia
2105 1349 2262 1378 Roskil-

1584 1397 1714 1426 densis
1743 1397 1938 1436 dyocesis,
1966 1404 2000 1427 et
2032 1398 2128 1427 socii
2157 1399 2201 1427 de

1695 1445 1859 1475 Sorbona
1890 1446 2101 1476 Parisiens.

1606 1495 1863 1535 Congregacio
1896 1496 2186 1535 procuracionis

1783 1554 1845 1574 sue
1871 1545 2004 1584 prima.

1482 1624 1572 1654 Anno
1591 1623 1716 1653 Domini
1742 1624 1829 1659 1370,
1855 1625 1932 1654 facta
1950 1625 2196 1665 congregacione
2211 1625 2352 1656 nacionis

1443 1673 1615 1713 Anglicane
1643 1674 1682 1703 26
1710 1673 1759 1702 die
1789 1674 1905 1703 mensis
1933 1673 2067 1714 Augusti
2093 1675 2175 1714 apud
2207 1674 2352 1704 Sanctum

1443 1723 1597 1753 Julianum
1615 1723 1653 1751 ad
1675 1722 1850 1762 eligendum
1868 1730 2101 1762 procuratorem
2121 1730 2151 1753 et
2167 1724 2353 1754 audiendum

1444 1778 1619 1811 compotum
1641 1772 1826 1811 receptoris‚
1851 1771 1966 1802 electus
1991 1772 2047 1801 fuit
2068 1773 2099 1801 in
2121 1779 2354 1812 procuratorem

1445 1821 1583 1860 predicte
1617 1821 1757 1850 nacionis
1795 1821 1944 1860 magister
1978 1821 2112 1850 Jacobus
2146 1820 2286 1851 Nicholai
2317 1822 2356 1851 de

1447 1870 1552 1905 Dacia,
1578 1870 1781 1899 Roskildens.
1811 1870 1952 1909 dyoces.,
1976 1880 2012 1899 ex
2034 1870 2170 1899 unanimi
2199 1880 2356 1900 consensu

1446 1919 1581 1948 omnium
1595 1919 1679 1948 nullo
1698 1919 1820 1958 penitus
1838 1919 2034 1954 reclamante,
2056 1919 2087 1948 in
2103 1918 2190 1959 cujus
2205 1929 2357 1959 procura-

1447 1968 1535 2008 cione
1549 1974 1614 1997 acta
1629 1969 1748 1997 fuerant
1764 1978 1823 2007 que
1837 1974 2021 2007 sequuntur.

1488 2017 1594 2046 Primo
1629 2017 1660 2045 in
1699 2017 1804 2046 eadem
1841 2016 2089 2056 congregacione
2125 2016 2357 2056 computacione

1449 2067 1525 2095 sacta
1543 2066 1657 2094 ibidem
1673 2076 1728 2105 per
1743 2072 1936 2105 receptorem
1950 2065 2101 2101 nacionis,
2116 2066 2264 2095 remansit
2276 2066 2356 2095 idem

1449 2121 1592 2154 receptor
1614 2125 1673 2154 pro
1699 2121 1771 2144 tunc
1793 2115 1930 2144 existens
1957 2114 2112 2154 obligatus
2141 2114 2263 2144 nacioni
2284 2114 2316 2143 in
2339 2114 2358 2143 5

1449 2164 1549 2198 libris,
1567 2165 1583 2194 7
1603 2164 1712 2193 solidis
1729 2170 1758 2193 et
1774 2165 1790 2193 7
1804 2163 1941 2192 denariis
1957 2170 2078 2193 monete
2094 2163 2261 2203 parisiens.

1490 2213 1566 2242 Item
1594 2213 1625 2241 in
1650 2213 1755 2242 eadem
1789 2213 2035 2252 congregacione
2069 2212 2271 2242 deliberatum
2294 2217 2360 2241 erat

1451 2262 1566 2290 intrare
1580 2262 1748 2296 tabernam,
1769 2271 1881 2291 novum
1898 2268 2141 2300 procuratorem,
2158 2261 2210 2300 qui
2226 2261 2314 2300 prius
2327 2261 2359 2289 in

1451 2310 1550 2340 officio
1578 2310 1810 2349 procuracionis
1849 2320 1910 2339 non
1948 2311 2056 2345 fuerat,
2090 2310 2296 2349 pei-potando,
2331 2314 2362 2339 et

1452 2359 1577 2388 intravit
1603 2359 1691 2388 nacio
1713 2360 1871 2388 tabernam
1895 2360 1933 2388 de
1958 2361 2100 2398 grangia,
2125 2358 2178 2388 ubi
2203 2358 2361 2398 expende-

1452 2410 1564 2437 bantur
1584 2408 1614 2437 in
1631 2408 1794 2448 gentaculo
1812 2414 1842 2437 et
1856 2408 1929 2438 vino
1949 2409 1987 2437 35
2003 2408 2095 2437 solidi
2108 2414 2228 2437 monete
2242 2417 2360 2447 parys.,

1453 2458 1491 2486 de
1521 2457 1633 2496 quibus
1660 2457 1820 2496 predictus
1849 2467 1949 2487 novus
1980 2463 2164 2496 procurator
2193 2457 2362 2485 secundum

1454 2507 1708 2535 consuetudinem
1737 2507 1751 2534 1
1781 2506 1917 2535 francum
1938 2507 1976 2535 de
1999 2505 2128 2545 proprio
2153 2505 2360 2544 persolvebat,

1454 2554 1612 2584 residuum
1636 2565 1722 2590 vero,
1750 2554 1896 2584 videlicet
1923 2555 1959 2584 19
1987 2554 2115 2589 solidos,
2145 2564 2181 2583 ex
2209 2563 2364 2583 consensu

1455 2604 1590 2633 omnium
1606 2604 1719 2633 ibidem
1733 2613 1791 2643 pro
1809 2610 1880 2633 tunc
1895 2603 2088 2633 existentium
2106 2609 2250 2642 receptor
2262 2602 2365 2632 nacio-

1456 2653 1504 2682 nis
1518 2653 1702 2692 exponebat.

1490 2841 1513 2898 (55.
1547 2838 1703 2906 Zsinzizergine
1712 2874 1839 2905 superiori
1851 2873 1935 2897 :Nota
1948 2873 1999 2896 bri.
2015 2873 2046 2897 de
2063 2873 2183 2896 Dronken
2200 2872 2230 2902 si,
2253 2858 2366 2904 datsng

1460 2910 1501 2934 ich
1522 2910 1547 2933 di
1565 2911 1595 2933 ln
1615 2918 1695 2942 marg.
1715 2909 1835 2941 inferiori
1854 2917 1859 2932 :
1881 2908 2018 2940 Temporis
2040 2908 2066 2931 in
2087 2908 2146 2939 giro
2168 2910 2258 2932 vinum
2275 2911 2367 2939 potare

1464 2946 1578 2978 requiro,
1587 2949 1612 2969 et
1625 2948 1713 2969 manet
1727 2945 1826 2976 absque
1837 2945 1902 2968 viro.
