2632 3464
430 449 481 474 443
970 444 1192 470 AUCTARIUM
1218 442 1476 469 CHARTULARII
1500 442 1673 470 UNIVERS.
1695 443 1813 471 PARIS.
2300 443 2356 470 444

430 523 551 553 bedello
569 522 708 551 nacionis
724 522 760 550 ad
777 521 957 560 magistrum
972 519 1116 549 Adolfum
1134 520 1171 548 de
1188 518 1331 553 Praellis,

432 583 489 612 pro
510 578 581 601 tunc
605 572 634 600 in
661 570 808 600 Castileto
824 575 996 609 repertum,
1021 569 1129 597 dantes
1158 567 1218 596 sibi
1240 577 1333 597 unum

433 623 570 651 francum
591 630 648 660 per
674 619 826 649 bedellum
854 629 871 647 a
895 618 1043 657 magistro
1073 617 1166 646 Petro
1195 617 1233 645 de
1253 616 1336 645 Luca

431 671 523 699 latum
545 676 574 699 et
597 675 765 708 receptum,
790 673 991 707 procuratore
1011 667 1142 705 quodam
1168 665 1335 694 substituto

433 719 563 748 ecclesie
592 717 776 757 Upsalensis
805 716 962 755 provincie
988 714 1108 749 Suecie,
1135 715 1194 743 sibi
1218 714 1335 753 suppli-

416 775 536 807 ·cantes
552 768 695 807 quatinus
708 766 799 795 vellet
815 765 951 794 cedulam
971 765 1029 794 sibi
1047 770 1219 802 porrectam
1232 763 1336 802 perle-

433 827 518 857 gere,
537 817 671 846 videndo
692 822 792 844 utrum
818 824 874 853 per
899 814 975 843 tales
994 813 1205 852 obligaciones
1227 818 1258 841 et
1278 812 1337 841 alia

433 873 466 895 ut
490 875 594 905 supra.
623 865 694 904 Ipse
722 864 916 903 respondens
943 862 1031 897 dixit,
1061 872 1154 891 unum
1181 862 1218 890 de
1245 861 1336 890 nobis

434 914 575 954 sequenti
602 914 650 942 die
679 922 875 942 reversurum
902 918 932 941 et
959 911 1096 940 cedulam
1122 911 1336 950 reperiendam

435 970 602 993 correctam
616 968 855 1002 reportaturum.

475 1013 548 1042 Item
580 1012 629 1040 die
655 1016 813 1050 sequente,
843 1010 985 1039 videlicet
1006 1009 1111 1038 ΧΙΙΙΙι
1141 1008 1336 1048 Fe[bruarii]‚

433 1061 551 1091 reversi
578 1062 700 1090 fuerunt
733 1059 880 1099 magister
914 1058 1061 1087 Hinricus
1097 1059 1134 1087 de
1167 1058 1283 1087 Thenis
1309 1065 1339 1087 et

433 1110 571 1140 bedellus
608 1110 646 1138 ad
681 1109 861 1147 magistrum
889 1108 1033 1137 Adolfum
1065 1114 1094 1136 et
1122 1106 1335 1136 invenientes⁴

434 1159 571 1188 cedulam
591 1159 656 1187 sine
681 1158 822 1187 addendo
843 1167 897 1186 seu
919 1157 1129 1191 diminuendo,
1151 1156 1288 1185 totaliter
1306 1156 1338 1185 in

434 1208 530 1247 priori
553 1208 649 1236 forma
670 1207 837 1235 dimissam.
862 1206 1008 1245 Dixitque
1038 1206 1186 1245 magister
1206 1205 1337 1235 Adolfus

434 1258 559 1286 formam
593 1256 726 1285 existere
757 1256 868 1284 bonam
907 1261 937 1284 et
971 1265 1125 1290 securam;
1162 1255 1338 1284 consuleret

433 1313 533 1335 tamen
551 1312 679 1345 propter
703 1304 883 1343 ampliorem
911 1304 1106 1333 securitatem
1130 1304 1335 1333 instrumento

433 1365 527 1394 super
540 1360 698 1383 contractu
712 1353 879 1382 locacionis
893 1354 970 1382 sacto
983 1353 1085 1392 ipsum
1100 1363 1158 1392 per
1173 1353 1337 1382 Universi-

432 1410 523 1433 tatem
538 1403 755 1432 transeundum
768 1402 964 1442 sigillandum
978 1408 1008 1431 et
1020 1403 1057 1431 ab
1073 1402 1141 1441 ipsa
1157 1402 1337 1431 confirman-

433 1454 514 1482 dum.

473 1501 544 1540 (Fol.
563 1501 610 1540 39)
628 1501 702 1530 Item
714 1500 1051 1539 facta.congregacione
1066 1510 1122 1539 per
1132 1499 1338 1539 juramentum

432 1551 498 1580 XV²
513 1551 561 1579 die
581 1550 779 1590 Felbruarii]‚
799 1550 874 1578 hora
890 1550 1068 1588 primarum,
1096 1550 1177 1588 apud
1194 1549 1337 1578 Sanctum

432 1600 618 1628 Maturinum
643 1600 680 1628 ad
699 1599 881 1628 audiendum
904 1599 966 1638 legi
984 1598 1132 1633 cedulam,
1153 1604 1225 1633 etc.‚
1248 1605 1277 1628 et
1301 1600 1339 1628 ad

433 1649 628 1683 audiendum,
644 1648 669 1677 si
685 1648 799 1686 aliquid
814 1647 895 1676 aliud
908 1648 998 1676 fuerit
1010 1649 1238 1687 apponendum,
1257 1654 1286 1677 et
1301 1649 1339 1676 ad

434 1698 644 1737 prefigendum
658 1697 757 1726 locum
773 1703 803 1725 et
817 1707 982 1736 personam
994 1697 1024 1725 in
1038 1707 1099 1736 quo
1115 1703 1144 1725 et
1162 1697 1210 1726 cui
1227 1707 1338 1726 census

433 1747 524 1775 annui
548 1747 584 1775 de
607 1746 737 1785 gardino
762 1746 950 1774 solucionem
974 1746 1040 1774 fieri
1063 1746 1252 1781 conveniret,
1280 1756 1340 1785 qua

434 1795 540 1824 cedula
563 1796 639 1824 lecta
662 1801 691 1823 et
712 1795 814 1823 audita
834 1795 991 1824 residuum
1016 1795 1226 1824 ordinacionis
1249 1805 1340 1824 causa

432 1844 592 1873 brevitatis
610 1844 743 1873 totaliter
756 1844 786 1872 in
801 1843 852 1872 illa
870 1850 954 1882 parte
970 1844 1162 1873 ordinacioni
1180 1845 1339 1883 deputato-

433 1903 499 1922 rum
514 1893 652 1932 plenarie
666 1893 721 1921 fuit
739 1893 946 1921 commissum.

474 1943 548 1971 Item
574 1942 606 1970 in
633 1942 737 1970 eadem
763 1942 1008 1981 congregacione
1034 1948 1158 1981 recepta
1178 1944 1300 1971 luerunt
1323 1952 1340 1971 a

432 1991 559 2020 nacione
583 1989 757 2030 juramenta
783 1991 1023 2020 examinatorum
1052 1991 1336 2026 determinancium‚

432 2040 574 2069 videlicet
612 2040 750 2079 magistri
793 2040 924 2069 Mei-ciiii
951 2041 988 2069 de
1026 2040 1162 2080 Inghen,
1196 2040 1336 2080 magistri

434 2089 548 2118 Thome
564 2090 600 2117 de
617 2088 725 2123 Cfivis,
743 2095 772 2117 et
787 2089 926 2128 magistri
942 2089 1070 2118 Jordani
1087 2090 1123 2118 de
1142 2089 1251 2119 Clivis.

474 2138 547 2166 Item
575 2138 651 2166 sacta
673 2138 916 2177 congregacione
946 2148 1001 2177 per
1021 2137 1228 2177 juramentum
1257 2140 1339 2178 apud

434 2186 577 2215 Sanctum
606 2185 803 2220 Maturinum‚
835 2186 932 2216 XV11=
960 2187 1009 2215 die
1037 2186 1233 2228 Fe[bruarii]‚
1262 2188 1339 2217 hora

434 2236 599 2274 primarum
625 2241 654 2264 et
680 2236 853 2265 convocatis
872 2236 1043 2265 scolaribus
1058 2237 1096 2265 de
1112 2246 1209 2275 regno
1227 2237 1336 2266 Suecie

433 2290 564 2323 protunc
590 2283 728 2313 Parisius
755 2285 957 2314 existentibus
982 2286 1019 2313 ad
1045 2285 1230 2315 audiendum
1256 2286 1338 2315 rela-

433 2333 538 2362 ciones
554 2333 767 2372 deputatorum
792 2343 886 2372 super
904 2334 980 2363 facto
1001 2334 1091 2363 unius
1110 2335 1231 2373 gardini
1250 2345 1336 2374 sepe-

433 2382 526 2416 dicto,
546 2389 576 2410 et
593 2382 630 2410 ad
655 2383 867 2421 exequendum
889 2389 918 2411 et
934 2383 1177 2412 concludendum
1194 2390 1336 2413 contrac-

433 2437 495 2459 tum
513 2430 585 2459 dicti
603 2430 725 2470 gardini
741 2431 772 2459 in
793 2431 1006 2470 emphiteosim
1027 2432 1135 2460 factum
1152 2442 1206 2461 seu
1223 2433 1337 2462 facien-

433 2480 503 2508 dum
519 2480 599 2508 inter
611 2480 769 2509 nacionem
786 2480 985 2519 Anglicanam
1003 2491 1062 2510 una
1083 2491 1149 2510 cum
1166 2481 1337 2511 scolaribus

434 2528 590 2566 provincie
618 2528 726 2557 Suecie
748 2539 784 2557 ex
804 2539 863 2557 una
887 2535 985 2567 parte,
1005 2536 1034 2558 et
1054 2530 1233 2569 magistrum
1254 2531 1338 2560 Tho-

434 2587 510 2605 mam
527 2577 679 2605 Grasfardi
693 2588 729 2605 ex
748 2577 805 2606 alia
818 2584 916 2616 parte,
932 2578 1059 2607 contulit
1072 2585 1101 2607 et
1116 2580 1339 2618 transportavit

434 2626 520 2654 nacio
547 2626 717 2665 Anglicana
743 2636 802 2655 una
825 2637 892 2655 cum
916 2627 1138 2665 prenominatis
1165 2628 1337 2658 scolaribus

436 2674 542 2702 Suecie
552 2674 637 2713 ‚jure
651 2685 707 2703 suo
721 2681 750 2703 et
761 2675 924 2704 scolarium
938 2676 1144 2714 predictorum
1157 2683 1337 2716 transportu

435 2722 574 2757 solemni,
593 2724 734 2752 omnibus
752 2724 908 2763 magistris
928 2734 985 2763 per
997 2723 1203 2764 juramentum
1220 2736 1336 2755 convo-

435 2771 510 2799 catis
524 2771 701 2800 solemniter
721 2772 989 2802 consencientibus
1012 2783 1079 2802 cum
1096 2774 1242 2812 predictis
1266 2785 1336 2804 sco-

434 2819 562 2854 laribus,
580 2820 726 2860 magistro
738 2821 852 2850 Thome
872 2821 1036 2858 Graffardi,
1055 2823 1221 2851 secretario
1238 2823 1334 2862 regis,

434 2878 526 2896 unum
547 2869 708 2907 gardinum
735 2870 766 2898 in
784 2870 852 2899 vico
877 2870 1037 2909 Serpentis
1061 2871 1163 2906 situm,
1185 2872 1337 2901 mansioni

467 2964 490 2987 1,
523 2966 571 2988 Ma.
590 2966 680 2989 tentes.

1375 964 1409 990 10

1376 1209 1410 1235 15

1376 1455 1410 1481 20

1377 1702 1410 1727 25

1376 1948 1410 1974 30

1376 2192 1410 2218 35

1375 2437 1408 2464 40

1374 2682 1408 2708 45

1443 528 1497 548 seu
1529 519 1633 549 domui
1666 519 1798 558 predicti
1826 520 1966 560 magistri
1996 520 2189 560 contiguum,
2219 521 2348 561 suisque

1443 566 1610 597 heredibus
1633 567 1780 608 legitimis
1810 575 1838 599 et
1870 570 2105 599 successoribus
2135 570 2289 610 perpetim
2318 570 2351 599 in

1443 616 1669 655 emphiteosim,
1681 627 1782 647 coram
1792 618 1911 648 notario
1919 618 2044 658 publico
2055 618 2232 658 specialiter
2242 619 2280 648 ad
2290 618 2352 648 hoc

1443 671 1564 705 rogato,
1591 666 1745 695 annuatim
1772 677 1830 706 pro
1855 667 1909 697 XL
1934 667 2044 697 solidis
2069 667 2233 706 parisiens.
2258 668 2352 698 annui

1445 723 1556 743 census
1581 714 1612 744 in
1632 721 1763 754 quatuor
1782 716 1922 746 terminis
1943 716 2084 746 Parisius
2102 716 2260 746 consuetis
2278 726 2352 756 per-

1445 762 1615 798 solvendis,
1633 774 1700 793 cum
1718 765 1901 804 quibusdam
1921 765 1991 795 aliis
2011 766 2069 795 suh
2090 767 2181 796 modo
2203 775 2258 795 seu
2273 765 2359 795 obli·

1445 811 1573 851 gacione
1596 812 1648 842 tali
1670 813 1782 852 qualis,
1808 824 1868 843 una
1894 824 1962 844 cum
1982 814 2115 855 singulis
2135 815 2168 844 in
2193 821 2352 845 contractu

1446 860 1532 890 factis
1547 867 1578 890 et
1589 861 1711 897 fiendis,
1733 873 1856 903 semper
1868 862 1992 903 juribus
2009 864 2149 894 nacionis
2167 870 2197 894 et
2214 864 2357 904 predicte

1446 909 1606 948 provincie
1622 920 1676 940 seu
1695 911 1825 941 ecclesie
1847 911 2032 952 Upsalensis
2049 913 2081 942 in
2097 913 2157 942 hoc
2172 913 2278 949 salvis,
2295 913 2350 952 [ut]

1446 958 1477 987 in
1492 958 1705 989 instrumentis
1721 970 1816 1000 super
1835 961 1892 990 hoc
1912 962 1999 991 factis
2019 972 2073 992 seu
2093 962 2241 992 faciendis
2257 962 2351 992 mani-

1447 1007 1523 1036 feste
1538 1008 1721 1047 exprimitur
1736 1019 1791 1039 seu
1806 1011 1843 1039 de
1860 1011 1956 1040 verbo
1973 1012 2011 1040 ad
2025 1012 2153 1041 verbum
2169 1011 2349 1051 explicatur.

1448 1086 1518 1117 Isti
1549 1094 1634 1117 sunt
1664 1089 1726 1128 qui
1757 1088 1824 1119 hoc
1857 1100 1951 1119 anno
1984 1091 2352 1121 determinaverunt.

1487 1153 1563 1183 Item
1582 1155 1798 1186 determinavit
1814 1157 1958 1186 dominus
1979 1157 2123 1188 Andreas
2147 1158 2292 1198 Symonis
2314 1159 2357 1188 de

1447 1202 1559 1232 Prusia
1579 1205 1637 1233 sub
1658 1205 1807 1244 magistro
1823 1205 1939 1235 Thoma
1960 1207 1998 1236 de
2018 1206 2127 1242 Clivis,
2151 1206 2239 1247 cujus
2259 1208 2359 1237 bursa

1446 1251 1474 1280 V
1486 1252 1590 1284 solidi.
1609 1253 1763 1283 satisfecit
1774 1255 1939 1294 receptori.

1489 1301 1563 1330 Item
1577 1302 1790 1333 determinavit
1802 1304 1945 1334 dominus
1959 1304 1974 1334 J
1979 1304 2116 1334 ohannes
2127 1306 2165 1334 de
2181 1305 2275 1334 Mam-

1447 1350 1524 1379 bren
1544 1352 1602 1380 sub
1628 1352 1776 1392 magistro
1793 1353 1808 1382 J
1813 1352 1933 1382 ohanne
1950 1354 1988 1382 de
2003 1353 2274 1390 Lutzellenborch,

1448 1397 1534 1438 cujus
1548 1401 1643 1430 bursa
1659 1401 1700 1430 VI
1718 1401 1822 1431 solidi.

1484 1451 1559 1480 Item
1574 1451 1789 1480 determinavit
1801 1451 1946 1481 dominus
1963 1451 2120 1481 Johannes
2136 1453 2175 1481 de
2195 1452 2276 1481 Kare

1448 1502 1506 1531 sub
1522 1500 1672 1540 magistro
1691 1500 1831 1530 Johanne
1846 1501 1884 1530 de
1902 1501 2170 1536 Lutzellenborch‚
2189 1500 2275 1541 cujus

1448 1552 1545 1580 bursa
1559 1549 1600 1579 VI
1615 1549 1719 1579 solidi.

1489 1599 1563 1628 Item
1575 1598 1789 1628 determinavit
1799 1599 1942 1628 dominus
1958 1599 2137 1628 Tilmanuus
2150 1600 2188 1629 de
2205 1599 2275 1629 Lut-

1448 1647 1645 1677 zellenborch
1657 1648 1713 1677 sub
1729 1648 1877 1687 magistro
1891 1648 1906 1677 J
1911 1648 2031 1677 ohanne
2050 1649 2088 1677 de
2104 1648 2275 1678 Lutzellen-

1448 1697 1556 1732 borch,
1572 1696 1659 1737 cujus
1675 1698 1769 1726 bursa
1786 1696 1827 1726 Vl
1844 1697 1948 1726 solidi.

1489 1747 1563 1775 Item
1581 1746 1794 1775 determinavit
1813 1746 1956 1776 dominus
1974 1746 2131 1776 Johannes
2149 1746 2173 1775 F
2176 1757 2214 1786 ay
2227 1747 2264 1776 de
2280 1746 2359 1776 Tra—

1443 1795 1526 1835 jecto
1549 1795 1703 1834 superiori
1726 1796 1783 1824 sub
1809 1795 1958 1835 magistro
1984 1795 2125 1825 Waltero
2151 1795 2355 1832 Ghiselberti,

1448 1843 1534 1884 cujus
1548 1845 1642 1873 bursa
1657 1844 1762 1873 nichil.
1778 1844 1793 1873 J
1798 1844 1897 1874 uravit
1908 1850 2052 1874 statutum
2063 1845 2291 1884 [paupertatis].

1489 1894 1564 1923 Item
1579 1893 1793 1923 determinavit
1805 1893 1947 1923 dominus
1959 1893 1974 1922 J
1979 1893 2116 1923 ohannes
2130 1895 2168 1923 de
2186 1893 2274 1923 Wol-

1447 1949 1516 1982 gast
1534 1943 1591 1971 sub
1610 1943 1759 1982 magistro
1773 1942 1912 1972 Johanne
1933 1943 1970 1972 de
1987 1942 2173 1978 Priswalch,
2187 1942 2274 1983 cujus

1447 1992 1543 2021 bursa
1559 1991 1586 2020 V
1604 1991 1706 2020 solidi.

1489 2040 1563 2070 Item
1579 2040 1794 2070 determinavit
1807 2041 1950 2070 dominus
1963 2040 2120 2070 Johannes
2137 2041 2201 2070 Coc
2217 2042 2274 2070 sub

1448 2090 1596 2129 magistro
1622 2090 1762 2119 Mercilio
1790 2091 1827 2119 de
1855 2090 1985 2130 Inghen,
2015 2089 2102 2130 cujus
2131 2090 2226 2119 bursa
2247 2089 2275 2118 V

1448 2138 1540 2168 solidi
1557 2145 1586 2168 et
1600 2138 1659 2168 1111
1676 2138 1807 2168 denarii.

1489 2188 1563 2217 Item
1595 2187 1810 2217 determinavit
1840 2188 1983 2217 dominus
2010 2187 2166 2217 Johannes
2192 2187 2275 2217 Gout

1448 2238 1505 2267 sub
1525 2237 1673 2276 magistro
1695 2237 1836 2266 Mercilio
1860 2238 1898 2266 de
1922 2236 2052 2277 Inghen‚
2075 2235 2162 2276 cujus
2180 2237 2275 2266 bursa

1446 2285 1473 2314 V
1488 2285 1580 2315 solidi
1594 2292 1624 2315 et
1638 2286 1696 2315 1111
1712 2286 1842 2315 denarii.

1488 2335 1562 2364 Item
1589 2335 1803 2364 determinavit
1830 2335 1973 2364 dominus
1997 2334 2148 2364 Ricoldus
2177 2334 2273 2363 Milde

1447 2384 1505 2413 sub
1529 2383 1678 2423 magistro
1700 2384 1840 2413 Mercilio
1860 2385 1898 2413 de
1924 2383 2054 2423 Inghen,
2072 2381 2160 2422 cujus
2179 2384 2274 2413 bursa

1447 2431 1474 2461 V
1489 2432 1582 2462 solidi
1598 2438 1627 2462 et
1645 2433 1705 2462 IIII
1720 2433 1850 2462 denarii.

1487 2481 1562 2510 Item
1586 2482 1800 2511 determinavit
1818 2482 1961 2511 dominus
1977 2480 2111 2510 Jacobus
2135 2481 2173 2510 de
2193 2480 2271 2510 Lion

1447 2531 1504 2560 sub
1531 2530 1679 2570 magistro
1697 2531 1837 2560 Gerardo
1860 2531 1898 2560 de
1921 2530 2049 2565 Kalker,
2072 2529 2158 2570 cujus
2178 2530 2272 2559 bursa

1446 2579 1473 2608 V
1488 2579 1592 2609 solidi.

1487 2629 1561 2658 Item
1585 2628 1700 2668 incepit
1718 2628 1876 2658 Arnoldus
1900 2629 1938 2657 de
1963 2628 2077 2658 Nussia
2094 2628 2151 2657 sub
2174 2627 2272 2667 magi-

1447 2684 1511 2707 stro
1541 2677 1717 2707 Hermanno
1744 2678 1781 2707 de
1811 2676 2035 2712 Buttenbruch,
2066 2675 2153 2714 cujus
2177 2677 2272 2705 bursa

1445 2726 1472 2755 V
1485 2726 1589 2755 solidi.

1486 2775 1561 2804 Item
1604 2775 1818 2804 determinavit
1850 2775 1993 2804 dominus
2034 2774 2182 2803 Hinricus
2233 2775 2271 2803 de

1446 2823 1616 2863 Odendorp
1632 2824 1689 2853 sub
1702 2823 1851 2863 magistro
1868 2823 1985 2853 Thoma
2001 2824 2039 2852 de
2053 2823 2163 2858 Clivis,
2184 2822 2270 2862 cujus

1445 2873 1539 2902 bursa
1555 2873 1683 2902 Vsolidi
1696 2879 1725 2902 et
1741 2872 1800 2902 1111
1817 2872 1947 2902 denarii.

2314 1511 2345 1690 Posuerunt
2314 1355 2360 1498 pignora.

2313 2173 2346 2350 Posuerunt
2314 2017 2360 2161 pignora.

2312 2673 2346 2895 Satisfecerunt
2313 2498 2358 2664 receptori.
