2632 3464
262 435 317 462 ⁹³3

305 511 457 552 Magister
496 511 652 542 Henricus
688 510 791 550 Brug,
826 509 992 549 fidejussor
1029 509 1176 549 magister

264 561 399 591 Thomas
411 561 450 590 de
469 560 619 601 Ungaria.

669 653 771 683 1406

485 725 735 756 Continuacio
773 723 954 765 ejusdem.

305 805 399 836 Facta
432 805 680 846 congregacione
714 804 855 834 nacionis
885 803 1058 844 Anglicane
1095 806 1176 844 apud

268 854 414 885 Sanctum
443 854 648 889 Maturinum,
671 853 722 883 die
736 853 820 893 jovis
845 853 962 883 XX111=
981 853 1031 882 die
1062 854 1177 884 mensis

265 903 471 944 Septembris,
490 913 587 943 super
601 903 723 932 duobus
743 902 893 932 articulis
916 902 1040 932 Primus
1057 909 1123 932 erat
1139 903 1176 931 ad

265 952 441 993 eligendum
466 961 579 982 novum
605 957 838 991 procuratorem
859 951 908 981 vel
933 952 971 981 ad
993 951 1178 981 continuan-

267 1002 340 1031 dum
354 1001 527 1041 antiquum,
539 1007 570 1030 et
581 1001 702 1030 nemine
714 1000 898 1030 reclamante
908 1001 1103 1030 continuatus
1113 1007 1179 1030 erat

267 1050 418 1090 magister
439 1049 597 1080 lohannes
619 1049 773 1079 Barberii.
795 1049 870 1078 Item
894 1049 1096 1079 deliberatum
1123 1049 1178 1079 fuit

267 1109 327 1139 per
348 1099 510 1129 necionem
528 1099 612 1138 quod
634 1105 778 1138 receptor
797 1098 828 1128 in
846 1099 1009 1138 presencia
1027 1108 1178 1138 procura-

261 1148 341 1178 toris
364 1158 400 1178 ac
425 1147 555 1178 aliorum
575 1147 795 1187 quorumdam¹
820 1148 1036 1188 deputatorum
1059 1148 1097 1177 ad
1119 1147 1178 1177 hoc

266 1197 446 1237 specialiter
476 1197 703 1227 nominatorum
737 1196 910 1236 reciperet²
942 1203 1062 1226 centum
1091 1203 1178 1227 scuta

262 1252 385 1276 monete
402 1245 534 1275 Francis
552 1246 584 1275 in
602 1255 677 1275 auro
695 1252 725 1275 et
741 1246 774 1275 in
786 1246 982 1286 pigneribus,
996 1245 1176 1276 scilicetXL

263 1301 350 1325 scuta
362 1295 441 1331 auri,
455 1301 486 1324 et
498 1294 529 1324 in
538 1294 723 1335 pigneribus
733 1294 798 1330 LX,
809 1304 826 1324 a
840 1295 956 1324 decano
965 1295 1175 1335 Lyncopensi,

265 1343 390 1374 racione
412 1343 647 1384 reperacionum
664 1353 721 1383 per
745 1343 905 1373 nacionem
925 1344 1070 1374 factarum
1095 1344 1176 1374 circa

262 1393 388 1423 domum
410 1393 454 1422 ad
473 1403 566 1422 cornu
588 1394 678 1427 cervi,
697 1399 728 1422 et
751 1393 843 1422 dictis
866 1393 911 1422 sic
935 1399 1056 1423 centum
1079 1393 1176 1423 scutis

263 1442 398 1482 receptis
412 1441 488 1471 dicti
503 1447 689 1481 procurator
699 1448 729 1471 et
739 1441 904 1481 depu[ta]ti
914 1443 1080 1472 ostendent
1093 1443 1176 1472 dicto

263 1491 383 1520 decano
402 1491 605 1530 co[1n]potum
624 1489 854 1530 particulariter
875 1490 1024 1520 dictarum
1049 1501 1176 1531 repara-

263 1539 400 1574 cionum,
416 1539 509 1568 domo
525 1549 650 1578 semper
668 1545 845 1568 remanente
863 1539 895 1568 in
912 1539 1054 1570 manibus
1071 1540 1176 1570 nacio-

263 1587 326 1623 nis,
344 1589 444 1618 donec
458 1587 548 1618 nscio
563 1588 602 1617 de
617 1587 724 1618 ultimo
739 1588 867 1618 denario
883 1589 1033 1618 dictarum
1049 1599 1176 1628 repara-

261 1637 384 1667 cionum
394 1637 534 1677 plenarie
547 1637 638 1666 suerit
648 1636 817 1676 persoluta.
827 1637 875 1666 Ad
887 1647 947 1677 que
959 1638 1095 1668 decanus
1103 1645 1175 1668 tunc

263 1695 396 1726 presens
410 1695 512 1716 coram
526 1685 655 1716 nacione
667 1686 848 1715 consenciit.
859 1686 904 1716 De
919 1687 1056 1716 secundo
1067 1687 1172 1717 nichil.

303 1734 377 1774 (Fol.
406 1735 433 1774 4)
454 1735 546 1764 Facta
568 1735 816 1775 congregacione
839 1735 980 1765 nacionis
1003 1735 1175 1776 Anglicane

262 1784 343 1824 apud
372 1783 517 1814 Sanctum
540 1783 727 1814 Maturinum
754 1783 795 1813 ll·
815 1784 865 1814 die
889 1785 1006 1814 mensis
1028 1784 1174 1816 Octobris

264 1843 360 1873 super
382 1839 515 1872 quatuor
545 1833 694 1863 articulis.
724 1833 848 1863 Primus
875 1834 1023 1863 articulus
1047 1841 1114 1864 erat
1135 1835 1173 1864 ad

263 1882 443 1912 avisandum
472 1882 596 1911 modum
627 1891 683 1921 per
713 1892 804 1921 quem
831 1883 961 1922 quedam
993 1890 1174 1913 ornamenta

264 1930 408 1966 ecclesie,
420 1940 480 1970 que
491 1930 598 1960 habuit
605 1930 730 1970 quidam
739 1937 892 1960 mercator
904 1941 1067 1962 comorans
1078 1942 1173 1972 supra

264 1989 377 2010 novum
392 1985 528 2019 pontem,
540 1979 628 2009 nacio
641 1990 742 2010 emere
754 1986 846 2019 poset
860 1990 918 2020 pro
927 1981 1021 2010 missa
1032 1981 1172 2011 nacionis

260 2028 292 2058 in
307 2028 418 2059 diebus
435 2028 564 2059 festivis.
585 2028 625 2059 Et
641 2028 757 2068 placuit
774 2029 828 2059 toti
847 2029 968 2059 nacioni
983 2030 1065 2059 dicta
1079 2040 1172 2060 orna-

259 2083 360 2107 menta
374 2087 391 2106 a
403 2077 486 2107 dicto
501 2083 670 2107 mercatore
686 2087 788 2107 emere
804 2084 834 2108 et
847 2078 929 2117 quod
946 2085 1130 2118 procurator
1143 2085 1173 2109 et

260 2126 402 2166 magistri
422 2125 583 2156 Arnuldus
606 2126 741 2156 Witwik
763 2137 831 2156 cum
856 2133 1018 2167 receptore
1039 2128 1119 2158 irent
1134 2129 1171 2157 ad

258 2175 361 2215 ipsum
386 2181 586 2205 mercatorem
609 2176 646 2205 ad
669 2176 835 2215 petendum
864 2176 1004 2206 inducias
1024 2177 1062 2206 de
1085 2177 1172 2207 solu-

258 2224 342 2254 tione
357 2224 510 2254 dictorum
523 2231 773 2254 ornamentorum
789 2235 847 2264 pro
860 2225 887 2254 X
901 2225 1023 2260 diebus,
1042 2227 1125 2265 quod
1142 2232 1172 2255 et

259 2274 370 2303 factum
382 2279 441 2303 est.
453 2273 615 2303 Secundus
626 2273 775 2303 articulus
785 2280 851 2303 erat
864 2274 965 2313 quoad
982 2274 1170 2314 regeneism,

261 2328 292 2352 et
318 2321 433 2362 placuit
458 2322 580 2351 nacioni
607 2323 690 2362 quod
715 2322 777 2352 duo
802 2322 873 2352 anni
903 2333 964 2352 non
994 2324 1171 2363 regencium

262 2377 516 2411 computarentur
533 2381 590 2410 pro
607 2381 668 2401 uno
683 2381 763 2401 anno
782 2371 937 2411 regencie,
954 2377 984 2401 et
999 2372 1044 2401 sic
1059 2382 1172 2402 secun-

259 2420 331 2450 dum
352 2420 564 2460 antiquitatem
585 2420 802 2459 magistrorum
823 2420 982 2460 magistris
1002 2421 1172 2451 distribue-

261 2469 395 2508 [reJntur
410 2469 507 2504 scole,
524 2470 730 2508 computando
745 2469 824 2499 duos
840 2479 938 2498 annos
953 2479 1014 2499 non
1028 2470 1172 2510 regencie

262 2527 320 2558 pro
340 2527 402 2548 uno
419 2528 500 2548 anno
529 2517 685 2558 regencie.
707 2517 836 2547 Tercius
857 2524 924 2547 erat
947 2528 1043 2557 penes
1061 2519 1171 2548 sactum

262 2566 415 2597 Bemundi
434 2566 548 2596 bedelli
562 2566 748 2606 principalis
763 2566 844 2596 inter
860 2566 960 2606 ipsum
976 2573 1007 2597 et
1021 2568 1171 2607 quosdam

259 2615 297 2644 de
314 2615 420 2650 Dacia,
439 2626 536 2655 penes
553 2616 676 2645 domum
692 2616 736 2644 ad
750 2616 920 2655 ymaginem
937 2615 1022 2645 beate
1046 2617 1172 2655 Virginis

259 2662 291 2692 in
309 2663 378 2693 vico
398 2663 549 2699 Brunclli,
569 2665 651 2704 quod
673 2665 782 2693 sactum
805 2664 893 2694 nacio
910 2665 1063 2704 reputavit
1082 2675 1170 2695 suum

260 2718 291 2742 et
306 2722 367 2742 non
386 2713 496 2742 factum
514 2713 678 2743 Bemundi.
698 2713 833 2750 Quartus
850 2723 946 2753 super
963 2712 1172 2753 supplicacio-

259 2760 367 2796 nibus;
387 2762 425 2790 de
441 2761 498 2791 hoc
514 2761 619 2791 nichil.
635 2761 709 2791 ltem
722 2761 734 2778 ³
747 2762 894 2801 magister
913 2761 1118 2792 Gwilhelmus
1133 2763 1171 2792 de

259 2808 454 2839 Aminei-dum
471 2810 648 2850 appellavit.

291 2888 314 2912 1.
347 2890 396 2913 Mu.
409 2889 578 2920 quibusdum.

291 2925 315 2948 2.
349 2926 397 2948 Ma.
410 2927 551 2956 receperat.

293 2961 317 2983 2.
353 2960 447 2984 item...
460 2960 606 2992 appellavit
614 2962 742 2992 posteriue
754 2961 882 2985 additum.

1027 0 1136 22 ‹ffiww'z
1142 0 1219 22 wss-
1228 0 1316 15 ’τω-’.ψ

1060 24 1063 31 f
1087 20 1099 29 U*
1110 19 1115 23 '
1129 27 1132 31 ,
1140 24 1141 29 η
1164 27 1166 30 ,
1198 18 1199 21 ’
1234 22 1237 27 ι

773 434 887 460 LIBER
909 433 1222 460 PROCURATORUM
1242 434 1422 460 NATIONIS
1441 435 1686 461 ANGLICANAE

1215 954 1248 980 10

1214 1200 1248 1226 15

1213 1446 1247 1472 20

1212 1692 1246 1718 25

1210 1938 1244 1964 30

1208 2183 1242 2209 ³5

1208 2428 1243 2454 40

1208 2674 1242 2700 45

2140 438 2197 464 934

1326 509 1416 539 Facta
1439 511 1686 550 congregacione
1704 512 1842 541 nacionis
1862 512 2033 552 Anglicane
2052 513 2123 543 ΧΠ*
2144 514 2195 544 die

1286 559 1401 588 mensis
1414 558 1560 588 Octobris
1576 560 1657 598 apud
1672 559 1815 589 Sanctum
1828 561 2014 591 Maturinum
2032 573 2126 602 super
2141 563 2193 592 tri-

1285 608 1344 637 bus
1364 607 1514 637 articulis.
1533 608 1657 637 Primus
1676 615 1740 638 erat
1758 610 1795 638 ad
1817 610 2000 639 audiendum
2018 618 2192 651 compotum

1285 656 1404 696 antiqui
1421 657 1594 696 receptoris
1613 657 1733 687 scilicet
1756 658 1895 698 magistri
1910 659 2060 688 Johannis
2079 660 2195 690 Galen-

1286 715 1356 746 cop.
1366 705 1527 735 Secundus
1543 706 1581 735 de
1595 707 1814 746 recognicione
1828 708 2025 746 pecuniarum
2036 719 2093 748 pro
2106 720 2195 739 orna-

1286 755 1398 784 mentis
1409 755 1539 784 ecclesie
1553 756 1691 784 emendis
1706 766 1764 795 pro
1778 756 1871 785 missa
1884 757 2023 786 nacionis
2039 758 2068 786 in
2085 759 2197 788 diebus

1286 804 1416 833 festivis.
1438 804 1568 834 Tercius
1589 815 1683 844 super
1705 805 1989 844 supplicacionibus
2012 813 2041 835 et
2061 806 2193 845 injuriis.

1287 852 1440 890 Quantum
1456 854 1494 883 ad
1513 854 1656 893 primum,
1673 861 1835 894 compotus
1853 855 1927 884 dicti
1945 856 2117 894 receptoris
2133 856 2195 895 pla-

1286 902 1350 932 cuit
1366 903 1445 932 bene
1461 902 1594 938 nacioni,
1615 909 1644 932 et
1661 902 1757 932 eciam
1775 903 1862 933 nacio
1881 903 1985 933 habuit
2004 905 2104 943 ipsum
2123 915 2197 944 gra-

1286 957 1349 980 tum
1377 957 1407 980 et
1434 952 1725 982 recommendatum.
1749 951 1857 989 Quoad
1885 954 2052 982 secundum
2083 953 2197 992 placuit

1286 1000 1409 1030 nacioni
1429 1001 1634 1030 reconvencio
1656 1011 1713 1040 pro
1735 1001 1877 1040 pecuniis
1898 1001 2059 1031 habendis.
2087 1002 2195 1040 Quoad

1286 1049 1414 1079 tercium
1430 1049 1537 1079 nichil.

1695 1143 1791 1172 1406

1416 1214 1551 1244 lterum
1594 1214 1833 1244 continuacio
1879 1214 2058 1255 ejusdem.

1326 1293 1418 1324 Facta
1453 1294 1699 1334 congregacione
1735 1294 1874 1324 nacionis
1908 1294 2078 1335 Anglicane
2114 1297 2194 1336 apud

1286 1343 1430 1373 Sanctum
1462 1343 1667 1378 Maturinum,
1699 1343 1748 1373 die
1777 1342 1860 1383 jovis
1889 1343 1973 1373 xxi·
2001 1344 2050 1373 die
2078 1345 2194 1374 mensis

1286 1391 1470 1428 Octobris⁴‚
1501 1402 1582 1421 anno
1616 1392 1780 1421 millesimo
1817 1391 1925 1423 CCCC
1963 1400 2066 1428 sexto,
2100 1404 2196 1433 super

1284 1442 1406 1471 duobus
1426 1441 1576 1470 articulis.
1601 1440 1726 1470 Primus
1744 1447 1809 1470 erat
1828 1442 1865 1470 ad
1883 1441 2059 1481 eligendum
2082 1452 2193 1472 novum

1285 1497 1516 1530 procuratorem
1532 1490 1581 1519 vel
1597 1491 1635 1519 ad
1646 1489 1897 1519 continuandum.
1909 1489 1948 1519 Et
1961 1490 2082 1520 nemine
2096 1491 2195 1520 recla-

1284 1546 1385 1569 mante
1402 1539 1598 1568 continuatus
1619 1545 1685 1568 erat
1704 1539 1851 1578 magister
1867 1538 2024 1569 Johannes
2039 1539 2192 1569 Bai-herii.

1285 1589 1332 1618 De
1350 1589 1484 1618 secundo
1496 1588 1626 1618 articulo
1641 1587 1747 1617 nichil.

1325 1637 1417 1667 Facta
1444 1637 1691 1677 congregacione
1734 1637 1874 1666 nacionis
1911 1637 2083 1677 Anglicane
2112 1640 2193 1678 apud

1285 1686 1429 1716 Sanctum
1454 1685 1641 1716 Maturinum
1666 1686 1716 1715 die
1737 1685 1820 1725 jovis
1841 1686 1897 1716 xl·
1917 1686 1968 1716 die
1989 1687 2105 1716 mensis
2127 1687 2194 1716 No-

1283 1735 1419 1765 vembris
1435 1745 1530 1775 super
1544 1735 1644 1764 tribus
1659 1735 1808 1764 articulis.
1827 1734 1951 1765 Primus
1965 1736 2003 1764 ad
2019 1735 2191 1765 habendum

1283 1785 1463 1824 provisores
1480 1794 1539 1824 pro
1553 1785 1631 1813 festo
1645 1784 1741 1813 sancti
1754 1783 1919 1814 Edmundi.
1935 1785 1981 1814 2¹¹¹
1995 1785 2077 1814 circa
2091 1785 2193 1824 aliqua

1282 1833 1445 1873 tangencia
1471 1834 1592 1862 domum
1618 1835 1660 1862 ad
1686 1844 1777 1861 cornu
1798 1835 1877 1861 cervi
1905 1833 2045 1862 situatam
2069 1833 2099 1862 in
2124 1834 2193 1862 vico

1282 1882 1390 1912 Ylsrii.
1408 1883 1454 1911 3¹¹·
1469 1892 1564 1921 super
1584 1881 1869 1921 supplicacionibus
1887 1888 1917 1911 et
1934 1881 2068 1922 injuriiS.
2086 1883 2192 1919 Quan-

1281 1938 1344 1961 tum
1362 1932 1399 1960 ad
1413 1930 1545 1971 primum
1559 1930 1674 1970 placuit
1689 1931 1810 1960 nacioni
1826 1932 1908 1970 quod
1927 1931 2037 1960 festum
2051 1931 2112 1966 fiat,
2133 1931 2191 1961 sci-

1281 1980 1352 2010 licet
1372 1980 1531 2019 solempne
1549 1978 1737 2020 pra[n]dium
1757 1980 1788 2008 in
1807 1980 1885 2009 sesto
1905 1979 2002 2009 sancti
2022 1979 2190 2015 Edmundi,

1281 2036 1312 2059 et
1341 2029 1426 2059 dedit
1457 2030 1495 2058 ad
1526 2029 1750 2068 providendum
1781 2029 1819 2058 dc
1845 2029 1977 2068 prandio
2009 2030 2190 2069 magistrum

1280 2078 1481 2109 Wilhelmum
1498 2077 1577 2107 Blok
1597 2083 1800 2117 receptorem,
1818 2078 1999 2117 magistrum
2018 2078 2189 2108 Corardum

1280 2128 1318 2157 de
1343 2127 1507 2167 Ezelinga,
1535 2126 1722 2161 Almannos,
1750 2133 1780 2155 et
1810 2127 1989 2166 magistrum
2019 2126 2189 2156 Johannem

1281 2176 1401 2206 Elwald
1434 2177 1570 2206 Scotum.
1602 2175 1755 2212 Quantum
1782 2176 1820 2205 ad
1852 2176 1908 2205 2“·ιιι
1931 2175 2047 2215 placuit
2069 2176 2189 2205 nacioni

1280 2226 1363 2266 quod
1376 2225 1435 2254 llll
1449 2225 1487 2254 de
1500 2224 1729 2264 antiquioribus
1744 2225 1902 2264 magistris
1913 2225 2055 2254 viderent
2067 2225 2189 2254 archam

1280 2274 1431 2309 nacionis,
1445 2273 1471 2303 si
1483 2273 1596 2303 ibidem
1607 2273 1710 2313 aliqua
1723 2280 1937 2303 emonumenta
1954 2274 2092 2313 reperire
2106 2280 2189 2313 pote-

1281 2323 1343 2353 rint
1357 2333 1414 2363 per
1429 2332 1488 2362 que
1503 2322 1592 2352 nacio
1607 2329 1715 2362 posset
1731 2333 1765 2351 se
1783 2322 1903 2352 munire
1917 2329 2025 2352 contra
2040 2332 2190 2362 procura-

1280 2378 1376 2402 torem
1394 2371 1518 2411 capituli
1542 2371 1647 2401 Sancti
1665 2371 1821 2407 Marcelli,
1840 2372 1893 2411 qui
1916 2378 2098 2411 procurator
2114 2371 2190 2401 dicit

1280 2420 1446 2460 capitulum
1467 2420 1542 2449 illud
1563 2419 1677 2449 hahere
1696 2419 1748 2459 jus
1766 2421 1803 2449 ad
1824 2420 1948 2449 fundum
1966 2420 2046 2449 dicto.
2066 2420 2188 2454 domus,

1280 2469 1416 2504 racione,
1426 2469 1538 2509 quiain
1550 2475 1631 2498 terra
1645 2469 1767 2499 illorum
1783 2469 1821 2498 de
1837 2468 1971 2508 capitulo
1985 2469 2066 2499 dicta
2079 2470 2189 2498 domus

1281 2518 1404 2548 fundata
1422 2524 1479 2552 est,
1501 2524 1531 2547 et
1547 2518 1616 2547 ideo
1631 2518 1733 2547 dictus
1748 2524 1930 2557 procurator
1947 2518 2022 2557 petit
2037 2524 2089 2547 aut
2105 2518 2189 2557 quod

1280 2567 1368 2597 nscio
1383 2567 1526 2596 ostendat
1542 2566 1820 2601 amofflzacionem,
1840 2572 1890 2595 aut
1906 2567 2067 2596 conveniat
2085 2577 2187 2596 secum

1280 2617 1318 2645 de
1333 2626 1427 2645 censu
1438 2614 1449 2633 ³⁵
1465 2615 1627 2654 a[n]nuali,
1639 2615 1687 2645 vel
1704 2615 1771 2655 ipse
1782 2621 1912 2655 poneret
1923 2615 2085 2644 domumin
2099 2625 2187 2645 manu

1280 2665 1376 2705 regis.
1388 2665 1427 2694 Et
1438 2665 1655 2703 rcspon[dere]
1668 2665 1800 2693 debeant
1811 2664 1893 2693 dicto
1903 2664 2109 2703 procuratori,
2120 2674 2187 2694 cuin

1279 2720 1401 2753 tempus
1421 2713 1552 2748 affuerit,
1571 2713 1704 2752 petendo
1721 2713 1759 2741 ab
1777 2723 1812 2741 eo
1829 2712 1968 2742 inducias
1984 2713 2021 2742 de
2040 2723 2095 2742 suo
2113 2722 2188 2752 pro-

1280 2773 1369 2792 cessu
1383 2773 1478 2801 penes
1489 2762 1599 2791 dictam
1617 2762 1750 2795 domum,
1766 2763 1862 2790 donec
1879 2762 1916 2790 de
1931 2761 1988 2790 sibi
2005 2762 2107 2791 «lando
2123 2772 2187 2791 res-

1280 2821 1410 2851 ponsum
1428 2810 1519 2840 fucrit
1537 2810 1645 2840 melius
1663 2810 1812 2839 consulta.
1837 2810 1910 2839 ltcm
1922 2810 2122 2840 deliberatum
2141 2817 2189 2840 est

1310 2891 1334 2915 4.
1367 2889 1598 2922 Me.Septembris.

1311 2928 1333 2950 5.
1368 2927 1515 2950 ‚tim-enm.

1318 0 1349 19 {rw
1362 0 1505 19 w·.,:1÷''5*=,.›2
1541 0 1556 13 ἰ
1620 0 1626 6 ’
1798 6 1801 9 ›
1854 0 1885 14 “a
1929 0 1964 9 vv·
1980 0 2011 16 w·
2033 0 2065 11 ν*
2082 0 2151 25 >pfl-rt.
2163 0 2175 5 ·
2188 0 2246 19 ῐ”·“;“
2281 0 2286 3 ’
