2632 3464
465 461 515 487 519

462 536 595 575 receptis
611 542 671 564 tam
688 536 725 564 de
739 535 845 564 ultimo
862 540 1004 573 computo
1018 532 1207 562 restantibus
1224 540 1314 570 quam
1330 530 1367 558 de

462 585 598 624 presenti
612 583 844 618 resultantibus,
861 582 1009 612 remansit
1022 582 1122 611 dictus
1136 586 1279 619 receptor
1292 578 1367 608 obli-

461 639 551 673 gatus
566 632 686 662 nacioni
707 633 738 661 in
755 631 840 661 XVII
856 631 956 666 libris,
972 630 1062 660 XIIII
1082 630 1153 664 sol.,
1173 629 1199 658 X
1218 627 1364 657 denariis.

502 682 577 711 Item
595 682 626 710 2⁰
641 680 827 720 supplicavit
844 680 990 720 magister
1006 679 1164 708 Mersilius
1180 679 1218 707 de
1236 677 1365 716 lnghen,

463 741 530 760 cum
549 736 632 759 esset
649 730 747 759 iturus
769 730 808 758 ad
825 729 939 758 curiam
961 729 1128 757 Romanam
1148 737 1185 756 ex
1204 733 1292 766 parte
1313 736 1367 754 seu

461 790 518 819 pro
545 779 631 808 factis
655 778 873 808 Universitatis
899 783 928 806 et
954 787 1011 816 pro
1036 776 1189 806 communi
1219 775 1365 810 utilitate,

461 829 605 868 quatinus
626 828 652 856 si
673 827 838 866 contigerit
863 827 931 865 ipso
955 826 1105 854 existente
1123 825 1154 853 in
1175 824 1269 858 curia,
1292 830 1364 859 etc.,

460 877 593 907 rotulum
621 877 686 905 fieri
713 886 766 905 seu
794 885 902 914 papam
926 875 1014 909 mori,
1039 874 1123 913 quod
1145 873 1243 902 eidem
1265 873 1366 902 rotulo

461 933 603 965 tanquam
618 935 748 964 presens
762 931 791 953 et
807 925 837 952 in
854 924 921 952 loco
935 934 991 952 suo
1007 923 1107 962 possit
1122 922 1248 961 imponi.
1271 920 1366 961 Cujus

459 975 648 1014 supplicacio
667 974 721 1002 suit
742 979 881 1012 reputata
903 972 1099 1001 racionabilis
1127 978 1157 1001 et
1178 970 1360 1000 concessa⁴.

460 1024 535 1053 Item
553 1022 737 1062 supplicavit
748 1022 893 1061 magister
903 1021 1062 1050 Walterus
1074 1021 1111 1050 de
1123 1020 1207 1049 Delft
1222 1026 1367 1059 receptor

460 1072 609 1107 nacionis,
628 1082 664 1100 ex
675 1082 736 1111 quo
752 1071 851 1100 iturus
866 1077 951 1100 esset
962 1071 999 1099 ad
1014 1076 1118 1109 partes
1136 1076 1165 1099 et
1179 1078 1364 1098 reversurus

463 1128 496 1150 ut
513 1122 653 1150 crederet
667 1121 745 1149 infra
763 1129 910 1154 mensem,
931 1125 1081 1158 quatenus
1093 1118 1230 1158 placeret
1244 1118 1367 1147 nacioni

460 1171 542 1210 quod
561 1170 661 1208 possit
679 1179 772 1198 unum
789 1169 976 1198 substituere
991 1168 1023 1196 in
1039 1167 1138 1196 officio
1157 1177 1213 1197 suo
1235 1173 1264 1196 et
1280 1177 1366 1196 com-

459 1226 563 1259 potum
583 1218 707 1247 differre
725 1219 762 1246 de
780 1227 884 1246 mense
899 1217 1056 1256 sequenti,
1078 1226 1240 1256 usquequo
1257 1225 1366 1245 rever-

458 1274 586 1302 teretur,
614 1273 643 1296 et
663 1273 771 1306 postea
792 1267 829 1295 de
855 1266 997 1295 omnibus
1023 1266 1114 1294 simul
1143 1266 1212 1304 ipso
1238 1275 1366 1294 reverso

459 1322 658 1355 computaret.
675 1315 770 1355 Cujus
789 1315 980 1354 supplicacio
992 1314 1047 1343 fuit
1061 1324 1097 1343 eo
1111 1314 1203 1343 modo
1217 1324 1366 1343 concessa

459 1375 520 1404 quo
536 1365 731 1404 supplicavit.
751 1364 824 1393 Item
844 1363 1030 1403 supplicavit
1046 1363 1195 1403 magister
1209 1363 1365 1392 Johannes

459 1415 495 1443 de
523 1414 662 1452 Leyden,
689 1424 755 1442 cum
789 1413 886 1442 iturus
910 1419 993 1441 esset
1024 1413 1062 1441 ad
1091 1419 1195 1451 partes
1225 1418 1254 1441 et
1279 1413 1365 1441 firme

459 1463 643 1492 intencionis
677 1462 868 1497 revertendi,
899 1468 1049 1500 quatenus
1081 1461 1107 1490 si
1141 1461 1307 1500 contigerit
1333 1461 1365 1489 in

458 1512 600 1540 absencia
624 1511 689 1550 ejus
713 1521 821 1550 papam
842 1511 919 1540 mori
941 1520 994 1540 seu
1017 1510 1149 1539 rotulum
1168 1510 1247 1545 fieri,
1266 1510 1365 1539 eidem

458 1567 600 1600 tanquam
623 1570 753 1599 presens
781 1560 882 1599 possit
903 1559 1031 1598 imponi.
1055 1558 1151 1598 Cujus
1174 1559 1365 1598 supplicacio

459 1610 514 1638 fuit
527 1619 673 1638 concessa
688 1610 744 1638 sub
761 1610 851 1638 modo
869 1609 960 1637 solito
977 1614 1006 1638 et
1020 1614 1179 1638 consueto.

499 1658 573 1687 Item
602 1658 796 1687 continuatus
821 1658 862 1686 sui
882 1658 913 1686 in
937 1663 1181 1697 procuratorem,
1208 1657 1363 1693 omnibus,

459 1708 529 1736 licet
542 1718 588 1736 me
604 1707 712 1741 invito,
730 1707 905 1736 volentibus
921 1713 951 1736 et
969 1716 1016 1735 me
1032 1706 1230 1746 eligentibus.

862 1800 959 1828 1377

530 1871 778 1901 Continuacio
808 1871 1070 1909 procuratorie
1105 1870 1288 1900 Johannis

709 1919 842 1948 Thome
875 1920 916 1948 de
947 1919 1111 1948 Stralen,

497 1999 586 2029 Anno
602 2010 663 2039 quo
682 2010 776 2039 supra
792 2000 870 2028 facta
891 2000 1138 2039 congregacione
1155 1999 1194 2027 V²
1211 1999 1260 2028 die
1275 2009 1363 2028 men-

457 2050 500 2078 sis
528 2047 598 2088 Maij
626 2049 699 2077 hora
730 2049 896 2087 primarum
928 2049 1009 2087 apud
1037 2048 1182 2078 Sanctum
1208 2048 1362 2078 Julianum

457 2108 621 2137 pauperem
650 2098 686 2126 ad
714 2098 910 2132 audiendum,
934 2104 964 2126 et
991 2098 1027 2126 ad
1056 2097 1242 2137 eligendum,
1269 2104 1299 2126 et
1325 2099 1363 2126 ad

458 2147 703 2186 supplicandum,
736 2153 879 2185 computo
913 2147 990 2175 facto
1021 2146 1205 2185 receptoris,
1238 2147 1276 2175 de
1301 2157 1362 2186 quo

457 2197 548 2224 debet
560 2195 645 2224 XVII
659 2195 767 2230 libras,
780 2195 869 2224 XIIII
882 2195 1012 2230 solidos,
1028 2195 1055 2224 X
1071 2196 1227 2230 denarios,
1246 2203 1276 2225 et
1291 2206 1362 2235 sup-

456 2244 679 2283 plicacionibus
700 2244 837 2273 formatis
855 2251 884 2273 et
902 2244 1072 2279 concessis,
1094 2251 1127 2273 ut
1144 2245 1242 2283 prius,
1262 2245 1363 2273 conti-

457 2299 567 2322 nuatus
586 2293 626 2322 fui
647 2293 678 2321 in
696 2299 938 2331 procuratorem,
951 2293 1036 2322 nullo
1048 2293 1289 2328 contradicente,
1302 2300 1359 2322 etc.

498 2342 571 2371 Item
590 2342 666 2371 facta
687 2342 932 2381 congregacione
953 2342 1092 2371 nacionis
1112 2341 1198 2371 VIII*
1220 2342 1269 2371 die
1289 2341 1361 2382 Maij

457 2392 487 2419 in
517 2391 624 2430 primis
660 2391 763 2419 Sancti
789 2391 894 2419 Jacobi
927 2391 1007 2429 apud
1035 2391 1179 2420 Sanctum
1208 2391 1362 2420 Julianum

458 2450 622 2478 pauperem
649 2440 686 2468 ad
715 2439 965 2478 supplicandum,
994 2439 1180 2479 supplicavit
1203 2439 1361 2469 Gerar-dus

457 2488 598 2517 Muchart
610 2489 648 2517 de
663 2488 762 2527 Aquis
778 2498 836 2527 pro
852 2488 1002 2517 dilacione
1019 2489 1182 2518 bursarum
1201 2499 1255 2518 sue
1269 2489 1361 2518 licen-

457 2538 513 2571 cie,
530 2537 640 2576 positis
658 2537 842 2576 pignoribus
863 2537 1083 2566 sufficientibus
1102 2548 1200 2576 penes
1219 2544 1362 2577 recepto-

458 2596 538 2620 rem;
556 2585 643 2625 cujus
659 2585 848 2625 supplicacio
864 2586 919 2614 fuit
934 2596 1093 2615 concessa.

498 2634 571 2663 Item
591 2635 690 2664 dictus
707 2635 864 2664 Gerardus
879 2634 967 2664 XIII²
979 2635 1027 2664 die
1041 2634 1125 2674 Maij,
1141 2636 1218 2664 sacta
1233 2646 1362 2675 congre-

458 2683 585 2722 gacione
612 2683 750 2712 nacionis
779 2684 816 2712 ad
843 2683 1078 2723 supplicandum
1110 2684 1140 2713 in
1170 2685 1278 2723 primis
1309 2685 1362 2714 ubi

457 2732 556 2770 prius,
577 2732 762 2771 supplicavit
772 2742 829 2771 pro
840 2732 990 2761 dilacione
1003 2733 1165 2762 bursarum
1178 2734 1358 2773 magisterii.

458 2779 553 2819 Cujus
577 2781 766 2820 supplicacio
786 2781 896 2810 iterum
919 2782 976 2810 sub
995 2782 1262 2811 moderacionibus
1285 2792 1361 2811 con-

458 2829 553 2857 suetis
573 2830 628 2858 suit
645 2839 809 2865 concessa;
833 2830 983 2869 persolvit
997 2836 1096 2859 tamen
1112 2831 1213 2860 dictus
1226 2837 1285 2860 tam
1302 2841 1359 2870 pro

490 2952 511 2974 1.
546 2954 633 2976 Postea
658 2953 787 2976 Mamilius
809 2954 962 2977 Avenionem
982 2954 1111 2985 profectus
1133 2957 1178 2983 est,
1202 2955 1248 2978 ubi
1269 2954 1359 2978 saltem

459 2995 536 3017 usque
550 2989 584 3010 ad
597 2989 713 3012 Nom-mh.
728 2989 757 3011 23
770 2989 846 3012 stetit.
864 2989 918 3012 Vid.
932 2989 1010 3020 infra.

1003 456 1226 484 AUCTARIUM
1251 452 1510 481 CHARTULARII
1529 453 1703 481 UNIVERS.
1726 455 1844 483 PARIS.

1405 974 1438 999 10

1406 1219 1437 1245 15

1403 1465 1436 1490 20

1401 1710 1435 1735 25

1400 1955 1434 1981 30

1399 2200 1433 2226 35

1399 2445 1433 2472 40

1398 2690 1432 2716 45

2333 459 2384 486 520

1477 529 1607 559 licencia
1622 540 1712 570 quam
1728 532 1907 571 magisterio
1924 532 1983 562 1111
1998 533 2120 569 bursas,
2135 539 2166 563 et
2179 539 2251 564 tunc
2265 544 2383 564 reman-

1477 585 1585 608 serunt
1600 579 1641 608 vl
1657 579 1761 616 solidi,
1777 590 1836 620 pro
1850 581 1963 620 quibus
1975 581 2081 621 posuit
2096 582 2241 622 pignora.

1478 683 1545 713 Isti
1576 691 1662 715 sunt
1687 686 1880 716 licenciati
1905 686 1941 716 in
1975 687 2074 717 dicta
2101 690 2381 727 procuratoria.

1517 773 1622 803 Primo
1638 774 1817 804 licenciatus
1829 776 1899 814 [est]
1912 776 2055 805 dominus
2069 775 2227 806 Gerardus
2242 777 2384 808 Muchart

1476 822 1513 851 de
1540 821 1640 862 Aquis
1662 824 1721 853 sub
1743 824 1893 864 magistro
1918 824 2058 854 Gerardo
2080 826 2118 854 de
2143 825 2273 861 Calker‚
2295 825 2382 867 cujus

1476 871 1571 900 bursa
1585 871 1626 901 VI
1645 872 1747 901 solidi.
1766 872 1875 902 Posuit
1889 883 1947 913 pro
1961 880 2049 913 parte
2067 874 2192 914 pignus.

1518 919 1593 949 Item
1608 921 1751 951 dominus
1767 921 1922 961 Nycolaus
1939 922 2047 952 Jacobi
2058 923 2096 952 de
2111 922 2198 952 Goch
2214 924 2272 953 sub
2283 924 2382 964 magi-

1476 974 1541 998 stro
1563 969 1727 1008 Jo[hanne]
1751 970 1826 1006 Coc,
1850 970 1938 1011 cujus
1962 971 2057 1001 bursa
2085 971 2113 1001 II
2141 972 2246 1002 solidi.
2273 972 2384 1003 Posuit

1476 1027 1601 1057 pignus.

1516 1066 1592 1096 Item
1610 1067 1790 1097 licenciatus
1808 1075 1856 1098 est
1873 1069 2017 1099 dominus
2031 1069 2143 1099 Petrus
2158 1070 2197 1099 de
2215 1070 2310 1100 Porta
2324 1071 2382 1100 sub

1476 1116 1625 1155 magistro
1650 1115 1791 1146 Gerardo
1818 1117 1948 1154 Pellich‚
1978 1117 2064 1158 cujus
2090 1118 2187 1148 bursa
2209 1118 2251 1148 VI
2276 1119 2379 1149 solidi.

1476 1164 1586 1194 Posuit
1595 1165 1719 1205 pignus.

1516 1213 1592 1243 Item
1605 1214 1785 1244 licenciatus
1795 1221 1843 1244 est
1855 1216 1998 1245 dominus
2007 1215 2193 1246 Fredericus
2204 1217 2242 1246 de
2250 1216 2382 1247 Waren-

1475 1264 1573 1302 dorpe
1597 1264 1654 1292 sub
1678 1263 1827 1303 magistro
1854 1263 2008 1304 Hughone
2039 1265 2078 1294 de
2103 1265 2266 1301 Hervorst,
2294 1265 2381 1306 cujus

1475 1313 1570 1341 bursa
1584 1311 1611 1340 V
1625 1312 1728 1347 solidi,
1745 1311 1818 1342 VIII
1835 1313 1964 1342 denarii.
1983 1313 2092 1343 Solvit.

1515 1361 1590 1390 Item
1606 1361 1785 1390 licenciatus
1801 1368 1848 1391 est
1864 1362 2006 1392 dominus
2023 1362 2178 1402 Nycolaus
2191 1364 2228 1392 de
2240 1362 2381 1393 wester-

1475 1410 1593 1449 borgha
1606 1411 1664 1439 sub
1677 1411 1826 1450 magistro
1840 1411 2026 1441 Hardewico
2040 1412 2079 1441 de
2094 1411 2244 1441 Mesonde
2252 1411 2277 1448 ²,
2293 1411 2380 1452 cujus

1474 1460 1569 1488 bursa
1585 1459 1690 1488 nichil.

1515 1507 1588 1537 Item
1616 1508 1796 1538 licenciatus
1819 1515 1866 1538 est
1887 1509 2030 1538 dominus
2054 1508 2188 1539 Jacobus
2212 1509 2380 1540 Thomsum

1475 1557 1532 1586 sub
1547 1557 1696 1596 magistro
1710 1557 1873 1587 Lamberto
1884 1558 1922 1587 de
1934 1557 2082 1594 Marchia,
2095 1557 2183 1598 cujus
2195 1559 2291 1588 bursa
2299 1558 2340 1588 VI
2351 1568 2378 1588 s.

1474 1606 1581 1635 Posuit
1594 1606 1718 1646 pignus.

1514 1654 1590 1684 Item
1617 1655 1796 1685 licenciatus
1821 1661 1870 1685 est
1894 1656 2038 1685 dominus
2058 1655 2216 1686 ‚Iohannes
2237 1657 2276 1685 de
2299 1656 2380 1686 Kare

1473 1705 1531 1733 sub
1546 1704 1694 1744 magistro
1707 1703 1847 1734 Gerardo
1857 1705 1896 1734 de
1907 1704 2032 1740 Calker,
2044 1703 2131 1744 cujus
2144 1705 2240 1735 bursa
2251 1705 2292 1734 VI
2306 1705 2378 1741 sol.,

1472 1752 1544 1782 VIII
1559 1753 1688 1783 denarii.
1709 1753 1819 1783 Solvit.

1513 1802 1585 1841 (Fol.
1603 1804 1618 1831 7
1633 1801 1657 1842 ¹³)
1674 1802 1748 1832 Item
1765 1812 1846 1832 anno
1863 1812 1925 1842 quo
1937 1803 2025 1842 prius
2040 1803 2117 1832 facta
2134 1802 2379 1843 congregacione

1474 1851 1613 1881 nacionis
1645 1851 1714 1881 XX¹¹
1737 1851 1787 1881 die
1811 1850 1883 1891 Maij
1908 1852 1990 1891 apud
2021 1851 2166 1881 Sanctum
2192 1851 2379 1881 Maturinum

1473 1907 1546 1939 post
1571 1910 1744 1930 sermonem
1776 1901 1814 1929 ad
1843 1900 2095 1940 supplicandum,
2127 1901 2381 1940 supplicaverunt

1475 1949 1590 1978 domini
1606 1949 1762 1989 Nycolaus
1776 1949 1883 1979 Jacobi
1903 1950 1940 1978 de
1958 1948 2046 1978 Goch
2063 1959 2122 1989 pro
2138 1949 2289 1979 dilacione
2303 1950 2379 1979 bur-

1474 2008 1576 2028 sarum
1601 2008 1656 2028 sue
1680 1998 1820 2035 licencie,
1847 1998 1990 2028 dominus
2012 1998 2124 2028 Petrus
2147 1999 2185 2028 de
2205 1998 2300 2029 Porta
2320 2008 2378 2038 pro

1473 2047 1624 2076 dilacione
1650 2048 1812 2077 bursarum
1838 2054 1898 2077 tam
1920 2047 2048 2076 licencie
2079 2057 2170 2087 quam
2195 2047 2376 2087 magisterii,

1472 2097 1584 2135 quibus
1607 2096 1716 2125 dilacio
1736 2097 1775 2125 ad
1793 2096 1837 2125 III
1860 2106 1982 2126 menses
2005 2096 2062 2126 fuit
2082 2106 2246 2132 concessa,
2265 2096 2378 2136 positis

1473 2145 1657 2185 pignoribus
1668 2145 1754 2184 dupli
1763 2145 1813 2174 vel
1829 2144 2008 2174 sufficientis
2020 2145 2148 2180 valoris,
2162 2155 2222 2184 que
2236 2151 2307 2184 post
2317 2151 2377 2174 ter-

1473 2195 1587 2224 minum
1593 2195 1743 2234 prefixum
1749 2194 1842 2224 vendi
1849 2194 1981 2233 possint,
1986 2194 2012 2223 si
2018 2195 2178 2233 redempta
2182 2203 2244 2223 non
2251 2194 2374 2224 suerint.

1512 2243 1587 2272 Item
1612 2242 1798 2282 supplicavit
1824 2243 1967 2272 dominus
1989 2242 2143 2282 Nycolaus
2169 2243 2207 2272 de
2231 2242 2377 2272 Wester-

1471 2291 1602 2332 borgha,
1615 2302 1683 2321 cum
1695 2298 1778 2321 esset
1787 2301 1918 2331 pauper,
1931 2298 2081 2331 quatenus
2094 2291 2182 2320 nacio
2193 2291 2252 2320 sibi
2266 2292 2376 2321 bursas

1471 2347 1530 2370 tam
1548 2340 1677 2370 licencie
1696 2351 1786 2380 quam
1805 2340 1976 2380 magisterii
1993 2340 2173 2376 remitteret,
2195 2339 2282 2380 cujus
2300 2350 2377 2380 sup-

1471 2390 1602 2429 plicacio
1611 2390 1668 2419 suit
1676 2399 1836 2426 concessa,
1841 2389 1943 2430 jurato
1952 2395 2052 2419 tamen
2061 2389 2254 2429 procuratori
2262 2395 2376 2419 statuto

1471 2438 1672 2478 paupertatis.

1563 2545 1631 2575 Isti
1658 2551 1744 2574 sunt
1774 2545 1836 2584 qui
1866 2544 2089 2584 inceperunt
2116 2543 2152 2573 in
2181 2544 2280 2573 dicta

1782 2599 2059 2634 procuratoria.

1512 2683 1617 2713 Primo
1640 2683 1756 2722 incepit
1781 2681 1939 2711 Gerardus
1965 2680 2107 2711 Muchart
2130 2682 2167 2711 de
2193 2681 2292 2721 Aquis
2316 2682 2374 2712 sub

1471 2732 1620 2772 magistro
1639 2731 1779 2761 Johanne
1794 2731 1832 2760 de
1850 2730 1983 2766 Stralen,
2006 2729 2092 2769 cujus
2112 2725 2208 2760 bursa
2225 2730 2251 2759 V
2270 2730 2373 2760 solidi.

1472 2781 1582 2810 Posuit
1596 2781 1710 2820 pignus
1728 2786 1757 2809 et
1771 2785 1888 2819 partem
1905 2779 2009 2809 solvit.

1510 2829 1584 2858 Item
1601 2828 1717 2868 incepit
1727 2827 1912 2858 Fredericus
1924 2828 1962 2857 de
1976 2826 2194 2867 Warendorpe
2208 2828 2264 2857 sub
2276 2827 2375 2868 magi-

1499 2954 1521 2977 2.
1556 2952 1709 2976 Meschede?
