2632 3464
253 452 307 478 2⁰9

295 527 371 557 Item
399 527 544 556 dominus
579 525 759 556 Willelmus
791 523 892 554 Buser
925 523 982 553 sub
1010 522 1160 562 magistro

252 575 447 606 Theoderico
462 576 501 605 de
517 575 684 610 Hemwiic,
702 572 789 613 cujus
807 573 901 602 bursa
915 571 974 601 XII
990 571 1094 601 solidi.

294 625 371 654 item
386 625 529 655 dominus
545 623 671 654 Ulricus
689 623 727 652 de
744 621 924 662 Depenhem
938 622 996 650 sub
1011 621 1160 660 magistro

253 674 382 704 alberto
397 674 436 703 de
452 672 598 708 saxonia,
614 671 703 712 cujus
716 672 812 701 bursa
827 670 854 699 X
867 669 925 700 sol.

293 723 369 752 ltem
384 722 528 752 dominus
546 721 758 751 Theudoricus
771 720 815 758 'de
836 719 962 759 Campis
985 719 1042 748 sub
1062 718 1162 758 magi-

252 777 320 801 stro
340 771 480 801 Johanne
494 771 533 800 de
553 770 701 804 homno,
719 768 808 809 cujus
826 770 920 798 bursa
941 778 997 798 sex
1014 767 1107 798 solidi
1122 768 1161 797 de

253 820 336 855 sorti,
353 826 441 850 scuto
458 819 579 849 valente
594 819 623 848 X
637 824 668 848 et
682 828 737 848 sex
753 817 838 857 [sol.]

293 869 368 899 Item
383 869 501 908 incepit
515 868 670 898 Henricus
685 867 828 906 Kal[k]er
843 867 900 896 sub
915 866 1066 906 magistro
1080 866 1161 895 Hen-

253 918 319 948 rico
336 918 375 947 de
394 917 534 957 Kempis,
555 915 643 957 cujus
662 917 758 946 bursa
777 915 883 945 nichil.
904 915 1025 945 Juravit
1047 915 1161 944 rectori

255 967 299 996 lll
315 967 434 996 solidos
449 967 488 996 de
504 965 586 996 forti.

295 1015 370 1045 Item
391 1015 534 1045 dominus
553 1014 711 1044 Johannes
734 1014 771 1043 de
793 1013 921 1053 Samery
942 1013 1065 1048 scotus,
1090 1014 1163 1053 quia

252 1064 328 1094 alias
341 1063 496 1104 promisit,
513 1073 581 1093 cum
596 1063 717 1092 veniret
731 1064 768 1092 ad
785 1062 982 1103 pinguiorem
997 1063 1160 1098 fortunam,

253 1113 375 1143 solvere
398 1114 510 1142 bursas
536 1122 591 1142 sue
621 1111 893 1142 determinacionis
917 1118 947 1141 et
967 1121 1026 1151 pro
1053 1111 1160 1147 scolis,

253 1162 346 1192 solvit
358 1162 387 1191 ll
403 1167 556 1191 mutones.

293 1210 369 1240 Item
386 1210 530 1241 dominus
544 1210 712 1240 Nicholaus
727 1211 765 1239 de
782 1210 902 1239 Swecia
915 1210 1090 1239 licentiatus
1104 1211 1162 1239 sub

251 1259 402 1300 magistro
418 1259 558 1290 Johanne
576 1260 614 1289 de
633 1259 739 1295 Dacia,
759 1258 847 1299 cujus
862 1260 957 1289 bursa
973 1259 999 1288 V
1015 1259 1108 1288 solidi
1124 1260 1161 1288 de

252 1309 360 1339 debili.

293 1358 370 1388 Item
397 1358 540 1388 dominus
569 1357 738 1388 Nicholaus
772 1357 857 1388 Calis
883 1358 920 1387 de
947 1357 1077 1388 Prussia
1103 1358 1162 1387 sub

253 1407 403 1447 magistro
431 1407 580 1442 Temone,
612 1405 700 1447 cujus
726 1407 822 1436 bursa
848 1406 875 1435 V
896 1407 988 1436 solidi
1014 1407 1052 1436 de
1075 1407 1158 1436 sorti.

253 1456 348 1486 Dedit
373 1455 493 1486 literam
515 1456 599 1486 curie
617 1455 757 1485 officialis
779 1466 838 1496 pro
862 1455 1078 1496 fidejussione,
1103 1455 1158 1486 εἰ·

252 1505 402 1535 satisfecit
415 1515 496 1535 anno
515 1505 639 1534 Domini
657 1505 733 1534 1362
752 1515 857 1534 mense
873 1504 1013 1534 Octobri.

293 1554 368 1584 Item
383 1564 441 1594 pro
456 1563 518 1583 uno
534 1554 741 1583 instrumento
755 1563 850 1593 super
862 1554 942 1583 facto
960 1554 1042 1584 inter
1057 1564 1116 1584 nos
1132 1561 1162 1584 et

251 1602 421 1632 Piccardos
439 1602 466 1632 X
481 1603 572 1632 solid.
590 1609 620 1632 et
635 1602 674 1632 vl
691 1603 798 1632 denar.

293 1651 369 1681 Item
410 1651 606 1681 Hermannus
649 1653 688 1681 de
733 1652 903 1682 Daventria
946 1653 1162 1683 determinavit

252 1701 310 1731 sub
337 1700 486 1741 magistro
513 1701 528 1730 J
535 1700 679 1740 [ohanne]
705 1701 743 1730 de
771 1700 922 1737 Lovanio,
950 1701 1038 1742 cujus
1067 1703 1160 1732 bursa

250 1749 341 1779 Xllll
357 1749 461 1779 solidi.

292 1798 390 1828 ltem²
411 1799 527 1838 incepit
546 1799 690 1829 dominus
709 1799 848 1829 Artofl'us
875 1800 936 1838 [de]
958 1800 1160 1831 Lauterwech

251 1847 283 1877 in
304 1848 423 1878 artibus
445 1849 503 1878 sub
526 1848 677 1888 magistro
698 1847 828 1878 Alberto
848 1849 887 1878 de
911 1849 1059 1879 Bohemia
1080 1861 1161 1880 anno

252 1897 377 1927 Domini
396 1898 485 1932 1357,
501 1898 540 1927 23
555 1898 606 1927 die
623 1897 739 1927 Martii.

291 1945 363 1985 (Ποῖ.
376 1948 414 1976 34
430 1945 466 1986 ὓ).
490 1946 565 1976 ltem
583 1946 632 1976 die
652 1952 739 1976 sexta
753 1945 874 1987 Aprilis
894 1947 998 1978 audito
1016 1955 1160 1989 compoto

250 1995 425 2035 receptoris
444 1995 593 2025 remansit
610 1995 731 2025 nacioni
745 1996 902 2037 obligatus
920 1997 951 2026 in
970 1997 1039 2027 XLI
1055 1997 1158 2033 libris,

250 2043 293 2073 Xl
324 2043 446 2079 solidis,
479 2043 519 2074 vl
549 2044 700 2080 denariis,
729 2051 817 2074 scuto
843 2045 964 2076 valente
992 2046 1077 2076 XXX
1106 2057 1162 2076 sex

250 2092 386 2129 solidos;
404 2093 477 2122 item
498 2093 530 2122 in
545 2093 667 2123 duobus
689 2094 866 2124 mutonibus
888 2101 918 2124 et
935 2094 963 2124 ll
984 2095 1081 2125 scutis
1103 2106 1160 2135 pro

250 2142 345 2171 bursa
358 2141 511 2171 Willelmi
529 2141 641 2172 Buser.

662 2237 760 2266 1³5⁷

453 2307 657 2346 [Henricus
688 2309 732 2338 de
765 2308 959 2348 Embeke.]

290 2387 382 2418 Anno
418 2387 543 2418 Domini
583 2389 685 2423 1357⁰‚
718 2395 804 2419 sexta
839 2389 890 2419 die
923 2389 1055 2430 Aprilis,
1084 2391 1161 2421 sacta

249 2437 498 2477 congregacione
530 2437 670 2467 nacionis
696 2437 868 2478 Anglicane
889 2449 985 2479 super
1015 2440 1161 2480 eligendo

251 2492 464 2526 procuratore,
477 2486 593 2516 electus
604 2487 660 2517 suit
672 2488 869 2518 concorditer
884 2489 1031 2529 magister
1047 2488 1159 2519 Hem-i—

251 2545 307 2564 cus
327 2536 366 2564 de
393 2535 531 2565 Embeke
559 2536 641 2576 apud
664 2535 808 2566 Sanctum
829 2537 997 2573 Julianum,
1020 2538 1050 2567 in
1073 2537 1160 2578 cujus

250 2584 465 2623 procuratoris
478 2590 544 2614 acta
562 2591 636 2615 sunt
650 2595 711 2624 que
724 2591 884 2616 secuntur.

291 2632 398 2662 Primo
421 2633 596 2664 licentiatus
621 2634 678 2664 suit
707 2634 903 2665 Hermannus
928 2636 966 2665 de
992 2635 1161 2666 Daventria

251 2682 309 2712 sub
337 2682 487 2722 magistro
516 2682 657 2712 Johanne
688 2684 726 2713 de
760 2683 910 2720 Lovanio,
945 2683 1032 2725 cujus
1066 2686 1160 2715 bursa

251 2730 291 2760 Vl
305 2730 397 2760 solidi
412 2731 450 2761 de
470 2731 540 2761 forti
560 2738 692 2768 moneta,
711 2738 799 2762 scuto
815 2733 936 2763 valente
950 2734 999 2770 16,
1012 2741 1042 2764 et
1055 2735 1161 2774 posuit

250 2779 395 2819 pignora.

292 2827 366 2858 item
393 2829 537 2859 dominus
558 2829 715 2860 Johannes
735 2831 774 2860 de
799 2830 908 2861 Suecla
929 2832 988 2862 sub
1011 2832 1159 2873 magistro

248 2876 390 2907 Johanne
402 2878 440 2907 de
458 2877 563 2914 Dacia,
578 2877 666 2919 cujus
681 2880 776 2910 bursa
787 2881 807 2909 8
818 2880 923 2917 solidi,
938 2887 1026 2911 scuto
1038 2881 1159 2912 valente

282 2978 304 3003 1.
340 2979 399 3003 Et...
411 2979 512 3004 octobri
520 2980 648 3012 posteriue
660 2980 724 3005 add.

330 3025 444 3044 Auen-riuu-
455 3024 579 3045 Cbsnulnn'i
591 3025 677 3046 Sumen.
687 3026 755 3046 Parii.
765 3036 792 3043 —
809 3026 818 3047 1

757 448 871 476 LIBER
891 445 1206 474 PROCURATORUM
1224 444 1405 471 NATIONIS
1423 444 1668 471 ANGLICANAE

1200 963 1233 989 10

1200 1209 1233 1236 15

1198 1455 1233 1481 20

1199 1704 1232 1730 25

1198 1949 1233 1974 30

1199 2194 1233 2221 35

1198 2439 1232 2466 40

1197 2685 1231 2712 45

2128 445 2180 471 210

1270 521 1318 555 16,
1356 519 1463 560 posuit
1495 521 1629 560 pignora
1665 531 1763 560 usque
1803 521 1841 549 ad
1881 522 1989 550 festum
2027 521 2179 551 Johannis

1268 568 1421 609 Baptiste.

1309 618 1385 647 ltem
1407 618 1550 648 dominus
1573 619 1728 648 Patricius
1751 619 1788 648 de
1813 618 1922 648 Scocia
1950 620 2006 648 sub
2030 620 2180 659 magistro

1270 666 1396 696 Galtero
1409 667 1582 703 Wardluw,
1602 666 1689 707 cujus
1708 668 1800 697 bursa
1816 669 1835 697 6
1849 668 1952 697 solidi.

1310 716 1386 746 Item
1411 717 1553 746 dominus
1574 716 1763 746 Wilhelmus
1783 717 1852 746 Hak
1873 718 1911 746 de
1932 717 2068 757 Capella,
2093 718 2180 758 cujus

1270 765 1365 794 bursa
1377 765 1483 801 nichil,
1503 766 1560 795 sub
1574 766 1723 806 magistro
1740 766 1917 795 Hermanno
1935 767 1972 795 de
1987 767 2126 806 Kempis.

1311 814 1387 843 Item
1416 814 1559 844 dominns
1585 814 1770 844 Thidericus
1796 816 1834 844 de
1860 814 1985 855 Campis
2008 816 2124 856 incepit
2148 816 2180 846 in

1271 863 1390 892 artibus
1400 864 1457 893 sub
1471 864 1620 903 magistro
1630 864 1770 893 Johanne
1781 865 1819 893 de
1828 864 1977 900 Lovanio,
1988 864 2075 904 cujus
2087 866 2180 894 bursa

1270 913 1289 941 6
1304 912 1408 942 solidi.
1429 913 1539 942 Posuit
1556 913 1700 953 pignora.

1312 962 1387 991 ltem
1413 962 1556 991 dominus
1582 962 1778 992 Hermannus
1804 963 1842 992 de
1873 963 2039 993 Daventria
2064 964 2181 1004 incepit

1271 1012 1328 1040 sub
1347 1012 1466 1046 eodem,
1484 1010 1571 1051 cujus
1590 1013 1684 1041 bursa
1699 1013 1718 1041 6
1736 1012 1809 1048 sol.‚
1826 1018 1856 1042 et
1872 1013 1976 1052 posuit
1994 1013 2136 1053 pignora.

1311 1060 1386 1089 Item
1408 1060 1555 1090 licentiati
1577 1061 1700 1090 fuerunt
1727 1061 1872 1090 dominus
1893 1061 2053 1091 Arnoldus
2080 1062 2179 1102 Longi

1270 1115 1300 1138 et
1315 1109 1458 1139 dominus
1474 1109 1660 1139 Franciscus
1678 1111 1716 1139 de
1733 1110 1844 1150 Lippia
1859 1110 1987 1140 Pruteni
2006 1113 2064 1140 sub
2082 1112 2182 1151 magi-

1271 1164 1336 1187 stro
1360 1158 1490 1188 Alberto
1513 1160 1551 1188 de
1576 1159 1720 1194 Saxonia,
1744 1170 1875 1199 quorum
1898 1159 2063 1199 cujuslibet
2086 1161 2180 1190 bursa

1270 1207 1288 1236 4
1307 1207 1399 1236 solidi
1415 1208 1452 1237 de
1467 1208 1538 1238 sorti
1554 1214 1688 1244 moneta,
1705 1215 1793 1238 scuto
1806 1208 1919 1238 valenti
1938 1211 1974 1238 16
1992 1210 2124 1239 solidos.

1311 1257 1386 1286 ltem
1412 1257 1528 1297 incepit
1556 1257 1700 1287 dominus
1723 1257 1881 1287 Johannes
1909 1259 1946 1288 de
1977 1259 2097 1288 Swecia
2122 1260 2180 1289 sub

1270 1306 1420 1346 magistro
1445 1306 1585 1336 Johanne
1605 1307 1643 1336 de
1669 1307 1779 1342 Dacia,
1802 1306 1890 1347 cujus
1913 1309 2007 1337 bursa
2031 1309 2050 1337 8
2074 1308 2178 1338 solidi.

1271 1354 1381 1384 Posuit
1396 1356 1529 1396 pignora
1546 1357 1583 1385 ad
1599 1356 1709 1386 festum
1724 1356 1875 1386 Johannis
1887 1357 2037 1396 Baptiste.

1311 1404 1386 1434 Item
1417 1406 1645 1435 observandum
1673 1411 1720 1435 est
1748 1406 1832 1445 quod
1860 1406 1891 1435 in
1922 1406 1972 1435 die
2004 1407 2123 1436 sabbati
2148 1408 2180 1436 in

1270 1454 1348 1484 festo
1365 1454 1484 1484 Pasche
1506 1455 1537 1483 in
1552 1454 1799 1494 congregacione
1815 1455 1953 1494 generali
1976 1457 2013 1485 ad
2034 1456 2179 1486 Sanctum

1270 1503 1457 1532 Maturinum
1469 1503 1525 1533 suit
1535 1503 1611 1532 illud
1621 1509 1764 1533 statutum
1777 1503 2010 1540 Universitatis,
2022 1505 2141 1534 scilicet
2153 1506 2179 1535 si

1270 1553 1341 1592 quis
1354 1553 1554 1592 appellaverit
1568 1563 1584 1581 a
1596 1553 1750 1592 deputatis
1761 1554 1799 1582 ad
1818 1552 2070 1589 Universitatem‚
2088 1555 2181 1585 debet

1271 1601 1391 1631 solvere
1410 1603 1447 1630 10
1463 1601 1593 1637 solidos,
1610 1608 1683 1636 etc.‚
1698 1608 1730 1631 ut
1745 1601 1875 1631 hahetur
1890 1602 1920 1631 in
1935 1603 2069 1638 statutis,
2087 1604 2180 1640 inter-

1271 1657 1421 1690 pretatum
1445 1661 1501 1690 per
1521 1651 1716 1686 decretistas,
1741 1651 1778 1679 ad
1801 1661 1879 1690 quos
1904 1662 2011 1681 omnes
2034 1652 2092 1682 alie
2116 1659 2181 1682 tres

1270 1700 1429 1730 facultates
1443 1711 1476 1730 se
1487 1706 1634 1740 quantum
1648 1700 1685 1729 ad
1701 1700 1759 1729 hoc
1771 1700 1979 1735 remittebant,
1997 1701 2057 1730 isto
2074 1703 2177 1738 modo,

1270 1749 1390 1779 scilicet
1409 1760 1472 1779 non
1490 1760 1558 1779 esse
1574 1749 1810 1789 intelligendum
1830 1750 1882 1779 ubi
1899 1760 1958 1779 una
1975 1751 2179 1781 communitas

1270 1805 1376 1839 ageret
1391 1805 1498 1829 contra
1513 1799 1759 1828 communitatem
1771 1805 1801 1828 et
1812 1799 1994 1839 appellaret,
2009 1801 2063 1829 sed
2080 1801 2179 1841 magis

1270 1849 1322 1878 ubi
1336 1858 1471 1888 persona
1485 1848 1654 1888 singularis
1670 1847 1715 1876 sic
1731 1847 1914 1887 appellaret.

1310 1898 1386 1928 Item
1411 1898 1443 1927 in
1464 1897 1523 1927 alia
1544 1897 1792 1937 congregacione
1814 1897 1953 1937 generali
1978 1899 2121 1938 sequenti
2140 1901 2178 1929 ad

1270 1948 1347 1977 duas
1366 1947 1433 1976 dies
1451 1947 1500 1977 vel
1517 1953 1592 1982 tres,
1605 1946 1807 1975 deliberatum
1820 1947 1875 1976 suit
1890 1957 1947 1986 per
1960 1957 2067 1977 omnes
2084 1949 2180 1978 sacul-

1270 2003 1348 2027 tates
1366 1996 1574 2031 concorditer,
1592 1996 1675 2035 quod
1694 2006 1730 2025 ex
1747 2006 1808 2035 quo
1825 2002 1927 2026 rector
1943 1997 2033 2027 nobis
2050 2008 2181 2037 suspec-

1270 2052 1320 2076 tus
1335 2052 1430 2081 esset,
1449 2056 1517 2075 cum
1535 2051 1619 2075 esset
1631 2055 1704 2084 pars
1718 2045 1816 2085 partis
1832 2046 1962 2076 adverse
1978 2047 2081 2082 nobis,
2097 2048 2180 2087 quod

1271 2105 1332 2125 non
1350 2095 1477 2124 deberet
1491 2095 1643 2124 interesse
1664 2095 1819 2134 deputatis
1838 2105 1895 2134 pro
1914 2095 1967 2125 illo
1983 2097 2073 2131 facto,
2095 2097 2179 2136 quod

1270 2151 1336 2174 erat
1359 2144 1440 2174 inter
1469 2144 1624 2173 nationem
1653 2150 1789 2173 nostram
1816 2150 1846 2173 et
1871 2143 2098 2184 Pycardorum,
2124 2146 2180 2175 sed

1270 2194 1398 2223 deberet
1422 2193 1568 2223 substitui
1588 2203 1724 2232 persona
1747 2193 1928 2223 indifferens
1953 2194 2075 2234 utrique
2098 2195 2179 2235 parti

1271 2253 1333 2272 non
1349 2249 1506 2283 suspecta.

1312 2293 1386 2322 Item
1411 2292 1598 2332 supplicavit
1620 2292 1780 2332 predictus
1801 2292 1950 2331 magister
1970 2292 2118 2322 Hinricus
2141 2294 2179 2323 de

1271 2341 1408 2371 Embeke
1424 2341 1561 2371 existens
1577 2347 1770 2381 procurator,
1787 2342 1825 2370 ad
1837 2341 1981 2371 Sanctum
1992 2341 2178 2371 Maturinum

1270 2391 1413 2420 omnibus
1434 2390 1591 2430 magistris
1612 2391 1650 2419 de
1670 2390 1799 2420 nacione
1815 2401 1910 2430 super
1928 2390 1986 2419 hoc
2002 2391 2131 2426 vocatis,
2149 2398 2180 2421 et

1270 2450 1365 2479 super
1383 2439 1445 2479 (sic)
1459 2439 1657 2469 concorditer
1676 2450 1858 2469 concessum
1875 2441 1912 2468 ab
1933 2439 2076 2469 omnibus
2094 2440 2178 2469 nullo

1269 2488 1466 2524 reclamante,
1479 2489 1562 2529 quod
1577 2489 1616 2518 de
1626 2489 1756 2528 pecunia
1768 2499 1858 2528 quam
1872 2490 2033 2518 tenebatur
2044 2489 2178 2525 nacioni,

1269 2538 1356 2568 daret
1373 2544 1503 2578 partem,
1519 2548 1578 2578 que
1596 2544 1696 2567 tamen
1715 2548 1776 2568 non
1790 2544 1874 2567 esset
1886 2538 1987 2567 minor
2002 2538 2176 2575 medietate,

1269 2593 1300 2617 et
1320 2587 1474 2627 reciperet
1491 2587 1623 2627 pignora
1645 2597 1711 2622 sua,
1731 2594 1761 2616 et
1780 2587 1817 2616 de
1838 2587 1962 2616 residua
1984 2587 2179 2627 promitteret

1268 2636 1328 2666 fide
1354 2637 1424 2666 data
1449 2637 1532 2676 quod
1559 2646 1649 2676 quarn
1675 2636 1736 2666 cito
1765 2642 1863 2665 status
1890 2646 1964 2665 suus
1986 2636 2027 2665 ita
2052 2636 2178 2676 pinguis

1268 2685 1366 2722 fieret,
1387 2696 1453 2715 eam
1474 2686 1608 2715 solveret
1626 2685 1694 2715 sine
1709 2685 1791 2714 omni
1809 2685 1914 2714 fraude
1933 2691 1962 2714 et
1982 2685 2177 2725 negligencia

1270 2735 1403 2770 nacioni,
1415 2735 1498 2775 quod
1515 2735 1594 2764 idem
1613 2734 1761 2774 magister
1773 2735 1842 2763 data
1860 2735 1918 2763 fide
1932 2734 2088 2774 promisit.

1309 2783 1384 2814 Item
1407 2783 1587 2813 licenciatus
1610 2783 1665 2813 suit
1685 2783 1880 2812 Hcrmannus
1903 2784 1940 2812 de
1961 2783 2099 2813 VVezalia
2119 2785 2178 2814 sub

1268 2833 1419 2873 magistro
1440 2832 1580 2862 Johanne
1602 2833 1640 2861 de
1664 2831 1774 2871 Aquis,
1801 2831 1889 2869 cujus
1914 2833 2007 2861 bursa
2029 2833 2047 2862 4
2070 2832 2174 2869 solidi,

1269 2888 1356 2912 scuto
1369 2882 1488 2911 valente
1508 2882 1554 2916 16,
1572 2891 1630 2921 pro
1647 2881 1760 2920 quibus
1774 2881 1859 2910 dedit
1875 2881 2007 2917 litteram
2023 2881 2174 2912 officialis.

1300 2985 1323 3008 2.
1359 2986 1431 3016 Quae
1443 2986 1591 3016 sequuntur,
1603 2982 1656 3007 alio
1666 2982 1823 3007 charactere.

2087 3030 2110 3049 ¹⁴
