2632 3464
289 433 340 460 ³61
799 434 913 460 LIBER
933 432 1242 460 PROCURATORUM
1261 432 1441 459 NATIONIS
1458 433 1704 461 ANGLICANAE
2160 438 2212 464 362

309 523 403 553 Nota
430 522 648 563 inceptores
674 521 839 564 ejusdem
869 522 1173 562 procuracionis.

328 607 365 637 ln
384 609 485 648 primo
505 608 555 638 die
571 607 688 638 mensis
711 607 904 648 Septembris
918 606 1034 647 juravit
1052 607 1195 637 dominus

287 656 445 687 lohannes
466 657 505 687 de
530 657 634 687 Buren
652 656 846 697 procuratori
864 655 1008 696 juranda,
1031 662 1062 686 et
1080 656 1196 696 incepit

289 706 347 735 sub
366 706 514 746 magistro
535 705 702 746 Rodulpbo
719 705 757 735 de
777 705 859 740 Don,
873 711 904 735 et
920 705 1014 735 solvit
1033 705 1192 735 solvenda.

287 753 385 795 Cujus
398 755 492 784 bursa
506 754 580 785 vul
596 754 699 784 solidi.

328 803 403 833 Item
429 803 546 844 incepit
582 803 726 833 dominus
759 802 906 833 Albertus
935 804 973 833 de
1006 803 1130 838 Prucia,
1166 810 1196 832 et

287 852 391 888 solvit,
418 851 505 892 cujus
531 853 626 882 bursa
654 851 714 882 1111
739 852 848 888 solidi;
875 852 992 892 incepit
1015 859 1114 882 autem
1137 853 1195 882 sub

287 901 436 942 magistro
465 900 615 932 Nicbolao
640 901 679 931 de
705 900 892 936 Crucinako,
925 901 966 931 lx
997 901 1047 931 die
1078 901 1194 931 mensis

287 950 492 990 Septembris.

350 1057 611 1098 Congregacio
646 1057 932 1097 procuracionis
960 1057 1124 1098 ejusdem

431 1107 604 1136 secunda.
638 1105 839 1146 Proposita
861 1106 897 1136 in
924 1107 1047 1136 eadem

577 1156 896 1196 congregacione.

328 1244 403 1274 item
416 1245 491 1274 facta
515 1245 765 1285 congregacione·
781 1245 921 1275 nacionis
936 1244 1107 1286 Anglicane
1125 1255 1193 1286 pre-

287 1293 368 1323 dicte
397 1303 456 1334 per
481 1293 700 1334 juramentum,
731 1304 812 1324 anno
839 1304 902 1334 quo
932 1305 1038 1335 supra,
1072 1295 1109 1325 14
1144 1295 1194 1325 die

290 1342 407 1372 mensis
427 1342 631 1383 Septembris,
652 1344 733 1383 apud
756 1343 900 1373 Sanctum
920 1343 1119 1380 Maturinum,
1140 1345 1193 1374 ubi

287 1391 394 1431 plures
416 1391 537 1422 articuli
559 1392 712 1432 propositi
737 1393 856 1422 fuerant
877 1403 934 1433 per
955 1394 1078 1423 modum
1102 1403 1193 1433 expe-

285 1441 412 1476 dientis,
441 1441 543 1482 aliqua
573 1441 664 1471 etiam
691 1441 853 1481 proposita
880 1448 968 1472 erant
989 1452 1047 1482 per
1070 1443 1192 1472 modum

285 1487 420 1517 consilii.

326 1537 449 1572 Primo,
477 1547 534 1576 per·
559 1537 676 1566 modum
708 1538 909 1576 expedientis,
944 1538 1027 1577 quod
1062 1538 1194 1578 pecunia

290 1586 429 1615 nacionis
441 1596 509 1616 cum
525 1585 692 1626 diligencia
707 1586 743 1615 ad
761 1586 920 1616 utilitatem
931 1586 1071 1616 nacionis
1085 1593 1115 1616 et
1126 1586 1192 1627 ejus

287 1635 519 1675 expedicionem
542 1641 572 1664 et
596 1635 766 1674 profectum
788 1635 921 1665 fideliter
942 1642 1190 1672 conservaretur,

290 1690 321 1714 et
332 1683 418 1713 nullo
432 1684 524 1713 modo
538 1684 568 1712 in
582 1684 719 1713 tabernis
729 1684 778 1713 vel
789 1683 861 1713 alibi
872 1684 1023 1714 inutiliter
1035 1685 1192 1724 expende-

286 1739 382 1763 retur.

324 1782 468 1812 Secundo
482 1782 626 1812 videlicet
643 1783 726 1822 quod
743 1781 775 1811 in
790 1782 929 1822 quolibet
946 1793 1026 1812 anno
1043 1784 1191 1824 deinceps

284 1841 345 1861 una
370 1831 465 1860 missa
493 1830 707 1871 sollempniter
730 1841 799 1861 cum
825 1838 912 1867 nota,
941 1832 1075 1872 vigiliis,
1100 1832 1191 1862 etiam

284 1890 352 1910 cum
374 1886 457 1916 nota,
480 1881 519 1910 de
542 1890 673 1920 vespere
695 1880 945 1920 precedentibus,
966 1891 1024 1921 pro
1048 1882 1190 1911 omnibus

283 1929 427 1959 fidelibus
447 1929 599 1959 defunctis
617 1935 647 1959 et
661 1929 838 1969 specialiter
858 1939 917 1970 pro
934 1930 1077 1960 omnibus
1097 1931 1190 1970 magi-

284 1978 369 2013 stris,
399 1977 584 2008 bachelariis
612 1984 642 2008 et
671 1978 845 2008 scolaribus
875 1989 910 2008 ac
941 1979 1191 2009 benefactoribus

283 2027 436 2057 defunctis
452 2027 490 2056 de
510 2028 615 2057 eadem
630 2027 759 2058 nacione
775 2027 947 2068 Anglicana
963 2028 1102 2058 Parisius
1120 2035 1191 2068 post

283 2075 413 2116 primam
428 2075 657 2106 ordinacionem
673 2082 703 2106 et
713 2076 922 2116 incepcionem
938 2075 1075 2117 ejusdem
1089 2078 1190 2108 nacio-

282 2124 333 2154 nis
349 2124 401 2164 pie
418 2124 598 2155 devocionis
614 2124 722 2155 affectu
737 2124 956 2155 celebraretur.

324 2173 436 2203 Tercio
453 2174 491 2203 ad
507 2173 702 2214 effugandum
716 2180 746 2203 et
759 2173 934 2204 evitandum
946 2174 1017 2205 lites
1031 2182 1061 2205 et
1073 2174 1188 2216 jurgia,

283 2222 402 2263 brigas,
428 2222 638 2258 disenciones,
665 2222 750 2253 rixas
774 2229 804 2253 et
824 2223 974 2254 clamores
996 2225 1189 2255 inordinatos

283 2271 314 2302 in
335 2271 478 2312 pluribus
501 2272 566 2302 sive
588 2271 706 2312 pluries
732 2271 763 2302 in
785 2273 1083 2313 congregacionibus
1108 2274 1188 2304 dicte

282 2321 422 2352 nacionis
433 2321 520 2351 visos
537 2321 634 2351 factos
648 2327 678 2351 et
690 2321 823 2356 auditos,
841 2328 970 2361 propter
985 2332 1063 2362 quos
1078 2323 1188 2353 clamo-

282 2379 333 2399 res
354 2375 385 2400 et
403 2370 487 2400 rixas
512 2370 618 2410 sepius
637 2370 828 2400 valenciores
848 2370 984 2410 ejusdem
1006 2371 1145 2402 nacionis
1172 2383 1188 2401 a

282 2419 583 2459 congregacionibus
598 2418 734 2459 ejusdem
750 2429 784 2449 se
802 2419 927 2460 penitus
941 2421 1142 2451 absentarunt
1159 2427 1189 2451 et

283 2474 492 2503 recesserunt,
509 2467 678 2498 remedium
691 2468 890 2498 adhiberetur
904 2475 1101 2509 oportunum.

316 2574 388 2614 (ubl.
422 2576 460 2605 16
475 2573 502 2615 ¹³)
533 2574 762 2605 Procuracio
788 2575 952 2615 predicti
984 2576 1153 2617 magistri

453 2622 583 2653 Jacobi
616 2623 789 2654 Nicholai
819 2625 861 2654 de
888 2624 1016 2655 Dacia.

324 2711 398 2742 ltem
413 2719 535 2752 quarto,
551 2712 583 2742 in
597 2713 648 2742 die
663 2719 693 2743 et
703 2714 949 2754 congregacione
964 2715 1077 2755 quibus
1093 2725 1188 2755 supra

284 2770 341 2800 per
350 2761 472 2791 modum
483 2762 676 2802 expedientis
689 2764 931 2803 proponebatur.
944 2769 976 2793 ut
991 2764 1188 2794 ordinaretur

283 2810 321 2839 de
335 2809 430 2840 scolis
449 2819 508 2850 pro
523 2811 704 2851 regentibus
722 2810 752 2841 in
772 2822 882 2852 magno
895 2812 1064 2842 ordinario.

324 2857 398 2887 ltem
426 2858 546 2898 quinto,
575 2865 608 2889 ut
635 2866 851 2890 succureretur
882 2860 1063 2891 subbedelio
1095 2867 1125 2892 et
1155 2868 1188 2892 ut

283 2906 371 2936 nacio
393 2906 494 2946 ipsum
514 2906 636 2948 juvaret
661 2918 734 2949 erga
761 2915 910 2939 rectorem
920 2932 928 2946 ,
959 2909 1129 2941 facultatem
1157 2917 1187 2941 et

283 2955 373 2985 etiam
396 2954 636 2986 Universitatem
650 2957 687 2987 ad
703 2956 910 2989 rehabendum
924 2958 1013 2988 vadia
1028 2970 1083 2989 sua
1097 2966 1186 3000 capta

1232 954 1266 980 10

1231 1199 1265 1225 15

1230 1445 1264 1471 20

1228 1692 1262 1719 25

1228 1938 1263 1965 30

1227 2184 1261 2211 35

1225 2429 1259 2456 40

1224 2674 1258 2702 45

1223 2920 1258 2946 50

1304 518 1321 538 a
1337 508 1501 538 clientibus
1516 510 1602 550 regis
1618 520 1675 549 pro
1691 511 1829 540 excubiis
1841 512 1988 541 faciendis
2001 523 2095 552 super
2107 524 2211 543 muros

1304 557 1484 597 Parysiens.
1510 565 1540 588 et
1567 566 1673 598 portas
1701 566 1829 599 propter
1854 570 1983 600 guerras
2010 561 2211 601 Anglicorum

1304 606 1465 636 instantes.

1347 655 1422 684 ltem
1441 663 1540 692 sexto,
1562 657 1588 686 si
1605 657 1764 686 videretur
1783 658 1952 698 expediens
1969 660 2051 698 quod
2072 661 2212 699 magistri

1307 705 1345 733 de
1360 714 1440 734 novo
1456 705 1640 745 incipientes
1659 706 1724 736 sive
1745 707 1867 736 noviter
1878 708 1916 736 ad
1935 710 2212 748 congregacionem

1307 753 1466 783 venientes
1484 755 1652 794 participes
1669 756 1782 785 debent
1803 755 1869 785 fleri
1889 757 2124 787 distribucionis
2146 759 2212 787 fieri

1303 809 1461 837 consuete,
1484 803 1603 833 scilicet
1624 805 1662 833 de
1684 805 1814 844 pecunia
1835 816 1895 845 que
1915 806 1994 835 solet
2015 806 2160 836 distribui
2181 807 2212 836 in

1304 851 1410 881 missis
1420 858 1450 881 et
1464 853 1606 892 vesperis
1620 853 1759 883 nacionis
1772 855 1922 894 predicte,
1935 861 2096 895 antequam
2104 855 2211 895 jocun-

1306 900 1378 929 dum
1397 901 1560 931 adventum
1579 901 1718 942 ipsorum
1732 903 1968 942 persolvissent.

1345 949 1419 978 Item
1449 951 1592 990 septimo,
1618 958 1719 981 utrum
1747 952 1916 991 expediens
1941 953 2100 983 videretur
2124 961 2155 983 ut
2180 955 2211 983 in

1303 999 1433 1038 quadam
1455 999 1600 1029 societate
1621 1001 1748 1040 speciali
1768 1001 1833 1030 sive
1853 1002 2042 1031 fraternitate
2062 1003 2210 1032 adherere

1303 1053 1333 1076 et
1347 1047 1493 1088 conjungi
1510 1050 1694 1079 deberemus
1709 1056 1739 1079 et
1755 1050 1904 1080 vellemus
1919 1052 2042 1081 nacioni
2053 1051 2210 1082 Gallicane

1303 1106 1398 1136 super
1412 1097 1597 1137 quibusdam
1613 1099 1771 1138 exsequiis
1785 1099 2010 1136 defunctorum,
2027 1101 2171 1131 videlicet
2184 1102 2211 1131 si

1302 1145 1435 1186 aliquem
1465 1147 1604 1176 nacionis
1629 1147 1784 1187 ipsorum,
1810 1148 1930 1179 scilicet
1954 1150 2134 1189 magistrum
2161 1151 2210 1180 vel

1305 1195 1467 1231 scolarem,
1487 1197 1638 1226 decedere
1656 1203 1707 1226 aut
1721 1197 1799 1226 mori
1821 1198 1998 1238 contigerit,
2017 1209 2075 1228 nos
2093 1199 2212 1230 scilicet

1307 1244 1345 1273 de
1369 1245 1498 1274 nacione
1522 1245 1693 1285 Anglicane
1715 1246 1937 1276 interessemus
1966 1248 2032 1277 sive
2057 1248 2209 1278 interesse

1304 1293 1454 1323 vellemus
1468 1293 1568 1333 ipsius
1588 1295 1758 1334 exsequiis,
1774 1295 1892 1335 vigiliis
1908 1302 1938 1325 et
1950 1297 2067 1332 missis,
2085 1304 2114 1326 et
2129 1299 2211 1337 quod

1304 1341 1365 1382 ipsi
1383 1343 1420 1371 de
1442 1343 1571 1372 nacione
1594 1343 1751 1373 Gallicana
1773 1345 1864 1374 nobis
1885 1345 1942 1374 hoc
1963 1346 2043 1375 idem
2059 1352 2089 1375 et
2105 1347 2210 1376 consi-

1303 1391 1375 1420 mile
1393 1392 1528 1421 facerent
1540 1402 1556 1421 e
1574 1402 1736 1422 converso.

1343 1440 1416 1470 ltem
1445 1447 1563 1477 octavo,
1594 1451 1690 1481 super
1719 1452 1913 1482 quocumque
1947 1443 2046 1473 officio
2071 1445 2210 1475 nacionis

1303 1488 1445 1519 habendo
1460 1491 1531 1519 dum
1549 1497 1672 1520 vacaret
1686 1497 1737 1520 aut
1755 1492 1912 1521 vacacioni
1932 1493 2208 1533 appropinquaret,

1303 1538 1406 1568 nullus
1427 1545 1512 1568 extra
1532 1540 1810 1579 congregacionem
1836 1541 1975 1571 nacionis
2001 1543 2209 1582 conspirando

1301 1587 1486 1626 practicaret
1502 1588 1718 1628 singulariter,
1737 1599 1878 1619 seorsum
1896 1597 1926 1620 et
1943 1591 2077 1630 private,
2097 1593 2152 1622 sed
2171 1593 2208 1621 ad

1303 1637 1580 1677 congregacionem
1599 1638 1739 1668 nacionis
1757 1645 1896 1679 tempore
1915 1640 2060 1670 debutato
2077 1642 2208 1676 veniret,

1299 1685 1357 1715 rite
1373 1691 1403 1715 et
1414 1686 1645 1716 racionabiliter
1659 1687 1876 1728 supplicando,
1892 1689 2027 1728 graciam
2043 1697 2209 1729 expectans

1300 1734 1530 1774 magistrorum.

1340 1783 1415 1813 Item
1432 1793 1526 1820 nono,
1542 1795 1637 1824 super
1652 1786 1937 1825 supplicacionibus
1950 1793 1980 1816 et
1997 1786 2130 1828 injuriis.

1341 1831 1376 1862 ln
1389 1833 1494 1862 eadem
1516 1834 1762 1873 congregacione
1775 1846 1834 1874 per
1857 1836 1975 1864 modum
1995 1837 2112 1865 consilii
2134 1847 2208 1876 pro-

1299 1881 1403 1921 posita
1420 1883 1542 1912 fuerunt
1557 1883 1615 1912 ista
1629 1893 1689 1923 que
1702 1890 1884 1923 sequuntur.

1340 1929 1445 1961 Primo
1456 1932 1494 1961 de
1506 1933 1595 1961 scolis
1604 1940 1714 1971 septem
1724 1935 1850 1969 arcium,
1860 1939 1932 1963 tunc
1943 1940 1977 1963 ut
1986 1934 2147 1964 dicebatur
2156 1945 2206 1964 ex—

1300 1980 1413 2019 positis
1427 1981 1619 2016 vendicioni‚
1639 1982 1793 2021 quomodo
1809 1983 1845 2011 ad
1862 1982 1998 2022 ipsarum
2015 1984 2206 2023 empcionem

1303 2029 1450 2059 devenire
1469 2040 1634 2070 possemus
1656 2041 1713 2071 per
1730 2031 1866 2070 precium
1883 2033 2082 2067 conveniens,
2099 2043 2137 2062 ne
2151 2043 2207 2072 per

1300 2077 1378 2108 alios
1397 2085 1552 2118 emptores
1575 2079 1812 2109 devolverentur
1832 2090 1847 2109 a
1867 2081 1957 2110 nobis
1977 2087 2006 2110 et
2025 2082 2207 2111 devenirent

1301 2127 1339 2156 ad
1362 2137 1470 2157 manus
1489 2128 1630 2163 aliorum,
1650 2129 1780 2158 maxime
1797 2139 1864 2159 cum
1881 2140 1897 2158 a
1917 2129 2020 2170 longis
2038 2137 2068 2160 et
2085 2132 2205 2171 magnis

1304 2177 1465 2206 retroactis
1494 2177 1686 2216 temporibus
1715 2178 1799 2217 ipsas
1829 2178 1958 2208 locando
1982 2186 2204 2219 competentem

1300 2225 1482 2265 pensionem
1495 2232 1526 2256 et
1542 2226 1697 2256 saliarium
1711 2226 1860 2257 solvimus
1875 2237 1931 2267 pro
1947 2228 2073 2257 eisdem.

1339 2274 1414 2303 ltem
1441 2275 1596 2314 quomodo
1615 2274 1699 2315 juste
1726 2281 1756 2305 ct
1782 2275 1922 2311 honeste,
1952 2283 1985 2306 ut
2009 2277 2127 2307 scilicet
2148 2288 2205 2317 per

1297 2322 1375 2352 viam
1390 2323 1556 2359 saniorem,
1573 2324 1722 2354 rehabere
1735 2334 1897 2364 possemus
1908 2326 1946 2355 de
1959 2326 2087 2355 nacione
2099 2333 2202 2356 nostra

1297 2378 1460 2408 rectorem,
1478 2373 1548 2412 quia
1561 2383 1617 2412 per
1627 2373 1705 2403 duos
1717 2383 1815 2403 annos
1823 2373 1886 2413 jam
1898 2375 2021 2414 elapsos
2036 2375 2083 2404 vel
2096 2375 2201 2405 saltem

1295 2430 1353 2460 per
1367 2427 1485 2461 septem
1503 2421 1651 2451 rectorias
1665 2432 1788 2462 semper
1805 2429 1908 2452 rector
1921 2423 2036 2453 electus
2055 2425 2151 2454 suerat
2164 2426 2201 2454 de

1297 2469 1356 2499 alia
1370 2471 1510 2500 nacione.

1365 2577 1584 2608 Deliberata
1615 2577 1778 2619 ejusdem
1807 2579 2138 2619 congregacionis.

1336 2667 1453 2702 Primo.
1475 2668 1547 2707 quia
1568 2667 1674 2708 plures
1696 2669 1816 2698 articuli
1837 2669 1989 2709 propositi
2016 2671 2146 2705 fuerant,
2173 2677 2202 2700 et

1296 2726 1357 2746 non
1382 2722 1466 2746 esset
1491 2716 1578 2746 facile
1601 2717 1638 2746 de
1660 2717 1802 2746 omnibus
1820 2718 1909 2747 simul
1931 2719 2096 2753 discutere,
2123 2719 2202 2748 deli-

1295 2766 1432 2795 beratum
1446 2772 1513 2796 erat
1530 2766 1612 2806 quod
1630 2766 1661 2795 in
1681 2767 1818 2805 proxima
1839 2767 2008 2806 septimana
2030 2774 2101 2807 post
2121 2768 2200 2797 diem

1295 2814 1411 2844 mensis
1446 2815 1656 2855 supradictum
1695 2815 1781 2844 lieret
1815 2816 2023 2855 congregacio
2062 2817 2201 2846 nacionis

1296 2863 1434 2903 predicte
1446 2864 1483 2893 ad
1501 2863 1648 2893 maturius
1665 2863 1895 2893 deliberandum
1910 2875 2004 2904 super
2017 2865 2199 2904 quibusdam

1295 2912 1433 2942 articulis
1455 2911 1517 2951 jam
1548 2912 1712 2952 predictis,
1741 2919 1770 2942 et
1799 2913 1834 2941 ad
1864 2914 2056 2943 statuendum
2086 2914 2198 2954 aliqua,

1295 2960 1413 2991 scilicet
1431 2962 1468 2990 de
1487 2961 1592 2996 scolis,
1615 2962 1652 2991 ad
1669 2961 1841 2991 evitandum
1867 2962 1896 2991 in
1918 2969 2072 3002 posterum
2094 2963 2201 3003 brigas
