2632 3464
1895 6 1897 8 .
1959 0 2088 21 θ’-τνπςχῖ-Ϊςῆ-
2105 0 2139 22 Nm

431 446 481 471 439
973 438 1195 465 AUCTARIUM
1216 436 1475 464 CHARTULARII
1495 437 1668 464 UNIVERS.
1691 437 1808 464 PARIS.
2299 439 2352 465 44⁰

429 522 557 561 quedam
577 521 615 549 de
635 520 766 559 quodam
786 517 917 558 gardino
934 516 942 534 ⁴
972 521 1128 555 spectante
1148 515 1187 543 ad
1207 513 1332 553 provin-

429 572 505 600 ciam
523 570 631 599 Suecie
647 569 726 598 dicte
742 567 892 602 nacionis,
910 572 939 595 et
956 566 993 594 ad
1007 564 1192 594 audiendum
1204 572 1332 601 respon-

432 630 498 649 sum
507 620 544 648 de
557 619 661 648 eadem
668 617 806 646 nacione.
821 616 881 653 Qui
893 615 1016 654 quidem
1027 613 1175 652 magister
1185 611 1331 646 Thomas,

430 669 501 697 licet
516 678 573 707 pro
591 668 672 696 dicto
692 666 822 705 gardino
839 663 995 693 annuatim
1012 662 1095 691 XXX
1118 661 1210 690 solidi
1230 660 1333 689 solve-

430 724 547 752 rentur,
560 723 659 745 tamen
674 714 838 755 proposuit
856 723 888 742 se
903 712 982 742 velle
993 711 1104 740 XXXV
1117 710 1235 739 solidos
1252 709 1333 737 solu-

429 773 542 800 turum,
562 765 725 794 dummodo
744 763 803 792 sibi
824 767 970 801 perpetue
988 760 1152 793 locaretur,
1175 768 1211 787 eo
1229 757 1333 786 addito

430 815 511 854 quod
539 814 564 843 si
591 813 682 842 alium
709 812 808 840 locum
831 810 969 839 invenire
995 814 1103 848 posset
1125 806 1332 841 consimilem,

430 874 520 903 quem
540 863 675 892 traderet
694 860 865 890 scolaribus
883 859 963 887 dicte
986 857 1144 896 provincie
1164 855 1213 885 vel
1232 855 1333 884 nacio-

429 913 490 948 nis,
509 918 539 941 et
553 912 635 950 quod
650 910 708 939 hoc
726 915 821 938 staret
835 907 967 936 libertati
982 906 1149 935 eorundem
1168 904 1333 934 scolarium

430 968 460 990 et
486 960 624 989 nacionis
648 957 818 997 recipiendi
837 957 885 986 vel
906 966 968 984 non
992 954 1174 994 recipiendi.
1200 953 1250 982 Ad
1274 963 1333 992 que

430 1010 517 1039 nacio
538 1009 727 1037 deliberabat
750 1006 832 1046 quod
856 1005 994 1044 proxima
1015 1004 1064 1033 die
1092 1003 1245 1032 dominica
1273 1001 1333 1030 sibi

430 1067 614 1097 responsum
630 1058 716 1085 daret
738 1065 831 1094 super
848 1054 991 1083 hiisdem.

470 1107 544 1135 Item
566 1104 751 1144 supplicavit
774 1103 921 1143 magister
944 1102 1036 1141 Hugo
1057 1111 1114 1140 pro
1132 1099 1333 1139 reparacione

429 1155 513 1185 sedis
535 1155 566 1184 in
595 1154 688 1183 scolis
720 1153 796 1188 suis,
827 1159 856 1181 et
885 1161 1033 1181 concessa
1062 1151 1117 1179 suit
1143 1148 1334 1189 supplicacio

429 1211 581 1244 tamquam
599 1203 752 1242 rigorosa.

470 1254 544 1282 Item
568 1252 635 1281 XVa
660 1252 708 1280 die
731 1251 846 1280 mensis
864 1249 1001 1289 ejusdem
1017 1247 1197 1287 congregati
1212 1247 1335 1276 fuerunt

429 1303 502 1331 dicti
523 1307 704 1341 procurator
725 1306 754 1329 et
773 1299 909 1339 deputati
932 1298 1081 1333 nacionis,
1102 1297 1220 1326 scilicet
1239 1296 1334 1336 magi-

430 1358 493 1380 ster
515 1350 701 1380 Wilhelmus
724 1350 761 1378 de
781 1349 917 1383 Schotia,
938 1358 1018 1387 mag.
1042 1347 1236 1376 Hermannus
1257 1346 1334 1374 Bot-

429 1401 567 1434 tenbroc,
585 1399 731 1438 magister
746 1398 900 1426 Jordanus
916 1398 953 1426 de
973 1397 1082 1431 Clivis,
1097 1396 1244 1434 magister
1260 1394 1334 1423 Hin-

429 1450 511 1478 ricus
537 1449 574 1477 de
599 1448 713 1476 Theuis
742 1453 771 1476 et
797 1457 876 1476 unus
901 1447 939 1475 de
965 1446 1083 1475 Ordine
1111 1445 1277 1479 Minorum,
1306 1450 1336 1472 et

431 1498 553 1537 quidam
575 1497 652 1526 alius
673 1496 815 1525 dominus
842 1496 921 1524 dicte
948 1494 1125 1534 provincie,
1151 1494 1231 1522 inter
1255 1503 1334 1532 quos

430 1547 631 1576 deliberatum
663 1546 719 1574 fuit
748 1546 831 1584 quod
857 1546 970 1573 bonum
998 1550 1027 1572 et
1061 1543 1228 1582 expediens
1252 1548 1336 1570 esset

432 1596 516 1625 adire
535 1595 690 1624 dominum
705 1604 921 1633 possessorem
942 1593 1015 1622 dicti
1028 1591 1155 1631 jardini‚
1174 1598 1204 1620 et
1218 1601 1335 1630 propo-

431 1651 556 1674 neretur
573 1645 632 1673 sibi
647 1643 781 1672 intencio
796 1643 935 1671 nacionis
954 1648 984 1671 et
1001 1643 1038 1670 ad
1058 1641 1242 1670 audiendum
1260 1639 1335 1679 quid

431 1694 499 1733 ipse
515 1694 729 1732 responderet,
745 1699 907 1731 antequam
924 1691 1071 1731 magister
1086 1690 1220 1719 Thomas
1233 1689 1336 1718 adire-

432 1750 492 1772 tur.
510 1743 550 1771 Et
565 1742 655 1771 dictis
674 1748 875 1780 procuratore
891 1747 921 1769 et
938 1740 1092 1779 deputatis
1113 1739 1256 1768 euntibus
1276 1748 1336 1767 una

433 1802 499 1821 cum
517 1791 665 1830 magistro
679 1790 772 1819 Petro
788 1791 824 1818 de
838 1790 920 1819 Luca
935 1790 972 1818 ad
990 1790 1104 1818 dictum
1120 1797 1335 1827 possessorem

429 1840 543 1880 jardini
559 1840 759 1879 pulsaverunt
774 1840 811 1868 ad
826 1839 960 1868 hostium
972 1838 1082 1877 ipsius,
1097 1838 1150 1867 ubi
1167 1847 1229 1866 non
1244 1846 1336 1875 repe-

433 1890 552 1918 riebant
567 1889 697 1928 aliquem
713 1889 765 1928 qui
783 1888 827 1917 eis
843 1889 1058 1927 responderet.
1075 1887 1126 1916 Sic
1141 1886 1219 1926 ipsis
1234 1895 1336 1915 rever-

434 1939 477 1968 sis
500 1939 621 1967 iverunt
643 1939 680 1966 ad
702 1938 883 1976 magistrum
903 1937 1048 1966 Thomam
1075 1936 1245 1965 reserentes
1263 1935 1334 1970 sibi,

434 1988 586 2027 quomodo
599 1987 687 2015 nacio
703 1986 872 2026 Anglicana
887 1996 949 2015 non
964 1986 1096 2014 libenter
1112 1985 1206 2014 vellet
1220 1983 1337 2023 aliquid

433 2036 581 2075 incipere,
605 2036 665 2065 nisi
687 2037 799 2064 bonum
822 2036 912 2064 finem
935 2035 1110 2068 sortiretur,
1132 2040 1162 2062 et
1183 2033 1336 2072 quomodo

434 2086 522 2114 nacio
546 2084 646 2124 primo
668 2086 746 2114 bene
770 2084 863 2114 vellet
889 2084 994 2113 audire
1020 2092 1236 2123 possessorem
1263 2081 1337 2110 dicti

429 2134 557 2174 jardini,
569 2134 643 2173 quid
655 2143 749 2172 super
762 2133 822 2162 isto
838 2134 916 2162 facto
934 2133 1149 2172 responderet,
1162 2138 1192 2160 et
1206 2131 1338 2170 qualiter

436 2184 508 2212 dicti
527 2183 661 2222 deputati
678 2182 854 2222 pulsassent
872 2183 909 2211 ad
929 2182 1062 2211 hostium
1085 2181 1158 2210 dicti
1176 2190 1337 2220 possesso-

435 2233 489 2267 ris,
508 2239 538 2261 et
553 2232 655 2261 nullus
669 2231 714 2261 eis
733 2232 957 2270 respondisset.
977 2231 1016 2260 Et
1030 2237 1162 2270 protunc
1180 2230 1338 2269 supplica-

435 2283 509 2310 bant
526 2281 598 2310 dicti
617 2281 752 2320 deputati
775 2281 923 2320 magistro
943 2280 1070 2315 Thome,
1090 2280 1172 2319 quod
1190 2279 1339 2308 haberent

436 2330 616 2359 dilacionem
641 2340 801 2368 quousque
828 2330 941 2358 dictum
963 2339 1179 2368 possessorem
1199 2328 1338 2367 alloque-

436 2386 552 2408 rentur.
572 2379 610 2407 Et
625 2378 787 2417 respondit
807 2378 954 2417 magister
971 2378 1116 2412 Thomas,
1134 2378 1217 2416 quod
1235 2377 1338 2416 place-

436 2434 483 2456 ret
509 2427 579 2456 sibi.
615 2427 676 2456 Sed
718 2433 819 2456 tamen
853 2427 926 2456 dicti
961 2433 1155 2466 procurator,
1190 2426 1339 2465 magister

436 2476 591 2505 Johannes
606 2476 715 2505 Scotus
732 2482 761 2504 et
777 2476 827 2504 ille
845 2476 959 2511 Minor,
974 2476 1042 2504 aliis
1058 2476 1338 2504 retrovenientibus

437 2535 504 2554 cum
516 2525 662 2564 magistro
672 2525 798 2559 Thoma,
813 2525 933 2553 iverunt
943 2531 1156 2563 attemptantes
1173 2524 1199 2553 si
1211 2531 1340 2563 possent

438 2574 550 2602 intrare
574 2574 695 2602 domum
717 2573 789 2602 dicti
809 2574 1015 2612 possessoris.
1041 2573 1080 2602 Et
1098 2580 1261 2612 postquam
1287 2574 1338 2602 diu

437 2622 646 2660 pulsaverunt,
661 2622 747 2651 venit
763 2622 895 2651 clericus
913 2623 1037 2661 quidam
1053 2623 1090 2651 de
1108 2623 1198 2651 domo
1213 2632 1338 2661 posses-

439 2671 530 2705 soris,
555 2671 606 2710 qui
630 2671 792 2710 inquisivit
811 2671 884 2710 quid
909 2677 1060 2710 peterent.
1088 2670 1127 2700 Et
1151 2671 1263 2700 dictum
1285 2671 1340 2700 suit

439 2720 498 2747 sibi
512 2721 593 2758 quod
609 2720 667 2748 iret
682 2721 719 2748 ad
736 2720 891 2748 dominum
908 2730 1006 2755 suum,
1023 2726 1053 2748 et
1068 2720 1186 2749 diceret
1200 2721 1282 2759 quod
1296 2720 1338 2748 ibi

469 2802 492 2824 'l.
530 2802 580 2825 Vid.
595 2810 672 2833 =’upra
686 2811 711 2834 p.
727 2804 781 2830 429,
795 2804 826 2826 16
837 2811 892 2834 sqq.

469 2837 491 2860 2.
524 2838 552 2860 In
571 2838 683 2869 margine
702 2838 821 2861 scribitur
845 2838 946 2862 Dormit
966 2839 1076 2862 rotulus.
1097 2840 1192 2862 Revera
1213 2847 1263 2863 non
1288 2839 1340 2871 suit

439 2872 528 2895 missus
542 2873 594 2895 nisi
611 2881 678 2896 anno
696 2874 764 2897 1375.
782 2875 814 2897 Et
834 2873 935 2905 quidem
956 2874 1036 2905 April.
1055 2875 1070 2897 9
1086 2874 1170 2898 nuncii
1186 2875 1339 2898 Avenionem

438 2907 603 2934 intraverunt,
617 2908 701 2939 etjam
710 2909 751 2932 die
764 2910 971 2941 sequentipapae
979 2910 1139 2940 praesentati
1151 2913 1217 2938 sunt,
1232 2913 1258 2934 ut
1269 2910 1339 2942 infra

440 2942 476 2965 ad
488 2950 530 2965 an.
546 2943 610 2971 1375,
627 2944 708 2974 April.
723 2945 761 2972 30,
777 2945 937 2968 describitur.
956 2946 1004 2968 [ste
1014 2945 1111 2968 rotulus
1125 2953 1175 2968 non
1188 2948 1225 2968 est
1237 2954 1339 2970 conser-

441 2980 520 3001 vatus.
532 2978 582 3001 Sed
592 2979 616 3001 in
628 2980 686 3011 Heg.
698 2981 775 3003 Auen.
788 2980 902 3012 Gregorii
909 2982 946 3003 X!
954 2988 998 3003 an.
1007 2981 1028 3004 V
1040 2980 1121 3012 (1375)
1132 2983 1233 3005 esc-stant
1244 2981 1339 3005 multae

1371 958 1404 984 10

1372 1203 1405 1229 15

1372 1450 1405 1475 20

1373 1694 1406 1720 25

1373 1940 1407 1966 30

1375 2186 1408 2211 35

1376 2431 1409 2457 40

1376 2676 1409 2702 45

1443 519 1548 543 essent
1576 514 1712 553 deputati
1741 524 1758 543 a
1784 514 1912 543 nacione
1943 514 2126 554 Anglicana,
2165 521 2196 544 et
2227 515 2351 554 quidam

1443 563 1559 592 domini
1583 564 1621 592 de
1646 563 1770 598 Suecia,
1795 564 1847 603 qui
1871 563 1987 593 vellent
2015 563 2100 603 loqui
2122 573 2191 593 cum
2218 574 2265 593 eo.
2291 564 2351 602 Qui

1442 612 1565 651 quidem
1585 612 1716 642 clericus
1738 612 1802 647 ivit,
1825 619 1855 641 et
1875 623 2022 642 reversus
2046 613 2111 647 fuit,
2138 613 2245 642 dicens
2268 614 2352 652 quod

1441 661 1584 690 dominus
1601 671 1675 690 suus
1690 671 1753 691 non
1771 668 1854 691 esset
1872 661 1904 690 in
1922 668 2001 691 statu
2021 662 2060 690 ad
2076 661 2263 701 loquendum
2283 672 2351 691 cum

1441 709 1595 749 aliquibus
1606 716 1750 750 protunc.
1770 710 1810 739 Et
1827 711 1904 739 dixit
1917 711 2072 750 quomodo
2084 710 2215 740 dixisset
2226 711 2352 740 domino

1442 768 1498 788 suo
1519 759 1602 798 quod
1623 759 1665 788 ibi
1686 766 1791 788 essent
1810 759 1934 798 quidam
1956 759 2072 788 domini
2091 760 2128 788 de
2150 759 2259 788 Scocia
2273 759 2349 800 (sic).

1443 807 1525 837 Dicti
1545 808 1681 847 deputati
1697 808 1850 844 videntes,
1872 809 1955 848 quod
1976 808 2053 837 male
2073 808 2250 848 proposuit,
2270 809 2352 838 fece-

1442 863 1514 886 runt
1524 867 1592 886 eum
1602 857 1728 892 reverti,
1743 857 1927 886 sillabiando
1939 857 2033 886 sihis.
2051 868 2074 886 v.
2092 868 2118 892 e,
2137 858 2219 896 quod
2235 857 2353 887 diceret

1442 906 1566 935 domino
1592 916 1660 941 suo,
1682 907 1765 945 quod
1787 907 1830 935 ibi
1850 913 1955 935 essent
1972 906 2089 935 domini
2109 907 2147 935 de
2171 905 2291 935 Svecia.
2312 906 2352 935 Et

1442 964 1586 984 reversus
1606 955 1684 983 dixit
1705 955 1788 994 quod
1810 955 1952 984 dominus
1971 965 2046 984 suus
2064 965 2127 984 non
2144 961 2248 994 potest
2265 954 2351 995 loqui

1441 1013 1508 1032 cum
1525 1004 1580 1033 eis.
1597 1003 1636 1033 Et
1653 1010 1725 1033 tunc
1735 1004 1809 1033 dicti
1822 1010 2006 1043 procurator
2021 1010 2051 1033 et
2065 1004 2116 1033 alii
2130 1005 2296 1033 redeuntes
2313 1004 2352 1033 ad

1442 1054 1565 1082 domum
1591 1053 1731 1092 magistri
1757 1052 1884 1087 Thome,
1910 1053 2081 1082 referentes
2111 1053 2153 1082 ita
2182 1059 2215 1082 ut
2245 1063 2350 1092 supra,

1441 1107 1582 1141 petentes
1597 1112 1614 1130 a
1628 1102 1776 1141 magistro
1789 1101 1906 1130 Thoma
1917 1102 2000 1141 quod
2010 1101 2160 1131 haberent
2170 1101 2352 1131 dilacionem

1442 1151 1480 1179 ad
1492 1151 1688 1180 referendum
1703 1150 1836 1185 nacioni,
1854 1157 1884 1180 et
1895 1151 1927 1179 in
1943 1151 2030 1180 brevi
2043 1161 2138 1190 super
2150 1150 2211 1180 hiis
2228 1151 2288 1180 sibi
2303 1160 2351 1179 re-

1443 1201 1644 1239 sponderent.
1687 1199 1746 1237 Qui
1774 1199 1897 1238 quidem
1927 1200 2074 1239 magister
2106 1199 2239 1228 Thomas
2274 1200 2352 1228 bene

1442 1249 1539 1279 voluit
1554 1249 1622 1284 hoe,
1640 1255 1669 1278 et
1682 1249 1838 1278 concessit
1850 1255 1880 1278 et
1896 1249 2023 1278 tradidit
2041 1249 2192 1288 quandam
2211 1248 2349 1278 cedulam

1443 1298 1601 1327 collectam
1621 1308 1677 1337 per
1699 1308 1767 1327 eum
1790 1308 1884 1337 super
1908 1298 2117 1327 convencione
2142 1297 2215 1326 dicti
2240 1297 2353 1336 jar-dini

1445 1347 1515 1387 (Fol.
1531 1349 1569 1377 38
1577 1346 1601 1387 ¹³)
1613 1348 1650 1376 ad
1662 1348 1898 1386 presentandam
1912 1356 1977 1375 eam
1989 1347 2121 1381 nacioni,
2136 1347 2174 1375 ad
2192 1346 2353 1386 corrigen-

1444 1396 1943 1432 dum,emendandum,addendum
1950 1395 1999 1425 vel
2009 1395 2354 1434 subtrahendum,quid-

1444 1446 1518 1485 quid
1528 1445 1716 1485 superfluum
1726 1445 1775 1475 vel
1785 1445 1967 1473 diminutum
1977 1444 2225 1474 continereturin
2235 1444 2351 1473 eadem.

1484 1495 1559 1524 Item
1580 1495 1654 1524 facta
1679 1494 1924 1534 congregacione
1949 1494 2029 1532 apud
2053 1493 2197 1522 Sanctum
2224 1493 2354 1522 Maturi-

1443 1554 1515 1573 num
1539 1544 1570 1572 in
1597 1543 1707 1583 primis
1736 1543 1849 1573 Nostre
1873 1542 2015 1578 Domine,
2042 1541 2142 1571 XVII³
2163 1542 2212 1571 die
2235 1542 2351 1572 mensis

1443 1593 1591 1628 Januarii,
1620 1602 1715 1632 super
1750 1592 1850 1622 tribus
1882 1591 2032 1627 articulis,
2068 1591 2189 1631 primus
2225 1591 2281 1620 fuit
2315 1591 2354 1620 ad

1444 1643 1628 1672 audiendum
1646 1648 1676 1671 et
1691 1642 1887 1670 referendum
1908 1646 1974 1669 acta
1994 1650 2052 1680 per
2070 1646 2304 1680 procuratorem
2324 1646 2355 1669 et

1444 1692 1606 1730 deputatos
1631 1691 1769 1719 nacionis
1795 1690 1978 1729 Anglicane,
2007 1695 2037 1718 et
2068 1689 2199 1728 qualiter
2225 1689 2352 1718 ulterius

1444 1747 1528 1770 esset
1546 1740 1776 1780 procedendum
1795 1749 1890 1778 super
1909 1739 2041 1778 quodam
2055 1737 2180 1777 jardino
2192 1738 2304 1767 situato
2321 1738 2354 1767 in

1444 1790 1513 1819 vico
1537 1789 1697 1828 Serpentis
1723 1794 1880 1828 spectante
1903 1788 1940 1816 ad
1962 1787 2151 1826 provinciam
2173 1787 2292 1816 Suecie.
2314 1786 2354 1816 Et

1444 1839 1501 1867 suit
1521 1838 1648 1867 relatum
1678 1838 1716 1867 de
1735 1838 1831 1867 verbo
1855 1837 1892 1865 ad
1913 1837 2054 1871 verbum,
2076 1842 2170 1875 prout
2191 1846 2287 1875 supra
2315 1845 2353 1865 ex

1447 1887 1506 1916 alio
1523 1887 1618 1916 latere
1636 1886 1823 1916 continetur.
1842 1885 1962 1922 Quibus
1975 1885 2080 1914 relatis
2098 1890 2128 1914 et
2144 1884 2257 1914 auditis
2273 1884 2353 1914 deli-

1444 1937 1583 1965 beratum
1597 1936 1663 1972 fuit,
1683 1936 1768 1975 quod
1783 1935 1889 1964 cedule
1908 1934 2158 1974 protunc-oblate
2177 1934 2209 1963 in
2224 1933 2353 1963 nacione

1444 1992 1642 2025 portarentur
1656 1995 1714 2024 per
1731 1986 1893 2024 deputatos
1908 1985 1946 2012 ad
1964 1983 2096 2022 aliquem
2113 1989 2284 2022 expertum,
2299 1982 2353 2022 qui

1446 2041 1588 2064 contenta
1606 2035 1638 2063 in
1660 2034 1750 2063 dictis
1774 2033 1891 2062 cedulis
1914 2033 1946 2061 in
1967 2033 2048 2061 bona
2069 2038 2098 2061 et
2120 2032 2223 2061 debita
2244 2033 2351 2067 forma,

1446 2090 1546 2113 tamen
1571 2084 1627 2112 sub
1657 2083 1803 2122 expensis
1828 2082 1908 2111 dicte
1931 2081 2102 2121 provincie,
2126 2081 2297 2120 redigeret,
2324 2086 2354 2109 et

1447 2134 1530 2172 quod
1545 2132 1674 2162 ulterius
1689 2138 1873 2171 procurator
1889 2137 1918 2160 et
1930 2130 2067 2170 deputati
2081 2130 2260 2159 ordinarent
2274 2129 2354 2158 sicut

1447 2182 1491 2211 eis
1514 2182 1673 2211 videretur
1695 2181 1841 2220 expedire
1865 2181 1903 2209 ad
1925 2179 2074 2208 honorem
2096 2178 2225 2208 ecclesie
2250 2177 2353 2217 Upsa-

1446 2231 1553 2260 lensis.
1585 2231 1625 2260 Et
1653 2229 1789 2269 deputati
1821 2230 1943 2258 fuerunt
1969 2228 2116 2267 magister
2143 2227 2350 2266 G[uillelmus]

1448 2280 1571 2315 Scotus,
1601 2279 1748 2318 magister
1788 2277 1959 2312 Mercilius,
2003 2277 2150 2316 magister
2195 2275 2352 2304 Johannes

1446 2328 1617 2368 Langhals,
1640 2328 1794 2357 Jordanus
1818 2328 1855 2356 de
1885 2326 1998 2361 Clivis,
2029 2325 2176 2365 magister
2198 2324 2352 2354 Henricus

1448 2379 1484 2406 de
1500 2378 1627 2406 Thenis.
1644 2377 1683 2406 Et
1696 2376 1754 2405 hoc
1769 2377 1807 2405 de
1825 2376 1896 2405 isto.

1488 2426 1649 2456 Secundus
1663 2425 1811 2455 articulus
1825 2425 1880 2454 fuit
1893 2425 1930 2453 ad
1941 2423 2115 2463 eligendum
2129 2422 2352 2451 examinatores

1447 2475 1718 2504 determinancium
1737 2480 1767 2503 et
1786 2473 2028 2502 bachalariorum
2043 2471 2303 2500 licenciandorum
2321 2470 2353 2499 in

1449 2524 1560 2553 Sancta
1575 2523 1731 2553 Genesesa.
1753 2522 1851 2552 Electi
1869 2522 1991 2550 fuerunt
2009 2521 2232 2550 examinatores
2247 2520 2351 2548 deter—

1447 2573 1632 2602 minancium
1654 2572 1802 2612 magister
1822 2570 1992 2604 Mercilius,
2014 2569 2162 2608 magister
2183 2569 2350 2603 Jordanus,

1448 2623 1596 2662 magister
1611 2621 1745 2650 Thomas
1759 2621 1797 2649 de
1814 2619 1911 2649 Clivis
1921 2618 1945 2647 ².

1487 2673 1532 2700 3¹¹⁵
1558 2670 1704 2700 articulus
1731 2670 1787 2698 fuit
1814 2669 1851 2697 ad
1883 2667 2129 2706 supplicandum.
2162 2665 2354 2705 Supplicavit

1447 2720 1595 2760 magister
1614 2718 1802 2748 Wilhelmus
1820 2717 2001 2755 Wadenoy,
2024 2715 2171 2754 magister
2194 2714 2353 2744 Walterus

1448 2803 1570 2835 epistolae
1584 2811 1634 2834 pro
1650 2801 1780 2834 magistris
1799 2799 1893 2829 Paris„
1913 2802 1938 2823 et
1955 2799 1981 2822 in
2002 2799 2119 2823 Chartul.
2148 2803 2176 2822 η’
2193 2798 2254 2821 1404
2270 2799 2354 2821 exstat

1447 2839 1577 2863 renovatio
1587 2837 1715 2870 privilegii
1726 2835 1883 2868 septennalis
1897 2843 1939 2859 an.
1952 2836 2021 2863 1375,
2039 2834 2111 2858 lunii
2124 2834 2162 2857 22.
2181 2832 2355 2857 Verisimile'ter·

1447 2875 1492 2898 sub
1504 2874 1552 2897 hac
1563 2873 1682 2904 temporie
1696 2875 1758 2896 nota
1770 2871 1868 2895 rotulus
1884 2871 2001 2902 signatus
2015 2872 2062 2893 eat.
2078 2869 2149 2893 Idem
2163 2869 2195 2892 de
2211 2867 2294 2893 rotulo
2309 2867 2354 2891 illo

1448 2912 1524 2941 atque
1534 2909 1566 2932 de
1576 2908 1659 2932 rotulo
1670 2916 1713 2932 an.
1725 2908 1785 2931 1383
1794 2908 1884 2935 evenzt,
1894 2906 1966 2938 cujus
1977 2905 2058 2928 nichil
2068 2905 2104 2928 ad
2118 2913 2164 2928 nos
2172 2904 2288 2936 pervenit
2303 2903 2356 2926 nini

1447 2945 1608 2976 confirmatio
1623 2943 1792 2976 quorumdam
1804 2942 2004 2975 privilegiorum.
2028 2941 2082 2965 Vid.
2100 2940 2218 2965 Chnrtul.
2235 2940 2280 2968 111,
2299 2942 2353 2963 not.

1448 2981 1484 3004 ad
1496 2987 1551 3004 num
1562 2981 1631 3003 1474.
