<?xml version="1.0" encoding="UTF-8"?>
<!DOCTYPE html PUBLIC "-//W3C//DTD XHTML 1.0 Transitional//EN"
    "http://www.w3.org/TR/xhtml1/DTD/xhtml1-transitional.dtd">
<html xmlns="http://www.w3.org/1999/xhtml" xml:lang="en" lang="en">
 <head>
  <title>
</title>
<meta http-equiv="Content-Type" content="text/html;charset=utf-8" />
  <meta name='ocr-system' content='tesseract 3.04.00' />
  <meta name='ocr-capabilities' content='ocr_page ocr_carea ocr_par ocr_line ocrx_word'/>
</head>
<body>
  <div class='ocr_page' id='page_1' title='image "auctariumchartul01univuoft_0303.png"; bbox 0 0 2632 3464; ppageno 0'>
   <div class='ocr_carea' id='block_1_1' title="bbox 0 0 119 3464">
    <p class='ocr_par' dir='ltr' id='par_1_1' title="bbox 0 0 119 3464">
     <span class='ocr_line' id='line_1_1' title="bbox 0 0 119 3464; baseline 0 0"><span class='ocrx_word' id='word_1_1' title='bbox 0 0 119 3464; x_wconf 95' lang='lat' dir='ltr'><strong> </strong></span> 
     </span>
    </p>
   </div>
   <div class='ocr_carea' id='block_1_2' title="bbox 617 0 2091 41">
    <p class='ocr_par' dir='ltr' id='par_1_2' title="bbox 617 0 2091 41">
     <span class='ocr_line' id='line_1_2' title="bbox 617 0 2091 29; baseline -0.001 -13"><span class='ocrx_word' id='word_1_2' title='bbox 617 20 623 29; x_wconf 45' lang='grc' dir='ltr'><strong><em>ι</em></strong></span> <span class='ocrx_word' id='word_1_3' title='bbox 679 2 696 16; x_wconf 57' lang='grc' dir='ltr'><strong>η.</strong></span> <span class='ocrx_word' id='word_1_4' title='bbox 753 24 755 27; x_wconf 28' lang='grc' dir='ltr'>ι</span> <span class='ocrx_word' id='word_1_5' title='bbox 775 0 1276 26; x_wconf 24' lang='lat' dir='ltr'><strong>WrgurtfflQOQTm«xvv-segg&amp;</strong></span> <span class='ocrx_word' id='word_1_6' title='bbox 1290 0 1415 24; x_wconf 59' lang='lat' dir='ltr'><strong>‘³&#39;‘·«,¹„·-,5⁷ffx†j</strong></span> <span class='ocrx_word' id='word_1_7' title='bbox 1598 2 1606 7; x_wconf 39' lang='grc' dir='ltr'>υ</span> <span class='ocrx_word' id='word_1_8' title='bbox 1646 0 1648 2; x_wconf 94' lang='grc'><em>·</em></span> <span class='ocrx_word' id='word_1_9' title='bbox 1690 0 1695 3; x_wconf 64' lang='grc'>’</span> <span class='ocrx_word' id='word_1_10' title='bbox 1727 0 1741 7; x_wconf 34' lang='grc' dir='ltr'><strong>ν·</strong></span> <span class='ocrx_word' id='word_1_11' title='bbox 1757 0 1761 6; x_wconf 61' lang='lat'><em>¹</em></span> <span class='ocrx_word' id='word_1_12' title='bbox 1850 0 1889 5; x_wconf 57' lang='lat'><em>³</em></span> <span class='ocrx_word' id='word_1_13' title='bbox 1906 0 1910 3; x_wconf 53' lang='lat'>¹</span> <span class='ocrx_word' id='word_1_14' title='bbox 1936 0 1958 6; x_wconf 62' lang='lat'><strong>&gt;-</strong></span> <span class='ocrx_word' id='word_1_15' title='bbox 1985 3 1988 6; x_wconf 83' lang='grc'><em>·</em></span> <span class='ocrx_word' id='word_1_16' title='bbox 2026 3 2029 5; x_wconf 90' lang='grc'>-</span> <span class='ocrx_word' id='word_1_17' title='bbox 2070 2 2091 5; x_wconf 38' lang='grc'><strong>’-</strong></span> 
     </span>
     <span class='ocr_line' id='line_1_3' title="bbox 644 23 1255 41; baseline 0.007 -8"><span class='ocrx_word' id='word_1_18' title='bbox 644 31 647 38; x_wconf 76' lang='lat'><strong>,</strong></span> <span class='ocrx_word' id='word_1_19' title='bbox 718 28 742 41; x_wconf 63' lang='lat' dir='ltr'><strong>r‘*</strong></span> <span class='ocrx_word' id='word_1_20' title='bbox 769 30 773 31; x_wconf 27' lang='grc' dir='ltr'><em>γ</em></span> <span class='ocrx_word' id='word_1_21' title='bbox 851 23 989 41; x_wconf 37' lang='grc' dir='ltr'><strong>,-’,,,,”ι,</strong></span> <span class='ocrx_word' id='word_1_22' title='bbox 1017 23 1020 25; x_wconf 70' lang='grc'>“</span> <span class='ocrx_word' id='word_1_23' title='bbox 1052 28 1066 35; x_wconf 44' lang='lat'><strong>‚⁷</strong></span> <span class='ocrx_word' id='word_1_24' title='bbox 1182 33 1184 36; x_wconf 84' lang='lat'>.</span> <span class='ocrx_word' id='word_1_25' title='bbox 1249 29 1255 32; x_wconf 86' lang='lat'><strong>·</strong></span> 
     </span>
    </p>
   </div>
   <div class='ocr_carea' id='block_1_3' title="bbox 291 439 349 474">
    <p class='ocr_par' dir='ltr' id='par_1_3' title="bbox 291 439 349 474">
     <span class='ocr_line' id='line_1_4' title="bbox 291 439 349 474; baseline 0.017 -8"><span class='ocrx_word' id='word_1_26' title='bbox 291 439 349 474; x_wconf 71' lang='lat'><strong>42⁹</strong></span> 
     </span>
    </p>
   </div>
   <div class='ocr_carea' id='block_1_4' title="bbox 284 514 1212 2809">
    <p class='ocr_par' dir='ltr' id='par_1_4' title="bbox 291 514 1208 1240">
     <span class='ocr_line' id='line_1_5' title="bbox 294 514 1204 556; baseline -0.004 -10"><span class='ocrx_word' id='word_1_27' title='bbox 294 522 499 556; x_wconf 80' lang='lat' dir='ltr'><strong>procuratore</strong></span> <span class='ocrx_word' id='word_1_28' title='bbox 515 522 546 545; x_wconf 93' lang='lat' dir='ltr'><strong>et</strong></span> <span class='ocrx_word' id='word_1_29' title='bbox 566 516 733 556; x_wconf 87' lang='lat' dir='ltr'><strong>deputatis,</strong></span> <span class='ocrx_word' id='word_1_30' title='bbox 751 522 781 546; x_wconf 92' lang='lat' dir='ltr'><strong>et</strong></span> <span class='ocrx_word' id='word_1_31' title='bbox 799 516 838 545; x_wconf 90' lang='lat' dir='ltr'><strong>ad</strong></span> <span class='ocrx_word' id='word_1_32' title='bbox 853 515 1035 545; x_wconf 88' lang='lat' dir='ltr'><strong>audiendam</strong></span> <span class='ocrx_word' id='word_1_33' title='bbox 1055 514 1204 543; x_wconf 81' lang='lat' dir='ltr'><strong>informa-</strong></span> 
     </span>
     <span class='ocr_line' id='line_1_6' title="bbox 291 561 1202 604; baseline -0.003 -10"><span class='ocrx_word' id='word_1_34' title='bbox 291 565 416 594; x_wconf 83' lang='lat' dir='ltr'><strong>cionem</strong></span> <span class='ocrx_word' id='word_1_35' title='bbox 431 565 469 594; x_wconf 88' lang='lat' dir='ltr'><strong>de</strong></span> <span class='ocrx_word' id='word_1_36' title='bbox 485 565 564 594; x_wconf 80' lang='lat' dir='ltr'><strong>facto</strong></span> <span class='ocrx_word' id='word_1_37' title='bbox 579 574 638 604; x_wconf 89' lang='lat' dir='ltr'><strong>pro</strong></span> <span class='ocrx_word' id='word_1_38' title='bbox 653 575 717 604; x_wconf 88' lang='lat' dir='ltr'><strong>quo</strong></span> <span class='ocrx_word' id='word_1_39' title='bbox 731 564 840 594; x_wconf 91' lang='lat' dir='ltr'><strong>citacio</strong></span> <span class='ocrx_word' id='word_1_40' title='bbox 858 564 914 593; x_wconf 82' lang='lat' dir='ltr'><strong>fuit</strong></span> <span class='ocrx_word' id='word_1_41' title='bbox 929 564 1016 598; x_wconf 78' lang='lat' dir='ltr'><strong>facta,</strong></span> <span class='ocrx_word' id='word_1_42' title='bbox 1032 569 1062 592; x_wconf 87' lang='lat' dir='ltr'><strong>et</strong></span> <span class='ocrx_word' id='word_1_43' title='bbox 1073 563 1111 592; x_wconf 91' lang='lat' dir='ltr'><strong>ad</strong></span> <span class='ocrx_word' id='word_1_44' title='bbox 1129 561 1202 591; x_wconf 89' lang='lat' dir='ltr'><strong>deli-</strong></span> 
     </span>
     <span class='ocr_line' id='line_1_7' title="bbox 295 611 1203 654; baseline -0.004 -11"><span class='ocrx_word' id='word_1_45' title='bbox 295 614 466 643; x_wconf 84' lang='lat' dir='ltr'><strong>berandum</strong></span> <span class='ocrx_word' id='word_1_46' title='bbox 487 614 525 643; x_wconf 93' lang='lat' dir='ltr'><strong>de</strong></span> <span class='ocrx_word' id='word_1_47' title='bbox 546 615 638 643; x_wconf 88' lang='lat' dir='ltr'><strong>modo</strong></span> <span class='ocrx_word' id='word_1_48' title='bbox 653 613 842 654; x_wconf 86' lang='lat' dir='ltr'><strong>procedendi</strong></span> <span class='ocrx_word' id='word_1_49' title='bbox 863 612 993 642; x_wconf 88' lang='lat' dir='ltr'><strong>ulterius</strong></span> <span class='ocrx_word' id='word_1_50' title='bbox 1013 611 1096 641; x_wconf 84' lang='lat' dir='ltr'><strong>circa</strong></span> <span class='ocrx_word' id='word_1_51' title='bbox 1115 611 1203 640; x_wconf 85' lang='lat' dir='ltr'><strong>istam</strong></span> 
     </span>
     <span class='ocr_line' id='line_1_8' title="bbox 291 659 1205 702; baseline -0.004 -10"><span class='ocrx_word' id='word_1_52' title='bbox 291 662 407 691; x_wconf 75' lang='lat' dir='ltr'><strong>dictam</strong></span> <span class='ocrx_word' id='word_1_53' title='bbox 423 662 616 698; x_wconf 84' lang='lat' dir='ltr'><strong>citacionem,</strong></span> <span class='ocrx_word' id='word_1_54' title='bbox 637 662 739 702; x_wconf 84' lang='lat' dir='ltr'><strong>quoad</strong></span> <span class='ocrx_word' id='word_1_55' title='bbox 753 661 885 701; x_wconf 89' lang='lat' dir='ltr'><strong>primum</strong></span> <span class='ocrx_word' id='word_1_56' title='bbox 908 661 964 690; x_wconf 84' lang='lat' dir='ltr'><strong>suit</strong></span> <span class='ocrx_word' id='word_1_57' title='bbox 978 659 1172 700; x_wconf 89' lang='lat' dir='ltr'><strong>propositum</strong></span> <span class='ocrx_word' id='word_1_58' title='bbox 1188 669 1205 688; x_wconf 88' lang='lat' dir='ltr'><strong>a</strong></span> 
     </span>
     <span class='ocr_line' id='line_1_9' title="bbox 294 710 1206 751; baseline -0.002 -11"><span class='ocrx_word' id='word_1_59' title='bbox 294 717 498 751; x_wconf 80' lang='lat' dir='ltr'><strong>procuratore</strong></span> <span class='ocrx_word' id='word_1_60' title='bbox 521 711 677 751; x_wconf 88' lang='lat' dir='ltr'><strong>quomodo</strong></span> <span class='ocrx_word' id='word_1_61' title='bbox 691 710 760 751; x_wconf 87' lang='lat' dir='ltr'><strong>ipse</strong></span> <span class='ocrx_word' id='word_1_62' title='bbox 782 710 892 740; x_wconf 75' lang='lat' dir='ltr'><strong>fuisset</strong></span> <span class='ocrx_word' id='word_1_63' title='bbox 909 720 978 739; x_wconf 90' lang='lat' dir='ltr'><strong>cum</strong></span> <span class='ocrx_word' id='word_1_64' title='bbox 995 720 1058 739; x_wconf 91' lang='lat' dir='ltr'><strong>uno</strong></span> <span class='ocrx_word' id='word_1_65' title='bbox 1075 710 1206 748; x_wconf 88' lang='lat' dir='ltr'><strong>deputa-</strong></span> 
     </span>
     <span class='ocr_line' id='line_1_10' title="bbox 294 758 1205 798; baseline -0.003 -8"><span class='ocrx_word' id='word_1_66' title='bbox 294 766 397 790; x_wconf 87' lang='lat' dir='ltr'><strong>torum</strong></span> <span class='ocrx_word' id='word_1_67' title='bbox 416 767 447 790; x_wconf 89' lang='lat' dir='ltr'><strong>et</strong></span> <span class='ocrx_word' id='word_1_68' title='bbox 466 760 588 790; x_wconf 89' lang='lat' dir='ltr'><strong>bedello</strong></span> <span class='ocrx_word' id='word_1_69' title='bbox 608 759 748 790; x_wconf 82' lang='lat' dir='ltr'>nacionis</span> <span class='ocrx_word' id='word_1_70' title='bbox 774 760 805 789; x_wconf 90' lang='lat' dir='ltr'><strong>in</strong></span> <span class='ocrx_word' id='word_1_71' title='bbox 827 759 996 794; x_wconf 82' lang='lat' dir='ltr'><strong>castelleto,</strong></span> <span class='ocrx_word' id='word_1_72' title='bbox 1021 759 1093 798; x_wconf 89' lang='lat' dir='ltr'><strong>quia</strong></span> <span class='ocrx_word' id='word_1_73' title='bbox 1113 758 1205 787; x_wconf 90' lang='lat' dir='ltr'><strong>alium</strong></span> 
     </span>
     <span class='ocr_line' id='line_1_11' title="bbox 292 807 1206 848; baseline -0.003 -9"><span class='ocrx_word' id='word_1_74' title='bbox 292 809 474 848; x_wconf 83' lang='lat' dir='ltr'><strong>deputatum</strong></span> <span class='ocrx_word' id='word_1_75' title='bbox 498 809 611 839; x_wconf 86' lang='lat' dir='ltr'><strong>habere</strong></span> <span class='ocrx_word' id='word_1_76' title='bbox 640 815 771 848; x_wconf 86' lang='lat' dir='ltr'><strong>protunc</strong></span> <span class='ocrx_word' id='word_1_77' title='bbox 805 818 869 837; x_wconf 89' lang='lat' dir='ltr'><strong>non·</strong></span> <span class='ocrx_word' id='word_1_78' title='bbox 894 807 1003 848; x_wconf 88' lang='lat' dir='ltr'><strong>potuit.</strong></span> <span class='ocrx_word' id='word_1_79' title='bbox 1034 807 1095 845; x_wconf 91' lang='lat' dir='ltr'><strong>Qui</strong></span> <span class='ocrx_word' id='word_1_80' title='bbox 1119 807 1206 837; x_wconf 88' lang='lat' dir='ltr'><strong>inve-</strong></span> 
     </span>
     <span class='ocr_line' id='line_1_12' title="bbox 296 855 1206 898; baseline -0.004 -10"><span class='ocrx_word' id='word_1_81' title='bbox 296 858 418 888; x_wconf 87' lang='lat' dir='ltr'><strong>nientes</strong></span> <span class='ocrx_word' id='word_1_82' title='bbox 438 857 661 888; x_wconf 85' lang='lat' dir='ltr'><strong>vicetenentem</strong></span> <span class='ocrx_word' id='word_1_83' title='bbox 681 858 798 887; x_wconf 86' lang='lat' dir='ltr'><strong>domini</strong></span> <span class='ocrx_word' id='word_1_84' title='bbox 818 857 968 897; x_wconf 85' lang='lat' dir='ltr'><strong>prepositi</strong></span> <span class='ocrx_word' id='word_1_85' title='bbox 986 867 1044 898; x_wconf 88' lang='lat' dir='ltr'><strong>pro</strong></span> <span class='ocrx_word' id='word_1_86' title='bbox 1059 855 1206 886; x_wconf 85' lang='lat' dir='ltr'><strong>tribunali</strong></span> 
     </span>
     <span class='ocr_line' id='line_1_13' title="bbox 296 905 1206 947; baseline -0.003 -10"><span class='ocrx_word' id='word_1_87' title='bbox 296 908 468 943; x_wconf 80' lang='lat' dir='ltr'>sedentem,</span> <span class='ocrx_word' id='word_1_88' title='bbox 487 916 578 947; x_wconf 87' lang='lat' dir='ltr'><strong>quem</strong></span> <span class='ocrx_word' id='word_1_89' title='bbox 602 913 801 936; x_wconf 87' lang='lat' dir='ltr'><strong>accesserunt</strong></span> <span class='ocrx_word' id='word_1_90' title='bbox 819 913 959 947; x_wconf 86' lang='lat' dir='ltr'><strong>petentes</strong></span> <span class='ocrx_word' id='word_1_91' title='bbox 978 916 1072 946; x_wconf 87' lang='lat' dir='ltr'><strong>quare</strong></span> <span class='ocrx_word' id='word_1_92' title='bbox 1096 905 1206 934; x_wconf 88' lang='lat' dir='ltr'><strong>citatus</strong></span> 
     </span>
     <span class='ocr_line' id='line_1_14' title="bbox 297 954 1207 996; baseline -0.004 -10"><span class='ocrx_word' id='word_1_93' title='bbox 297 962 571 996; x_wconf 86' lang='lat' dir='ltr'><strong>essetprocurator</strong></span> <span class='ocrx_word' id='word_1_94' title='bbox 585 955 725 986; x_wconf 89' lang='lat' dir='ltr'><strong>nacionis</strong></span> <span class='ocrx_word' id='word_1_95' title='bbox 735 955 917 996; x_wconf 84' lang='lat' dir='ltr'><strong>Anglicane.</strong></span> <span class='ocrx_word' id='word_1_96' title='bbox 932 955 1109 995; x_wconf 86' lang='lat' dir='ltr'><strong>Respondit</strong></span> <span class='ocrx_word' id='word_1_97' title='bbox 1123 954 1207 994; x_wconf 90' lang='lat' dir='ltr'><strong>quod</strong></span> 
     </span>
     <span class='ocr_line' id='line_1_15' title="bbox 291 1004 1206 1045; baseline -0.002 -11"><span class='ocrx_word' id='word_1_98' title='bbox 291 1005 446 1034; x_wconf 78' lang='lat' dir='ltr'><strong>deberent</strong></span> <span class='ocrx_word' id='word_1_99' title='bbox 458 1005 546 1044; x_wconf 91' lang='lat' dir='ltr'><strong>prius</strong></span> <span class='ocrx_word' id='word_1_100' title='bbox 553 1014 664 1045; x_wconf 85' lang='lat' dir='ltr'>capere</span> <span class='ocrx_word' id='word_1_101' title='bbox 677 1005 856 1034; x_wconf 86' lang='lat' dir='ltr'><strong>advocatum</strong></span> <span class='ocrx_word' id='word_1_102' title='bbox 868 1004 951 1034; x_wconf 87' lang='lat' dir='ltr'><strong>illius</strong></span> <span class='ocrx_word' id='word_1_103' title='bbox 967 1005 1051 1034; x_wconf 90' lang='lat' dir='ltr'><strong>curie</strong></span> <span class='ocrx_word' id='word_1_104' title='bbox 1063 1010 1093 1033; x_wconf 88' lang='lat' dir='ltr'><strong>et</strong></span> <span class='ocrx_word' id='word_1_105' title='bbox 1105 1013 1161 1043; x_wconf 86' lang='lat' dir='ltr'><strong>per</strong></span> <span class='ocrx_word' id='word_1_106' title='bbox 1171 1013 1206 1033; x_wconf 86' lang='lat' dir='ltr'><strong>os</strong></span> 
     </span>
     <span class='ocr_line' id='line_1_16' title="bbox 297 1053 1208 1093; baseline -0.002 -10"><span class='ocrx_word' id='word_1_107' title='bbox 297 1053 381 1083; x_wconf 84' lang='lat' dir='ltr'><strong>illius</strong></span> <span class='ocrx_word' id='word_1_108' title='bbox 403 1054 482 1083; x_wconf 85' lang='lat' dir='ltr'><strong>sacta</strong></span> <span class='ocrx_word' id='word_1_109' title='bbox 510 1063 566 1083; x_wconf 84' lang='lat' dir='ltr'><strong>sua</strong></span> <span class='ocrx_word' id='word_1_110' title='bbox 592 1063 778 1093; x_wconf 83' lang='lat' dir='ltr'><strong>proponere.</strong></span> <span class='ocrx_word' id='word_1_111' title='bbox 801 1053 841 1083; x_wconf 87' lang='lat' dir='ltr'><strong>Et</strong></span> <span class='ocrx_word' id='word_1_112' title='bbox 864 1053 937 1093; x_wconf 88' lang='lat' dir='ltr'><strong>quia</strong></span> <span class='ocrx_word' id='word_1_113' title='bbox 968 1053 1011 1082; x_wconf 92' lang='lat' dir='ltr'><strong>nil</strong></span> <span class='ocrx_word' id='word_1_114' title='bbox 1035 1053 1208 1082; x_wconf 87' lang='lat' dir='ltr'><strong>habuerunt</strong></span> 
     </span>
     <span class='ocr_line' id='line_1_17' title="bbox 294 1101 1207 1142; baseline -0.002 -10"><span class='ocrx_word' id='word_1_115' title='bbox 294 1103 396 1142; x_wconf 86' lang='lat' dir='ltr'><strong>quoad</strong></span> <span class='ocrx_word' id='word_1_116' title='bbox 412 1102 470 1132; x_wconf 90' lang='lat' dir='ltr'><strong>hoc</strong></span> <span class='ocrx_word' id='word_1_117' title='bbox 492 1112 510 1131; x_wconf 90' lang='lat' dir='ltr'><strong>a</strong></span> <span class='ocrx_word' id='word_1_118' title='bbox 530 1102 660 1132; x_wconf 83' lang='lat' dir='ltr'><strong>nacione</strong></span> <span class='ocrx_word' id='word_1_119' title='bbox 678 1102 709 1131; x_wconf 89' lang='lat' dir='ltr'><strong>in</strong></span> <span class='ocrx_word' id='word_1_120' title='bbox 729 1102 907 1137; x_wconf 90' lang='lat' dir='ltr'><strong>commisso,</strong></span> <span class='ocrx_word' id='word_1_121' title='bbox 928 1102 1105 1142; x_wconf 89' lang='lat' dir='ltr'><strong>petiverunt</strong></span> <span class='ocrx_word' id='word_1_122' title='bbox 1129 1101 1207 1130; x_wconf 85' lang='lat' dir='ltr'><strong>dila-</strong></span> 
     </span>
     <span class='ocr_line' id='line_1_18' title="bbox 291 1149 1207 1191; baseline -0.002 -10"><span class='ocrx_word' id='word_1_123' title='bbox 291 1151 416 1181; x_wconf 85' lang='lat' dir='ltr'><strong>-cionem</strong></span> <span class='ocrx_word' id='word_1_124' title='bbox 427 1152 465 1180; x_wconf 86' lang='lat' dir='ltr'><strong>ad</strong></span> <span class='ocrx_word' id='word_1_125' title='bbox 480 1151 561 1181; x_wconf 89' lang='lat' dir='ltr'><strong>diem</strong></span> <span class='ocrx_word' id='word_1_126' title='bbox 572 1151 666 1181; x_wconf 84' lang='lat' dir='ltr'><strong>X1X¹¹¹</strong></span> <span class='ocrx_word' id='word_1_127' title='bbox 681 1150 817 1191; x_wconf 84' lang='lat' dir='ltr'><strong>ejusdem</strong></span> <span class='ocrx_word' id='word_1_128' title='bbox 836 1151 964 1186; x_wconf 82' lang='lat' dir='ltr'><strong>mensis,</strong></span> <span class='ocrx_word' id='word_1_129' title='bbox 982 1150 1035 1191; x_wconf 87' lang='lat' dir='ltr'><strong>qui</strong></span> <span class='ocrx_word' id='word_1_130' title='bbox 1053 1160 1120 1180; x_wconf 88' lang='lat' dir='ltr'><strong>cum</strong></span> <span class='ocrx_word' id='word_1_131' title='bbox 1132 1149 1207 1179; x_wconf 90' lang='lat' dir='ltr'><strong>diffi-</strong></span> 
     </span>
     <span class='ocr_line' id='line_1_19' title="bbox 293 1200 964 1240; baseline -0.001 -10"><span class='ocrx_word' id='word_1_132' title='bbox 293 1200 408 1230; x_wconf 88' lang='lat' dir='ltr'><strong>cultate</strong></span> <span class='ocrx_word' id='word_1_133' title='bbox 426 1201 515 1230; x_wconf 80' lang='lat' dir='ltr'><strong>datus</strong></span> <span class='ocrx_word' id='word_1_134' title='bbox 526 1200 583 1230; x_wconf 83' lang='lat' dir='ltr'><strong>suit</strong></span> <span class='ocrx_word' id='word_1_135' title='bbox 599 1200 656 1230; x_wconf 84' lang='lat' dir='ltr'><strong>eis.</strong></span> <span class='ocrx_word' id='word_1_136' title='bbox 676 1200 715 1230; x_wconf 89' lang='lat' dir='ltr'><strong>Et</strong></span> <span class='ocrx_word' id='word_1_137' title='bbox 727 1200 786 1230; x_wconf 92' lang='lat' dir='ltr'><strong>hoc</strong></span> <span class='ocrx_word' id='word_1_138' title='bbox 798 1201 836 1229; x_wconf 90' lang='lat' dir='ltr'><strong>de</strong></span> <span class='ocrx_word' id='word_1_139' title='bbox 853 1200 964 1240; x_wconf 90' lang='lat' dir='ltr'><strong>primo.</strong></span> 
     </span>
    </p>

    <p class='ocr_par' dir='ltr' id='par_1_5' title="bbox 284 1248 1210 2700">
     <span class='ocr_line' id='line_1_20' title="bbox 338 1248 1208 1289; baseline -0.001 -10"><span class='ocrx_word' id='word_1_140' title='bbox 338 1249 446 1287; x_wconf 84' lang='lat' dir='ltr'><strong>Quoad</strong></span> <span class='ocrx_word' id='word_1_141' title='bbox 459 1250 639 1285; x_wconf 90' lang='lat' dir='ltr'><strong>secundum,</strong></span> <span class='ocrx_word' id='word_1_142' title='bbox 654 1249 786 1279; x_wconf 86' lang='lat' dir='ltr'><strong>accessit</strong></span> <span class='ocrx_word' id='word_1_143' title='bbox 806 1248 948 1279; x_wconf 83' lang='lat' dir='ltr'><strong>nacioni⁴</strong></span> <span class='ocrx_word' id='word_1_144' title='bbox 969 1249 1092 1289; x_wconf 89' lang='lat' dir='ltr'><strong>quidam</strong></span> <span class='ocrx_word' id='word_1_145' title='bbox 1109 1249 1208 1288; x_wconf 86' lang='lat' dir='ltr'><strong>magi-</strong></span> 
     </span>
     <span class='ocr_line' id='line_1_21' title="bbox 296 1297 1208 1338; baseline -0.001 -10"><span class='ocrx_word' id='word_1_146' title='bbox 296 1304 362 1328; x_wconf 90' lang='lat' dir='ltr'><strong>ster</strong></span> <span class='ocrx_word' id='word_1_147' title='bbox 374 1299 412 1328; x_wconf 89' lang='lat' dir='ltr'><strong>de</strong></span> <span class='ocrx_word' id='word_1_148' title='bbox 425 1299 611 1328; x_wconf 88' lang='lat' dir='ltr'><strong>Lumbardia</strong></span> <span class='ocrx_word' id='word_1_149' title='bbox 621 1298 722 1328; x_wconf 86' lang='lat' dir='ltr'><strong>dictus</strong></span> <span class='ocrx_word' id='word_1_150' title='bbox 732 1299 844 1328; x_wconf 87' lang='lat' dir='ltr'><strong>Petrus</strong></span> <span class='ocrx_word' id='word_1_151' title='bbox 857 1299 895 1327; x_wconf 90' lang='lat' dir='ltr'><strong>de</strong></span> <span class='ocrx_word' id='word_1_152' title='bbox 907 1298 991 1328; x_wconf 90' lang='lat' dir='ltr'><strong>Luca</strong></span> <span class='ocrx_word' id='word_1_153' title='bbox 999 1297 1024 1333; x_wconf 82' lang='lat'><strong>²,</strong></span> <span class='ocrx_word' id='word_1_154' title='bbox 1034 1298 1112 1327; x_wconf 87' lang='lat' dir='ltr'><strong>dixit</strong></span> <span class='ocrx_word' id='word_1_155' title='bbox 1125 1298 1208 1338; x_wconf 90' lang='lat' dir='ltr'><strong>quod</strong></span> 
     </span>
     <span class='ocr_line' id='line_1_22' title="bbox 296 1346 1208 1388; baseline -0.001 -11"><span class='ocrx_word' id='word_1_156' title='bbox 296 1353 436 1388; x_wconf 83' lang='lat' dir='ltr'><strong>tempore</strong></span> <span class='ocrx_word' id='word_1_157' title='bbox 451 1347 638 1387; x_wconf 79' lang='lat' dir='ltr'><strong>captivitatis</strong></span> <span class='ocrx_word' id='word_1_158' title='bbox 647 1347 659 1366; x_wconf 81' lang='lat'><strong>³</strong></span> <span class='ocrx_word' id='word_1_159' title='bbox 670 1347 755 1387; x_wconf 85' lang='lat' dir='ltr'><strong>regis</strong></span> <span class='ocrx_word' id='word_1_160' title='bbox 767 1347 896 1377; x_wconf 86' lang='lat' dir='ltr'><strong>Francie</strong></span> <span class='ocrx_word' id='word_1_161' title='bbox 911 1347 1035 1387; x_wconf 87' lang='lat' dir='ltr'><strong>quidam</strong></span> <span class='ocrx_word' id='word_1_162' title='bbox 1049 1346 1208 1386; x_wconf 85' lang='lat' dir='ltr'><strong>archidya-</strong></span> 
     </span>
     <span class='ocr_line' id='line_1_23' title="bbox 292 1395 1208 1437; baseline -0.001 -11"><span class='ocrx_word' id='word_1_163' title='bbox 292 1405 395 1426; x_wconf 81' lang='lat' dir='ltr'><strong>conus</strong></span> <span class='ocrx_word' id='word_1_164' title='bbox 419 1397 457 1426; x_wconf 90' lang='lat' dir='ltr'><strong>de</strong></span> <span class='ocrx_word' id='word_1_165' title='bbox 487 1396 597 1427; x_wconf 84' lang='lat' dir='ltr'><strong>Suecia</strong></span> <span class='ocrx_word' id='word_1_166' title='bbox 625 1397 802 1437; x_wconf 79' lang='lat' dir='ltr'><strong>apportavit</strong></span> <span class='ocrx_word' id='word_1_167' title='bbox 826 1396 887 1426; x_wconf 85' lang='lat' dir='ltr'><strong>sibi</strong></span> <span class='ocrx_word' id='word_1_168' title='bbox 913 1396 1065 1436; x_wconf 84' lang='lat' dir='ltr'><strong>quandam</strong></span> <span class='ocrx_word' id='word_1_169' title='bbox 1089 1395 1208 1425; x_wconf 82' lang='lat' dir='ltr'><strong>literam</strong></span> 
     </span>
     <span class='ocr_line' id='line_1_24' title="bbox 298 1445 1207 1486; baseline -0.001 -11"><span class='ocrx_word' id='word_1_170' title='bbox 298 1446 533 1485; x_wconf 85' lang='lat' dir='ltr'><strong>procuracionis</strong></span> <span class='ocrx_word' id='word_1_171' title='bbox 548 1446 586 1475; x_wconf 89' lang='lat' dir='ltr'><strong>de</strong></span> <span class='ocrx_word' id='word_1_172' title='bbox 602 1446 732 1486; x_wconf 86' lang='lat' dir='ltr'><strong>quadam</strong></span> <span class='ocrx_word' id='word_1_173' title='bbox 745 1445 844 1485; x_wconf 81' lang='lat' dir='ltr'><strong>platea</strong></span> <span class='ocrx_word' id='word_1_174' title='bbox 858 1455 913 1475; x_wconf 88' lang='lat' dir='ltr'><strong>seu</strong></span> <span class='ocrx_word' id='word_1_175' title='bbox 928 1445 1082 1485; x_wconf 83' lang='lat' dir='ltr'><strong>ghardino</strong></span> <span class='ocrx_word' id='word_1_176' title='bbox 1094 1445 1125 1474; x_wconf 92' lang='lat' dir='ltr'><strong>in</strong></span> <span class='ocrx_word' id='word_1_177' title='bbox 1138 1445 1207 1475; x_wconf 87' lang='lat' dir='ltr'><strong>vico</strong></span> 
     </span>
     <span class='ocr_line' id='line_1_25' title="bbox 298 1494 1207 1534; baseline -0.001 -10"><span class='ocrx_word' id='word_1_178' title='bbox 298 1494 461 1534; x_wconf 85' lang='lat' dir='ltr'><strong>Serpentis</strong></span> <span class='ocrx_word' id='word_1_179' title='bbox 488 1495 559 1530; x_wconf 86' lang='lat' dir='ltr'><strong>sito,</strong></span> <span class='ocrx_word' id='word_1_180' title='bbox 586 1505 676 1534; x_wconf 89' lang='lat' dir='ltr'><strong>quam</strong></span> <span class='ocrx_word' id='word_1_181' title='bbox 697 1495 881 1534; x_wconf 84' lang='lat' dir='ltr'><strong>acceptavit;</strong></span> <span class='ocrx_word' id='word_1_182' title='bbox 906 1500 936 1524; x_wconf 87' lang='lat' dir='ltr'><strong>et</strong></span> <span class='ocrx_word' id='word_1_183' title='bbox 957 1500 1029 1533; x_wconf 88' lang='lat' dir='ltr'><strong>post</strong></span> <span class='ocrx_word' id='word_1_184' title='bbox 1050 1504 1207 1523; x_wconf 88' lang='lat' dir='ltr'><strong>recessum</strong></span> 
     </span>
     <span class='ocr_line' id='line_1_26' title="bbox 297 1543 1208 1583; baseline -0.001 -10"><span class='ocrx_word' id='word_1_185' title='bbox 297 1543 382 1573; x_wconf 88' lang='lat' dir='ltr'><strong>illius</strong></span> <span class='ocrx_word' id='word_1_186' title='bbox 399 1543 608 1573; x_wconf 71' lang='lat' dir='ltr'><strong>archidiaconi</strong></span> <span class='ocrx_word' id='word_1_187' title='bbox 629 1543 711 1573; x_wconf 89' lang='lat' dir='ltr'><strong>illam</strong></span> <span class='ocrx_word' id='word_1_188' title='bbox 732 1543 845 1573; x_wconf 85' lang='lat' dir='ltr'><strong>locavit</strong></span> <span class='ocrx_word' id='word_1_189' title='bbox 865 1543 985 1573; x_wconf 89' lang='lat' dir='ltr'><strong>cuidam</strong></span> <span class='ocrx_word' id='word_1_190' title='bbox 1002 1543 1150 1583; x_wconf 86' lang='lat' dir='ltr'><strong>magistro</strong></span> <span class='ocrx_word' id='word_1_191' title='bbox 1170 1543 1208 1572; x_wconf 88' lang='lat' dir='ltr'><strong>de</strong></span> 
     </span>
     <span class='ocr_line' id='line_1_27' title="bbox 299 1591 1209 1632; baseline -0.002 -10"><span class='ocrx_word' id='word_1_192' title='bbox 299 1591 439 1622; x_wconf 85' lang='lat' dir='ltr'><strong>Britania</strong></span> <span class='ocrx_word' id='word_1_193' title='bbox 462 1591 560 1632; x_wconf 84' lang='lat' dir='ltr'><strong>(cujus</strong></span> <span class='ocrx_word' id='word_1_194' title='bbox 590 1593 710 1622; x_wconf 87' lang='lat' dir='ltr'><strong>mansio</strong></span> <span class='ocrx_word' id='word_1_195' title='bbox 738 1592 862 1632; x_wconf 83' lang='lat' dir='ltr'><strong>attingit</strong></span> <span class='ocrx_word' id='word_1_196' title='bbox 887 1591 970 1621; x_wconf 90' lang='lat' dir='ltr'><strong>illam</strong></span> <span class='ocrx_word' id='word_1_197' title='bbox 1002 1591 1143 1632; x_wconf 84' lang='lat' dir='ltr'><strong>plateam)</strong></span> <span class='ocrx_word' id='word_1_198' title='bbox 1171 1592 1209 1620; x_wconf 81' lang='lat' dir='ltr'><strong>ad</strong></span> 
     </span>
     <span class='ocr_line' id='line_1_28' title="bbox 297 1640 1209 1681; baseline -0.001 -10"><span class='ocrx_word' id='word_1_199' title='bbox 297 1641 354 1671; x_wconf 87' lang='lat' dir='ltr'><strong>XX</strong></span> <span class='ocrx_word' id='word_1_200' title='bbox 369 1651 480 1676; x_wconf 85' lang='lat' dir='ltr'><strong>annos,</strong></span> <span class='ocrx_word' id='word_1_201' title='bbox 497 1641 638 1681; x_wconf 82' lang='lat' dir='ltr'><strong>quolibet</strong></span> <span class='ocrx_word' id='word_1_202' title='bbox 653 1651 734 1671; x_wconf 87' lang='lat' dir='ltr'><strong>anno</strong></span> <span class='ocrx_word' id='word_1_203' title='bbox 751 1651 810 1681; x_wconf 88' lang='lat' dir='ltr'><strong>pro</strong></span> <span class='ocrx_word' id='word_1_204' title='bbox 834 1641 918 1670; x_wconf 88' lang='lat' dir='ltr'><strong>XXX</strong></span> <span class='ocrx_word' id='word_1_205' title='bbox 935 1640 1046 1671; x_wconf 88' lang='lat' dir='ltr'><strong>solidis</strong></span> <span class='ocrx_word' id='word_1_206' title='bbox 1064 1640 1209 1670; x_wconf 89' lang='lat' dir='ltr'><strong>denario-</strong></span> 
     </span>
     <span class='ocr_line' id='line_1_29' title="bbox 298 1689 1207 1730; baseline -0.001 -10"><span class='ocrx_word' id='word_1_207' title='bbox 298 1699 366 1720; x_wconf 85' lang='lat' dir='ltr'><strong>rum</strong></span> <span class='ocrx_word' id='word_1_208' title='bbox 381 1689 491 1730; x_wconf 84' lang='lat' dir='ltr'><strong>paris.‚</strong></span> <span class='ocrx_word' id='word_1_209' title='bbox 509 1691 548 1720; x_wconf 89' lang='lat' dir='ltr'><strong>de</strong></span> <span class='ocrx_word' id='word_1_210' title='bbox 559 1690 672 1730; x_wconf 90' lang='lat' dir='ltr'><strong>quibus</strong></span> <span class='ocrx_word' id='word_1_211' title='bbox 690 1691 780 1720; x_wconf 88' lang='lat' dir='ltr'><strong>annis</strong></span> <span class='ocrx_word' id='word_1_212' title='bbox 791 1689 854 1730; x_wconf 89' lang='lat' dir='ltr'><strong>jam</strong></span> <span class='ocrx_word' id='word_1_213' title='bbox 871 1690 914 1719; x_wconf 91' lang='lat' dir='ltr'><strong>Xl</strong></span> <span class='ocrx_word' id='word_1_214' title='bbox 927 1697 1033 1720; x_wconf 85' lang='lat' dir='ltr'><strong>essent</strong></span> <span class='ocrx_word' id='word_1_215' title='bbox 1048 1690 1207 1719; x_wconf 82' lang='lat' dir='ltr'><strong>transacti.</strong></span> 
     </span>
     <span class='ocr_line' id='line_1_30' title="bbox 298 1738 1208 1780; baseline 0 -12"><span class='ocrx_word' id='word_1_216' title='bbox 298 1739 393 1769; x_wconf 87' lang='lat' dir='ltr'><strong>Modo</strong></span> <span class='ocrx_word' id='word_1_217' title='bbox 408 1739 533 1779; x_wconf 87' lang='lat' dir='ltr'><strong>quidam</strong></span> <span class='ocrx_word' id='word_1_218' title='bbox 546 1739 696 1780; x_wconf 81' lang='lat' dir='ltr'><strong>magister</strong></span> <span class='ocrx_word' id='word_1_219' title='bbox 716 1739 819 1769; x_wconf 89' lang='lat' dir='ltr'><strong>dictus</strong></span> <span class='ocrx_word' id='word_1_220' title='bbox 834 1739 968 1769; x_wconf 87' lang='lat' dir='ltr'><strong>Thomas</strong></span> <span class='ocrx_word' id='word_1_221' title='bbox 978 1738 1002 1774; x_wconf 72' lang='lat'><strong>⁴,</strong></span> <span class='ocrx_word' id='word_1_222' title='bbox 1021 1739 1208 1769; x_wconf 80' lang='lat' dir='ltr'><strong>secretarius</strong></span> 
     </span>
     <span class='ocr_line' id='line_1_31' title="bbox 297 1788 1208 1828; baseline -0.001 -10"><span class='ocrx_word' id='word_1_223' title='bbox 297 1788 394 1828; x_wconf 81' lang='lat' dir='ltr'><strong>regis,</strong></span> <span class='ocrx_word' id='word_1_224' title='bbox 413 1788 600 1828; x_wconf 85' lang='lat' dir='ltr'><strong>supplicavit</strong></span> <span class='ocrx_word' id='word_1_225' title='bbox 616 1788 688 1824; x_wconf 88' lang='lat' dir='ltr'><strong>sibi,</strong></span> <span class='ocrx_word' id='word_1_226' title='bbox 706 1794 739 1818; x_wconf 90' lang='lat' dir='ltr'><strong>ut</strong></span> <span class='ocrx_word' id='word_1_227' title='bbox 755 1789 842 1823; x_wconf 86' lang='lat' dir='ltr'><strong>dicit,</strong></span> <span class='ocrx_word' id='word_1_228' title='bbox 861 1789 945 1828; x_wconf 88' lang='lat' dir='ltr'><strong>quod</strong></span> <span class='ocrx_word' id='word_1_229' title='bbox 962 1788 1130 1818; x_wconf 89' lang='lat' dir='ltr'><strong>dimitteret</strong></span> <span class='ocrx_word' id='word_1_230' title='bbox 1148 1788 1208 1818; x_wconf 91' lang='lat' dir='ltr'><strong>sibi</strong></span> 
     </span>
     <span class='ocr_line' id='line_1_32' title="bbox 297 1836 1209 1877; baseline -0.001 -10"><span class='ocrx_word' id='word_1_231' title='bbox 297 1837 381 1867; x_wconf 85' lang='lat' dir='ltr'><strong>illam</strong></span> <span class='ocrx_word' id='word_1_232' title='bbox 397 1837 539 1877; x_wconf 84' lang='lat' dir='ltr'><strong>plateam,</strong></span> <span class='ocrx_word' id='word_1_233' title='bbox 556 1837 624 1877; x_wconf 89' lang='lat' dir='ltr'><strong>ipse</strong></span> <span class='ocrx_word' id='word_1_234' title='bbox 637 1838 725 1868; x_wconf 88' lang='lat' dir='ltr'><strong>daret</strong></span> <span class='ocrx_word' id='word_1_235' title='bbox 740 1837 800 1868; x_wconf 87' lang='lat' dir='ltr'><strong>sibi</strong></span> <span class='ocrx_word' id='word_1_236' title='bbox 816 1838 853 1867; x_wconf 87' lang='lat' dir='ltr'><strong>ad</strong></span> <span class='ocrx_word' id='word_1_237' title='bbox 870 1847 983 1867; x_wconf 87' lang='lat' dir='ltr'><strong>annum</strong></span> <span class='ocrx_word' id='word_1_238' title='bbox 1002 1836 1118 1867; x_wconf 86' lang='lat' dir='ltr'><strong>XXXV</strong></span> <span class='ocrx_word' id='word_1_239' title='bbox 1132 1837 1209 1867; x_wconf 88' lang='lat' dir='ltr'><strong>soli-</strong></span> 
     </span>
     <span class='ocr_line' id='line_1_33' title="bbox 284 1886 1209 1927; baseline 0 -11"><span class='ocrx_word' id='word_1_240' title='bbox 284 1886 367 1916; x_wconf 89' lang='lat' dir='ltr'><strong>·dos.</strong></span> <span class='ocrx_word' id='word_1_241' title='bbox 388 1886 438 1916; x_wconf 85' lang='lat' dir='ltr'><strong>Ad</strong></span> <span class='ocrx_word' id='word_1_242' title='bbox 458 1886 535 1916; x_wconf 91' lang='lat' dir='ltr'><strong>illud</strong></span> <span class='ocrx_word' id='word_1_243' title='bbox 564 1886 643 1916; x_wconf 87' lang='lat' dir='ltr'><strong>dixit</strong></span> <span class='ocrx_word' id='word_1_244' title='bbox 663 1887 747 1927; x_wconf 84' lang='lat' dir='ltr'><strong>quod</strong></span> <span class='ocrx_word' id='word_1_245' title='bbox 774 1896 836 1916; x_wconf 89' lang='lat' dir='ltr'><strong>non</strong></span> <span class='ocrx_word' id='word_1_246' title='bbox 858 1886 985 1916; x_wconf 89' lang='lat' dir='ltr'><strong>haberet</strong></span> <span class='ocrx_word' id='word_1_247' title='bbox 1009 1896 1115 1926; x_wconf 88' lang='lat' dir='ltr'><strong>posse,</strong></span> <span class='ocrx_word' id='word_1_248' title='bbox 1137 1886 1209 1926; x_wconf 88' lang='lat' dir='ltr'><strong>quia</strong></span> 
     </span>
     <span class='ocr_line' id='line_1_34' title="bbox 287 1934 1208 1976; baseline -0.001 -11"><span class='ocrx_word' id='word_1_249' title='bbox 287 1934 357 1976; x_wconf 85' lang='lat' dir='ltr'><strong>jam</strong></span> <span class='ocrx_word' id='word_1_250' title='bbox 378 1945 441 1965; x_wconf 91' lang='lat' dir='ltr'><strong>non</strong></span> <span class='ocrx_word' id='word_1_251' title='bbox 463 1941 547 1965; x_wconf 89' lang='lat' dir='ltr'><strong>esset</strong></span> <span class='ocrx_word' id='word_1_252' title='bbox 568 1936 709 1966; x_wconf 88' lang='lat' dir='ltr'><strong>ammodo</strong></span> <span class='ocrx_word' id='word_1_253' title='bbox 734 1942 918 1975; x_wconf 89' lang='lat' dir='ltr'><strong>procurator</strong></span> <span class='ocrx_word' id='word_1_254' title='bbox 941 1942 1071 1975; x_wconf 88' lang='lat' dir='ltr'><strong>propter</strong></span> <span class='ocrx_word' id='word_1_255' title='bbox 1092 1935 1208 1965; x_wconf 89' lang='lat' dir='ltr'><strong>obitum</strong></span> 
     </span>
     <span class='ocr_line' id='line_1_35' title="bbox 299 1983 1210 2025; baseline 0 -11"><span class='ocrx_word' id='word_1_256' title='bbox 299 1984 384 2014; x_wconf 89' lang='lat' dir='ltr'><strong>illius</strong></span> <span class='ocrx_word' id='word_1_257' title='bbox 398 1983 628 2024; x_wconf 86' lang='lat' dir='ltr'><strong>archydiaconi,</strong></span> <span class='ocrx_word' id='word_1_258' title='bbox 644 1984 696 2025; x_wconf 87' lang='lat' dir='ltr'><strong>qui</strong></span> <span class='ocrx_word' id='word_1_259' title='bbox 721 1995 790 2014; x_wconf 91' lang='lat' dir='ltr'><strong>eum</strong></span> <span class='ocrx_word' id='word_1_260' title='bbox 806 1984 954 2020; x_wconf 84' lang='lat' dir='ltr'><strong>instituit;</strong></span> <span class='ocrx_word' id='word_1_261' title='bbox 975 1991 1006 2014; x_wconf 91' lang='lat' dir='ltr'><strong>et</strong></span> <span class='ocrx_word' id='word_1_262' title='bbox 1023 1985 1118 2014; x_wconf 90' lang='lat' dir='ltr'><strong>eciam</strong></span> <span class='ocrx_word' id='word_1_263' title='bbox 1137 1984 1210 2024; x_wconf 86' lang='lat' dir='ltr'><strong>quia</strong></span> 
     </span>
     <span class='ocr_line' id='line_1_36' title="bbox 297 2033 1210 2074; baseline 0 -11"><span class='ocrx_word' id='word_1_264' title='bbox 297 2033 417 2063; x_wconf 85' lang='lat' dir='ltr'><strong>literam</strong></span> <span class='ocrx_word' id='word_1_265' title='bbox 446 2033 682 2073; x_wconf 85' lang='lat' dir='ltr'><strong>procuracionis</strong></span> <span class='ocrx_word' id='word_1_266' title='bbox 710 2043 766 2064; x_wconf 91' lang='lat' dir='ltr'><strong>sue</strong></span> <span class='ocrx_word' id='word_1_267' title='bbox 797 2034 942 2074; x_wconf 86' lang='lat' dir='ltr'><strong>perdidit.</strong></span> <span class='ocrx_word' id='word_1_268' title='bbox 972 2034 1027 2063; x_wconf 87' lang='lat' dir='ltr'><strong>Ille</strong></span> <span class='ocrx_word' id='word_1_269' title='bbox 1061 2033 1210 2074; x_wconf 82' lang='lat' dir='ltr'><strong>magister</strong></span> 
     </span>
     <span class='ocr_line' id='line_1_37' title="bbox 294 2081 1207 2122; baseline 0 -10"><span class='ocrx_word' id='word_1_270' title='bbox 294 2081 433 2112; x_wconf 80' lang='lat' dir='ltr'><strong>Thomas</strong></span> <span class='ocrx_word' id='word_1_271' title='bbox 459 2082 572 2112; x_wconf 81' lang='lat' dir='ltr'><strong>videns</strong></span> <span class='ocrx_word' id='word_1_272' title='bbox 600 2083 683 2122; x_wconf 81' lang='lat' dir='ltr'><strong>quod</strong></span> <span class='ocrx_word' id='word_1_273' title='bbox 712 2082 842 2122; x_wconf 83' lang='lat' dir='ltr'><strong>plateam</strong></span> <span class='ocrx_word' id='word_1_274' title='bbox 869 2082 982 2112; x_wconf 89' lang='lat' dir='ltr'><strong>habere</strong></span> <span class='ocrx_word' id='word_1_275' title='bbox 1006 2093 1068 2112; x_wconf 89' lang='lat' dir='ltr'><strong>non</strong></span> <span class='ocrx_word' id='word_1_276' title='bbox 1096 2082 1207 2122; x_wconf 85' lang='lat' dir='ltr'><strong>potuit,</strong></span> 
     </span>
     <span class='ocr_line' id='line_1_38' title="bbox 299 2130 1210 2172; baseline 0 -11"><span class='ocrx_word' id='word_1_277' title='bbox 299 2131 481 2172; x_wconf 78' lang='lat' dir='ltr'><strong>magistrum</strong></span> <span class='ocrx_word' id='word_1_278' title='bbox 494 2130 621 2161; x_wconf 83' lang='lat' dir='ltr'><strong>Petrum</strong></span> <span class='ocrx_word' id='word_1_279' title='bbox 635 2132 809 2171; x_wconf 86' lang='lat' dir='ltr'><strong>predictum</strong></span> <span class='ocrx_word' id='word_1_280' title='bbox 824 2132 862 2161; x_wconf 87' lang='lat' dir='ltr'><strong>ad</strong></span> <span class='ocrx_word' id='word_1_281' title='bbox 877 2131 1035 2162; x_wconf 84' lang='lat' dir='ltr'><strong>castellum</strong></span> <span class='ocrx_word' id='word_1_282' title='bbox 1049 2131 1166 2167; x_wconf 86' lang='lat' dir='ltr'><strong>citavit,</strong></span> <span class='ocrx_word' id='word_1_283' title='bbox 1179 2138 1210 2161; x_wconf 92' lang='lat' dir='ltr'><strong>et</strong></span> 
     </span>
     <span class='ocr_line' id='line_1_39' title="bbox 299 2180 1210 2221; baseline 0 -11"><span class='ocrx_word' id='word_1_284' title='bbox 299 2180 465 2220; x_wconf 80' lang='lat' dir='ltr'><strong>requisivit</strong></span> <span class='ocrx_word' id='word_1_285' title='bbox 490 2181 528 2209; x_wconf 90' lang='lat' dir='ltr'><strong>ab</strong></span> <span class='ocrx_word' id='word_1_286' title='bbox 561 2190 598 2210; x_wconf 91' lang='lat' dir='ltr'><strong>eo</strong></span> <span class='ocrx_word' id='word_1_287' title='bbox 634 2181 718 2220; x_wconf 90' lang='lat' dir='ltr'><strong>quod</strong></span> <span class='ocrx_word' id='word_1_288' title='bbox 746 2180 869 2221; x_wconf 85' lang='lat' dir='ltr'><strong>quidam</strong></span> <span class='ocrx_word' id='word_1_289' title='bbox 896 2191 1002 2211; x_wconf 90' lang='lat' dir='ltr'><strong>murus</strong></span> <span class='ocrx_word' id='word_1_290' title='bbox 1030 2181 1210 2210; x_wconf 81' lang='lat' dir='ltr'><strong>reficeretur</strong></span> 
     </span>
     <span class='ocr_line' id='line_1_40' title="bbox 301 2229 1207 2270; baseline 0 -11"><span class='ocrx_word' id='word_1_291' title='bbox 301 2229 448 2269; x_wconf 81' lang='lat' dir='ltr'><strong>expensis</strong></span> <span class='ocrx_word' id='word_1_292' title='bbox 473 2229 669 2269; x_wconf 85' lang='lat' dir='ltr'><strong>possessoris</strong></span> <span class='ocrx_word' id='word_1_293' title='bbox 687 2239 742 2259; x_wconf 90' lang='lat' dir='ltr'><strong>seu</strong></span> <span class='ocrx_word' id='word_1_294' title='bbox 761 2230 973 2270; x_wconf 86' lang='lat' dir='ltr'><strong>procuratoris</strong></span> <span class='ocrx_word' id='word_1_295' title='bbox 988 2230 1072 2260; x_wconf 88' lang='lat' dir='ltr'><strong>illius</strong></span> <span class='ocrx_word' id='word_1_296' title='bbox 1096 2230 1207 2270; x_wconf 86' lang='lat' dir='ltr'><strong>platee,</strong></span> 
     </span>
     <span class='ocr_line' id='line_1_41' title="bbox 298 2278 1208 2319; baseline 0 -11"><span class='ocrx_word' id='word_1_297' title='bbox 298 2278 407 2308; x_wconf 83' lang='lat' dir='ltr'><strong>saltem</strong></span> <span class='ocrx_word' id='word_1_298' title='bbox 443 2279 546 2318; x_wconf 86' lang='lat' dir='ltr'><strong>quoad</strong></span> <span class='ocrx_word' id='word_1_299' title='bbox 580 2278 773 2308; x_wconf 86' lang='lat' dir='ltr'><strong>medietatem</strong></span> <span class='ocrx_word' id='word_1_300' title='bbox 809 2288 1027 2319; x_wconf 85' lang='lat' dir='ltr'><strong>expensarum,</strong></span> <span class='ocrx_word' id='word_1_301' title='bbox 1057 2279 1129 2319; x_wconf 81' lang='lat' dir='ltr'><strong>quia</strong></span> <span class='ocrx_word' id='word_1_302' title='bbox 1157 2278 1208 2308; x_wconf 91' lang='lat' dir='ltr'><strong>ille</strong></span> 
     </span>
     <span class='ocr_line' id='line_1_42' title="bbox 300 2326 1209 2368; baseline 0 -11"><span class='ocrx_word' id='word_1_303' title='bbox 300 2337 406 2358; x_wconf 86' lang='lat' dir='ltr'><strong>murus</strong></span> <span class='ocrx_word' id='word_1_304' title='bbox 418 2327 565 2358; x_wconf 84' lang='lat' dir='ltr'><strong>ruinosus</strong></span> <span class='ocrx_word' id='word_1_305' title='bbox 580 2337 638 2367; x_wconf 87' lang='lat' dir='ltr'><strong>per</strong></span> <span class='ocrx_word' id='word_1_306' title='bbox 650 2326 771 2367; x_wconf 88' lang='lat' dir='ltr'><strong>juratos</strong></span> <span class='ocrx_word' id='word_1_307' title='bbox 786 2327 939 2368; x_wconf 84' lang='lat' dir='ltr'><strong>prepositi</strong></span> <span class='ocrx_word' id='word_1_308' title='bbox 955 2334 1039 2358; x_wconf 89' lang='lat' dir='ltr'><strong>esset</strong></span> <span class='ocrx_word' id='word_1_309' title='bbox 1051 2327 1209 2368; x_wconf 85' lang='lat' dir='ltr'><strong>judicatus</strong></span> 
     </span>
     <span class='ocr_line' id='line_1_43' title="bbox 301 2376 1210 2417; baseline 0 -11"><span class='ocrx_word' id='word_1_310' title='bbox 301 2382 332 2407; x_wconf 89' lang='lat' dir='ltr'><strong>et</strong></span> <span class='ocrx_word' id='word_1_311' title='bbox 349 2376 511 2417; x_wconf 87' lang='lat' dir='ltr'><strong>utriusque</strong></span> <span class='ocrx_word' id='word_1_312' title='bbox 523 2376 621 2416; x_wconf 86' lang='lat' dir='ltr'><strong>partis</strong></span> <span class='ocrx_word' id='word_1_313' title='bbox 641 2376 788 2416; x_wconf 85' lang='lat' dir='ltr'><strong>expensis</strong></span> <span class='ocrx_word' id='word_1_314' title='bbox 805 2377 1030 2407; x_wconf 81' lang='lat' dir='ltr'><strong>reformandus.</strong></span> <span class='ocrx_word' id='word_1_315' title='bbox 1051 2376 1090 2407; x_wconf 86' lang='lat' dir='ltr'><strong>Et</strong></span> <span class='ocrx_word' id='word_1_316' title='bbox 1110 2377 1210 2417; x_wconf 82' lang='lat' dir='ltr'><strong>magi-</strong></span> 
     </span>
     <span class='ocr_line' id='line_1_44' title="bbox 299 2425 1210 2466; baseline 0.001 -11"><span class='ocrx_word' id='word_1_317' title='bbox 299 2431 365 2456; x_wconf 83' lang='lat' dir='ltr'><strong>ster</strong></span> <span class='ocrx_word' id='word_1_318' title='bbox 375 2425 488 2456; x_wconf 85' lang='lat' dir='ltr'><strong>Petrus</strong></span> <span class='ocrx_word' id='word_1_319' title='bbox 497 2426 661 2465; x_wconf 84' lang='lat' dir='ltr'><strong>respondit</strong></span> <span class='ocrx_word' id='word_1_320' title='bbox 675 2426 758 2466; x_wconf 83' lang='lat' dir='ltr'><strong>quod</strong></span> <span class='ocrx_word' id='word_1_321' title='bbox 766 2426 907 2455; x_wconf 83' lang='lat' dir='ltr'><strong>ammodo</strong></span> <span class='ocrx_word' id='word_1_322' title='bbox 922 2435 985 2455; x_wconf 88' lang='lat' dir='ltr'><strong>non</strong></span> <span class='ocrx_word' id='word_1_323' title='bbox 1000 2432 1084 2456; x_wconf 84' lang='lat' dir='ltr'><strong>esset</strong></span> <span class='ocrx_word' id='word_1_324' title='bbox 1093 2436 1210 2466; x_wconf 88' lang='lat' dir='ltr'><strong>procu-</strong></span> 
     </span>
     <span class='ocr_line' id='line_1_45' title="bbox 300 2473 1210 2515; baseline 0 -11"><span class='ocrx_word' id='word_1_325' title='bbox 300 2480 396 2510; x_wconf 87' lang='lat' dir='ltr'><strong>rator,</strong></span> <span class='ocrx_word' id='word_1_326' title='bbox 406 2480 437 2504; x_wconf 88' lang='lat' dir='ltr'><strong>et</strong></span> <span class='ocrx_word' id='word_1_327' title='bbox 448 2484 506 2514; x_wconf 88' lang='lat' dir='ltr'><strong>per</strong></span> <span class='ocrx_word' id='word_1_328' title='bbox 515 2473 573 2504; x_wconf 90' lang='lat' dir='ltr'><strong>hoc</strong></span> <span class='ocrx_word' id='word_1_329' title='bbox 585 2474 640 2505; x_wconf 81' lang='lat' dir='ltr'><strong>suit</strong></span> <span class='ocrx_word' id='word_1_330' title='bbox 652 2474 811 2504; x_wconf 85' lang='lat' dir='ltr'><strong>dimissus.</strong></span> <span class='ocrx_word' id='word_1_331' title='bbox 828 2474 868 2504; x_wconf 90' lang='lat' dir='ltr'><strong>Et</strong></span> <span class='ocrx_word' id='word_1_332' title='bbox 875 2484 951 2515; x_wconf 83' lang='lat' dir='ltr'><strong>ergo</strong></span> <span class='ocrx_word' id='word_1_333' title='bbox 964 2475 1116 2505; x_wconf 87' lang='lat' dir='ltr'><strong>conclusit</strong></span> <span class='ocrx_word' id='word_1_334' title='bbox 1126 2475 1210 2515; x_wconf 88' lang='lat' dir='ltr'><strong>quod</strong></span> 
     </span>
     <span class='ocr_line' id='line_1_46' title="bbox 286 2523 1207 2564; baseline 0 -11"><span class='ocrx_word' id='word_1_335' title='bbox 286 2523 361 2553; x_wconf 85' lang='lat' dir='ltr'><strong>-sibi</strong></span> <span class='ocrx_word' id='word_1_336' title='bbox 371 2523 540 2559; x_wconf 85' lang='lat' dir='ltr'><strong>videretur,</strong></span> <span class='ocrx_word' id='word_1_337' title='bbox 552 2524 636 2564; x_wconf 86' lang='lat' dir='ltr'><strong>quod</strong></span> <span class='ocrx_word' id='word_1_338' title='bbox 649 2533 707 2564; x_wconf 84' lang='lat' dir='ltr'><strong>pro</strong></span> <span class='ocrx_word' id='word_1_339' title='bbox 717 2524 822 2554; x_wconf 85' lang='lat' dir='ltr'><strong>eadem</strong></span> <span class='ocrx_word' id='word_1_340' title='bbox 836 2533 870 2553; x_wconf 86' lang='lat' dir='ltr'><strong>re</strong></span> <span class='ocrx_word' id='word_1_341' title='bbox 882 2523 972 2553; x_wconf 85' lang='lat' dir='ltr'><strong>nacio</strong></span> <span class='ocrx_word' id='word_1_342' title='bbox 985 2523 1096 2554; x_wconf 81' lang='lat' dir='ltr'><strong>suisset</strong></span> <span class='ocrx_word' id='word_1_343' title='bbox 1103 2524 1207 2554; x_wconf 79' lang='lat' dir='ltr'><strong>citata.</strong></span> 
     </span>
     <span class='ocr_line' id='line_1_47' title="bbox 298 2571 1210 2608; baseline 0 -6"><span class='ocrx_word' id='word_1_344' title='bbox 298 2571 340 2602; x_wconf 85' lang='lat' dir='ltr'><strong>Et</strong></span> <span class='ocrx_word' id='word_1_345' title='bbox 359 2572 438 2603; x_wconf 87' lang='lat' dir='ltr'><strong>dixit</strong></span> <span class='ocrx_word' id='word_1_346' title='bbox 461 2582 495 2602; x_wconf 87' lang='lat' dir='ltr'><strong>se</strong></span> <span class='ocrx_word' id='word_1_347' title='bbox 519 2572 632 2603; x_wconf 84' lang='lat' dir='ltr'><strong>habere</strong></span> <span class='ocrx_word' id='word_1_348' title='bbox 649 2572 689 2602; x_wconf 78' lang='lat' dir='ltr'><strong>vl</strong></span> <span class='ocrx_word' id='word_1_349' title='bbox 706 2572 802 2603; x_wconf 87' lang='lat' dir='ltr'><strong>libras</strong></span> <span class='ocrx_word' id='word_1_350' title='bbox 817 2579 848 2603; x_wconf 90' lang='lat' dir='ltr'><strong>et</strong></span> <span class='ocrx_word' id='word_1_351' title='bbox 864 2574 878 2602; x_wconf 92' lang='lat'><strong>1</strong></span> <span class='ocrx_word' id='word_1_352' title='bbox 896 2573 1044 2608; x_wconf 79' lang='lat' dir='ltr'><strong>francum,</strong></span> <span class='ocrx_word' id='word_1_353' title='bbox 1069 2579 1099 2603; x_wconf 90' lang='lat' dir='ltr'><strong>et</strong></span> <span class='ocrx_word' id='word_1_354' title='bbox 1127 2572 1210 2602; x_wconf 88' lang='lat' dir='ltr'><strong>illam</strong></span> 
     </span>
     <span class='ocr_line' id='line_1_48' title="bbox 295 2621 1210 2662; baseline 0 -11"><span class='ocrx_word' id='word_1_355' title='bbox 295 2630 447 2651; x_wconf 67' lang='lat' dir='ltr'><strong>summam</strong></span> <span class='ocrx_word' id='word_1_356' title='bbox 458 2621 471 2641; x_wconf 59' lang='grc' dir='ltr'>Β</span> <span class='ocrx_word' id='word_1_357' title='bbox 486 2622 520 2662; x_wconf 67' lang='grc' dir='ltr'><strong>(Ρ)</strong></span> <span class='ocrx_word' id='word_1_358' title='bbox 534 2622 648 2651; x_wconf 86' lang='lat' dir='ltr'><strong>debere</strong></span> <span class='ocrx_word' id='word_1_359' title='bbox 662 2621 784 2651; x_wconf 88' lang='lat' dir='ltr'><strong>solvere</strong></span> <span class='ocrx_word' id='word_1_360' title='bbox 802 2622 854 2662; x_wconf 90' lang='lat' dir='ltr'><strong>qui</strong></span> <span class='ocrx_word' id='word_1_361' title='bbox 874 2631 939 2651; x_wconf 87' lang='lat' dir='ltr'><strong>eam</strong></span> <span class='ocrx_word' id='word_1_362' title='bbox 958 2628 1041 2652; x_wconf 89' lang='lat' dir='ltr'><strong>tenet</strong></span> <span class='ocrx_word' id='word_1_363' title='bbox 1055 2621 1154 2652; x_wconf 83' lang='lat' dir='ltr'><strong>adhuc</strong></span> <span class='ocrx_word' id='word_1_364' title='bbox 1172 2622 1210 2652; x_wconf 91' lang='lat' dir='ltr'><strong>de</strong></span> 
     </span>
     <span class='ocr_line' id='line_1_49' title="bbox 299 2668 680 2700; baseline 0.003 -1"><span class='ocrx_word' id='word_1_365' title='bbox 299 2668 326 2699; x_wconf 89' lang='lat' dir='ltr'>V</span> <span class='ocrx_word' id='word_1_366' title='bbox 340 2670 440 2700; x_wconf 77' lang='lat' dir='ltr'><strong>annis.</strong></span> <span class='ocrx_word' id='word_1_367' title='bbox 458 2669 498 2700; x_wconf 82' lang='lat' dir='ltr'><strong>Et</strong></span> <span class='ocrx_word' id='word_1_368' title='bbox 509 2670 566 2700; x_wconf 88' lang='lat' dir='ltr'><strong>hoc</strong></span> <span class='ocrx_word' id='word_1_369' title='bbox 583 2671 621 2700; x_wconf 92' lang='lat' dir='ltr'><strong>de</strong></span> <span class='ocrx_word' id='word_1_370' title='bbox 639 2671 680 2700; x_wconf 81' lang='lat'><strong>2⁰.</strong></span> 
     </span>
    </p>

    <p class='ocr_par' dir='ltr' id='par_1_6' title="bbox 294 2717 1212 2809">
     <span class='ocr_line' id='line_1_50' title="bbox 341 2717 1210 2759; baseline 0.001 -11"><span class='ocrx_word' id='word_1_371' title='bbox 341 2717 449 2756; x_wconf 80' lang='lat' dir='ltr'><strong>Quoad</strong></span> <span class='ocrx_word' id='word_1_372' title='bbox 474 2719 619 2755; x_wconf 87' lang='lat' dir='ltr'><strong>tercium,</strong></span> <span class='ocrx_word' id='word_1_373' title='bbox 642 2719 827 2749; x_wconf 79' lang='lat' dir='ltr'><strong>deliberavit</strong></span> <span class='ocrx_word' id='word_1_374' title='bbox 847 2719 936 2749; x_wconf 76' lang='lat' dir='ltr'><strong>naci‘o</strong></span> <span class='ocrx_word' id='word_1_375' title='bbox 959 2720 1043 2759; x_wconf 88' lang='lat' dir='ltr'><strong>quod</strong></span> <span class='ocrx_word' id='word_1_376' title='bbox 1067 2719 1210 2749; x_wconf 86' lang='lat' dir='ltr'><strong>haberem</strong></span> 
     </span>
     <span class='ocr_line' id='line_1_51' title="bbox 294 2766 1212 2809; baseline 0.001 -12"><span class='ocrx_word' id='word_1_377' title='bbox 294 2766 463 2807; x_wconf 76' lang='lat' dir='ltr'><strong>deputatos</strong></span> <span class='ocrx_word' id='word_1_378' title='bbox 482 2778 684 2809; x_wconf 85' lang='lat' dir='ltr'><strong>quoscunque</strong></span> <span class='ocrx_word' id='word_1_379' title='bbox 709 2767 832 2803; x_wconf 82' lang='lat' dir='ltr'><strong>vellem,</strong></span> <span class='ocrx_word' id='word_1_380' title='bbox 850 2775 880 2798; x_wconf 90' lang='lat' dir='ltr'><strong>et</strong></span> <span class='ocrx_word' id='word_1_381' title='bbox 904 2768 975 2798; x_wconf 88' lang='lat' dir='ltr'><strong>illos</strong></span> <span class='ocrx_word' id='word_1_382' title='bbox 993 2778 1135 2799; x_wconf 84' lang='lat' dir='ltr'><strong>vocarem</strong></span> <span class='ocrx_word' id='word_1_383' title='bbox 1154 2779 1212 2809; x_wconf 85' lang='lat' dir='ltr'><strong>per</strong></span> 
     </span>
    </p>
   </div>
   <div class='ocr_carea' id='block_1_5' title="bbox 334 2855 589 2880">
    <p class='ocr_par' dir='ltr' id='par_1_7' title="bbox 334 2855 589 2880">
     <span class='ocr_line' id='line_1_52' title="bbox 334 2855 589 2880; baseline 0.004 -1"><span class='ocrx_word' id='word_1_384' title='bbox 334 2855 357 2879; x_wconf 84' lang='lat'><strong>1.</strong></span> <span class='ocrx_word' id='word_1_385' title='bbox 390 2855 530 2880; x_wconf 63' lang='lat' dir='ltr'><strong>uodonem</strong></span> <span class='ocrx_word' id='word_1_386' title='bbox 543 2864 589 2880; x_wconf 76' lang='lat' dir='ltr'><strong>nu.</strong></span> 
     </span>
    </p>
   </div>
   <div class='ocr_carea' id='block_1_6' title="bbox 301 2890 1211 2996">
    <p class='ocr_par' dir='ltr' id='par_1_8' title="bbox 301 2890 1211 2996">
     <span class='ocr_line' id='line_1_53' title="bbox 332 2890 1211 2924; baseline 0.002 -9"><span class='ocrx_word' id='word_1_387' title='bbox 332 2891 356 2914; x_wconf 75' lang='lat'><strong>2.</strong></span> <span class='ocrx_word' id='word_1_388' title='bbox 390 2891 447 2916; x_wconf 74' lang='lat' dir='ltr'><strong>ruit</strong></span> <span class='ocrx_word' id='word_1_389' title='bbox 460 2891 486 2915; x_wconf 81' lang='grc' dir='ltr'><strong>ἰιι</strong></span> <span class='ocrx_word' id='word_1_390' title='bbox 501 2890 667 2916; x_wconf 66' lang='grc' dir='ltr'><strong>Πιίνσνιὶωέσ</strong></span> <span class='ocrx_word' id='word_1_391' title='bbox 683 2892 832 2924; x_wconf 70' lang='lat' dir='ltr'><strong>provinciae</strong></span> <span class='ocrx_word' id='word_1_392' title='bbox 852 2892 1004 2917; x_wconf 59' lang='lat' dir='ltr'><strong>memmae.</strong></span> <span class='ocrx_word' id='word_1_393' title='bbox 1023 2892 1078 2917; x_wconf 75' lang='lat' dir='ltr'><strong>Vid.</strong></span> <span class='ocrx_word' id='word_1_394' title='bbox 1092 2892 1211 2918; x_wconf 75' lang='lat' dir='ltr'><strong>Cbnrtul.</strong></span> 
     </span>
     <span class='ocr_line' id='line_1_54' title="bbox 301 2925 621 2996; baseline 0.006 -11"><span class='ocrx_word' id='word_1_395' title='bbox 301 2925 441 2986; x_wconf 44' lang='lat' dir='ltr'><strong>&#39;&#39;kp-»4821</strong></span> <span class='ocrx_word' id='word_1_396' title='bbox 455 2962 516 2987; x_wconf 71' lang='lat'><strong>1350</strong></span> <span class='ocrx_word' id='word_1_397' title='bbox 530 2965 556 2986; x_wconf 76' lang='lat' dir='ltr'><strong>cl</strong></span> <span class='ocrx_word' id='word_1_398' title='bbox 564 2970 621 2996; x_wconf 76' lang='lat' dir='ltr'><em>oqq.</em></span> 
     </span>
    </p>
   </div>
   <div class='ocr_carea' id='block_1_7' title="bbox 803 436 1716 466">
    <p class='ocr_par' dir='ltr' id='par_1_9' title="bbox 803 436 1716 466">
     <span class='ocr_line' id='line_1_55' title="bbox 803 436 1716 466; baseline -0.003 0"><span class='ocrx_word' id='word_1_399' title='bbox 803 440 916 466; x_wconf 85' lang='lat' dir='ltr'>LIBER</span> <span class='ocrx_word' id='word_1_400' title='bbox 938 437 1251 465; x_wconf 83' lang='lat' dir='ltr'>PROCURATORUM</span> <span class='ocrx_word' id='word_1_401' title='bbox 1271 436 1451 463; x_wconf 82' lang='lat' dir='ltr'>NATIONIS</span> <span class='ocrx_word' id='word_1_402' title='bbox 1470 438 1716 463; x_wconf 76' lang='lat' dir='ltr'><strong>ANGLICANAE</strong></span> 
     </span>
    </p>
   </div>
   <div class='ocr_carea' id='block_1_8' title="bbox 1244 955 1278 982">
    <p class='ocr_par' dir='ltr' id='par_1_10' title="bbox 1244 955 1278 982">
     <span class='ocr_line' id='line_1_56' title="bbox 1244 955 1278 982; baseline 0.029 -1"><span class='ocrx_word' id='word_1_403' title='bbox 1244 955 1278 982; x_wconf 85' lang='lat'><strong>10</strong></span> 
     </span>
    </p>
   </div>
   <div class='ocr_carea' id='block_1_9' title="bbox 1245 1201 1279 1227">
    <p class='ocr_par' dir='ltr' id='par_1_11' title="bbox 1245 1201 1279 1227">
     <span class='ocr_line' id='line_1_57' title="bbox 1245 1201 1279 1227; baseline 0 0"><span class='ocrx_word' id='word_1_404' title='bbox 1245 1201 1279 1227; x_wconf 89' lang='grc'><strong>15</strong></span> 
     </span>
    </p>
   </div>
   <div class='ocr_carea' id='block_1_10' title="bbox 1246 1447 1280 1474">
    <p class='ocr_par' dir='ltr' id='par_1_12' title="bbox 1246 1447 1280 1474">
     <span class='ocr_line' id='line_1_58' title="bbox 1246 1447 1280 1474; baseline 0.029 -1"><span class='ocrx_word' id='word_1_405' title='bbox 1246 1447 1280 1474; x_wconf 82' lang='lat'><strong>20</strong></span> 
     </span>
    </p>
   </div>
   <div class='ocr_carea' id='block_1_11' title="bbox 1246 1694 1280 1721">
    <p class='ocr_par' dir='ltr' id='par_1_13' title="bbox 1246 1694 1280 1721">
     <span class='ocr_line' id='line_1_59' title="bbox 1246 1694 1280 1721; baseline 0.029 -1"><span class='ocrx_word' id='word_1_406' title='bbox 1246 1694 1280 1721; x_wconf 82' lang='lat'><strong>25</strong></span> 
     </span>
    </p>
   </div>
   <div class='ocr_carea' id='block_1_12' title="bbox 1245 1940 1280 1967">
    <p class='ocr_par' dir='ltr' id='par_1_14' title="bbox 1245 1940 1280 1967">
     <span class='ocr_line' id='line_1_60' title="bbox 1245 1940 1280 1967; baseline 0 0"><span class='ocrx_word' id='word_1_407' title='bbox 1245 1940 1280 1967; x_wconf 82' lang='lat'><strong>30</strong></span> 
     </span>
    </p>
   </div>
   <div class='ocr_carea' id='block_1_13' title="bbox 1246 2186 1280 2212">
    <p class='ocr_par' dir='ltr' id='par_1_15' title="bbox 1246 2186 1280 2212">
     <span class='ocr_line' id='line_1_61' title="bbox 1246 2186 1280 2212; baseline 0 0"><span class='ocrx_word' id='word_1_408' title='bbox 1246 2186 1280 2212; x_wconf 90' lang='grc'><strong>35</strong></span> 
     </span>
    </p>
   </div>
   <div class='ocr_carea' id='block_1_14' title="bbox 1247 2431 1280 2457">
    <p class='ocr_par' dir='ltr' id='par_1_16' title="bbox 1247 2431 1280 2457">
     <span class='ocr_line' id='line_1_62' title="bbox 1247 2431 1280 2457; baseline 0.03 -1"><span class='ocrx_word' id='word_1_409' title='bbox 1247 2431 1280 2457; x_wconf 81' lang='grc'><strong>40</strong></span> 
     </span>
    </p>
   </div>
   <div class='ocr_carea' id='block_1_15' title="bbox 1248 2675 1282 2702">
    <p class='ocr_par' dir='ltr' id='par_1_17' title="bbox 1248 2675 1282 2702">
     <span class='ocr_line' id='line_1_63' title="bbox 1248 2675 1282 2702; baseline 0 0"><span class='ocrx_word' id='word_1_410' title='bbox 1248 2675 1282 2702; x_wconf 74' lang='lat'><strong>45</strong></span> 
     </span>
    </p>
   </div>
   <div class='ocr_carea' id='block_1_16' title="bbox 2170 438 2222 464">
    <p class='ocr_par' dir='ltr' id='par_1_18' title="bbox 2170 438 2222 464">
     <span class='ocr_line' id='line_1_64' title="bbox 2170 438 2222 464; baseline 0.019 -1"><span class='ocrx_word' id='word_1_411' title='bbox 2170 438 2222 464; x_wconf 75' lang='lat'><strong>430</strong></span> 
     </span>
    </p>
   </div>
   <div class='ocr_carea' id='block_1_17' title="bbox 1307 512 2230 2813">
    <p class='ocr_par' dir='ltr' id='par_1_19' title="bbox 1307 512 2225 799">
     <span class='ocr_line' id='line_1_65' title="bbox 1307 512 2222 554; baseline 0.002 -12"><span class='ocrx_word' id='word_1_412' title='bbox 1307 512 1526 552; x_wconf 87' lang='lat' dir='ltr'><strong>juramentum,</strong></span> <span class='ocrx_word' id='word_1_413' title='bbox 1543 520 1574 543; x_wconf 92' lang='lat' dir='ltr'><strong>et</strong></span> <span class='ocrx_word' id='word_1_414' title='bbox 1593 514 1770 553; x_wconf 86' lang='lat' dir='ltr'><strong>specialiter</strong></span> <span class='ocrx_word' id='word_1_415' title='bbox 1787 515 1968 554; x_wconf 80' lang='lat' dir='ltr'><strong>magistrum</strong></span> <span class='ocrx_word' id='word_1_416' title='bbox 1992 515 2162 544; x_wconf 82' lang='lat' dir='ltr'><strong>Johannem</strong></span> <span class='ocrx_word' id='word_1_417' title='bbox 2185 516 2222 544; x_wconf 93' lang='lat' dir='ltr'><strong>de</strong></span> 
     </span>
     <span class='ocr_line' id='line_1_66' title="bbox 1313 562 2224 603; baseline 0.002 -12"><span class='ocrx_word' id='word_1_418' title='bbox 1313 562 1540 598; x_wconf 88' lang='lat' dir='ltr'><strong>Lutzenborch‚</strong></span> <span class='ocrx_word' id='word_1_419' title='bbox 1566 569 1596 592; x_wconf 91' lang='lat' dir='ltr'><strong>et</strong></span> <span class='ocrx_word' id='word_1_420' title='bbox 1619 573 1800 602; x_wconf 84' lang='lat' dir='ltr'><strong>caperemus</strong></span> <span class='ocrx_word' id='word_1_421' title='bbox 1820 573 1913 592; x_wconf 91' lang='lat' dir='ltr'><strong>unum</strong></span> <span class='ocrx_word' id='word_1_422' title='bbox 1935 565 2115 593; x_wconf 89' lang='lat' dir='ltr'><strong>advocatum</strong></span> <span class='ocrx_word' id='word_1_423' title='bbox 2129 575 2224 603; x_wconf 88' lang='lat' dir='ltr'><strong>super</strong></span> 
     </span>
     <span class='ocr_line' id='line_1_67' title="bbox 1311 611 2224 652; baseline 0.002 -12"><span class='ocrx_word' id='word_1_424' title='bbox 1311 612 1444 651; x_wconf 80' lang='lat' dir='ltr'><strong>pecunia</strong></span> <span class='ocrx_word' id='word_1_425' title='bbox 1465 611 1547 641; x_wconf 89' lang='lat' dir='ltr'><strong>illius</strong></span> <span class='ocrx_word' id='word_1_426' title='bbox 1567 612 1728 652; x_wconf 87' lang='lat' dir='ltr'><strong>provincie</strong></span> <span class='ocrx_word' id='word_1_427' title='bbox 1749 612 1869 647; x_wconf 81' lang='lat' dir='ltr'><strong>Suecie,</strong></span> <span class='ocrx_word' id='word_1_428' title='bbox 1890 619 1919 642; x_wconf 90' lang='lat' dir='ltr'><strong>et</strong></span> <span class='ocrx_word' id='word_1_429' title='bbox 1937 623 1993 652; x_wconf 86' lang='lat' dir='ltr'><strong>per</strong></span> <span class='ocrx_word' id='word_1_430' title='bbox 2008 623 2075 642; x_wconf 89' lang='lat' dir='ltr'><strong>eum</strong></span> <span class='ocrx_word' id='word_1_431' title='bbox 2094 614 2224 643; x_wconf 76' lang='lat' dir='ltr'><strong>investi-</strong></span> 
     </span>
     <span class='ocr_line' id='line_1_68' title="bbox 1313 660 2222 701; baseline 0.001 -11"><span class='ocrx_word' id='word_1_432' title='bbox 1313 670 1456 700; x_wconf 80' lang='lat' dir='ltr'><strong>garemus</strong></span> <span class='ocrx_word' id='word_1_433' title='bbox 1481 671 1498 690; x_wconf 91' lang='lat' dir='ltr'><strong>a</strong></span> <span class='ocrx_word' id='word_1_434' title='bbox 1517 660 1618 701; x_wconf 83' lang='lat' dir='ltr'><strong>judice</strong></span> <span class='ocrx_word' id='word_1_435' title='bbox 1641 661 1715 701; x_wconf 91' lang='lat' dir='ltr'><strong>quid</strong></span> <span class='ocrx_word' id='word_1_436' title='bbox 1742 667 1862 701; x_wconf 87' lang='lat' dir='ltr'><strong>peteret</strong></span> <span class='ocrx_word' id='word_1_437' title='bbox 1890 672 1907 690; x_wconf 89' lang='lat' dir='ltr'><strong>a</strong></span> <span class='ocrx_word' id='word_1_438' title='bbox 1935 662 2075 697; x_wconf 91' lang='lat' dir='ltr'><strong>nacione,</strong></span> <span class='ocrx_word' id='word_1_439' title='bbox 2095 669 2124 692; x_wconf 90' lang='lat' dir='ltr'><strong>et</strong></span> <span class='ocrx_word' id='word_1_440' title='bbox 2150 663 2222 691; x_wconf 88' lang='lat' dir='ltr'><strong>illud</strong></span> 
     </span>
     <span class='ocr_line' id='line_1_69' title="bbox 1313 710 2225 751; baseline 0.001 -12"><span class='ocrx_word' id='word_1_441' title='bbox 1313 710 1434 739; x_wconf 89' lang='lat' dir='ltr'><strong>nacioni</strong></span> <span class='ocrx_word' id='word_1_442' title='bbox 1458 711 1656 740; x_wconf 82' lang='lat' dir='ltr'><strong>referremus.</strong></span> <span class='ocrx_word' id='word_1_443' title='bbox 1677 710 1717 739; x_wconf 89' lang='lat' dir='ltr'><strong>Et</strong></span> <span class='ocrx_word' id='word_1_444' title='bbox 1738 710 1832 750; x_wconf 87' lang='lat' dir='ltr'><strong>aliqui</strong></span> <span class='ocrx_word' id='word_1_445' title='bbox 1858 711 2003 741; x_wconf 88' lang='lat' dir='ltr'><strong>dixerunt</strong></span> <span class='ocrx_word' id='word_1_446' title='bbox 2025 712 2107 751; x_wconf 89' lang='lat' dir='ltr'><strong>quod</strong></span> <span class='ocrx_word' id='word_1_447' title='bbox 2132 722 2225 751; x_wconf 87' lang='lat' dir='ltr'><strong>cape-</strong></span> 
     </span>
     <span class='ocr_line' id='line_1_70' title="bbox 1314 759 2098 799; baseline 0.001 -11"><span class='ocrx_word' id='word_1_448' title='bbox 1314 765 1399 788; x_wconf 90' lang='lat' dir='ltr'><strong>retur</strong></span> <span class='ocrx_word' id='word_1_449' title='bbox 1412 759 1494 788; x_wconf 88' lang='lat' dir='ltr'><strong>dicta</strong></span> <span class='ocrx_word' id='word_1_450' title='bbox 1510 759 1653 799; x_wconf 89' lang='lat' dir='ltr'><strong>pecunia,</strong></span> <span class='ocrx_word' id='word_1_451' title='bbox 1671 766 1701 789; x_wconf 92' lang='lat' dir='ltr'><strong>et</strong></span> <span class='ocrx_word' id='word_1_452' title='bbox 1718 759 1770 789; x_wconf 88' lang='lat' dir='ltr'><strong>ille</strong></span> <span class='ocrx_word' id='word_1_453' title='bbox 1787 770 1893 789; x_wconf 90' lang='lat' dir='ltr'><strong>murus</strong></span> <span class='ocrx_word' id='word_1_454' title='bbox 1909 761 2098 790; x_wconf 83' lang='lat' dir='ltr'><strong>reficeretur.</strong></span> 
     </span>
    </p>

    <p class='ocr_par' dir='ltr' id='par_1_20' title="bbox 1312 807 2230 2519">
     <span class='ocr_line' id='line_1_71' title="bbox 1355 807 2224 850; baseline 0.001 -13"><span class='ocrx_word' id='word_1_455' title='bbox 1355 807 1430 837; x_wconf 89' lang='lat' dir='ltr'><strong>Item</strong></span> <span class='ocrx_word' id='word_1_456' title='bbox 1446 809 1524 838; x_wconf 82' lang='lat' dir='ltr'><strong>sacta</strong></span> <span class='ocrx_word' id='word_1_457' title='bbox 1538 808 1786 848; x_wconf 81' lang='lat' dir='ltr'><strong>congregacione</strong></span> <span class='ocrx_word' id='word_1_458' title='bbox 1799 809 1939 838; x_wconf 88' lang='lat' dir='ltr'><strong>nacionis</strong></span> <span class='ocrx_word' id='word_1_459' title='bbox 1956 820 2012 848; x_wconf 90' lang='lat' dir='ltr'><strong>per</strong></span> <span class='ocrx_word' id='word_1_460' title='bbox 2016 820 2028 850; x_wconf 82' lang='lat' dir='ltr'>J</span> <span class='ocrx_word' id='word_1_461' title='bbox 2035 816 2224 839; x_wconf 84' lang='lat' dir='ltr'><strong>uramentum</strong></span> 
     </span>
     <span class='ocr_line' id='line_1_72' title="bbox 1314 857 2225 898; baseline 0.002 -12"><span class='ocrx_word' id='word_1_462' title='bbox 1314 857 1364 886; x_wconf 91' lang='lat' dir='ltr'><strong>die</strong></span> <span class='ocrx_word' id='word_1_463' title='bbox 1379 857 1463 886; x_wconf 63' lang='lat' dir='ltr'><strong>XVIa</strong></span> <span class='ocrx_word' id='word_1_464' title='bbox 1478 857 1594 887; x_wconf 87' lang='lat' dir='ltr'><strong>mensis</strong></span> <span class='ocrx_word' id='word_1_465' title='bbox 1607 857 1800 898; x_wconf 89' lang='lat' dir='ltr'><strong>Septembris</strong></span> <span class='ocrx_word' id='word_1_466' title='bbox 1814 858 1845 887; x_wconf 91' lang='lat' dir='ltr'><strong>in</strong></span> <span class='ocrx_word' id='word_1_467' title='bbox 1859 858 1970 898; x_wconf 88' lang='lat' dir='ltr'><strong>primis</strong></span> <span class='ocrx_word' id='word_1_468' title='bbox 1986 859 2066 898; x_wconf 87' lang='lat' dir='ltr'><strong>apud</strong></span> <span class='ocrx_word' id='word_1_469' title='bbox 2081 858 2225 888; x_wconf 86' lang='lat' dir='ltr'><strong>Sanctum</strong></span> 
     </span>
     <span class='ocr_line' id='line_1_73' title="bbox 1314 906 2225 948; baseline 0.002 -13"><span class='ocrx_word' id='word_1_470' title='bbox 1314 906 1501 936; x_wconf 87' lang='lat' dir='ltr'><strong>Maturinum</strong></span> <span class='ocrx_word' id='word_1_471' title='bbox 1524 907 1561 936; x_wconf 89' lang='lat' dir='ltr'><strong>ad</strong></span> <span class='ocrx_word' id='word_1_472' title='bbox 1581 907 1786 937; x_wconf 88' lang='lat' dir='ltr'><strong>ordinandum</strong></span> <span class='ocrx_word' id='word_1_473' title='bbox 1809 908 1846 937; x_wconf 90' lang='lat' dir='ltr'><strong>de</strong></span> <span class='ocrx_word' id='word_1_474' title='bbox 1870 908 1964 937; x_wconf 85' lang='lat' dir='ltr'><strong>scolis</strong></span> <span class='ocrx_word' id='word_1_475' title='bbox 1984 918 2042 947; x_wconf 94' lang='lat' dir='ltr'><strong>pro</strong></span> <span class='ocrx_word' id='word_1_476' title='bbox 2067 908 2225 948; x_wconf 84' lang='lat' dir='ltr'><strong>magistris</strong></span> 
     </span>
     <span class='ocr_line' id='line_1_74' title="bbox 1315 955 2226 996; baseline 0.002 -12"><span class='ocrx_word' id='word_1_477' title='bbox 1315 965 1425 996; x_wconf 85' lang='lat' dir='ltr'><strong>regere</strong></span> <span class='ocrx_word' id='word_1_478' title='bbox 1440 955 1616 985; x_wconf 85' lang='lat' dir='ltr'><strong>volentibus</strong></span> <span class='ocrx_word' id='word_1_479' title='bbox 1631 966 1647 985; x_wconf 84' lang='lat' dir='ltr'><strong>a</strong></span> <span class='ocrx_word' id='word_1_480' title='bbox 1662 956 1818 996; x_wconf 88' lang='lat' dir='ltr'><strong>principio</strong></span> <span class='ocrx_word' id='word_1_481' title='bbox 1836 957 1939 996; x_wconf 88' lang='lat' dir='ltr'><strong>magni</strong></span> <span class='ocrx_word' id='word_1_482' title='bbox 1960 957 2111 986; x_wconf 90' lang='lat' dir='ltr'><strong>ordinarii</strong></span> <span class='ocrx_word' id='word_1_483' title='bbox 2127 967 2226 996; x_wconf 89' lang='lat' dir='ltr'><strong>usque</strong></span> 
     </span>
     <span class='ocr_line' id='line_1_75' title="bbox 1315 1005 2226 1046; baseline 0.001 -12"><span class='ocrx_word' id='word_1_484' title='bbox 1315 1005 1353 1034; x_wconf 91' lang='lat' dir='ltr'><strong>ad</strong></span> <span class='ocrx_word' id='word_1_485' title='bbox 1379 1005 1470 1034; x_wconf 85' lang='lat' dir='ltr'><strong>finem</strong></span> <span class='ocrx_word' id='word_1_486' title='bbox 1498 1005 1581 1034; x_wconf 92' lang='lat' dir='ltr'><strong>illius</strong></span> <span class='ocrx_word' id='word_1_487' title='bbox 1607 1005 1690 1040; x_wconf 91' lang='lat' dir='ltr'><strong>anni,</strong></span> <span class='ocrx_word' id='word_1_488' title='bbox 1716 1015 1734 1035; x_wconf 87' lang='lat' dir='ltr'><strong>a</strong></span> <span class='ocrx_word' id='word_1_489' title='bbox 1768 1006 1922 1045; x_wconf 87' lang='lat' dir='ltr'><strong>principio</strong></span> <span class='ocrx_word' id='word_1_490' title='bbox 1946 1007 2049 1046; x_wconf 83' lang='lat' dir='ltr'><strong>magni</strong></span> <span class='ocrx_word' id='word_1_491' title='bbox 2077 1006 2226 1036; x_wconf 86' lang='lat' dir='ltr'><strong>ordinarii</strong></span> 
     </span>
     <span class='ocr_line' id='line_1_76' title="bbox 1315 1053 2226 1095; baseline 0.001 -13"><span class='ocrx_word' id='word_1_492' title='bbox 1315 1054 1456 1093; x_wconf 84' lang='lat' dir='ltr'><strong>proxime</strong></span> <span class='ocrx_word' id='word_1_493' title='bbox 1475 1053 1598 1084; x_wconf 79' lang='lat' dir='ltr'><strong>affuturi</strong></span> <span class='ocrx_word' id='word_1_494' title='bbox 1619 1054 1733 1094; x_wconf 89' lang='lat' dir='ltr'><strong>incepti</strong></span> <span class='ocrx_word' id='word_1_495' title='bbox 1760 1061 1830 1084; x_wconf 89' lang='lat' dir='ltr'><strong>octo</strong></span> <span class='ocrx_word' id='word_1_496' title='bbox 1852 1055 1976 1085; x_wconf 87' lang='lat' dir='ltr'><strong>fuerunt</strong></span> <span class='ocrx_word' id='word_1_497' title='bbox 2002 1055 2142 1095; x_wconf 80' lang='lat' dir='ltr'><strong>magistri</strong></span> <span class='ocrx_word' id='word_1_498' title='bbox 2170 1065 2226 1094; x_wconf 88' lang='lat' dir='ltr'><strong>pro</strong></span> 
     </span>
     <span class='ocr_line' id='line_1_77' title="bbox 1316 1103 2226 1144; baseline 0.002 -12"><span class='ocrx_word' id='word_1_499' title='bbox 1316 1103 1411 1132; x_wconf 90' lang='lat' dir='ltr'><strong>scolis</strong></span> <span class='ocrx_word' id='word_1_500' title='bbox 1438 1103 1605 1139; x_wconf 85' lang='lat' dir='ltr'><strong>instantes,</strong></span> <span class='ocrx_word' id='word_1_501' title='bbox 1654 1104 1774 1134; x_wconf 89' lang='lat' dir='ltr'><strong>scilicet</strong></span> <span class='ocrx_word' id='word_1_502' title='bbox 1811 1104 1961 1144; x_wconf 87' lang='lat' dir='ltr'><strong>magister</strong></span> <span class='ocrx_word' id='word_1_503' title='bbox 1995 1104 2155 1134; x_wconf 86' lang='lat' dir='ltr'><strong>Marcilius</strong></span> <span class='ocrx_word' id='word_1_504' title='bbox 2189 1106 2226 1134; x_wconf 92' lang='lat' dir='ltr'><strong>de</strong></span> 
     </span>
     <span class='ocr_line' id='line_1_78' title="bbox 1317 1152 2226 1193; baseline 0.001 -12"><span class='ocrx_word' id='word_1_505' title='bbox 1317 1152 1447 1192; x_wconf 84' lang='lat' dir='ltr'><strong>lnghen,</strong></span> <span class='ocrx_word' id='word_1_506' title='bbox 1462 1153 1610 1192; x_wconf 85' lang='lat' dir='ltr'><strong>magister</strong></span> <span class='ocrx_word' id='word_1_507' title='bbox 1625 1153 1759 1182; x_wconf 82' lang='lat' dir='ltr'><strong>Thomas</strong></span> <span class='ocrx_word' id='word_1_508' title='bbox 1775 1154 1812 1182; x_wconf 93' lang='lat' dir='ltr'><strong>de</strong></span> <span class='ocrx_word' id='word_1_509' title='bbox 1830 1152 1939 1188; x_wconf 86' lang='lat' dir='ltr'><strong>Clivis,</strong></span> <span class='ocrx_word' id='word_1_510' title='bbox 1960 1154 2107 1193; x_wconf 84' lang='lat' dir='ltr'><strong>magister</strong></span> <span class='ocrx_word' id='word_1_511' title='bbox 2119 1154 2226 1182; x_wconf 85' lang='lat' dir='ltr'><strong>Jorda-</strong></span> 
     </span>
     <span class='ocr_line' id='line_1_79' title="bbox 1316 1202 2225 1242; baseline 0.002 -12"><span class='ocrx_word' id='word_1_512' title='bbox 1316 1211 1375 1231; x_wconf 88' lang='lat' dir='ltr'><strong>nus</strong></span> <span class='ocrx_word' id='word_1_513' title='bbox 1408 1203 1446 1231; x_wconf 90' lang='lat' dir='ltr'><strong>de</strong></span> <span class='ocrx_word' id='word_1_514' title='bbox 1480 1202 1604 1241; x_wconf 88' lang='lat' dir='ltr'><strong>Clyvis‚</strong></span> <span class='ocrx_word' id='word_1_515' title='bbox 1638 1202 1785 1242; x_wconf 83' lang='lat' dir='ltr'><strong>magister</strong></span> <span class='ocrx_word' id='word_1_516' title='bbox 1819 1202 1979 1232; x_wconf 83' lang='lat' dir='ltr'><strong>VValterus</strong></span> <span class='ocrx_word' id='word_1_517' title='bbox 2014 1202 2225 1242; x_wconf 87' lang='lat' dir='ltr'><strong>Ghyselberti,</strong></span> 
     </span>
     <span class='ocr_line' id='line_1_80' title="bbox 1316 1251 2227 1292; baseline 0.001 -12"><span class='ocrx_word' id='word_1_518' title='bbox 1316 1251 1464 1290; x_wconf 82' lang='lat' dir='ltr'><strong>magister</strong></span> <span class='ocrx_word' id='word_1_519' title='bbox 1477 1251 1657 1281; x_wconf 89' lang='lat' dir='ltr'><strong>Gherardus</strong></span> <span class='ocrx_word' id='word_1_520' title='bbox 1668 1252 1706 1281; x_wconf 91' lang='lat' dir='ltr'><strong>de</strong></span> <span class='ocrx_word' id='word_1_521' title='bbox 1723 1251 1849 1287; x_wconf 85' lang='lat' dir='ltr'><strong>Kalkar‚</strong></span> <span class='ocrx_word' id='word_1_522' title='bbox 1869 1252 2018 1292; x_wconf 87' lang='lat' dir='ltr'><strong>magister</strong></span> <span class='ocrx_word' id='word_1_523' title='bbox 2029 1252 2227 1292; x_wconf 84' lang='lat' dir='ltr'><strong>VVylhelmus</strong></span> 
     </span>
     <span class='ocr_line' id='line_1_81' title="bbox 1315 1300 2228 1340; baseline 0 -10"><span class='ocrx_word' id='word_1_524' title='bbox 1315 1300 1502 1335; x_wconf 89' lang='lat' dir='ltr'><strong>Wadenow,</strong></span> <span class='ocrx_word' id='word_1_525' title='bbox 1535 1301 1684 1340; x_wconf 83' lang='lat' dir='ltr'><strong>magister</strong></span> <span class='ocrx_word' id='word_1_526' title='bbox 1716 1300 1875 1330; x_wconf 83' lang='lat' dir='ltr'><strong>VValterus</strong></span> <span class='ocrx_word' id='word_1_527' title='bbox 1905 1302 1943 1330; x_wconf 92' lang='lat' dir='ltr'><strong>de</strong></span> <span class='ocrx_word' id='word_1_528' title='bbox 1967 1301 2047 1336; x_wconf 84' lang='lat' dir='ltr'><strong>Delf,</strong></span> <span class='ocrx_word' id='word_1_529' title='bbox 2081 1301 2228 1340; x_wconf 86' lang='lat' dir='ltr'><strong>magister</strong></span> 
     </span>
     <span class='ocr_line' id='line_1_82' title="bbox 1317 1348 2228 1390; baseline 0.002 -12"><span class='ocrx_word' id='word_1_530' title='bbox 1317 1348 1409 1389; x_wconf 83' lang='lat' dir='ltr'><strong>Hugo</strong></span> <span class='ocrx_word' id='word_1_531' title='bbox 1432 1350 1470 1379; x_wconf 87' lang='lat' dir='ltr'><strong>de</strong></span> <span class='ocrx_word' id='word_1_532' title='bbox 1498 1349 1661 1379; x_wconf 90' lang='lat' dir='ltr'><strong>Hervorst.</strong></span> <span class='ocrx_word' id='word_1_533' title='bbox 1679 1349 1832 1390; x_wconf 84' lang='lat' dir='ltr'><strong>Magister</strong></span> <span class='ocrx_word' id='word_1_534' title='bbox 1851 1350 2010 1380; x_wconf 87' lang='lat' dir='ltr'><strong>Marcilius</strong></span> <span class='ocrx_word' id='word_1_535' title='bbox 2030 1350 2149 1380; x_wconf 88' lang='lat' dir='ltr'><strong>instetit</strong></span> <span class='ocrx_word' id='word_1_536' title='bbox 2170 1360 2228 1390; x_wconf 87' lang='lat' dir='ltr'><strong>pro</strong></span> 
     </span>
     <span class='ocr_line' id='line_1_83' title="bbox 1317 1398 2228 1439; baseline 0.001 -12"><span class='ocrx_word' id='word_1_537' title='bbox 1317 1398 1413 1428; x_wconf 89' lang='lat' dir='ltr'><strong>scolis</strong></span> <span class='ocrx_word' id='word_1_538' title='bbox 1439 1399 1557 1428; x_wconf 87' lang='lat' dir='ltr'><strong>nostris</strong></span> <span class='ocrx_word' id='word_1_539' title='bbox 1585 1399 1674 1428; x_wconf 89' lang='lat' dir='ltr'><strong>novis</strong></span> <span class='ocrx_word' id='word_1_540' title='bbox 1702 1399 1930 1439; x_wconf 87' lang='lat' dir='ltr'><strong>superioribus,</strong></span> <span class='ocrx_word' id='word_1_541' title='bbox 1961 1405 1991 1429; x_wconf 91' lang='lat' dir='ltr'><strong>et</strong></span> <span class='ocrx_word' id='word_1_542' title='bbox 2022 1409 2080 1439; x_wconf 90' lang='lat' dir='ltr'><strong>pro</strong></span> <span class='ocrx_word' id='word_1_543' title='bbox 2112 1399 2228 1429; x_wconf 90' lang='lat' dir='ltr'><strong>eisdem</strong></span> 
     </span>
     <span class='ocr_line' id='line_1_84' title="bbox 1317 1447 2230 1488; baseline 0.001 -12"><span class='ocrx_word' id='word_1_544' title='bbox 1317 1447 1437 1477; x_wconf 88' lang='lat' dir='ltr'><strong>instetit</strong></span> <span class='ocrx_word' id='word_1_545' title='bbox 1458 1448 1607 1488; x_wconf 83' lang='lat' dir='ltr'><strong>magister</strong></span> <span class='ocrx_word' id='word_1_546' title='bbox 1623 1448 1758 1478; x_wconf 90' lang='lat' dir='ltr'><strong>Thomas</strong></span> <span class='ocrx_word' id='word_1_547' title='bbox 1781 1449 1818 1478; x_wconf 93' lang='lat' dir='ltr'><strong>de</strong></span> <span class='ocrx_word' id='word_1_548' title='bbox 1843 1448 1963 1488; x_wconf 81' lang='lat' dir='ltr'><strong>Clyvis.</strong></span> <span class='ocrx_word' id='word_1_549' title='bbox 1982 1448 2056 1478; x_wconf 86' lang='lat' dir='ltr'><strong>Item</strong></span> <span class='ocrx_word' id='word_1_550' title='bbox 2083 1448 2230 1488; x_wconf 82' lang='lat' dir='ltr'><strong>magister</strong></span> 
     </span>
     <span class='ocr_line' id='line_1_85' title="bbox 1316 1496 2228 1537; baseline 0.001 -12"><span class='ocrx_word' id='word_1_551' title='bbox 1316 1496 1472 1526; x_wconf 87' lang='lat' dir='ltr'><strong>Jordanus</strong></span> <span class='ocrx_word' id='word_1_552' title='bbox 1489 1497 1527 1526; x_wconf 91' lang='lat' dir='ltr'><strong>de</strong></span> <span class='ocrx_word' id='word_1_553' title='bbox 1549 1497 1658 1537; x_wconf 87' lang='lat' dir='ltr'><strong>Clyvis</strong></span> <span class='ocrx_word' id='word_1_554' title='bbox 1675 1507 1734 1537; x_wconf 88' lang='lat' dir='ltr'><strong>pro</strong></span> <span class='ocrx_word' id='word_1_555' title='bbox 1755 1497 1990 1527; x_wconf 88' lang='lat' dir='ltr'><strong>continuacione</strong></span> <span class='ocrx_word' id='word_1_556' title='bbox 2011 1498 2058 1527; x_wconf 89' lang='lat' dir='ltr'><strong>sui</strong></span> <span class='ocrx_word' id='word_1_557' title='bbox 2080 1498 2111 1526; x_wconf 91' lang='lat' dir='ltr'><strong>in</strong></span> <span class='ocrx_word' id='word_1_558' title='bbox 2135 1497 2228 1526; x_wconf 78' lang='lat' dir='ltr'><strong>scolis</strong></span> 
     </span>
     <span class='ocr_line' id='line_1_86' title="bbox 1318 1545 2230 1587; baseline 0.002 -13"><span class='ocrx_word' id='word_1_559' title='bbox 1318 1546 1408 1575; x_wconf 91' lang='lat' dir='ltr'><strong>novis</strong></span> <span class='ocrx_word' id='word_1_560' title='bbox 1432 1545 1649 1582; x_wconf 86' lang='lat' dir='ltr'><strong>inferioribus;</strong></span> <span class='ocrx_word' id='word_1_561' title='bbox 1674 1547 1822 1587; x_wconf 86' lang='lat' dir='ltr'><strong>magister</strong></span> <span class='ocrx_word' id='word_1_562' title='bbox 1848 1546 2029 1576; x_wconf 85' lang='lat' dir='ltr'><strong>Gherardus</strong></span> <span class='ocrx_word' id='word_1_563' title='bbox 2054 1547 2092 1576; x_wconf 90' lang='lat' dir='ltr'><strong>de</strong></span> <span class='ocrx_word' id='word_1_564' title='bbox 2116 1547 2230 1576; x_wconf 85' lang='lat' dir='ltr'><strong>Kalkar</strong></span> 
     </span>
     <span class='ocr_line' id='line_1_87' title="bbox 1317 1595 2230 1636; baseline 0.001 -12"><span class='ocrx_word' id='word_1_565' title='bbox 1317 1605 1376 1634; x_wconf 92' lang='lat' dir='ltr'><strong>pro</strong></span> <span class='ocrx_word' id='word_1_566' title='bbox 1398 1595 1493 1624; x_wconf 90' lang='lat' dir='ltr'><strong>scolis</strong></span> <span class='ocrx_word' id='word_1_567' title='bbox 1514 1602 1632 1635; x_wconf 88' lang='lat' dir='ltr'><strong>septem</strong></span> <span class='ocrx_word' id='word_1_568' title='bbox 1659 1596 1774 1625; x_wconf 87' lang='lat' dir='ltr'><strong>areium</strong></span> <span class='ocrx_word' id='word_1_569' title='bbox 1799 1606 1894 1635; x_wconf 89' lang='lat' dir='ltr'><strong>super</strong></span> <span class='ocrx_word' id='word_1_570' title='bbox 1922 1602 2054 1632; x_wconf 88' lang='lat' dir='ltr'><strong>terram;</strong></span> <span class='ocrx_word' id='word_1_571' title='bbox 2082 1596 2230 1636; x_wconf 85' lang='lat' dir='ltr'><strong>magister</strong></span> 
     </span>
     <span class='ocr_line' id='line_1_88' title="bbox 1317 1643 2228 1685; baseline 0.001 -12"><span class='ocrx_word' id='word_1_572' title='bbox 1317 1643 1515 1683; x_wconf 89' lang='lat' dir='ltr'><strong>Wylhelmus</strong></span> <span class='ocrx_word' id='word_1_573' title='bbox 1535 1655 1594 1685; x_wconf 89' lang='lat' dir='ltr'><strong>pro</strong></span> <span class='ocrx_word' id='word_1_574' title='bbox 1614 1645 1708 1674; x_wconf 89' lang='lat' dir='ltr'><strong>scolis</strong></span> <span class='ocrx_word' id='word_1_575' title='bbox 1731 1645 1762 1674; x_wconf 92' lang='lat' dir='ltr'><strong>in</strong></span> <span class='ocrx_word' id='word_1_576' title='bbox 1790 1646 1904 1685; x_wconf 90' lang='lat' dir='ltr'><strong>quibus</strong></span> <span class='ocrx_word' id='word_1_577' title='bbox 1925 1645 2028 1685; x_wconf 83' lang='lat' dir='ltr'><strong>legere</strong></span> <span class='ocrx_word' id='word_1_578' title='bbox 2056 1645 2228 1679; x_wconf 87' lang='lat' dir='ltr'><strong>consuevit,</strong></span> 
     </span>
     <span class='ocr_line' id='line_1_89' title="bbox 1318 1693 2228 1734; baseline 0.001 -12"><span class='ocrx_word' id='word_1_579' title='bbox 1318 1693 1386 1722; x_wconf 89' lang='lat' dir='ltr'><strong>sitis</strong></span> <span class='ocrx_word' id='word_1_580' title='bbox 1404 1693 1436 1722; x_wconf 90' lang='lat' dir='ltr'><strong>in</strong></span> <span class='ocrx_word' id='word_1_581' title='bbox 1453 1695 1512 1723; x_wconf 94' lang='lat' dir='ltr'><strong>fine</strong></span> <span class='ocrx_word' id='word_1_582' title='bbox 1530 1694 1682 1723; x_wconf 90' lang='lat' dir='ltr'><strong>scolarum</strong></span> <span class='ocrx_word' id='word_1_583' title='bbox 1703 1694 1850 1723; x_wconf 88' lang='lat' dir='ltr'><strong>omnium.</strong></span> <span class='ocrx_word' id='word_1_584' title='bbox 1875 1693 1938 1723; x_wconf 84' lang='lat' dir='ltr'><strong>Alii</strong></span> <span class='ocrx_word' id='word_1_585' title='bbox 1956 1704 2031 1723; x_wconf 92' lang='lat' dir='ltr'><strong>vero</strong></span> <span class='ocrx_word' id='word_1_586' title='bbox 2052 1695 2070 1723; x_wconf 88' lang='lat'>3</span> <span class='ocrx_word' id='word_1_587' title='bbox 2088 1694 2228 1734; x_wconf 82' lang='lat' dir='ltr'><strong>magistri</strong></span> 
     </span>
     <span class='ocr_line' id='line_1_90' title="bbox 1317 1742 2230 1783; baseline 0.001 -12"><span class='ocrx_word' id='word_1_588' title='bbox 1317 1742 1582 1782; x_wconf 87' lang='lat' dir='ltr'><strong>supplicaverunt,</strong></span> <span class='ocrx_word' id='word_1_589' title='bbox 1601 1749 1635 1772; x_wconf 92' lang='lat' dir='ltr'><strong>ut</strong></span> <span class='ocrx_word' id='word_1_590' title='bbox 1651 1743 1697 1772; x_wconf 89' lang='lat' dir='ltr'><strong>eis</strong></span> <span class='ocrx_word' id='word_1_591' title='bbox 1715 1743 1932 1782; x_wconf 86' lang='lat' dir='ltr'><strong>provideretur</strong></span> <span class='ocrx_word' id='word_1_592' title='bbox 1952 1744 1989 1772; x_wconf 91' lang='lat' dir='ltr'><strong>de</strong></span> <span class='ocrx_word' id='word_1_593' title='bbox 2006 1743 2111 1772; x_wconf 90' lang='lat' dir='ltr'><strong>scolis.</strong></span> <span class='ocrx_word' id='word_1_594' title='bbox 2130 1742 2230 1783; x_wconf 87' lang='lat' dir='ltr'><strong>Major</strong></span> 
     </span>
     <span class='ocr_line' id='line_1_91' title="bbox 1318 1792 2227 1832; baseline 0.002 -12"><span class='ocrx_word' id='word_1_595' title='bbox 1318 1802 1390 1831; x_wconf 90' lang='lat' dir='ltr'><strong>pars</strong></span> <span class='ocrx_word' id='word_1_596' title='bbox 1403 1792 1556 1828; x_wconf 83' lang='lat' dir='ltr'><strong>nacionis,</strong></span> <span class='ocrx_word' id='word_1_597' title='bbox 1573 1792 1692 1822; x_wconf 89' lang='lat' dir='ltr'><strong>scilicet</strong></span> <span class='ocrx_word' id='word_1_598' title='bbox 1705 1793 1873 1821; x_wconf 89' lang='lat' dir='ltr'><strong>secundum</strong></span> <span class='ocrx_word' id='word_1_599' title='bbox 1888 1792 2094 1832; x_wconf 87' lang='lat' dir='ltr'><strong>pluralitatem</strong></span> <span class='ocrx_word' id='word_1_600' title='bbox 2107 1802 2227 1828; x_wconf 87' lang='lat' dir='ltr'><strong>vocum,</strong></span> 
     </span>
     <span class='ocr_line' id='line_1_92' title="bbox 1317 1841 2230 1882; baseline 0.001 -12"><span class='ocrx_word' id='word_1_601' title='bbox 1317 1841 1499 1882; x_wconf 82' lang='lat' dir='ltr'><strong>magistrum</strong></span> <span class='ocrx_word' id='word_1_602' title='bbox 1516 1841 1689 1871; x_wconf 90' lang='lat' dir='ltr'><strong>Marcilium</strong></span> <span class='ocrx_word' id='word_1_603' title='bbox 1710 1847 1740 1871; x_wconf 90' lang='lat' dir='ltr'><strong>et</strong></span> <span class='ocrx_word' id='word_1_604' title='bbox 1759 1842 1939 1881; x_wconf 83' lang='lat' dir='ltr'><strong>magistrum</strong></span> <span class='ocrx_word' id='word_1_605' title='bbox 1963 1842 2110 1871; x_wconf 88' lang='lat' dir='ltr'><strong>Thomam</strong></span> <span class='ocrx_word' id='word_1_606' title='bbox 2129 1842 2230 1871; x_wconf 84' lang='lat' dir='ltr'><strong>missit</strong></span> 
     </span>
     <span class='ocr_line' id='line_1_93' title="bbox 1317 1890 2227 1930; baseline 0.001 -11"><span class='ocrx_word' id='word_1_607' title='bbox 1317 1891 1355 1919; x_wconf 91' lang='lat' dir='ltr'><strong>ad</strong></span> <span class='ocrx_word' id='word_1_608' title='bbox 1372 1897 1498 1926; x_wconf 86' lang='lat' dir='ltr'><strong>sortem,</strong></span> <span class='ocrx_word' id='word_1_609' title='bbox 1517 1891 1566 1920; x_wconf 91' lang='lat' dir='ltr'><strong>cui</strong></span> <span class='ocrx_word' id='word_1_610' title='bbox 1586 1901 1655 1920; x_wconf 87' lang='lat' dir='ltr'><strong>sors</strong></span> <span class='ocrx_word' id='word_1_611' title='bbox 1671 1892 1769 1926; x_wconf 84' lang='lat' dir='ltr'><strong>daret,</strong></span> <span class='ocrx_word' id='word_1_612' title='bbox 1789 1890 1840 1920; x_wconf 91' lang='lat' dir='ltr'><strong>ille</strong></span> <span class='ocrx_word' id='word_1_613' title='bbox 1858 1901 1911 1920; x_wconf 89' lang='lat' dir='ltr'><strong>eas</strong></span> <span class='ocrx_word' id='word_1_614' title='bbox 1929 1890 2070 1930; x_wconf 84' lang='lat' dir='ltr'><strong>optinere</strong></span> <span class='ocrx_word' id='word_1_615' title='bbox 2088 1891 2227 1926; x_wconf 88' lang='lat' dir='ltr'><strong>deberet,</strong></span> 
     </span>
     <span class='ocr_line' id='line_1_94' title="bbox 1317 1939 2228 1979; baseline 0.001 -11"><span class='ocrx_word' id='word_1_616' title='bbox 1317 1939 1509 1969; x_wconf 85' lang='lat' dir='ltr'><strong>exhortando</strong></span> <span class='ocrx_word' id='word_1_617' title='bbox 1528 1946 1627 1969; x_wconf 88' lang='lat' dir='ltr'><strong>tamen</strong></span> <span class='ocrx_word' id='word_1_618' title='bbox 1648 1939 1732 1969; x_wconf 89' lang='lat' dir='ltr'><strong>illum</strong></span> <span class='ocrx_word' id='word_1_619' title='bbox 1750 1940 1802 1979; x_wconf 90' lang='lat' dir='ltr'><strong>qui</strong></span> <span class='ocrx_word' id='word_1_620' title='bbox 1818 1949 1871 1969; x_wconf 88' lang='lat' dir='ltr'><strong>eas</strong></span> <span class='ocrx_word' id='word_1_621' title='bbox 1893 1940 2064 1979; x_wconf 84' lang='lat' dir='ltr'><strong>optineret,</strong></span> <span class='ocrx_word' id='word_1_622' title='bbox 2084 1946 2117 1969; x_wconf 92' lang='lat' dir='ltr'><strong>ut</strong></span> <span class='ocrx_word' id='word_1_623' title='bbox 2136 1940 2228 1969; x_wconf 84' lang='lat' dir='ltr'><strong>alium</strong></span> 
     </span>
     <span class='ocr_line' id='line_1_95' title="bbox 1312 1987 2229 2029; baseline 0 -11"><span class='ocrx_word' id='word_1_624' title='bbox 1312 1987 1435 2027; x_wconf 84' lang='lat' dir='ltr'><strong>juvaret</strong></span> <span class='ocrx_word' id='word_1_625' title='bbox 1452 1995 1598 2028; x_wconf 89' lang='lat' dir='ltr'><strong>quantum</strong></span> <span class='ocrx_word' id='word_1_626' title='bbox 1621 1995 1729 2029; x_wconf 87' lang='lat' dir='ltr'><strong>posset</strong></span> <span class='ocrx_word' id='word_1_627' title='bbox 1750 1999 1808 2029; x_wconf 87' lang='lat' dir='ltr'><strong>pro</strong></span> <span class='ocrx_word' id='word_1_628' title='bbox 1831 1989 1900 2018; x_wconf 88' lang='lat' dir='ltr'><strong>aliis</strong></span> <span class='ocrx_word' id='word_1_629' title='bbox 1920 1989 2015 2018; x_wconf 86' lang='lat' dir='ltr'><strong>scolis</strong></span> <span class='ocrx_word' id='word_1_630' title='bbox 2033 1989 2093 2019; x_wconf 89' lang='lat' dir='ltr'><strong>sibi</strong></span> <span class='ocrx_word' id='word_1_631' title='bbox 2115 1999 2229 2018; x_wconf 89' lang='lat' dir='ltr'><strong>conve-</strong></span> 
     </span>
     <span class='ocr_line' id='line_1_96' title="bbox 1316 2037 2228 2078; baseline 0 -11"><span class='ocrx_word' id='word_1_632' title='bbox 1316 2037 1474 2067; x_wconf 89' lang='lat' dir='ltr'><strong>nientibus</strong></span> <span class='ocrx_word' id='word_1_633' title='bbox 1482 2038 1674 2078; x_wconf 88' lang='lat' dir='ltr'><strong>aquirendis.</strong></span> <span class='ocrx_word' id='word_1_634' title='bbox 1690 2038 1729 2068; x_wconf 91' lang='lat' dir='ltr'><strong>Et</strong></span> <span class='ocrx_word' id='word_1_635' title='bbox 1738 2038 1854 2078; x_wconf 85' lang='lat' dir='ltr'><strong>placuit</strong></span> <span class='ocrx_word' id='word_1_636' title='bbox 1867 2039 2027 2067; x_wconf 83' lang='lat' dir='ltr'><strong>ambobus.</strong></span> <span class='ocrx_word' id='word_1_637' title='bbox 2040 2038 2099 2076; x_wconf 93' lang='lat' dir='ltr'><strong>Qui</strong></span> <span class='ocrx_word' id='word_1_638' title='bbox 2114 2045 2228 2068; x_wconf 90' lang='lat' dir='ltr'><strong>sortem</strong></span> 
     </span>
     <span class='ocr_line' id='line_1_97' title="bbox 1317 2086 2228 2127; baseline 0 -11"><span class='ocrx_word' id='word_1_639' title='bbox 1317 2086 1473 2116; x_wconf 90' lang='lat' dir='ltr'><strong>mittentes</strong></span> <span class='ocrx_word' id='word_1_640' title='bbox 1488 2087 1519 2116; x_wconf 91' lang='lat' dir='ltr'><strong>in</strong></span> <span class='ocrx_word' id='word_1_641' title='bbox 1536 2087 1698 2126; x_wconf 89' lang='lat' dir='ltr'><strong>presencia</strong></span> <span class='ocrx_word' id='word_1_642' title='bbox 1713 2087 1864 2123; x_wconf 86' lang='lat' dir='ltr'><strong>nacionis,</strong></span> <span class='ocrx_word' id='word_1_643' title='bbox 1879 2087 2028 2127; x_wconf 82' lang='lat' dir='ltr'><strong>magister</strong></span> <span class='ocrx_word' id='word_1_644' title='bbox 2041 2087 2175 2116; x_wconf 85' lang='lat' dir='ltr'><strong>Thomas</strong></span> <span class='ocrx_word' id='word_1_645' title='bbox 2191 2089 2228 2116; x_wconf 91' lang='lat' dir='ltr'><strong>de</strong></span> 
     </span>
     <span class='ocr_line' id='line_1_98' title="bbox 1318 2135 2228 2176; baseline 0 -11"><span class='ocrx_word' id='word_1_646' title='bbox 1318 2135 1416 2166; x_wconf 82' lang='lat' dir='ltr'><strong>clivis</strong></span> <span class='ocrx_word' id='word_1_647' title='bbox 1438 2146 1490 2166; x_wconf 84' lang='lat' dir='ltr'><strong>eas</strong></span> <span class='ocrx_word' id='word_1_648' title='bbox 1518 2142 1602 2166; x_wconf 90' lang='lat' dir='ltr'><strong>sorte</strong></span> <span class='ocrx_word' id='word_1_649' title='bbox 1628 2136 1772 2176; x_wconf 90' lang='lat' dir='ltr'><strong>optinuit.</strong></span> <span class='ocrx_word' id='word_1_650' title='bbox 1803 2136 1879 2166; x_wconf 86' lang='lat' dir='ltr'><strong>ltem</strong></span> <span class='ocrx_word' id='word_1_651' title='bbox 1901 2137 2049 2176; x_wconf 86' lang='lat' dir='ltr'><strong>magister</strong></span> <span class='ocrx_word' id='word_1_652' title='bbox 2073 2136 2228 2166; x_wconf 88' lang='lat' dir='ltr'><strong>Jordanus</strong></span> 
     </span>
     <span class='ocr_line' id='line_1_99' title="bbox 1317 2185 2226 2225; baseline 0 -11"><span class='ocrx_word' id='word_1_653' title='bbox 1317 2185 1514 2215; x_wconf 87' lang='lat' dir='ltr'><strong>continuatus</strong></span> <span class='ocrx_word' id='word_1_654' title='bbox 1534 2186 1589 2215; x_wconf 82' lang='lat' dir='ltr'><strong>suit</strong></span> <span class='ocrx_word' id='word_1_655' title='bbox 1609 2185 1640 2214; x_wconf 91' lang='lat' dir='ltr'><strong>in</strong></span> <span class='ocrx_word' id='word_1_656' title='bbox 1668 2185 1762 2215; x_wconf 87' lang='lat' dir='ltr'><strong>scolis</strong></span> <span class='ocrx_word' id='word_1_657' title='bbox 1787 2185 1864 2220; x_wconf 81' lang='lat' dir='ltr'><strong>suis,</strong></span> <span class='ocrx_word' id='word_1_658' title='bbox 1881 2195 1939 2225; x_wconf 90' lang='lat' dir='ltr'><strong>pro</strong></span> <span class='ocrx_word' id='word_1_659' title='bbox 1962 2185 2076 2225; x_wconf 84' lang='lat' dir='ltr'><strong>quibus</strong></span> <span class='ocrx_word' id='word_1_660' title='bbox 2098 2186 2226 2220; x_wconf 64' lang='lat' dir='ltr'><strong>instent,</strong></span> 
     </span>
     <span class='ocr_line' id='line_1_100' title="bbox 1317 2234 2228 2274; baseline 0 -11"><span class='ocrx_word' id='word_1_661' title='bbox 1317 2234 1438 2264; x_wconf 90' lang='lat' dir='ltr'><strong>scilicet</strong></span> <span class='ocrx_word' id='word_1_662' title='bbox 1462 2234 1556 2264; x_wconf 90' lang='lat' dir='ltr'><strong>scolis</strong></span> <span class='ocrx_word' id='word_1_663' title='bbox 1583 2234 1672 2264; x_wconf 87' lang='lat' dir='ltr'><strong>novis</strong></span> <span class='ocrx_word' id='word_1_664' title='bbox 1703 2244 1797 2274; x_wconf 90' lang='lat' dir='ltr'><strong>super</strong></span> <span class='ocrx_word' id='word_1_665' title='bbox 1821 2241 1944 2264; x_wconf 81' lang='lat' dir='ltr'><strong>terram.</strong></span> <span class='ocrx_word' id='word_1_666' title='bbox 1975 2235 2049 2264; x_wconf 88' lang='lat' dir='ltr'><strong>ltem</strong></span> <span class='ocrx_word' id='word_1_667' title='bbox 2080 2234 2228 2274; x_wconf 82' lang='lat' dir='ltr'><strong>magistro</strong></span> 
     </span>
     <span class='ocr_line' id='line_1_101' title="bbox 1318 2282 2227 2323; baseline 0 -11"><span class='ocrx_word' id='word_1_668' title='bbox 1318 2282 1480 2313; x_wconf 88' lang='lat' dir='ltr'><strong>Gherardo</strong></span> <span class='ocrx_word' id='word_1_669' title='bbox 1519 2283 1631 2314; x_wconf 81' lang='lat' dir='ltr'><strong>Calkar</strong></span> <span class='ocrx_word' id='word_1_670' title='bbox 1663 2283 1747 2313; x_wconf 83' lang='lat' dir='ltr'><strong>scole</strong></span> <span class='ocrx_word' id='word_1_671' title='bbox 1779 2290 1897 2323; x_wconf 86' lang='lat' dir='ltr'><strong>septem</strong></span> <span class='ocrx_word' id='word_1_672' title='bbox 1929 2284 2045 2313; x_wconf 89' lang='lat' dir='ltr'><strong>arcium</strong></span> <span class='ocrx_word' id='word_1_673' title='bbox 2079 2293 2227 2312; x_wconf 82' lang='lat' dir='ltr'><strong>concesse</strong></span> 
     </span>
     <span class='ocr_line' id='line_1_102' title="bbox 1318 2331 2227 2372; baseline -0.001 -10"><span class='ocrx_word' id='word_1_674' title='bbox 1318 2332 1456 2368; x_wconf 78' lang='lat' dir='ltr'><strong>fuerunt3</strong></span> <span class='ocrx_word' id='word_1_675' title='bbox 1477 2332 1550 2362; x_wconf 89' lang='lat' dir='ltr'><strong>item</strong></span> <span class='ocrx_word' id='word_1_676' title='bbox 1564 2333 1712 2372; x_wconf 85' lang='lat' dir='ltr'><strong>magistro</strong></span> <span class='ocrx_word' id='word_1_677' title='bbox 1728 2332 1908 2372; x_wconf 75' lang='lat' dir='ltr'><strong>VVylhelmo</strong></span> <span class='ocrx_word' id='word_1_678' title='bbox 1926 2333 1963 2362; x_wconf 87' lang='lat' dir='ltr'><strong>de</strong></span> <span class='ocrx_word' id='word_1_679' title='bbox 1981 2333 2125 2362; x_wconf 79' lang='lat' dir='ltr'><strong>Wadnou</strong></span> <span class='ocrx_word' id='word_1_680' title='bbox 2145 2331 2227 2361; x_wconf 85' lang='lat' dir='ltr'><strong>scole</strong></span> 
     </span>
     <span class='ocr_line' id='line_1_103' title="bbox 1318 2380 2226 2422; baseline -0.001 -11"><span class='ocrx_word' id='word_1_681' title='bbox 1318 2380 1369 2411; x_wconf 92' lang='lat' dir='ltr'><strong>ille</strong></span> <span class='ocrx_word' id='word_1_682' title='bbox 1388 2391 1444 2421; x_wconf 87' lang='lat' dir='ltr'><strong>pro</strong></span> <span class='ocrx_word' id='word_1_683' title='bbox 1463 2381 1576 2422; x_wconf 87' lang='lat' dir='ltr'><strong>quibus</strong></span> <span class='ocrx_word' id='word_1_684' title='bbox 1595 2381 1722 2411; x_wconf 87' lang='lat' dir='ltr'><strong>instetit.</strong></span> <span class='ocrx_word' id='word_1_685' title='bbox 1739 2381 1802 2411; x_wconf 86' lang='lat' dir='ltr'><strong>Pro</strong></span> <span class='ocrx_word' id='word_1_686' title='bbox 1818 2381 1886 2411; x_wconf 88' lang='lat' dir='ltr'><strong>aliis</strong></span> <span class='ocrx_word' id='word_1_687' title='bbox 1902 2382 2060 2421; x_wconf 84' lang='lat' dir='ltr'><strong>magistris</strong></span> <span class='ocrx_word' id='word_1_688' title='bbox 2073 2381 2226 2410; x_wconf 87' lang='lat' dir='ltr'><strong>delibera-</strong></span> 
     </span>
     <span class='ocr_line' id='line_1_104' title="bbox 1318 2430 2227 2470; baseline -0.001 -10"><span class='ocrx_word' id='word_1_689' title='bbox 1318 2436 1380 2460; x_wconf 86' lang='lat' dir='ltr'><strong>tum</strong></span> <span class='ocrx_word' id='word_1_690' title='bbox 1394 2431 1449 2460; x_wconf 84' lang='lat' dir='ltr'><strong>suit</strong></span> <span class='ocrx_word' id='word_1_691' title='bbox 1469 2431 1551 2470; x_wconf 91' lang='lat' dir='ltr'><strong>quod</strong></span> <span class='ocrx_word' id='word_1_692' title='bbox 1573 2430 1632 2460; x_wconf 86' lang='lat' dir='ltr'><strong>sibi</strong></span> <span class='ocrx_word' id='word_1_693' title='bbox 1648 2430 1867 2470; x_wconf 86' lang='lat' dir='ltr'><strong>provideretur</strong></span> <span class='ocrx_word' id='word_1_694' title='bbox 1882 2431 1919 2460; x_wconf 90' lang='lat' dir='ltr'><strong>de</strong></span> <span class='ocrx_word' id='word_1_695' title='bbox 1940 2430 2034 2460; x_wconf 89' lang='lat' dir='ltr'><strong>scolis</strong></span> <span class='ocrx_word' id='word_1_696' title='bbox 2051 2430 2096 2459; x_wconf 84' lang='lat' dir='ltr'><strong>eis</strong></span> <span class='ocrx_word' id='word_1_697' title='bbox 2114 2440 2227 2459; x_wconf 88' lang='lat' dir='ltr'><strong>conve-</strong></span> 
     </span>
     <span class='ocr_line' id='line_1_105' title="bbox 1318 2479 2011 2519; baseline 0 -10"><span class='ocrx_word' id='word_1_698' title='bbox 1318 2479 1488 2515; x_wconf 83' lang='lat' dir='ltr'><strong>nientibus,</strong></span> <span class='ocrx_word' id='word_1_699' title='bbox 1502 2486 1532 2509; x_wconf 88' lang='lat' dir='ltr'><strong>et</strong></span> <span class='ocrx_word' id='word_1_700' title='bbox 1551 2479 1638 2509; x_wconf 79' lang='lat' dir='ltr'><strong>nscio</strong></span> <span class='ocrx_word' id='word_1_701' title='bbox 1655 2479 1790 2509; x_wconf 86' lang='lat' dir='ltr'><strong>solveret</strong></span> <span class='ocrx_word' id='word_1_702' title='bbox 1805 2490 1862 2519; x_wconf 89' lang='lat' dir='ltr'><strong>pro</strong></span> <span class='ocrx_word' id='word_1_703' title='bbox 1883 2480 2011 2509; x_wconf 88' lang='lat' dir='ltr'><strong>eisdem.</strong></span> 
     </span>
    </p>

    <p class='ocr_par' dir='ltr' id='par_1_21' title="bbox 1318 2528 2229 2763">
     <span class='ocr_line' id='line_1_106' title="bbox 1360 2528 2228 2558; baseline -0.002 0"><span class='ocrx_word' id='word_1_704' title='bbox 1360 2528 1434 2558; x_wconf 86' lang='lat' dir='ltr'><strong>ltem</strong></span> <span class='ocrx_word' id='word_1_705' title='bbox 1459 2529 1566 2558; x_wconf 88' lang='lat' dir='ltr'><strong>eodem</strong></span> <span class='ocrx_word' id='word_1_706' title='bbox 1588 2528 1638 2558; x_wconf 84' lang='lat' dir='ltr'><strong>die</strong></span> <span class='ocrx_word' id='word_1_707' title='bbox 1660 2529 1748 2558; x_wconf 90' lang='lat' dir='ltr'><strong>nacio</strong></span> <span class='ocrx_word' id='word_1_708' title='bbox 1771 2528 1896 2558; x_wconf 88' lang='lat' dir='ltr'><strong>intravit</strong></span> <span class='ocrx_word' id='word_1_709' title='bbox 1918 2529 2073 2557; x_wconf 89' lang='lat' dir='ltr'><strong>tabernam</strong></span> <span class='ocrx_word' id='word_1_710' title='bbox 2092 2528 2135 2556; x_wconf 84' lang='lat' dir='ltr'><strong>ad</strong></span> <span class='ocrx_word' id='word_1_711' title='bbox 2153 2529 2228 2556; x_wconf 82' lang='lat' dir='ltr'><strong>duos</strong></span> 
     </span>
     <span class='ocr_line' id='line_1_107' title="bbox 1318 2576 2226 2617; baseline -0.001 -11"><span class='ocrx_word' id='word_1_712' title='bbox 1318 2587 1413 2612; x_wconf 71' lang='lat' dir='ltr'><strong>enses,</strong></span> <span class='ocrx_word' id='word_1_713' title='bbox 1437 2584 1467 2606; x_wconf 89' lang='lat' dir='ltr'><strong>et</strong></span> <span class='ocrx_word' id='word_1_714' title='bbox 1487 2577 1529 2606; x_wconf 89' lang='lat' dir='ltr'><strong>ibi</strong></span> <span class='ocrx_word' id='word_1_715' title='bbox 1552 2577 1746 2617; x_wconf 85' lang='lat' dir='ltr'><strong>consumpsit</strong></span> <span class='ocrx_word' id='word_1_716' title='bbox 1770 2577 1795 2606; x_wconf 94' lang='grc'><strong>11</strong></span> <span class='ocrx_word' id='word_1_717' title='bbox 1818 2578 1939 2606; x_wconf 84' lang='lat' dir='ltr'><strong>francos</strong></span> <span class='ocrx_word' id='word_1_718' title='bbox 1963 2583 1992 2606; x_wconf 86' lang='lat' dir='ltr'><strong>et</strong></span> <span class='ocrx_word' id='word_1_719' title='bbox 2014 2577 2071 2606; x_wconf 92' lang='lat' dir='ltr'><strong>llll</strong></span> <span class='ocrx_word' id='word_1_720' title='bbox 2096 2576 2226 2606; x_wconf 88' lang='lat' dir='ltr'><strong>solidos.</strong></span> 
     </span>
     <span class='ocr_line' id='line_1_108' title="bbox 1320 2625 2227 2666; baseline -0.002 -10"><span class='ocrx_word' id='word_1_721' title='bbox 1320 2625 1359 2656; x_wconf 79' lang='lat' dir='ltr'><strong>Et</strong></span> <span class='ocrx_word' id='word_1_722' title='bbox 1383 2627 1420 2655; x_wconf 93' lang='lat' dir='ltr'><strong>de</strong></span> <span class='ocrx_word' id='word_1_723' title='bbox 1443 2626 1495 2656; x_wconf 90' lang='lat' dir='ltr'><strong>illa</strong></span> <span class='ocrx_word' id='word_1_724' title='bbox 1517 2627 1645 2666; x_wconf 87' lang='lat' dir='ltr'><strong>pecunia</strong></span> <span class='ocrx_word' id='word_1_725' title='bbox 1674 2627 1735 2656; x_wconf 91' lang='lat' dir='ltr'><strong>duo</strong></span> <span class='ocrx_word' id='word_1_726' title='bbox 1760 2626 1900 2666; x_wconf 83' lang='lat' dir='ltr'><strong>magistri</strong></span> <span class='ocrx_word' id='word_1_727' title='bbox 1924 2626 1993 2655; x_wconf 88' lang='lat' dir='ltr'><strong>novi</strong></span> <span class='ocrx_word' id='word_1_728' title='bbox 2016 2635 2073 2664; x_wconf 91' lang='lat' dir='ltr'><strong>pro</strong></span> <span class='ocrx_word' id='word_1_729' title='bbox 2091 2625 2227 2665; x_wconf 80' lang='lat' dir='ltr'><strong>jocundo</strong></span> 
     </span>
     <span class='ocr_line' id='line_1_109' title="bbox 1319 2674 2229 2715; baseline -0.001 -11"><span class='ocrx_word' id='word_1_730' title='bbox 1319 2675 1446 2706; x_wconf 88' lang='lat' dir='ltr'><strong>introitu</strong></span> <span class='ocrx_word' id='word_1_731' title='bbox 1465 2675 1495 2704; x_wconf 89' lang='lat' dir='ltr'><strong>in</strong></span> <span class='ocrx_word' id='word_1_732' title='bbox 1517 2675 1794 2715; x_wconf 82' lang='lat' dir='ltr'><strong>congregacionem</strong></span> <span class='ocrx_word' id='word_1_733' title='bbox 1816 2674 1974 2704; x_wconf 84' lang='lat' dir='ltr'><strong>solverunt</strong></span> <span class='ocrx_word' id='word_1_734' title='bbox 1997 2674 2022 2703; x_wconf 93' lang='grc'><strong>11</strong></span> <span class='ocrx_word' id='word_1_735' title='bbox 2041 2674 2180 2710; x_wconf 79' lang='lat' dir='ltr'><strong>francos,</strong></span> <span class='ocrx_word' id='word_1_736' title='bbox 2200 2681 2229 2704; x_wconf 92' lang='lat' dir='ltr'><strong>et</strong></span> 
     </span>
     <span class='ocr_line' id='line_1_110' title="bbox 1322 2723 2175 2763; baseline -0.004 -9"><span class='ocrx_word' id='word_1_737' title='bbox 1322 2724 1406 2754; x_wconf 84' lang='lat' dir='ltr'><strong>llll⁰¹&#39;</strong></span> <span class='ocrx_word' id='word_1_738' title='bbox 1421 2724 1540 2754; x_wconf 86' lang='lat' dir='ltr'><strong>solidos</strong></span> <span class='ocrx_word' id='word_1_739' title='bbox 1556 2724 1649 2753; x_wconf 87' lang='lat' dir='ltr'><strong>solvit</strong></span> <span class='ocrx_word' id='word_1_740' title='bbox 1666 2730 1810 2763; x_wconf 86' lang='lat' dir='ltr'><strong>receptor</strong></span> <span class='ocrx_word' id='word_1_741' title='bbox 1825 2725 1862 2752; x_wconf 83' lang='lat' dir='ltr'><strong>(lc</strong></span> <span class='ocrx_word' id='word_1_742' title='bbox 1879 2723 2008 2763; x_wconf 87' lang='lat' dir='ltr'><strong>pecunia</strong></span> <span class='ocrx_word' id='word_1_743' title='bbox 2026 2723 2175 2752; x_wconf 86' lang='lat' dir='ltr'><strong>nacionis.</strong></span> 
     </span>
    </p>

    <p class='ocr_par' dir='ltr' id='par_1_22' title="bbox 1361 2771 2229 2813">
     <span class='ocr_line' id='line_1_111' title="bbox 1361 2771 2229 2813; baseline -0.002 -10"><span class='ocrx_word' id='word_1_744' title='bbox 1361 2773 1436 2803; x_wconf 87' lang='lat' dir='ltr'><strong>ltem</strong></span> <span class='ocrx_word' id='word_1_745' title='bbox 1458 2774 1535 2803; x_wconf 81' lang='lat' dir='ltr'><strong>sacta</strong></span> <span class='ocrx_word' id='word_1_746' title='bbox 1554 2773 1800 2813; x_wconf 82' lang='lat' dir='ltr'><strong>congregacione</strong></span> <span class='ocrx_word' id='word_1_747' title='bbox 1825 2772 1963 2801; x_wconf 80' lang='lat' dir='ltr'><strong>nacionis</strong></span> <span class='ocrx_word' id='word_1_748' title='bbox 1982 2772 2064 2812; x_wconf 90' lang='lat' dir='ltr'><strong>apud</strong></span> <span class='ocrx_word' id='word_1_749' title='bbox 2085 2771 2229 2802; x_wconf 90' lang='lat' dir='ltr'><strong>Sanctum</strong></span> 
     </span>
    </p>
   </div>
   <div class='ocr_carea' id='block_1_18' title="bbox 1320 2856 2229 2989">
    <p class='ocr_par' dir='ltr' id='par_1_23' title="bbox 1320 2856 2229 2960">
     <span class='ocr_line' id='line_1_112' title="bbox 1351 2856 2226 2888; baseline -0.002 -7"><span class='ocrx_word' id='word_1_750' title='bbox 1351 2858 1375 2881; x_wconf 73' lang='grc' dir='ltr'><strong>ΙΔ.</strong></span> <span class='ocrx_word' id='word_1_751' title='bbox 1408 2859 1466 2881; x_wconf 75' lang='lat' dir='ltr'><em>ch</em></span> <span class='ocrx_word' id='word_1_752' title='bbox 1478 2858 1593 2882; x_wconf 81' lang='lat' dir='ltr'><strong>Thomas</strong></span> <span class='ocrx_word' id='word_1_753' title='bbox 1610 2857 1751 2885; x_wconf 78' lang='lat' dir='ltr'><strong>Gruss&#39;ardi.</strong></span> <span class='ocrx_word' id='word_1_754' title='bbox 1770 2860 1823 2880; x_wconf 81' lang='lat' dir='ltr'><strong>nat.</strong></span> <span class='ocrx_word' id='word_1_755' title='bbox 1843 2858 1983 2885; x_wconf 76' lang='lat' dir='ltr'><strong>Normaemn,</strong></span> <span class='ocrx_word' id='word_1_756' title='bbox 2004 2858 2094 2888; x_wconf 69' lang='lat' dir='ltr'><strong>postca</strong></span> <span class='ocrx_word' id='word_1_757' title='bbox 2114 2864 2183 2888; x_wconf 69' lang='lat' dir='ltr'><strong>mag,</strong></span> <span class='ocrx_word' id='word_1_758' title='bbox 2201 2856 2226 2879; x_wconf 80' lang='lat' dir='ltr'><strong>in</strong></span> 
     </span>
     <span class='ocr_line' id='line_1_113' title="bbox 1320 2890 2229 2925; baseline -0.002 -9"><span class='ocrx_word' id='word_1_759' title='bbox 1320 2894 1371 2925; x_wconf 80' lang='lat' dir='ltr'><strong>sac.</strong></span> <span class='ocrx_word' id='word_1_760' title='bbox 1390 2892 1541 2920; x_wconf 74' lang='lat' dir='ltr'><strong>medicinae,</strong></span> <span class='ocrx_word' id='word_1_761' title='bbox 1560 2895 1587 2916; x_wconf 81' lang='lat' dir='ltr'><strong>nt</strong></span> <span class='ocrx_word' id='word_1_762' title='bbox 1600 2901 1632 2916; x_wconf 73' lang='lat' dir='ltr'><strong>ex</strong></span> <span class='ocrx_word' id='word_1_763' title='bbox 1642 2893 1713 2924; x_wconf 77' lang='lat' dir='ltr'><strong>infra</strong></span> <span class='ocrx_word' id='word_1_764' title='bbox 1730 2892 1832 2920; x_wconf 71' lang='lat' dir='ltr'><strong>relatis,</strong></span> <span class='ocrx_word' id='word_1_765' title='bbox 1851 2900 1878 2924; x_wconf 88' lang='lat' dir='ltr'><strong>p.</strong></span> <span class='ocrx_word' id='word_1_766' title='bbox 1896 2892 1950 2920; x_wconf 67' lang='lat'><strong>¹042,</strong></span> <span class='ocrx_word' id='word_1_767' title='bbox 1971 2891 2009 2921; x_wconf 77' lang='lat'><strong>13,</strong></span> <span class='ocrx_word' id='word_1_768' title='bbox 2029 2894 2148 2924; x_wconf 76' lang='lat' dir='ltr'><strong>apparet.</strong></span> <span class='ocrx_word' id='word_1_769' title='bbox 2174 2890 2229 2915; x_wconf 65' lang='lat' dir='ltr'><strong>vid.</strong></span> 
     </span>
     <span class='ocr_line' id='line_1_114' title="bbox 1321 2929 1613 2960; baseline -0.007 -7"><span class='ocrx_word' id='word_1_770' title='bbox 1321 2929 1451 2957; x_wconf 65' lang='lat' dir='ltr'><strong>Chartuh,</strong></span> <span class='ocrx_word' id='word_1_771' title='bbox 1465 2929 1509 2956; x_wconf 89' lang='grc' dir='ltr'><strong>ΙΙΙ,</strong></span> <span class='ocrx_word' id='word_1_772' title='bbox 1522 2936 1548 2960; x_wconf 86' lang='lat' dir='ltr'><strong>p.</strong></span> <span class='ocrx_word' id='word_1_773' title='bbox 1560 2929 1613 2951; x_wconf 74' lang='lat'>2⁰5.</span> 
     </span>
    </p>

    <p class='ocr_par' dir='ltr' id='par_1_24' title="bbox 1352 2965 1579 2989">
     <span class='ocr_line' id='line_1_115' title="bbox 1352 2965 1579 2989; baseline -0.004 -1"><span class='ocrx_word' id='word_1_774' title='bbox 1352 2967 1374 2989; x_wconf 72' lang='lat'><strong>5.</strong></span> <span class='ocrx_word' id='word_1_775' title='bbox 1410 2965 1579 2988; x_wconf 60' lang='lat' dir='ltr'><strong>vaertcm.</strong></span> 
     </span>
    </p>
   </div>
  </div>
 </body>
</html>
