2632 3464
302 459 356 487 797

302 541 354 565 tos
369 535 408 565 de
425 535 486 566 isto
503 535 542 565 ad
556 535 750 566 referendum
767 535 924 570 duntaxat,
943 535 999 564 sed
1016 545 1078 564 non
1093 535 1132 564 ad
1146 540 1210 565 ter-

305 584 493 615 minandum.

346 633 420 673 (1701.
433 635 472 664 48
485 633 510 673 ¹‘)
530 633 648 663 Indicta
662 631 908 674 congregacione
923 633 1074 668 nacionis,
1094 634 1143 662 17·
1159 633 1209 662 die

304 681 423 712 mensis
436 681 555 722 Aprilis
572 681 647 712 hora
666 682 698 712 3·
716 687 788 721 post
802 682 976 721 prandium,
993 692 1054 722 qua
1070 681 1210 711 celebra-

304 732 395 761 batur
415 731 622 772 congregacio
644 731 794 761 facultatis
813 731 846 760 in
862 731 969 760 eodem
987 731 1067 766 loco,
1091 731 1211 760 scilicet

305 781 336 810 in
357 779 470 810 Sancto
492 780 648 810 Maturino
662 789 743 809 anno
763 789 825 819 quo
850 789 956 819 supra,
977 789 1072 819 super
1088 780 1210 809 duobus

301 829 454 859 articulis.
471 829 596 858 Primus
609 834 674 858 erat
685 829 723 858 ad
736 829 975 858 discernendum
990 829 1038 858 vel
1050 829 1210 859 declaran-

305 878 377 907 dum
396 878 435 907 de
459 877 592 917 quodam
613 887 698 912 casu,
723 883 757 907 et
781 883 847 908 erat
870 877 939 907 iste.
966 877 1000 907 Si
1017 877 1212 918 contingeret

304 927 389 966 quod
406 925 581 956 bacularius
596 926 627 955 in
639 925 700 956 alio
715 926 819 956 studio
834 926 872 956 de
886 933 993 956 nostra
1010 926 1140 956 nacione
1155 927 1211 956 ad-

304 975 477 1005 mitteretur
499 984 559 1014 pro
580 975 678 1015 gradu
695 974 919 1004 bachalariatus
934 985 1002 1004 cum
1024 975 1082 1005 ista
1101 975 1211 1005 condi-

302 1023 394 1053 cione
417 1035 432 1052 α
456 1023 568 1054 solutis
589 1023 747 1053 solvendis
773 1035 800 1058 n,
828 1030 930 1054 utrum
958 1025 1086 1054 deberet
1104 1023 1211 1064 jurare

304 1072 499 1112 procuratori
518 1071 703 1111 juramenta,
725 1082 784 1112 que
799 1071 905 1112 jurant
921 1073 972 1102 alii
991 1073 1130 1103 Parisius
1152 1083 1211 1113 pro

304 1121 405 1162 gradu
425 1121 649 1151 bachalariatus
669 1122 700 1150 in
722 1127 828 1151 nostra
852 1121 980 1151 nacione
1002 1122 1162 1161 acceptati,
1182 1128 1212 1152 et

304 1169 482 1210 specialiter
494 1169 552 1200 hoc
560 1169 767 1210 juramentum
779 1171 817 1199 de
827 1170 960 1200 fideliter
969 1171 1102 1200 dicendo
1116 1181 1211 1211 quan-

307 1218 422 1249 titatem
436 1219 530 1248 burse
553 1229 619 1249 sue.
646 1219 687 1248 Et
707 1219 797 1249 tactis
826 1219 980 1259 aliquibus
1005 1220 1129 1250 motivis
1154 1230 1212 1260 per

304 1274 539 1308 procuratorem
556 1267 740 1298 deliberavit
756 1268 856 1304 nacio,
873 1270 956 1308 quod
972 1269 1053 1304 talis,
1070 1269 1212 1309 quicum-

302 1327 366 1357 que
389 1323 488 1352 esset.
514 1317 641 1347 haberet
656 1315 763 1356 jurare
787 1318 981 1357 procuratori
1003 1318 1106 1348 omnia
1123 1317 1212 1358 jura-

304 1373 408 1396 menta
426 1366 576 1406 requisita
594 1375 651 1405 pro
671 1367 770 1406 gradu
787 1366 1024 1403 bachalariatus,
1040 1368 1102 1397 nisi
1118 1367 1212 1397 forsi-

306 1422 357 1446 tan
381 1421 488 1446 essent
505 1415 623 1455 aliqua,
644 1425 704 1455 que
726 1422 936 1456 repugnarent
952 1415 1136 1456 juramentis
1155 1426 1213 1456 per

305 1464 395 1494 talem
411 1464 443 1494 in
459 1464 520 1494 alio
536 1463 640 1494 studio
658 1464 756 1494 factis.
777 1464 882 1494 Eciam
898 1466 1044 1505 tangebat
1061 1475 1212 1506 procura-

304 1520 355 1544 tor
378 1520 410 1543 et
431 1513 582 1554 quesivit,
605 1513 738 1553 qualiter
765 1513 835 1543 talis
863 1513 989 1544 haberet
1014 1515 1212 1554 quantificare

305 1563 430 1593 bursam
445 1572 542 1593 suam.
560 1562 601 1592 Et
616 1562 799 1592 deliberavit
811 1562 899 1592 nacio
910 1563 1094 1593 remittendo
1103 1563 1162 1593 hoc
1173 1564 1213 1594 ad

305 1611 532 1642 conscienciam
565 1611 662 1646 illius,
705 1617 866 1651 postquam
895 1611 1011 1651 juravit
1039 1611 1213 1652 juramenta

305 1661 454 1701 requisita
470 1670 528 1700 pro
543 1661 641 1700 gradu
653 1660 889 1696 bachalariatus‚
901 1667 932 1690 et
945 1661 1123 1701 specialiter
1136 1661 1212 1691 illud

305 1708 510 1749 iuramentum
529 1710 567 1739 de
588 1709 721 1739 fideliter
741 1709 874 1739 dicendo
895 1710 1095 1750 quantitatem
1118 1711 1213 1740 burse

306 1768 374 1789 aue.

346 1807 392 1837 2¹²·
413 1807 562 1838 articulus
581 1814 648 1837 erat
664 1817 759 1848 super
779 1807 1065 1848 supplicacionibus
1085 1815 1115 1838 et
1131 1807 1213 1848 inju-

305 1857 374 1887 riis.
391 1856 431 1887 Et
445 1857 483 1886 de
498 1857 558 1886 isto
576 1856 706 1887 articulo
723 1856 830 1892 nichil,
849 1857 921 1897 quia
938 1857 1041 1887 nullus
1059 1857 1212 1898 supplica-

305 1906 360 1936 vit.

337 2013 555 2053 Sequuntur
580 2012 727 2042 nomina
755 2012 1038 2043 licenciatorum
1068 2013 1182 2044 istius

518 2061 604 2091 anni
635 2067 670 2091 et
697 2061 732 2091 in
757 2061 832 2091 isto
859 2071 997 2092 mense.

347 2151 452 2181 Primo
474 2150 653 2180 licenciatus
674 2157 722 2180 est
744 2150 888 2180 dominus
915 2150 1111 2182 Hermannus
1142 2151 1213 2182 Um-

305 2210 376 2231 men
409 2200 468 2230 sub
500 2199 650 2240 magistro
673 2198 813 2229 Johanne
839 2200 877 2229 de
907 2200 1094 2240 Zutphania,
1127 2200 1214 2242 cujus

309 2250 403 2279 bursa
421 2248 448 2278 11
468 2248 571 2278 solidi.

345 2298 615 2328 item-licenciatus
631 2303 679 2328 est
695 2297 839 2327 dominus
854 2298 1035 2328 Conrardus
1049 2299 1086 2328 de
1106 2298 1214 2329 Eslin-

302 2346 365 2388 ga‘
397 2347 455 2377 sub
480 2346 631 2387 magistro
657 2346 798 2376 Johanne
826 2347 864 2376 de
894 2346 1106 2383 Franckrdia,
1128 2347 1215 2388 cujus

306 2397 402 2426 bursa
414 2396 443 2426 ll
457 2395 561 2426 solidi.

347 2445 422 2475 Item
437 2445 617 2474 licenciatus
630 2450 678 2474 est
691 2444 835 2474 dominus
847 2444 1004 2475 lohannes
1020 2445 1141 2475 Elwald
1156 2446 1215 2476 sub

303 2494 427 2529 eodem,
446 2493 534 2534 cujus
552 2494 646 2524 bursa
660 2492 701 2523 Vl
718 2493 822 2523 solidi.

346 2542 423 2574 Item
438 2542 618 2572 licenciatus
632 2548 680 2572 est
691 2542 835 2572 dominus
849 2542 1044 2573 Hei-manuus
1059 2543 1098 2573 de
1114 2542 1215 2574 Eslin-

305 2602 346 2633 ga
361 2592 419 2622 sub
436 2591 556 2626 eodem.
569 2590 656 2631 cujus
672 2593 767 2621 bursa
780 2591 807 2621 ll
821 2591 924 2621 solidi.

347 2639 422 2671 ltem
437 2640 616 2671 licenciatus
632 2647 680 2670 est
688 2641 832 2670 dominus
847 2640 1034 2670 Wilhelmus
1050 2640 1215 2682 Duercoop

305 2689 366 2720 sub
380 2689 529 2730 magistro
547 2689 686 2719 Iohanne
703 2690 742 2719 de
761 2689 944 2729 Zutphania,
963 2688 1050 2730 cujus
1071 2690 1166 2720 bursa
1190 2690 1215 2719 V

306 2737 411 2768 solidi.

349 2785 424 2816 ltem
441 2786 620 2817 licencintus
642 2793 690 2817 est
713 2787 857 2817 dominus
881 2787 1038 2817 «lohannes
1058 2787 1130 2818 Ydil
1157 2789 1214 2818 sub

308 2835 457 2876 magistro
473 2834 612 2865 'ohanne
631 2836 669 2866 de
688 2835 898 2871 Francsordia,
919 2835 1006 2875 cujus
1028 2837 1122 2866 bursa
1139 2835 1165 2866 V
1186 2847 1211 2866 s.

340 2946 363 2971 1.
397 2946 534 2971 eom-dn·
544 2946 618 2978 Lanss
626 2954 670 2971 neu
681 2946 779 2979 Lange,
792 2946 825 2971 de
834 2954 884 2979 quo
896 2955 974 2978 :upra
985 2955 1012 2978 p.
1023 2947 1078 2976 7⁶³.
1090 2947 1130 2972 ³³.

340 2982 363 3005 2.
399 2981 465 3012 Quia
474 2980 526 3013 suit
535 2981 591 3005 diu
603 2981 741 3006 dominica.

803 459 917 486 LIBER
938 458 1250 486 PROCURATORUM
1277 458 1458 486 NATIONIS
1476 459 1721 486 ANGLICANAE

1248 979 1282 1005 10

1249 1224 1282 1250 15

1249 1470 1283 1496 20

1250 1715 1284 1742 25

1249 1961 1284 1988 3⁰

1251 2206 1285 2232 35

1252 2450 1286 2477 40

1252 2694 1286 2722 45

2171 462 2223 488 798

1359 535 1433 564 ltem
1452 535 1630 564 licenciatus
1648 543 1696 565 est
1713 537 1857 566 dominus
1876 536 2009 566 lacobus
2030 538 2067 566 de
2086 538 2222 577 Leyden,

1317 583 1463 622 provisor
1481 584 1640 622 provincie
1655 584 1829 619 Almannie‚
1847 586 1903 614 sub
1922 586 2069 625 magistro
2087 586 2223 626 Nycolao

1317 633 1356 661 de
1369 631 1533 667 Gameren,
1551 632 1638 673 cujus
1654 634 1747 663 bursa
1764 634 1805 663 lx
1823 634 1926 663 solidi.

1359 737 1573 777 Sequuntur
1607 738 1753 768 nomina
1781 739 2045 778 incipiencium
2073 740 2184 770 istius

1539 787 1624 816 anni
1650 794 1685 817 et
1710 788 1822 817 istius
1849 788 2002 817 mensis.

1359 875 1465 906 Primo
1483 875 1599 916 incepit
1625 876 1768 905 dominus
1794 876 1989 906 Hermannus
2015 877 2145 907 Ummen
2168 879 2225 907 sub

1318 925 1468 965 magistro
1482 925 1622 954 Johanne
1640 926 1677 954 de
1693 925 1842 960 Zuffania,
1860 925 1947 966 eujus
1965 927 2056 956 bursa
2079 926 2105 956 11
2125 927 2183 956 sol.

1360 974 1435 1003 ltem
1460 974 1575 1014 incepit
1598 974 1742 1004 dominus
1769 974 1933 1005 Conradus
1955 976 1992 1005 de
2018 975 2148 1016 Eslinga
2169 977 2226 1005 sub

1319 1023 1468 1063 magistro
1482 1023 1623 1052 Johanne
1641 1025 1679 1053 de
1700 1024 1910 1059 Francsordia,
1927 1023 2014 1064 cujus
2035 1026 2128 1054 bursa
2151 1025 2179 1054 11
2198 1035 2223 1055 s.

1360 1073 1435 1102 Item
1459 1072 1577 1112 incepit
1597 1073 1740 1102 dominus
1756 1073 1952 1102 Hei-mannus
1970 1074 2008 1102 de
2027 1073 2155 1114 Eslinga
2169 1075 2226 1103 sub

1319 1122 1438 1157 eodem,
1455 1121 1542 1162 cujus
1557 1122 1652 1151 bursa
1671 1122 1698 1151 11
1715 1122 1817 1151 solidi.

1361 1171 1435 1200 ltem
1457 1171 1573 1210 incepit
1597 1171 1740 1200 dominus
1766 1171 1953 1201 Wilhelmus
1981 1172 2146 1212 Duercoop
2169 1173 2226 1202 sub

1320 1221 1439 1255 eodem,
1457 1219 1543 1259 cujus
1558 1221 1653 1250 bursa
1669 1219 1695 1248 V
1708 1220 1810 1249 solidi.

1361 1269 1435 1299 ltem
1458 1268 1574 1308 incepit
1596 1269 1739 1299 dominus
1758 1269 1915 1299 ,lohannes
1937 1269 2008 1299 Ydil
2029 1271 2086 1299 sub
2106 1271 2225 1306 eodem,

1320 1317 1407 1357 cujus
1425 1319 1519 1347 bursa
1535 1317 1563 1347 V
1582 1318 1686 1347 solidi.

1362 1367 1435 1397 ltem
1450 1367 1566 1407 incepit
1580 1367 1724 1396 dominus
1734 1367 1868 1396 Jacobus
1881 1368 1919 1397 de
1934 1367 2070 1407 Leyden,
2084 1368 2228 1407 provisor

1321 1416 1480 1456 provincie
1514 1416 1689 1452 Almannie‚
1721 1417 1778 1446 sub
1813 1417 1962 1456 magistro
1994 1417 2152 1456 Nycholao
2190 1418 2227 1446 de

1321 1464 1485 1501 Cameren,
1501 1465 1589 1505 cujus
1604 1466 1697 1495 bursa
1719 1466 1761 1495 IX
1778 1466 1880 1495 solidi.

1727 1560 1745 1588 1
1750 1559 1824 1588 399

1362 1631 1435 1671 (Fol.
1468 1630 1515 1671 49)
1539 1630 1630 1660 Acta
1663 1631 1699 1660 in
1730 1631 1991 1670 procuratoria
2018 1631 2187 1670 magistri

1531 1679 1714 1709 ,Iohannis
1745 1680 1787 1709 de
1815 1679 2018 1720 Egmonda.

1362 1759 1455 1790 Facta
1487 1759 1733 1799 congregacione
1767 1759 1906 1788 nacionis
1939 1758 2110 1798 Anglicane
2147 1761 2227 1799 apud

1322 1809 1467 1839 Sanctum
1498 1808 1686 1838 Maturinum
1717 1808 1845 1838 XXVII·
1878 1807 1928 1837 die
1960 1808 2076 1838 mensis
2110 1807 2228 1848 Aprilis

1322 1857 1494 1888 immediate
1527 1863 1598 1897 post
1631 1867 1804 1887 sermonem
1816 1856 1840 1892 ²,
1882 1863 2014 1896 protunc
2055 1867 2229 1897 congrega-

1321 1908 1410 1937 cione
1426 1906 1645 1937 Universitatis
1670 1906 1823 1935 celebrata
1849 1906 1880 1935 in
1906 1907 2012 1936 eodem
2034 1906 2112 1941 loco,
2135 1917 2229 1946 super

1321 1957 1442 1987 duobus
1457 1955 1606 1985 articulis.
1627 1955 1750 1984 Primus
1767 1962 1833 1984 erat
1849 1955 1886 1984 ad
1905 1955 2151 1985 substituendum
2171 1955 2229 1985 ali-

1321 2015 1411 2046 quem
1430 2005 1462 2034 in
1480 2005 1580 2034 locum
1595 2004 1807 2044 procuratoris
1824 2004 1943 2034 scilicet
1959 2004 2097 2043 magistri
2112 2004 2229 2034 soban-

1322 2055 1371 2084 nis
1399 2054 1460 2093 [de]
1484 2053 1674 2092 Galencoop,
1696 2053 1749 2092 qui
1774 2063 1863 2083 causa
1888 2053 2025 2092 legitima
2047 2063 2228 2082 recessurus

1321 2103 1378 2134 suit
1395 2103 1432 2133 ad
1456 2112 1529 2132 suas
1548 2109 1663 2142 partes.
1686 2104 1732 2131 2¹¹·
1746 2108 1811 2131 erat
1833 2112 1927 2141 super
1945 2101 2229 2141 supplicacionibus

1322 2159 1352 2182 et
1377 2151 1510 2191 injuriis.
1540 2151 1642 2191 Super
1665 2151 1764 2190 primo
1791 2151 1920 2180 articulo
1949 2151 2145 2180 concorditer
2174 2151 2229 2180 suit

1323 2201 1509 2231 substitutus
1535 2201 1566 2230 in
1587 2206 1820 2240 procuratorem
1847 2200 1994 2239 magister
2012 2199 2167 2229 Johannes
2190 2201 2227 2229 de

1324 2250 1495 2290 Egmonda.
1514 2249 1615 2289 Super
1633 2250 1664 2278 2⁰
1679 2249 1864 2288 supplicavit
1884 2255 2067 2288 procurator
2085 2259 2228 2278 recessu-

1322 2309 1388 2334 rus,
1404 2305 1556 2339 quatenus
1571 2299 1609 2328 de
1629 2308 1686 2338 per
1702 2298 1803 2338 ipsum
1824 2297 1899 2327 actis
1919 2297 2083 2326 haberetur
2098 2307 2228 2327 excusa-

1323 2354 1383 2378 tus.
1402 2347 1442 2378 Et
1459 2347 1515 2378 suit
1527 2357 1675 2377 concessa
1689 2347 1885 2376 concorditer
1901 2357 1954 2376 sua
1972 2346 2172 2386 supplicacio.

1730 2439 1827 2469 1399

1411 2510 1660 2542 Continuacio
1692 2510 1862 2551 magistri
1890 2510 2070 2539 Johannis
2098 2510 2140 2540 de

1674 2559 1877 2600 Egmonda.

1364 2639 1456 2671 Facta
1484 2639 1731 2680 congregacione
1760 2638 1899 2668 nacionis
1920 2637 2090 2678 Anglicane
2115 2637 2153 2667 V·
2178 2638 2228 2669 die

1324 2689 1440 2719 mensis
1452 2689 1527 2720 Maii
1538 2688 1550 2707 ³
1564 2689 1644 2729 apud
1660 2688 1802 2718 Sanctum
1822 2687 2008 2717 Maturinum
2022 2697 2116 2727 super
2129 2687 2228 2718 tribus

1322 2737 1472 2768 articulis.
1495 2737 1619 2767 Primus
1635 2743 1701 2767 erat
1717 2746 1811 2776 super
1828 2736 1977 2765 electione
1993 2736 2062 2765 novi
2079 2745 2229 2775 procura-

1323 2786 1401 2817 toris
1419 2793 1452 2816 ut
1469 2793 1658 2816 conswetum
1675 2792 1749 2814 erat.
1767 2787 1812 2813 2¹·-
1826 2784 1974 2813 articulus
1991 2790 2055 2813 erat
2070 2794 2166 2824 super
2182 2795 2228 2814 re-

1323 2835 1486 2866 stitucione
1505 2834 1660 2875 cujusdam
1679 2833 1882 2873 obligacionis
1900 2833 1975 2862 facte
1995 2842 2051 2872 per
2072 2833 2228 2863 dominum

1352 2947 1376 2970 ³.
1410 2946 1494 2970 Primo
1503 2944 1623 2977 scriptum
1632 2947 1688 2968 erat
1700 2943 1783 2967 XXXV
1792 2943 1834 2967 dic
1842 2942 1939 2967 men-i·
1946 2943 2054 2975 Aprilis.
2064 2945 2154 2968 Putea
2163 2943 2230 2968 dele-

1323 2981 1401 3005 batur
1417 2980 1489 3009 ΧΧΧ,
1504 2982 1528 3004 et
1541 2979 1595 3003 loco
1613 2979 1710 3011 Aprilis
1723 2978 1958 3010 superecribebatur
1969 2978 2039 3004 unii.
