<?xml version="1.0" encoding="UTF-8"?>
<!DOCTYPE html PUBLIC "-//W3C//DTD XHTML 1.0 Transitional//EN"
    "http://www.w3.org/TR/xhtml1/DTD/xhtml1-transitional.dtd">
<html xmlns="http://www.w3.org/1999/xhtml" xml:lang="en" lang="en">
 <head>
  <title>
</title>
<meta http-equiv="Content-Type" content="text/html;charset=utf-8" />
  <meta name='ocr-system' content='tesseract 3.04.00' />
  <meta name='ocr-capabilities' content='ocr_page ocr_carea ocr_par ocr_line ocrx_word'/>
</head>
<body>
  <div class='ocr_page' id='page_1' title='image "auctariumchartul01univuoft_0262.png"; bbox 0 0 2632 3464; ppageno 0'>
   <div class='ocr_carea' id='block_1_1' title="bbox 1400 0 2632 411">
    <p class='ocr_par' dir='ltr' id='par_1_1' title="bbox 1400 0 2632 411">
     <span class='ocr_line' id='line_1_1' title="bbox 1400 0 2632 411; baseline 0 3053"><span class='ocrx_word' id='word_1_1' title='bbox 1400 0 2632 411; x_wconf 95' lang='lat' dir='ltr'> </span> 
     </span>
    </p>
   </div>
   <div class='ocr_carea' id='block_1_2' title="bbox 434 421 2351 452">
    <p class='ocr_par' dir='ltr' id='par_1_2' title="bbox 434 421 2351 452">
     <span class='ocr_line' id='line_1_2' title="bbox 434 421 2351 452; baseline -0.001 0"><span class='ocrx_word' id='word_1_2' title='bbox 434 427 484 452; x_wconf 81' lang='lat'>347</span> <span class='ocrx_word' id='word_1_3' title='bbox 970 422 1190 449; x_wconf 82' lang='lat' dir='ltr'>AUCTARIUM</span> <span class='ocrx_word' id='word_1_4' title='bbox 1211 421 1469 448; x_wconf 81' lang='lat' dir='ltr'>CHARTULARII</span> <span class='ocrx_word' id='word_1_5' title='bbox 1488 421 1661 447; x_wconf 85' lang='lat' dir='ltr'>UNIVERS.</span> <span class='ocrx_word' id='word_1_6' title='bbox 1683 421 1801 448; x_wconf 85' lang='lat' dir='ltr'>PARIS.</span> <span class='ocrx_word' id='word_1_7' title='bbox 2294 423 2351 450; x_wconf 76' lang='lat'>348</span> 
     </span>
    </p>
   </div>
   <div class='ocr_carea' id='block_1_3' title="bbox 436 499 1336 639">
    <p class='ocr_par' dir='ltr' id='par_1_3' title="bbox 436 499 1336 639">
     <span class='ocr_line' id='line_1_3' title="bbox 436 499 1336 541; baseline -0.006 -10"><span class='ocrx_word' id='word_1_8' title='bbox 436 503 506 531; x_wconf 90' lang='lat' dir='ltr'>dum</span> <span class='ocrx_word' id='word_1_9' title='bbox 520 507 693 541; x_wconf 89' lang='lat' dir='ltr'>compotum</span> <span class='ocrx_word' id='word_1_10' title='bbox 710 500 881 540; x_wconf 81' lang='lat' dir='ltr'>recepturis</span> <span class='ocrx_word' id='word_1_11' title='bbox 899 506 928 529; x_wconf 86' lang='lat' dir='ltr'>et</span> <span class='ocrx_word' id='word_1_12' title='bbox 944 499 1118 539; x_wconf 88' lang='lat' dir='ltr'>eligendum</span> <span class='ocrx_word' id='word_1_13' title='bbox 1132 508 1244 527; x_wconf 92' lang='lat' dir='ltr'>novum</span> <span class='ocrx_word' id='word_1_14' title='bbox 1259 507 1336 537; x_wconf 90' lang='lat' dir='ltr'>pro-</span> 
     </span>
     <span class='ocr_line' id='line_1_4' title="bbox 436 546 1336 588; baseline -0.006 -8"><span class='ocrx_word' id='word_1_15' title='bbox 436 556 618 585; x_wconf 87' lang='lat' dir='ltr'>curatorem,</span> <span class='ocrx_word' id='word_1_16' title='bbox 637 549 823 588; x_wconf 88' lang='lat' dir='ltr'>computavit</span> <span class='ocrx_word' id='word_1_17' title='bbox 837 554 990 588; x_wconf 89' lang='lat' dir='ltr'>receptor,</span> <span class='ocrx_word' id='word_1_18' title='bbox 1010 554 1039 577; x_wconf 91' lang='lat' dir='ltr'>et</span> <span class='ocrx_word' id='word_1_19' title='bbox 1054 547 1165 576; x_wconf 85' lang='lat' dir='ltr'>mansit</span> <span class='ocrx_word' id='word_1_20' title='bbox 1176 546 1236 576; x_wconf 88' lang='lat' dir='ltr'>sibi</span> <span class='ocrx_word' id='word_1_21' title='bbox 1248 546 1336 575; x_wconf 87' lang='lat' dir='ltr'>nacio</span> 
     </span>
     <span class='ocr_line' id='line_1_5' title="bbox 436 597 1052 639; baseline -0.003 -11"><span class='ocrx_word' id='word_1_22' title='bbox 436 599 571 639; x_wconf 84' lang='lat' dir='ltr'>obligata</span> <span class='ocrx_word' id='word_1_23' title='bbox 589 599 620 628; x_wconf 93' lang='lat' dir='ltr'>in</span> <span class='ocrx_word' id='word_1_24' title='bbox 637 598 694 628; x_wconf 91' lang='lat' dir='ltr'>VII</span> <span class='ocrx_word' id='word_1_25' title='bbox 710 598 818 627; x_wconf 87' lang='lat' dir='ltr'>solidis</span> <span class='ocrx_word' id='word_1_26' title='bbox 837 604 867 627; x_wconf 90' lang='lat' dir='ltr'>et</span> <span class='ocrx_word' id='word_1_27' title='bbox 880 599 895 627; x_wconf 88' lang='lat'><strong>1</strong></span> <span class='ocrx_word' id='word_1_28' title='bbox 913 597 1052 626; x_wconf 88' lang='lat' dir='ltr'>denario.</span> 
     </span>
    </p>
   </div>
   <div class='ocr_carea' id='block_1_4' title="bbox 840 690 936 720">
    <p class='ocr_par' dir='ltr' id='par_1_4' title="bbox 840 690 936 720">
     <span class='ocr_line' id='line_1_6' title="bbox 840 690 936 720; baseline 0.021 -2"><span class='ocrx_word' id='word_1_29' title='bbox 840 690 936 720; x_wconf 82' lang='lat'><strong>1370</strong></span> 
     </span>
    </p>
   </div>
   <div class='ocr_carea' id='block_1_5' title="bbox 527 760 1241 802">
    <p class='ocr_par' dir='ltr' id='par_1_5' title="bbox 527 760 1241 802">
     <span class='ocr_line' id='line_1_7' title="bbox 527 760 1241 802; baseline -0.004 -10"><span class='ocrx_word' id='word_1_30' title='bbox 527 762 618 793; x_wconf 89' lang='lat' dir='ltr'>Acta</span> <span class='ocrx_word' id='word_1_31' title='bbox 645 762 816 802; x_wconf 84' lang='lat' dir='ltr'>magistri</span> <span class='ocrx_word' id='word_1_32' title='bbox 849 761 939 801; x_wconf 90' lang='lat' dir='ltr'>Elye</span> <span class='ocrx_word' id='word_1_33' title='bbox 970 762 1011 790; x_wconf 90' lang='lat' dir='ltr'>de</span> <span class='ocrx_word' id='word_1_34' title='bbox 1038 760 1241 800; x_wconf 89' lang='lat' dir='ltr'>Loepwiic.</span> 
     </span>
    </p>
   </div>
   <div class='ocr_carea' id='block_1_6' title="bbox 435 838 1337 1945">
    <p class='ocr_par' dir='ltr' id='par_1_6' title="bbox 438 838 1336 1125">
     <span class='ocr_line' id='line_1_8' title="bbox 477 838 1336 879; baseline -0.003 -8"><span class='ocrx_word' id='word_1_35' title='bbox 477 843 567 872; x_wconf 90' lang='lat' dir='ltr'>Anno</span> <span class='ocrx_word' id='word_1_36' title='bbox 597 842 720 871; x_wconf 88' lang='lat' dir='ltr'><strong>Domini</strong></span> <span class='ocrx_word' id='word_1_37' title='bbox 747 843 836 871; x_wconf 91' lang='grc'>10000</span> <span class='ocrx_word' id='word_1_38' title='bbox 867 842 938 870; x_wconf 89' lang='grc' dir='ltr'>30Οο</span> <span class='ocrx_word' id='word_1_39' title='bbox 964 841 1038 879; x_wconf 79' lang='grc'>[69],</span> <span class='ocrx_word' id='word_1_40' title='bbox 1070 841 1106 870; x_wconf 82' lang='lat'>14</span> <span class='ocrx_word' id='word_1_41' title='bbox 1139 840 1187 869; x_wconf 87' lang='lat' dir='ltr'>die</span> <span class='ocrx_word' id='word_1_42' title='bbox 1220 838 1336 868; x_wconf 85' lang='lat' dir='ltr'><strong>mensis</strong></span> 
     </span>
     <span class='ocr_line' id='line_1_9' title="bbox 438 887 1334 931; baseline -0.003 -11"><span class='ocrx_word' id='word_1_43' title='bbox 438 891 573 921; x_wconf 87' lang='lat' dir='ltr'>Januarii</span> <span class='ocrx_word' id='word_1_44' title='bbox 592 892 667 920; x_wconf 80' lang='lat' dir='ltr'>facta</span> <span class='ocrx_word' id='word_1_45' title='bbox 684 890 923 931; x_wconf 82' lang='lat' dir='ltr'>congregatione</span> <span class='ocrx_word' id='word_1_46' title='bbox 939 889 1090 919; x_wconf 84' lang='lat' dir='ltr'>facultatis</span> <span class='ocrx_word' id='word_1_47' title='bbox 1103 895 1133 918; x_wconf 86' lang='lat' dir='ltr'>et</span> <span class='ocrx_word' id='word_1_48' title='bbox 1147 888 1280 918; x_wconf 91' lang='lat' dir='ltr'>nationis</span> <span class='ocrx_word' id='word_1_49' title='bbox 1295 887 1334 917; x_wconf 89' lang='lat' dir='ltr'>ad</span> 
     </span>
     <span class='ocr_line' id='line_1_10' title="bbox 440 938 1335 978; baseline -0.004 -9"><span class='ocrx_word' id='word_1_50' title='bbox 440 940 582 970; x_wconf 89' lang='lat' dir='ltr'>Sanctum</span> <span class='ocrx_word' id='word_1_51' title='bbox 597 940 749 969; x_wconf 88' lang='lat' dir='ltr'>Julianum</span> <span class='ocrx_word' id='word_1_52' title='bbox 767 949 933 978; x_wconf 82' lang='lat' dir='ltr'><strong>pauperem</strong></span> <span class='ocrx_word' id='word_1_53' title='bbox 953 939 991 967; x_wconf 84' lang='lat' dir='ltr'>ad</span> <span class='ocrx_word' id='word_1_54' title='bbox 1007 938 1191 967; x_wconf 92' lang='lat' dir='ltr'>audiendum</span> <span class='ocrx_word' id='word_1_55' title='bbox 1209 947 1335 976; x_wconf 90' lang='lat' dir='ltr'>compo-</span> 
     </span>
     <span class='ocr_line' id='line_1_11' title="bbox 438 988 1334 1028; baseline -0.004 -10"><span class='ocrx_word' id='word_1_56' title='bbox 438 995 500 1018; x_wconf 87' lang='lat' dir='ltr'>tum</span> <span class='ocrx_word' id='word_1_57' title='bbox 524 989 694 1028; x_wconf 87' lang='lat' dir='ltr'>receptoris</span> <span class='ocrx_word' id='word_1_58' title='bbox 714 995 743 1017; x_wconf 93' lang='lat' dir='ltr'>et</span> <span class='ocrx_word' id='word_1_59' title='bbox 762 988 935 1027; x_wconf 88' lang='lat' dir='ltr'>eligendum</span> <span class='ocrx_word' id='word_1_60' title='bbox 957 997 1069 1016; x_wconf 88' lang='lat' dir='ltr'>novum</span> <span class='ocrx_word' id='word_1_61' title='bbox 1090 993 1334 1026; x_wconf 88' lang='lat' dir='ltr'>procuratorem,</span> 
     </span>
     <span class='ocr_line' id='line_1_12' title="bbox 438 1034 1333 1075; baseline -0.004 -8"><span class='ocrx_word' id='word_1_62' title='bbox 438 1038 553 1067; x_wconf 89' lang='lat' dir='ltr'>electus</span> <span class='ocrx_word' id='word_1_63' title='bbox 575 1038 629 1066; x_wconf 85' lang='lat' dir='ltr'>fuit</span> <span class='ocrx_word' id='word_1_64' title='bbox 646 1037 829 1066; x_wconf 84' lang='lat' dir='ltr'>unanimiter</span> <span class='ocrx_word' id='word_1_65' title='bbox 847 1036 940 1075; x_wconf 84' lang='lat' dir='ltr'>Elyas</span> <span class='ocrx_word' id='word_1_66' title='bbox 955 1037 993 1065; x_wconf 87' lang='lat' dir='ltr'>de</span> <span class='ocrx_word' id='word_1_67' title='bbox 1009 1035 1177 1075; x_wconf 91' lang='lat' dir='ltr'>Loepwiic‚</span> <span class='ocrx_word' id='word_1_68' title='bbox 1197 1035 1228 1063; x_wconf 93' lang='lat' dir='ltr'>in</span> <span class='ocrx_word' id='word_1_69' title='bbox 1246 1034 1333 1075; x_wconf 85' lang='lat' dir='ltr'>cujus</span> 
     </span>
     <span class='ocr_line' id='line_1_13' title="bbox 438 1086 1107 1125; baseline -0.003 -10"><span class='ocrx_word' id='word_1_70' title='bbox 438 1087 652 1125; x_wconf 78' lang='lat' dir='ltr'>procuratione</span> <span class='ocrx_word' id='word_1_71' title='bbox 665 1092 729 1115; x_wconf 85' lang='lat' dir='ltr'>acta</span> <span class='ocrx_word' id='word_1_72' title='bbox 742 1086 864 1114; x_wconf 88' lang='lat' dir='ltr'>fuerunt</span> <span class='ocrx_word' id='word_1_73' title='bbox 878 1095 937 1124; x_wconf 88' lang='lat' dir='ltr'>que</span> <span class='ocrx_word' id='word_1_74' title='bbox 953 1091 1107 1114; x_wconf 87' lang='lat' dir='ltr'>notantur.</span> 
     </span>
    </p>

    <p class='ocr_par' dir='ltr' id='par_1_7' title="bbox 435 1133 1337 1945">
     <span class='ocr_line' id='line_1_14' title="bbox 478 1133 1335 1172; baseline -0.004 -8"><span class='ocrx_word' id='word_1_75' title='bbox 478 1135 582 1164; x_wconf 90' lang='lat' dir='ltr'>Primo</span> <span class='ocrx_word' id='word_1_76' title='bbox 598 1136 701 1164; x_wconf 90' lang='lat' dir='ltr'>eadem</span> <span class='ocrx_word' id='word_1_77' title='bbox 717 1135 766 1163; x_wconf 88' lang='lat' dir='ltr'>die</span> <span class='ocrx_word' id='word_1_78' title='bbox 777 1135 976 1163; x_wconf 87' lang='lat' dir='ltr'>deliberatum</span> <span class='ocrx_word' id='word_1_79' title='bbox 993 1133 1048 1162; x_wconf 85' lang='lat' dir='ltr'>fuit</span> <span class='ocrx_word' id='word_1_80' title='bbox 1059 1133 1144 1162; x_wconf 90' lang='lat' dir='ltr'>nullo</span> <span class='ocrx_word' id='word_1_81' title='bbox 1159 1138 1335 1172; x_wconf 89' lang='lat' dir='ltr'>opponente</span> 
     </span>
     <span class='ocr_line' id='line_1_15' title="bbox 438 1181 1337 1220; baseline -0.003 -8"><span class='ocrx_word' id='word_1_82' title='bbox 438 1183 632 1212; x_wconf 89' lang='lat' dir='ltr'>concorditer</span> <span class='ocrx_word' id='word_1_83' title='bbox 660 1183 691 1212; x_wconf 92' lang='lat' dir='ltr'>in</span> <span class='ocrx_word' id='word_1_84' title='bbox 719 1183 841 1212; x_wconf 84' lang='lat' dir='ltr'>natione</span> <span class='ocrx_word' id='word_1_85' title='bbox 870 1182 984 1211; x_wconf 89' lang='lat' dir='ltr'>intrare</span> <span class='ocrx_word' id='word_1_86' title='bbox 1016 1183 1184 1217; x_wconf 84' lang='lat' dir='ltr'>tabernam,</span> <span class='ocrx_word' id='word_1_87' title='bbox 1215 1181 1246 1210; x_wconf 94' lang='lat' dir='ltr'>in</span> <span class='ocrx_word' id='word_1_88' title='bbox 1277 1191 1337 1220; x_wconf 86' lang='lat' dir='ltr'>qua</span> 
     </span>
     <span class='ocr_line' id='line_1_16' title="bbox 438 1230 1334 1271; baseline -0.002 -10"><span class='ocrx_word' id='word_1_89' title='bbox 438 1233 579 1271; x_wconf 80' lang='lat' dir='ltr'>exposuit</span> <span class='ocrx_word' id='word_1_90' title='bbox 594 1233 630 1262; x_wconf 93' lang='lat'>27</span> <span class='ocrx_word' id='word_1_91' title='bbox 647 1232 788 1267; x_wconf 89' lang='lat' dir='ltr'>sollidos,</span> <span class='ocrx_word' id='word_1_92' title='bbox 805 1232 842 1260; x_wconf 91' lang='lat' dir='ltr'>de</span> <span class='ocrx_word' id='word_1_93' title='bbox 858 1231 969 1270; x_wconf 89' lang='lat' dir='ltr'>quibus</span> <span class='ocrx_word' id='word_1_94' title='bbox 988 1231 1136 1270; x_wconf 88' lang='lat' dir='ltr'>magister</span> <span class='ocrx_word' id='word_1_95' title='bbox 1154 1230 1247 1269; x_wconf 86' lang='lat' dir='ltr'>Elyas</span> <span class='ocrx_word' id='word_1_96' title='bbox 1264 1240 1334 1270; x_wconf 88' lang='lat' dir='ltr'>pre-</span> 
     </span>
     <span class='ocr_line' id='line_1_17' title="bbox 437 1279 1330 1318; baseline -0.002 -8"><span class='ocrx_word' id='word_1_97' title='bbox 437 1282 515 1310; x_wconf 85' lang='lat' dir='ltr'>fatus</span> <span class='ocrx_word' id='word_1_98' title='bbox 535 1281 628 1310; x_wconf 90' lang='lat' dir='ltr'>solvit</span> <span class='ocrx_word' id='word_1_99' title='bbox 645 1282 780 1310; x_wconf 87' lang='lat' dir='ltr'>francum</span> <span class='ocrx_word' id='word_1_100' title='bbox 801 1281 918 1309; x_wconf 84' lang='lat' dir='ltr'>ratione</span> <span class='ocrx_word' id='word_1_101' title='bbox 936 1290 990 1309; x_wconf 90' lang='lat' dir='ltr'>sue</span> <span class='ocrx_word' id='word_1_102' title='bbox 1010 1290 1087 1309; x_wconf 91' lang='lat' dir='ltr'>nove</span> <span class='ocrx_word' id='word_1_103' title='bbox 1107 1279 1330 1318; x_wconf 88' lang='lat' dir='ltr'>procuratorie,</span> 
     </span>
     <span class='ocr_line' id='line_1_18' title="bbox 437 1322 1334 1368; baseline -0.001 -10"><span class='ocrx_word' id='word_1_104' title='bbox 437 1336 466 1358; x_wconf 92' lang='lat' dir='ltr'>et</span> <span class='ocrx_word' id='word_1_105' title='bbox 487 1322 615 1368; x_wconf 61' lang='lat' dir='ltr'>quilibet</span> <span class='ocrx_word' id='word_1_106' title='bbox 633 1330 762 1358; x_wconf 88' lang='lat' dir='ltr'>aliorum</span> <span class='ocrx_word' id='word_1_107' title='bbox 788 1330 1005 1368; x_wconf 84' lang='lat' dir='ltr'>magistrorum</span> <span class='ocrx_word' id='word_1_108' title='bbox 1026 1329 1176 1358; x_wconf 88' lang='lat' dir='ltr'>antedicte</span> <span class='ocrx_word' id='word_1_109' title='bbox 1200 1328 1334 1357; x_wconf 87' lang='lat' dir='ltr'>nationis</span> 
     </span>
     <span class='ocr_line' id='line_1_19' title="bbox 435 1378 1335 1418; baseline -0.001 -11"><span class='ocrx_word' id='word_1_110' title='bbox 435 1379 548 1407; x_wconf 85' lang='lat' dir='ltr'>ibidem</span> <span class='ocrx_word' id='word_1_111' title='bbox 563 1379 758 1407; x_wconf 87' lang='lat' dir='ltr'>existentium</span> <span class='ocrx_word' id='word_1_112' title='bbox 776 1378 918 1417; x_wconf 85' lang='lat' dir='ltr'>exposuit</span> <span class='ocrx_word' id='word_1_113' title='bbox 932 1378 949 1407; x_wconf 90' lang='lat'><strong>3</strong></span> <span class='ocrx_word' id='word_1_114' title='bbox 967 1378 1064 1407; x_wconf 85' lang='lat' dir='ltr'>albos.</span> <span class='ocrx_word' id='word_1_115' title='bbox 1080 1378 1115 1406; x_wconf 91' lang='lat' dir='ltr'>In</span> <span class='ocrx_word' id='word_1_116' title='bbox 1133 1388 1193 1418; x_wconf 90' lang='lat' dir='ltr'>qua</span> <span class='ocrx_word' id='word_1_117' title='bbox 1207 1387 1335 1418; x_wconf 87' lang='lat' dir='ltr'>congre-</span> 
     </span>
     <span class='ocr_line' id='line_1_20' title="bbox 436 1427 1334 1467; baseline -0.001 -11"><span class='ocrx_word' id='word_1_118' title='bbox 436 1428 558 1467; x_wconf 90' lang='lat' dir='ltr'>gatione</span> <span class='ocrx_word' id='word_1_119' title='bbox 582 1427 670 1456; x_wconf 89' lang='lat' dir='ltr'>etiam</span> <span class='ocrx_word' id='word_1_120' title='bbox 690 1427 864 1456; x_wconf 90' lang='lat' dir='ltr'>ordinatum</span> <span class='ocrx_word' id='word_1_121' title='bbox 883 1427 938 1456; x_wconf 82' lang='lat' dir='ltr'>fuit</span> <span class='ocrx_word' id='word_1_122' title='bbox 957 1437 1012 1466; x_wconf 89' lang='lat' dir='ltr'>per</span> <span class='ocrx_word' id='word_1_123' title='bbox 1031 1427 1196 1467; x_wconf 87' lang='lat' dir='ltr'>magistros</span> <span class='ocrx_word' id='word_1_124' title='bbox 1219 1427 1334 1455; x_wconf 90' lang='lat' dir='ltr'>ibidem</span> 
     </span>
     <span class='ocr_line' id='line_1_21' title="bbox 436 1475 1335 1515; baseline -0.001 -10"><span class='ocrx_word' id='word_1_125' title='bbox 436 1477 602 1506; x_wconf 85' lang='lat' dir='ltr'>existentes</span> <span class='ocrx_word' id='word_1_126' title='bbox 619 1477 657 1505; x_wconf 85' lang='lat' dir='ltr'>de</span> <span class='ocrx_word' id='word_1_127' title='bbox 674 1476 811 1505; x_wconf 86' lang='lat' dir='ltr'>articulis</span> <span class='ocrx_word' id='word_1_128' title='bbox 833 1486 850 1505; x_wconf 89' lang='lat' dir='ltr'>a</span> <span class='ocrx_word' id='word_1_129' title='bbox 875 1476 998 1505; x_wconf 91' lang='lat' dir='ltr'>domino</span> <span class='ocrx_word' id='word_1_130' title='bbox 1020 1482 1140 1505; x_wconf 88' lang='lat' dir='ltr'>rectore</span> <span class='ocrx_word' id='word_1_131' title='bbox 1162 1475 1335 1515; x_wconf 85' lang='lat' dir='ltr'>propositis</span> 
     </span>
     <span class='ocr_line' id='line_1_22' title="bbox 435 1525 1333 1564; baseline 0.001 -11"><span class='ocrx_word' id='word_1_132' title='bbox 435 1526 519 1554; x_wconf 92' lang='lat' dir='ltr'>nullo</span> <span class='ocrx_word' id='word_1_133' title='bbox 534 1525 717 1554; x_wconf 87' lang='lat' dir='ltr'>reclamante</span> <span class='ocrx_word' id='word_1_134' title='bbox 733 1525 818 1564; x_wconf 91' lang='lat' dir='ltr'>ipsos</span> <span class='ocrx_word' id='word_1_135' title='bbox 834 1525 966 1554; x_wconf 89' lang='lat' dir='ltr'>transire</span> <span class='ocrx_word' id='word_1_136' title='bbox 982 1531 1011 1554; x_wconf 91' lang='lat' dir='ltr'>et</span> <span class='ocrx_word' id='word_1_137' title='bbox 1026 1525 1191 1564; x_wconf 88' lang='lat' dir='ltr'>magistros</span> <span class='ocrx_word' id='word_1_138' title='bbox 1208 1531 1333 1554; x_wconf 86' lang='lat' dir='ltr'>nostros</span> 
     </span>
     <span class='ocr_line' id='line_1_23' title="bbox 437 1573 1333 1613; baseline 0 -11"><span class='ocrx_word' id='word_1_139' title='bbox 437 1574 506 1603; x_wconf 91' lang='lat' dir='ltr'>illos</span> <span class='ocrx_word' id='word_1_140' title='bbox 530 1573 726 1612; x_wconf 88' lang='lat' dir='ltr'>am[m]isisse</span> <span class='ocrx_word' id='word_1_141' title='bbox 751 1574 850 1602; x_wconf 88' lang='lat' dir='ltr'>etiam.</span> <span class='ocrx_word' id='word_1_142' title='bbox 878 1574 912 1602; x_wconf 92' lang='lat' dir='ltr'>In</span> <span class='ocrx_word' id='word_1_143' title='bbox 935 1585 994 1613; x_wconf 89' lang='lat' dir='ltr'>qua</span> <span class='ocrx_word' id='word_1_144' title='bbox 1015 1574 1187 1603; x_wconf 88' lang='lat' dir='ltr'>ordinatum</span> <span class='ocrx_word' id='word_1_145' title='bbox 1214 1574 1270 1603; x_wconf 85' lang='lat' dir='ltr'>fuit</span> <span class='ocrx_word' id='word_1_146' title='bbox 1295 1574 1333 1602; x_wconf 91' lang='lat' dir='ltr'>de</span> 
     </span>
     <span class='ocr_line' id='line_1_24' title="bbox 436 1622 1334 1662; baseline 0 -11"><span class='ocrx_word' id='word_1_147' title='bbox 436 1623 615 1662; x_wconf 88' lang='lat' dir='ltr'>appertione</span> <span class='ocrx_word' id='word_1_148' title='bbox 630 1622 723 1657; x_wconf 91' lang='lat' dir='ltr'>bulle,</span> <span class='ocrx_word' id='word_1_149' title='bbox 738 1623 835 1661; x_wconf 86' lang='lat' dir='ltr'>ipsam</span> <span class='ocrx_word' id='word_1_150' title='bbox 856 1623 968 1652; x_wconf 85' lang='lat' dir='ltr'>debere</span> <span class='ocrx_word' id='word_1_151' title='bbox 987 1623 1114 1662; x_wconf 86' lang='lat' dir='ltr'>aperiri,</span> <span class='ocrx_word' id='word_1_152' title='bbox 1136 1629 1165 1652; x_wconf 89' lang='lat' dir='ltr'>et</span> <span class='ocrx_word' id='word_1_153' title='bbox 1183 1629 1334 1652; x_wconf 89' lang='lat' dir='ltr'>rectorem</span> 
     </span>
     <span class='ocr_line' id='line_1_25' title="bbox 436 1671 1333 1711; baseline 0 -11"><span class='ocrx_word' id='word_1_154' title='bbox 436 1672 634 1701; x_wconf 89' lang='lat' dir='ltr'>intentionem</span> <span class='ocrx_word' id='word_1_155' title='bbox 645 1671 735 1700; x_wconf 85' lang='lat' dir='ltr'>nobis</span> <span class='ocrx_word' id='word_1_156' title='bbox 750 1671 953 1700; x_wconf 86' lang='lat' dir='ltr'>manifestare.</span> <span class='ocrx_word' id='word_1_157' title='bbox 973 1672 1007 1700; x_wconf 92' lang='lat' dir='ltr'>In</span> <span class='ocrx_word' id='word_1_158' title='bbox 1023 1682 1083 1711; x_wconf 92' lang='lat' dir='ltr'>qua</span> <span class='ocrx_word' id='word_1_159' title='bbox 1093 1672 1333 1711; x_wconf 78' lang='lat' dir='ltr'>congregatione</span> 
     </span>
     <span class='ocr_line' id='line_1_26' title="bbox 436 1721 1334 1760; baseline 0 -11"><span class='ocrx_word' id='word_1_160' title='bbox 436 1721 586 1749; x_wconf 86' lang='lat' dir='ltr'>facultatis</span> <span class='ocrx_word' id='word_1_161' title='bbox 604 1730 752 1749; x_wconf 87' lang='lat' dir='ltr'>concessa</span> <span class='ocrx_word' id='word_1_162' title='bbox 769 1721 824 1749; x_wconf 88' lang='lat' dir='ltr'>fuit</span> <span class='ocrx_word' id='word_1_163' title='bbox 839 1721 929 1750; x_wconf 89' lang='lat' dir='ltr'>nobis</span> <span class='ocrx_word' id='word_1_164' title='bbox 945 1721 1139 1760; x_wconf 88' lang='lat' dir='ltr'>supplicatio,</span> <span class='ocrx_word' id='word_1_165' title='bbox 1161 1721 1280 1750; x_wconf 88' lang='lat' dir='ltr'>scilicet</span> <span class='ocrx_word' id='word_1_166' title='bbox 1297 1721 1334 1749; x_wconf 92' lang='lat' dir='ltr'>de</span> 
     </span>
     <span class='ocr_line' id='line_1_27' title="bbox 436 1769 1335 1809; baseline 0 -11"><span class='ocrx_word' id='word_1_167' title='bbox 436 1769 649 1808; x_wconf 84' lang='lat' dir='ltr'>questionibus</span> <span class='ocrx_word' id='word_1_168' title='bbox 667 1769 917 1798; x_wconf 84' lang='lat' dir='ltr'>determinandis.</span> <span class='ocrx_word' id='word_1_169' title='bbox 931 1770 965 1798; x_wconf 91' lang='lat' dir='ltr'>In</span> <span class='ocrx_word' id='word_1_170' title='bbox 976 1780 1035 1809; x_wconf 88' lang='lat' dir='ltr'>qua</span> <span class='ocrx_word' id='word_1_171' title='bbox 1050 1770 1139 1799; x_wconf 89' lang='lat' dir='ltr'>etiam</span> <span class='ocrx_word' id='word_1_172' title='bbox 1151 1770 1206 1799; x_wconf 83' lang='lat' dir='ltr'>fuit</span> <span class='ocrx_word' id='word_1_173' title='bbox 1219 1769 1335 1809; x_wconf 89' lang='lat' dir='ltr'>suppli-</span> 
     </span>
     <span class='ocr_line' id='line_1_28' title="bbox 436 1818 1336 1858; baseline 0.001 -12"><span class='ocrx_word' id='word_1_174' title='bbox 436 1818 514 1847; x_wconf 84' lang='lat' dir='ltr'>catio</span> <span class='ocrx_word' id='word_1_175' title='bbox 530 1818 698 1856; x_wconf 79' lang='lat' dir='ltr'>am[m]issa</span> <span class='ocrx_word' id='word_1_176' title='bbox 722 1828 777 1856; x_wconf 88' lang='lat' dir='ltr'>per</span> <span class='ocrx_word' id='word_1_177' title='bbox 799 1819 963 1858; x_wconf 84' lang='lat' dir='ltr'>magistros</span> <span class='ocrx_word' id='word_1_178' title='bbox 985 1825 1126 1854; x_wconf 89' lang='lat' dir='ltr'>nostros,</span> <span class='ocrx_word' id='word_1_179' title='bbox 1155 1819 1273 1848; x_wconf 88' lang='lat' dir='ltr'>scilicet</span> <span class='ocrx_word' id='word_1_180' title='bbox 1299 1820 1336 1848; x_wconf 93' lang='lat' dir='ltr'>de</span> 
     </span>
     <span class='ocr_line' id='line_1_29' title="bbox 436 1866 1335 1907; baseline 0.002 -12"><span class='ocrx_word' id='word_1_181' title='bbox 436 1867 639 1896; x_wconf 85' lang='lat' dir='ltr'>celebratione</span> <span class='ocrx_word' id='word_1_182' title='bbox 657 1867 737 1896; x_wconf 88' lang='lat' dir='ltr'>beati</span> <span class='ocrx_word' id='word_1_183' title='bbox 752 1866 911 1902; x_wconf 84' lang='lat' dir='ltr'>Antonii⁴,</span> <span class='ocrx_word' id='word_1_184' title='bbox 930 1867 1073 1897; x_wconf 87' lang='lat' dir='ltr'>videlicet</span> <span class='ocrx_word' id='word_1_185' title='bbox 1089 1868 1187 1907; x_wconf 90' lang='lat' dir='ltr'>ipsam</span> <span class='ocrx_word' id='word_1_186' title='bbox 1210 1868 1335 1897; x_wconf 84' lang='lat' dir='ltr'>faculta-</span> 
     </span>
     <span class='ocr_line' id='line_1_30' title="bbox 435 1915 974 1945; baseline 0.002 -1"><span class='ocrx_word' id='word_1_187' title='bbox 435 1922 494 1944; x_wconf 90' lang='lat' dir='ltr'>tem</span> <span class='ocrx_word' id='word_1_188' title='bbox 512 1926 529 1944; x_wconf 91' lang='lat' dir='ltr'>a</span> <span class='ocrx_word' id='word_1_189' title='bbox 545 1915 728 1945; x_wconf 90' lang='lat' dir='ltr'>lectionibus</span> <span class='ocrx_word' id='word_1_190' title='bbox 744 1915 823 1945; x_wconf 88' lang='lat' dir='ltr'>velle</span> <span class='ocrx_word' id='word_1_191' title='bbox 838 1925 974 1945; x_wconf 87' lang='lat' dir='ltr'>cessare.</span> 
     </span>
    </p>
   </div>
   <div class='ocr_carea' id='block_1_7' title="bbox 851 2009 947 2038">
    <p class='ocr_par' dir='ltr' id='par_1_8' title="bbox 851 2009 947 2038">
     <span class='ocr_line' id='line_1_31' title="bbox 851 2009 947 2038; baseline 0.01 -1"><span class='ocrx_word' id='word_1_192' title='bbox 851 2009 947 2038; x_wconf 80' lang='lat'>1370</span> 
     </span>
    </p>
   </div>
   <div class='ocr_carea' id='block_1_8' title="bbox 478 2079 1289 2168">
    <p class='ocr_par' dir='ltr' id='par_1_9' title="bbox 478 2079 1289 2168">
     <span class='ocr_line' id='line_1_32' title="bbox 478 2079 1289 2120; baseline 0.002 -12"><span class='ocrx_word' id='word_1_193' title='bbox 478 2079 567 2109; x_wconf 89' lang='lat' dir='ltr'>Acta</span> <span class='ocrx_word' id='word_1_194' title='bbox 599 2079 895 2109; x_wconf 88' lang='lat' dir='ltr'>continuationis</span> <span class='ocrx_word' id='word_1_195' title='bbox 925 2080 1094 2120; x_wconf 88' lang='lat' dir='ltr'>magistri</span> <span class='ocrx_word' id='word_1_196' title='bbox 1127 2081 1219 2120; x_wconf 90' lang='lat' dir='ltr'>Elye</span> <span class='ocrx_word' id='word_1_197' title='bbox 1248 2082 1289 2110; x_wconf 90' lang='lat' dir='ltr'>de</span> 
     </span>
     <span class='ocr_line' id='line_1_33' title="bbox 781 2129 986 2168; baseline 0 -10"><span class='ocrx_word' id='word_1_198' title='bbox 781 2129 986 2168; x_wconf 84' lang='lat' dir='ltr'>Loepwiic.</span> 
     </span>
    </p>
   </div>
   <div class='ocr_carea' id='block_1_9' title="bbox 432 2207 1335 2831">
    <p class='ocr_par' dir='ltr' id='par_1_10' title="bbox 432 2207 1335 2831">
     <span class='ocr_line' id='line_1_34' title="bbox 474 2207 1330 2244; baseline 0.004 -8"><span class='ocrx_word' id='word_1_199' title='bbox 474 2207 563 2237; x_wconf 89' lang='lat' dir='ltr'>Anno</span> <span class='ocrx_word' id='word_1_200' title='bbox 579 2208 701 2237; x_wconf 91' lang='lat' dir='ltr'>Domini</span> <span class='ocrx_word' id='word_1_201' title='bbox 719 2207 763 2236; x_wconf 83' lang='lat' dir='ltr'>M⁰</span> <span class='ocrx_word' id='word_1_202' title='bbox 778 2209 849 2238; x_wconf 88' lang='lat'>300⁰</span> <span class='ocrx_word' id='word_1_203' title='bbox 863 2209 929 2244; x_wconf 87' lang='lat'>690,</span> <span class='ocrx_word' id='word_1_204' title='bbox 948 2210 983 2238; x_wconf 92' lang='lat'>17</span> <span class='ocrx_word' id='word_1_205' title='bbox 998 2209 1046 2238; x_wconf 91' lang='lat' dir='ltr'>die</span> <span class='ocrx_word' id='word_1_206' title='bbox 1062 2210 1177 2239; x_wconf 84' lang='lat' dir='ltr'>mensis</span> <span class='ocrx_word' id='word_1_207' title='bbox 1193 2210 1330 2239; x_wconf 89' lang='lat' dir='ltr'>Januarii</span> 
     </span>
     <span class='ocr_line' id='line_1_35' title="bbox 434 2257 1329 2298; baseline 0.003 -13"><span class='ocrx_word' id='word_1_208' title='bbox 434 2257 510 2286; x_wconf 82' lang='lat' dir='ltr'>facta</span> <span class='ocrx_word' id='word_1_209' title='bbox 522 2257 760 2296; x_wconf 88' lang='lat' dir='ltr'>congregatione</span> <span class='ocrx_word' id='word_1_210' title='bbox 774 2257 907 2286; x_wconf 89' lang='lat' dir='ltr'>nationis</span> <span class='ocrx_word' id='word_1_211' title='bbox 920 2257 1090 2297; x_wconf 87' lang='lat' dir='ltr'>Anglicane</span> <span class='ocrx_word' id='word_1_212' title='bbox 1103 2259 1141 2287; x_wconf 91' lang='lat' dir='ltr'>ad</span> <span class='ocrx_word' id='word_1_213' title='bbox 1154 2259 1329 2298; x_wconf 87' lang='lat' dir='ltr'>eligendum</span> 
     </span>
     <span class='ocr_line' id='line_1_36' title="bbox 434 2306 1335 2346; baseline 0.003 -12"><span class='ocrx_word' id='word_1_214' title='bbox 434 2306 669 2334; x_wconf 85' lang='lat' dir='ltr'>examinatorem</span> <span class='ocrx_word' id='word_1_215' title='bbox 684 2306 960 2335; x_wconf 89' lang='lat' dir='ltr'>Iiscenciandorum</span> <span class='ocrx_word' id='word_1_216' title='bbox 978 2313 1007 2336; x_wconf 91' lang='lat' dir='ltr'>et</span> <span class='ocrx_word' id='word_1_217' title='bbox 1023 2313 1233 2346; x_wconf 89' lang='lat' dir='ltr'>temptatores‚</span> <span class='ocrx_word' id='word_1_218' title='bbox 1253 2308 1335 2337; x_wconf 89' lang='lat' dir='ltr'>elec-</span> 
     </span>
     <span class='ocr_line' id='line_1_37' title="bbox 433 2354 1334 2394; baseline 0.003 -11"><span class='ocrx_word' id='word_1_219' title='bbox 433 2360 482 2383; x_wconf 89' lang='lat' dir='ltr'>tus</span> <span class='ocrx_word' id='word_1_220' title='bbox 498 2354 553 2383; x_wconf 82' lang='lat' dir='ltr'>fuit</span> <span class='ocrx_word' id='word_1_221' title='bbox 570 2355 715 2394; x_wconf 86' lang='lat' dir='ltr'>magister</span> <span class='ocrx_word' id='word_1_222' title='bbox 728 2354 906 2384; x_wconf 86' lang='lat' dir='ltr'>Gherardus</span> <span class='ocrx_word' id='word_1_223' title='bbox 922 2355 1034 2385; x_wconf 90' lang='lat' dir='ltr'>Calker</span> <span class='ocrx_word' id='word_1_224' title='bbox 1049 2356 1080 2384; x_wconf 92' lang='lat' dir='ltr'>in</span> <span class='ocrx_word' id='word_1_225' title='bbox 1098 2357 1334 2386; x_wconf 87' lang='lat' dir='ltr'>examinatorem</span> 
     </span>
     <span class='ocr_line' id='line_1_38' title="bbox 433 2403 1331 2442; baseline 0.004 -11"><span class='ocrx_word' id='word_1_226' title='bbox 433 2403 709 2432; x_wconf 85' lang='lat' dir='ltr'>liscenciandorum</span> <span class='ocrx_word' id='word_1_227' title='bbox 733 2413 789 2442; x_wconf 89' lang='lat' dir='ltr'>pro</span> <span class='ocrx_word' id='word_1_228' title='bbox 814 2405 933 2433; x_wconf 89' lang='lat' dir='ltr'>duobus</span> <span class='ocrx_word' id='word_1_229' title='bbox 956 2404 1124 2441; x_wconf 85' lang='lat' dir='ltr'>mensibus,</span> <span class='ocrx_word' id='word_1_230' title='bbox 1149 2412 1179 2434; x_wconf 91' lang='lat' dir='ltr'>et</span> <span class='ocrx_word' id='word_1_231' title='bbox 1199 2405 1252 2434; x_wconf 91' lang='lat' dir='ltr'>isti</span> <span class='ocrx_word' id='word_1_232' title='bbox 1268 2412 1331 2435; x_wconf 89' lang='lat' dir='ltr'>tres</span> 
     </span>
     <span class='ocr_line' id='line_1_39' title="bbox 434 2452 1335 2494; baseline 0.004 -14"><span class='ocrx_word' id='word_1_233' title='bbox 434 2452 552 2481; x_wconf 88' lang='lat' dir='ltr'>scilicet</span> <span class='ocrx_word' id='word_1_234' title='bbox 581 2452 726 2491; x_wconf 87' lang='lat' dir='ltr'>magister</span> <span class='ocrx_word' id='word_1_235' title='bbox 755 2453 909 2481; x_wconf 85' lang='lat' dir='ltr'>Jordanus</span> <span class='ocrx_word' id='word_1_236' title='bbox 941 2454 978 2482; x_wconf 92' lang='lat' dir='ltr'>de</span> <span class='ocrx_word' id='word_1_237' title='bbox 1006 2453 1103 2483; x_wconf 86' lang='lat' dir='ltr'>Clivis</span> <span class='ocrx_word' id='word_1_238' title='bbox 1132 2460 1161 2483; x_wconf 93' lang='lat' dir='ltr'>et</span> <span class='ocrx_word' id='word_1_239' title='bbox 1187 2455 1335 2494; x_wconf 84' lang='lat' dir='ltr'>magister</span> 
     </span>
     <span class='ocr_line' id='line_1_40' title="bbox 432 2500 1334 2540; baseline 0.003 -10"><span class='ocrx_word' id='word_1_240' title='bbox 432 2500 617 2530; x_wconf 89' lang='lat' dir='ltr'>Wilhelmus</span> <span class='ocrx_word' id='word_1_241' title='bbox 632 2501 773 2530; x_wconf 86' lang='lat' dir='ltr'>Wadeno</span> <span class='ocrx_word' id='word_1_242' title='bbox 794 2508 823 2530; x_wconf 89' lang='lat' dir='ltr'>et</span> <span class='ocrx_word' id='word_1_243' title='bbox 844 2502 991 2540; x_wconf 87' lang='lat' dir='ltr'>magister</span> <span class='ocrx_word' id='word_1_244' title='bbox 1008 2502 1194 2532; x_wconf 80' lang='lat' dir='ltr'>Woulcerus</span> <span class='ocrx_word' id='word_1_245' title='bbox 1211 2504 1241 2532; x_wconf 91' lang='lat' dir='ltr'>in</span> <span class='ocrx_word' id='word_1_246' title='bbox 1261 2510 1334 2532; x_wconf 91' lang='lat' dir='ltr'>tem-</span> 
     </span>
     <span class='ocr_line' id='line_1_41' title="bbox 432 2550 1333 2588; baseline 0.003 -10"><span class='ocrx_word' id='word_1_247' title='bbox 432 2556 568 2588; x_wconf 84' lang='lat' dir='ltr'>ptatores</span> <span class='ocrx_word' id='word_1_248' title='bbox 598 2550 833 2579; x_wconf 86' lang='lat' dir='ltr'>baculariorum.</span> <span class='ocrx_word' id='word_1_249' title='bbox 865 2550 939 2579; x_wconf 86' lang='lat' dir='ltr'>Item</span> <span class='ocrx_word' id='word_1_250' title='bbox 968 2550 1018 2579; x_wconf 93' lang='lat' dir='ltr'>illa</span> <span class='ocrx_word' id='word_1_251' title='bbox 1042 2553 1146 2580; x_wconf 85' lang='lat' dir='ltr'>eadem</span> <span class='ocrx_word' id='word_1_252' title='bbox 1179 2553 1228 2581; x_wconf 86' lang='lat' dir='ltr'>die</span> <span class='ocrx_word' id='word_1_253' title='bbox 1254 2553 1333 2582; x_wconf 91' lang='lat' dir='ltr'>beati</span> 
     </span>
     <span class='ocr_line' id='line_1_42' title="bbox 433 2597 1333 2637; baseline 0.004 -11"><span class='ocrx_word' id='word_1_254' title='bbox 433 2597 559 2627; x_wconf 87' lang='lat' dir='ltr'>Antonii</span> <span class='ocrx_word' id='word_1_255' title='bbox 572 2605 600 2627; x_wconf 88' lang='lat' dir='ltr'>et</span> <span class='ocrx_word' id='word_1_256' title='bbox 614 2599 716 2627; x_wconf 84' lang='lat' dir='ltr'>Sancti</span> <span class='ocrx_word' id='word_1_257' title='bbox 732 2598 860 2637; x_wconf 86' lang='lat' dir='ltr'>Sulpicii</span> <span class='ocrx_word' id='word_1_258' title='bbox 875 2599 1075 2628; x_wconf 88' lang='lat' dir='ltr'>deliberatum</span> <span class='ocrx_word' id='word_1_259' title='bbox 1090 2601 1143 2629; x_wconf 90' lang='lat' dir='ltr'>fuit</span> <span class='ocrx_word' id='word_1_260' title='bbox 1161 2601 1192 2629; x_wconf 90' lang='lat' dir='ltr'>in</span> <span class='ocrx_word' id='word_1_261' title='bbox 1210 2602 1333 2630; x_wconf 85' lang='lat' dir='ltr'>natione</span> 
     </span>
     <span class='ocr_line' id='line_1_43' title="bbox 434 2647 1331 2687; baseline 0.006 -13"><span class='ocrx_word' id='word_1_262' title='bbox 434 2647 471 2675; x_wconf 88' lang='lat' dir='ltr'>de</span> <span class='ocrx_word' id='word_1_263' title='bbox 489 2647 633 2675; x_wconf 87' lang='lat' dir='ltr'>concordi</span> <span class='ocrx_word' id='word_1_264' title='bbox 650 2657 802 2676; x_wconf 85' lang='lat' dir='ltr'>consensu</span> <span class='ocrx_word' id='word_1_265' title='bbox 814 2648 1018 2687; x_wconf 87' lang='lat' dir='ltr'>singulorum,</span> <span class='ocrx_word' id='word_1_266' title='bbox 1034 2649 1147 2678; x_wconf 86' lang='lat' dir='ltr'>intrare</span> <span class='ocrx_word' id='word_1_267' title='bbox 1162 2651 1331 2685; x_wconf 88' lang='lat' dir='ltr'>tabernam,</span> 
     </span>
     <span class='ocr_line' id='line_1_44' title="bbox 433 2694 1334 2738; baseline 0.007 -16"><span class='ocrx_word' id='word_1_268' title='bbox 433 2694 464 2722; x_wconf 89' lang='lat' dir='ltr'>in</span> <span class='ocrx_word' id='word_1_269' title='bbox 484 2705 543 2733; x_wconf 89' lang='lat' dir='ltr'>qua</span> <span class='ocrx_word' id='word_1_270' title='bbox 567 2696 708 2734; x_wconf 87' lang='lat' dir='ltr'>exposuit</span> <span class='ocrx_word' id='word_1_271' title='bbox 732 2696 792 2725; x_wconf 69' lang='lat'>572</span> <span class='ocrx_word' id='word_1_272' title='bbox 825 2696 965 2732; x_wconf 80' lang='lat' dir='ltr'>sollidos,</span> <span class='ocrx_word' id='word_1_273' title='bbox 989 2698 1026 2726; x_wconf 93' lang='lat' dir='ltr'>de</span> <span class='ocrx_word' id='word_1_274' title='bbox 1053 2697 1165 2736; x_wconf 83' lang='lat' dir='ltr'>quibus</span> <span class='ocrx_word' id='word_1_275' title='bbox 1186 2699 1334 2738; x_wconf 85' lang='lat' dir='ltr'>magister</span> 
     </span>
     <span class='ocr_line' id='line_1_45' title="bbox 434 2743 1332 2782; baseline 0.007 -11"><span class='ocrx_word' id='word_1_276' title='bbox 434 2743 611 2772; x_wconf 87' lang='lat' dir='ltr'>Gherardus</span> <span class='ocrx_word' id='word_1_277' title='bbox 640 2745 775 2782; x_wconf 84' lang='lat' dir='ltr'>prefatus</span> <span class='ocrx_word' id='word_1_278' title='bbox 806 2745 898 2774; x_wconf 89' lang='lat' dir='ltr'>solvit</span> <span class='ocrx_word' id='word_1_279' title='bbox 928 2747 965 2774; x_wconf 88' lang='lat'>32</span> <span class='ocrx_word' id='word_1_280' title='bbox 1000 2746 1144 2782; x_wconf 83' lang='lat' dir='ltr'>soHidos,</span> <span class='ocrx_word' id='word_1_281' title='bbox 1176 2747 1332 2777; x_wconf 88' lang='lat' dir='ltr'>residuum</span> 
     </span>
     <span class='ocr_line' id='line_1_46' title="bbox 433 2791 1061 2831; baseline 0.006 -12"><span class='ocrx_word' id='word_1_282' title='bbox 433 2791 526 2820; x_wconf 89' lang='lat' dir='ltr'>solvit</span> <span class='ocrx_word' id='word_1_283' title='bbox 540 2799 693 2831; x_wconf 88' lang='lat' dir='ltr'>receptor,</span> <span class='ocrx_word' id='word_1_284' title='bbox 709 2793 853 2822; x_wconf 84' lang='lat' dir='ltr'>videlicet</span> <span class='ocrx_word' id='word_1_285' title='bbox 868 2795 905 2823; x_wconf 86' lang='lat'>25</span> <span class='ocrx_word' id='word_1_286' title='bbox 922 2794 1061 2824; x_wconf 80' lang='lat' dir='ltr'>sollidos.</span> 
     </span>
    </p>
   </div>
   <div class='ocr_carea' id='block_1_10' title="bbox 463 2870 1119 2973">
    <p class='ocr_par' dir='ltr' id='par_1_11' title="bbox 463 2870 1119 2973">
     <span class='ocr_line' id='line_1_47' title="bbox 464 2870 691 2895; baseline 0.013 -3"><span class='ocrx_word' id='word_1_287' title='bbox 464 2870 486 2893; x_wconf 81' lang='lat'>1.</span> <span class='ocrx_word' id='word_1_288' title='bbox 519 2871 547 2893; x_wconf 84' lang='lat'>17</span> <span class='ocrx_word' id='word_1_289' title='bbox 563 2872 691 2895; x_wconf 79' lang='lat' dir='ltr'>Januarii.</span> 
     </span>
     <span class='ocr_line' id='line_1_48' title="bbox 465 2906 622 2930; baseline 0.019 -3"><span class='ocrx_word' id='word_1_290' title='bbox 465 2906 488 2929; x_wconf 82' lang='lat'>2.</span> <span class='ocrx_word' id='word_1_291' title='bbox 522 2907 569 2929; x_wconf 63' lang='lat' dir='ltr'>Ma.</span> <span class='ocrx_word' id='word_1_292' title='bbox 584 2909 622 2930; x_wconf 69' lang='lat'>55,</span> 
     </span>
     <span class='ocr_line' id='line_1_49' title="bbox 463 2941 1119 2973; baseline 0.011 -11"><span class='ocrx_word' id='word_1_293' title='bbox 463 2941 486 2963; x_wconf 82' lang='lat'>3.</span> <span class='ocrx_word' id='word_1_294' title='bbox 519 2942 545 2963; x_wconf 86' lang='lat' dir='ltr'>In</span> <span class='ocrx_word' id='word_1_295' title='bbox 562 2942 675 2973; x_wconf 75' lang='lat' dir='ltr'>margine</span> <span class='ocrx_word' id='word_1_296' title='bbox 688 2951 695 2965; x_wconf 79' lang='lat'><em>:</em></span> <span class='ocrx_word' id='word_1_297' title='bbox 707 2943 776 2966; x_wconf 80' lang='lat' dir='ltr'>Alias</span> <span class='ocrx_word' id='word_1_298' title='bbox 789 2943 921 2967; x_wconf 76' lang='lat' dir='ltr'>Johunnes</span> <span class='ocrx_word' id='word_1_299' title='bbox 935 2944 1119 2969; x_wconf 85' lang='lat' dir='ltr'>Corsenbradi.</span> 
     </span>
    </p>
   </div>
   <div class='ocr_carea' id='block_1_11' title="bbox 1374 941 1408 966">
    <p class='ocr_par' dir='ltr' id='par_1_12' title="bbox 1374 941 1408 966">
     <span class='ocr_line' id='line_1_50' title="bbox 1374 941 1408 966; baseline 0 0"><span class='ocrx_word' id='word_1_300' title='bbox 1374 941 1408 966; x_wconf 87' lang='lat'>10</span> 
     </span>
    </p>
   </div>
   <div class='ocr_carea' id='block_1_12' title="bbox 1374 1185 1408 1211">
    <p class='ocr_par' dir='ltr' id='par_1_13' title="bbox 1374 1185 1408 1211">
     <span class='ocr_line' id='line_1_51' title="bbox 1374 1185 1408 1211; baseline 0 0"><span class='ocrx_word' id='word_1_301' title='bbox 1374 1185 1408 1211; x_wconf 90' lang='grc'>15</span> 
     </span>
    </p>
   </div>
   <div class='ocr_carea' id='block_1_13' title="bbox 1373 1431 1407 1456">
    <p class='ocr_par' dir='ltr' id='par_1_14' title="bbox 1373 1431 1407 1456">
     <span class='ocr_line' id='line_1_52' title="bbox 1373 1431 1407 1456; baseline 0 0"><span class='ocrx_word' id='word_1_302' title='bbox 1373 1431 1407 1456; x_wconf 88' lang='grc'>20</span> 
     </span>
    </p>
   </div>
   <div class='ocr_carea' id='block_1_14' title="bbox 1373 1677 1406 1703">
    <p class='ocr_par' dir='ltr' id='par_1_15' title="bbox 1373 1677 1406 1703">
     <span class='ocr_line' id='line_1_53' title="bbox 1373 1677 1406 1703; baseline 0 0"><span class='ocrx_word' id='word_1_303' title='bbox 1373 1677 1406 1703; x_wconf 82' lang='grc'>25</span> 
     </span>
    </p>
   </div>
   <div class='ocr_carea' id='block_1_15' title="bbox 1374 1922 1408 1948">
    <p class='ocr_par' dir='ltr' id='par_1_16' title="bbox 1374 1922 1408 1948">
     <span class='ocr_line' id='line_1_54' title="bbox 1374 1922 1408 1948; baseline 0 0"><span class='ocrx_word' id='word_1_304' title='bbox 1374 1922 1408 1948; x_wconf 88' lang='grc'>30</span> 
     </span>
    </p>
   </div>
   <div class='ocr_carea' id='block_1_16' title="bbox 1373 2167 1407 2193">
    <p class='ocr_par' dir='ltr' id='par_1_17' title="bbox 1373 2167 1407 2193">
     <span class='ocr_line' id='line_1_55' title="bbox 1373 2167 1407 2193; baseline 0 0"><span class='ocrx_word' id='word_1_305' title='bbox 1373 2167 1407 2193; x_wconf 87' lang='grc'>35</span> 
     </span>
    </p>
   </div>
   <div class='ocr_carea' id='block_1_17' title="bbox 1372 2411 1406 2438">
    <p class='ocr_par' dir='ltr' id='par_1_18' title="bbox 1372 2411 1406 2438">
     <span class='ocr_line' id='line_1_56' title="bbox 1372 2411 1406 2438; baseline 0.029 -1"><span class='ocrx_word' id='word_1_306' title='bbox 1372 2411 1406 2438; x_wconf 87' lang='grc'>40</span> 
     </span>
    </p>
   </div>
   <div class='ocr_carea' id='block_1_18' title="bbox 1371 2660 1404 2686">
    <p class='ocr_par' dir='ltr' id='par_1_19' title="bbox 1371 2660 1404 2686">
     <span class='ocr_line' id='line_1_57' title="bbox 1371 2660 1404 2686; baseline 0.03 -1"><span class='ocrx_word' id='word_1_307' title='bbox 1371 2660 1404 2686; x_wconf 83' lang='lat'>45</span> 
     </span>
    </p>
   </div>
   <div class='ocr_carea' id='block_1_19' title="bbox 1508 496 2280 578">
    <p class='ocr_par' dir='ltr' id='par_1_20' title="bbox 1508 496 2280 578">
     <span class='ocr_line' id='line_1_58' title="bbox 1508 496 2280 540; baseline 0.005 -15"><span class='ocrx_word' id='word_1_308' title='bbox 1508 496 1580 536; x_wconf 81' lang='lat' dir='ltr'>(Fol.</span> <span class='ocrx_word' id='word_1_309' title='bbox 1615 496 1662 537; x_wconf 84' lang='lat'>12)</span> <span class='ocrx_word' id='word_1_310' title='bbox 1693 497 1784 527; x_wconf 87' lang='lat' dir='ltr'>Acta</span> <span class='ocrx_word' id='word_1_311' title='bbox 1810 499 2073 537; x_wconf 88' lang='lat' dir='ltr'>procuratorie</span> <span class='ocrx_word' id='word_1_312' title='bbox 2106 499 2280 540; x_wconf 80' lang='lat' dir='ltr'>magistri</span> 
     </span>
     <span class='ocr_line' id='line_1_59' title="bbox 1671 545 2103 578; baseline 0.005 -2"><span class='ocrx_word' id='word_1_313' title='bbox 1671 545 1851 577; x_wconf 85' lang='lat' dir='ltr'>Johannis</span> <span class='ocrx_word' id='word_1_314' title='bbox 1876 548 1918 577; x_wconf 90' lang='lat' dir='ltr'>de</span> <span class='ocrx_word' id='word_1_315' title='bbox 1948 547 2064 578; x_wconf 88' lang='lat' dir='ltr'>Venlo</span> <span class='ocrx_word' id='word_1_316' title='bbox 2079 546 2103 578; x_wconf 77' lang='lat'>⁸.</span> 
     </span>
    </p>
   </div>
   <div class='ocr_carea' id='block_1_20' title="bbox 1442 643 2354 2827">
    <p class='ocr_par' dir='ltr' id='par_1_21' title="bbox 1443 643 2352 929">
     <span class='ocr_line' id='line_1_60' title="bbox 1483 643 2352 682; baseline 0.005 -10"><span class='ocrx_word' id='word_1_317' title='bbox 1483 643 1575 672; x_wconf 91' lang='lat' dir='ltr'>Anno</span> <span class='ocrx_word' id='word_1_318' title='bbox 1595 644 1719 674; x_wconf 87' lang='lat' dir='ltr'>Domini</span> <span class='ocrx_word' id='word_1_319' title='bbox 1739 644 1784 674; x_wconf 90' lang='lat' dir='ltr'>M⁰</span> <span class='ocrx_word' id='word_1_320' title='bbox 1805 645 1901 675; x_wconf 82' lang='lat' dir='ltr'>CCC⁰</span> <span class='ocrx_word' id='word_1_321' title='bbox 1918 645 2010 682; x_wconf 90' lang='lat' dir='ltr'>LXX,</span> <span class='ocrx_word' id='word_1_322' title='bbox 2032 645 2150 675; x_wconf 87' lang='lat' dir='ltr'>decima</span> <span class='ocrx_word' id='word_1_323' title='bbox 2167 646 2217 676; x_wconf 88' lang='lat' dir='ltr'>die</span> <span class='ocrx_word' id='word_1_324' title='bbox 2231 646 2352 677; x_wconf 74' lang='lat' dir='ltr'>mensis</span> 
     </span>
     <span class='ocr_line' id='line_1_61' title="bbox 1445 691 2349 735; baseline 0.004 -14"><span class='ocrx_word' id='word_1_325' title='bbox 1445 691 1617 728; x_wconf 87' lang='lat' dir='ltr'>Februarii,</span> <span class='ocrx_word' id='word_1_326' title='bbox 1636 692 1712 723; x_wconf 88' lang='lat' dir='ltr'>hora</span> <span class='ocrx_word' id='word_1_327' title='bbox 1720 693 1832 733; x_wconf 85' lang='lat' dir='ltr'>prime,</span> <span class='ocrx_word' id='word_1_328' title='bbox 1849 695 1927 724; x_wconf 81' lang='lat' dir='ltr'>facta</span> <span class='ocrx_word' id='word_1_329' title='bbox 1946 694 2193 735; x_wconf 82' lang='lat' dir='ltr'>congregacione</span> <span class='ocrx_word' id='word_1_330' title='bbox 2208 694 2349 725; x_wconf 79' lang='lat' dir='ltr'>nacionis</span> 
     </span>
     <span class='ocr_line' id='line_1_62' title="bbox 1443 740 2348 783; baseline 0.006 -14"><span class='ocrx_word' id='word_1_331' title='bbox 1443 740 1615 780; x_wconf 83' lang='lat' dir='ltr'>Anglicane</span> <span class='ocrx_word' id='word_1_332' title='bbox 1632 742 1670 771; x_wconf 87' lang='lat' dir='ltr'>ad</span> <span class='ocrx_word' id='word_1_333' title='bbox 1683 742 1858 782; x_wconf 84' lang='lat' dir='ltr'>eligendum</span> <span class='ocrx_word' id='word_1_334' title='bbox 1872 749 2105 783; x_wconf 85' lang='lat' dir='ltr'>procuratorem</span> <span class='ocrx_word' id='word_1_335' title='bbox 2119 749 2149 774; x_wconf 86' lang='lat' dir='ltr'>et</span> <span class='ocrx_word' id='word_1_336' title='bbox 2162 744 2348 774; x_wconf 83' lang='lat' dir='ltr'>audiendum</span> 
     </span>
     <span class='ocr_line' id='line_1_63' title="bbox 1445 791 2352 832; baseline 0.006 -14"><span class='ocrx_word' id='word_1_337' title='bbox 1445 796 1619 829; x_wconf 90' lang='lat' dir='ltr'>computum</span> <span class='ocrx_word' id='word_1_338' title='bbox 1638 791 1754 820; x_wconf 88' lang='lat' dir='ltr'>domini</span> <span class='ocrx_word' id='word_1_339' title='bbox 1774 792 1963 832; x_wconf 72' lang='lat' dir='ltr'>receptor-is,</span> <span class='ocrx_word' id='word_1_340' title='bbox 1984 792 2100 822; x_wconf 88' lang='lat' dir='ltr'>electus</span> <span class='ocrx_word' id='word_1_341' title='bbox 2120 792 2176 822; x_wconf 81' lang='lat' dir='ltr'>fuit</span> <span class='ocrx_word' id='word_1_342' title='bbox 2193 791 2352 822; x_wconf 85' lang='lat' dir='ltr'>unanimi·</span> 
     </span>
     <span class='ocr_line' id='line_1_64' title="bbox 1444 839 2352 882; baseline 0.004 -15"><span class='ocrx_word' id='word_1_343' title='bbox 1444 844 1492 867; x_wconf 89' lang='lat' dir='ltr'>ter</span> <span class='ocrx_word' id='word_1_344' title='bbox 1508 839 1655 878; x_wconf 89' lang='lat' dir='ltr'>magister</span> <span class='ocrx_word' id='word_1_345' title='bbox 1671 839 1827 870; x_wconf 80' lang='lat' dir='ltr'>Johannes</span> <span class='ocrx_word' id='word_1_346' title='bbox 1844 840 1953 871; x_wconf 89' lang='lat' dir='ltr'>Venlo.</span> <span class='ocrx_word' id='word_1_347' title='bbox 1973 841 2008 870; x_wconf 92' lang='lat' dir='ltr'>In</span> <span class='ocrx_word' id='word_1_348' title='bbox 2025 840 2112 881; x_wconf 86' lang='lat' dir='ltr'>cujus</span> <span class='ocrx_word' id='word_1_349' title='bbox 2124 841 2352 882; x_wconf 79' lang='lat' dir='ltr'>procul-acione</span> 
     </span>
     <span class='ocr_line' id='line_1_65' title="bbox 1444 887 1991 929; baseline 0.007 -13"><span class='ocrx_word' id='word_1_350' title='bbox 1444 893 1512 916; x_wconf 89' lang='lat' dir='ltr'>acta</span> <span class='ocrx_word' id='word_1_351' title='bbox 1526 887 1649 917; x_wconf 86' lang='lat' dir='ltr'>fuerunt</span> <span class='ocrx_word' id='word_1_352' title='bbox 1661 888 1718 918; x_wconf 90' lang='lat' dir='ltr'>hec</span> <span class='ocrx_word' id='word_1_353' title='bbox 1734 899 1793 928; x_wconf 89' lang='lat' dir='ltr'>que</span> <span class='ocrx_word' id='word_1_354' title='bbox 1809 896 1991 929; x_wconf 89' lang='lat' dir='ltr'>sequuntur.</span> 
     </span>
    </p>

    <p class='ocr_par' dir='ltr' id='par_1_22' title="bbox 1445 936 2353 1174">
     <span class='ocr_line' id='line_1_66' title="bbox 1485 936 2350 969; baseline 0.005 -4"><span class='ocrx_word' id='word_1_355' title='bbox 1485 936 1590 966; x_wconf 88' lang='lat' dir='ltr'>Primo</span> <span class='ocrx_word' id='word_1_356' title='bbox 1610 937 1641 966; x_wconf 91' lang='lat' dir='ltr'>in</span> <span class='ocrx_word' id='word_1_357' title='bbox 1659 938 1764 967; x_wconf 88' lang='lat' dir='ltr'>eadem</span> <span class='ocrx_word' id='word_1_358' title='bbox 1787 938 1837 967; x_wconf 91' lang='lat' dir='ltr'>die</span> <span class='ocrx_word' id='word_1_359' title='bbox 1856 938 2031 969; x_wconf 67' lang='lat' dir='ltr'>antedicta*</span> <span class='ocrx_word' id='word_1_360' title='bbox 2056 939 2238 969; x_wconf 82' lang='lat' dir='ltr'>deliberavit</span> <span class='ocrx_word' id='word_1_361' title='bbox 2259 938 2350 969; x_wconf 84' lang='lat' dir='ltr'>nacio</span> 
     </span>
     <span class='ocr_line' id='line_1_67' title="bbox 1446 985 2348 1018; baseline 0.002 -4"><span class='ocrx_word' id='word_1_362' title='bbox 1446 985 1642 1015; x_wconf 89' lang='lat' dir='ltr'>concorditer</span> <span class='ocrx_word' id='word_1_363' title='bbox 1665 986 1703 1015; x_wconf 92' lang='lat' dir='ltr'>ad</span> <span class='ocrx_word' id='word_1_364' title='bbox 1729 986 1903 1017; x_wconf 89' lang='lat' dir='ltr'>intrandum</span> <span class='ocrx_word' id='word_1_365' title='bbox 1933 989 2090 1018; x_wconf 84' lang='lat' dir='ltr'>tabernam</span> <span class='ocrx_word' id='word_1_366' title='bbox 2114 990 2158 1017; x_wconf 74' lang='lat' dir='ltr'>aa</span> <span class='ocrx_word' id='word_1_367' title='bbox 2186 990 2348 1018; x_wconf 76' lang='lat' dir='ltr'>Castellum</span> 
     </span>
     <span class='ocr_line' id='line_1_68' title="bbox 1445 1031 2347 1074; baseline 0.004 -13"><span class='ocrx_word' id='word_1_368' title='bbox 1445 1031 1477 1061; x_wconf 92' lang='lat' dir='ltr'>in</span> <span class='ocrx_word' id='word_1_369' title='bbox 1510 1033 1644 1069; x_wconf 84' lang='lat' dir='ltr'>civitate,</span> <span class='ocrx_word' id='word_1_370' title='bbox 1675 1039 1704 1062; x_wconf 91' lang='lat' dir='ltr'>et</span> <span class='ocrx_word' id='word_1_371' title='bbox 1735 1035 1927 1074; x_wconf 84' lang='lat' dir='ltr'>consumpsit</span> <span class='ocrx_word' id='word_1_372' title='bbox 1955 1035 2070 1065; x_wconf 88' lang='lat' dir='ltr'>ibidem</span> <span class='ocrx_word' id='word_1_373' title='bbox 2101 1035 2179 1065; x_wconf 85' lang='lat' dir='ltr'>duos</span> <span class='ocrx_word' id='word_1_374' title='bbox 2212 1036 2347 1071; x_wconf 78' lang='lat' dir='ltr'>francos,</span> 
     </span>
     <span class='ocr_line' id='line_1_69' title="bbox 1446 1082 2353 1125; baseline 0.004 -15"><span class='ocrx_word' id='word_1_375' title='bbox 1446 1091 1524 1120; x_wconf 92' lang='lat' dir='ltr'>quos</span> <span class='ocrx_word' id='word_1_376' title='bbox 1545 1082 1704 1121; x_wconf 87' lang='lat' dir='ltr'>predictus</span> <span class='ocrx_word' id='word_1_377' title='bbox 1732 1083 1880 1123; x_wconf 88' lang='lat' dir='ltr'>magister</span> <span class='ocrx_word' id='word_1_378' title='bbox 1910 1083 2066 1114; x_wconf 84' lang='lat' dir='ltr'>Johannes</span> <span class='ocrx_word' id='word_1_379' title='bbox 2089 1085 2127 1114; x_wconf 92' lang='lat' dir='ltr'>de</span> <span class='ocrx_word' id='word_1_380' title='bbox 2151 1083 2248 1114; x_wconf 88' lang='lat' dir='ltr'>Venlo</span> <span class='ocrx_word' id='word_1_381' title='bbox 2274 1094 2353 1125; x_wconf 86' lang='lat' dir='ltr'>per-</span> 
     </span>
     <span class='ocr_line' id='line_1_70' title="bbox 1446 1131 2346 1174; baseline 0.004 -15"><span class='ocrx_word' id='word_1_382' title='bbox 1446 1131 1548 1166; x_wconf 80' lang='lat' dir='ltr'>solvit,</span> <span class='ocrx_word' id='word_1_383' title='bbox 1560 1131 1605 1161; x_wconf 88' lang='lat' dir='ltr'>sic</span> <span class='ocrx_word' id='word_1_384' title='bbox 1614 1132 1697 1171; x_wconf 90' lang='lat' dir='ltr'>quod</span> <span class='ocrx_word' id='word_1_385' title='bbox 1706 1132 1794 1162; x_wconf 88' lang='lat' dir='ltr'>nacio</span> <span class='ocrx_word' id='word_1_386' title='bbox 1803 1142 1860 1172; x_wconf 91' lang='lat' dir='ltr'>pro</span> <span class='ocrx_word' id='word_1_387' title='bbox 1868 1133 1922 1162; x_wconf 89' lang='lat' dir='ltr'>illo</span> <span class='ocrx_word' id='word_1_388' title='bbox 1932 1139 2005 1163; x_wconf 87' lang='lat' dir='ltr'>tunc</span> <span class='ocrx_word' id='word_1_389' title='bbox 2012 1134 2045 1163; x_wconf 87' lang='lat' dir='ltr'>in</span> <span class='ocrx_word' id='word_1_390' title='bbox 2054 1133 2140 1163; x_wconf 91' lang='lat' dir='ltr'>nullo</span> <span class='ocrx_word' id='word_1_391' title='bbox 2151 1133 2346 1174; x_wconf 78' lang='lat' dir='ltr'>gravabatur.</span> 
     </span>
    </p>

    <p class='ocr_par' dir='ltr' id='par_1_23' title="bbox 1444 1180 2348 1310">
     <span class='ocr_line' id='line_1_71' title="bbox 1486 1180 2348 1223; baseline 0.003 -14"><span class='ocrx_word' id='word_1_392' title='bbox 1486 1180 1561 1210; x_wconf 91' lang='lat' dir='ltr'>Item</span> <span class='ocrx_word' id='word_1_393' title='bbox 1588 1180 1636 1210; x_wconf 93' lang='lat' dir='ltr'>die</span> <span class='ocrx_word' id='word_1_394' title='bbox 1657 1181 1811 1210; x_wconf 89' lang='lat' dir='ltr'>antedicto</span> <span class='ocrx_word' id='word_1_395' title='bbox 1831 1181 1863 1211; x_wconf 92' lang='lat' dir='ltr'>in</span> <span class='ocrx_word' id='word_1_396' title='bbox 1887 1183 2134 1223; x_wconf 81' lang='lat' dir='ltr'>congregacione</span> <span class='ocrx_word' id='word_1_397' title='bbox 2158 1182 2348 1222; x_wconf 88' lang='lat' dir='ltr'>computavit</span> 
     </span>
     <span class='ocr_line' id='line_1_72' title="bbox 1445 1229 2348 1270; baseline 0.001 -12"><span class='ocrx_word' id='word_1_398' title='bbox 1445 1229 1588 1259; x_wconf 90' lang='lat' dir='ltr'>dominus</span> <span class='ocrx_word' id='word_1_399' title='bbox 1617 1236 1760 1270; x_wconf 90' lang='lat' dir='ltr'>receptor</span> <span class='ocrx_word' id='word_1_400' title='bbox 1790 1237 1897 1261; x_wconf 87' lang='lat' dir='ltr'>nostre</span> <span class='ocrx_word' id='word_1_401' title='bbox 1925 1231 2074 1267; x_wconf 86' lang='lat' dir='ltr'>nacionis,</span> <span class='ocrx_word' id='word_1_402' title='bbox 2101 1237 2131 1261; x_wconf 91' lang='lat' dir='ltr'>et</span> <span class='ocrx_word' id='word_1_403' title='bbox 2151 1230 2263 1260; x_wconf 86' lang='lat' dir='ltr'>mansit</span> <span class='ocrx_word' id='word_1_404' title='bbox 2287 1230 2348 1260; x_wconf 88' lang='lat' dir='ltr'>sibi</span> 
     </span>
     <span class='ocr_line' id='line_1_73' title="bbox 1444 1278 2192 1310; baseline 0.003 -3"><span class='ocrx_word' id='word_1_405' title='bbox 1444 1278 1533 1307; x_wconf 90' lang='lat' dir='ltr'>nacio</span> <span class='ocrx_word' id='word_1_406' title='bbox 1549 1279 1665 1308; x_wconf 85' lang='lat' dir='ltr'>debens</span> <span class='ocrx_word' id='word_1_407' title='bbox 1680 1279 1712 1308; x_wconf 89' lang='lat' dir='ltr'>in</span> <span class='ocrx_word' id='word_1_408' title='bbox 1726 1278 1795 1308; x_wconf 90' lang='lat' dir='ltr'>XLI</span> <span class='ocrx_word' id='word_1_409' title='bbox 1816 1280 1926 1309; x_wconf 88' lang='lat' dir='ltr'>solidis</span> <span class='ocrx_word' id='word_1_410' title='bbox 1942 1286 1972 1310; x_wconf 91' lang='lat' dir='ltr'>et</span> <span class='ocrx_word' id='word_1_411' title='bbox 1988 1280 2031 1310; x_wconf 92' lang='lat' dir='ltr'>IX</span> <span class='ocrx_word' id='word_1_412' title='bbox 2046 1280 2192 1309; x_wconf 87' lang='lat' dir='ltr'>denariis.</span> 
     </span>
    </p>

    <p class='ocr_par' dir='ltr' id='par_1_24' title="bbox 1443 1327 2353 1456">
     <span class='ocr_line' id='line_1_74' title="bbox 1485 1327 2353 1367; baseline 0.002 -11"><span class='ocrx_word' id='word_1_413' title='bbox 1485 1327 1560 1356; x_wconf 90' lang='lat' dir='ltr'>Item</span> <span class='ocrx_word' id='word_1_414' title='bbox 1584 1328 1700 1367; x_wconf 87' lang='lat' dir='ltr'>incepit</span> <span class='ocrx_word' id='word_1_415' title='bbox 1728 1328 1871 1358; x_wconf 89' lang='lat' dir='ltr'>dominus</span> <span class='ocrx_word' id='word_1_416' title='bbox 1901 1329 2058 1358; x_wconf 72' lang='lat' dir='ltr'>lohannes</span> <span class='ocrx_word' id='word_1_417' title='bbox 2088 1329 2126 1358; x_wconf 92' lang='lat' dir='ltr'>de</span> <span class='ocrx_word' id='word_1_418' title='bbox 2155 1329 2263 1358; x_wconf 85' lang='lat' dir='ltr'>Duren</span> <span class='ocrx_word' id='word_1_419' title='bbox 2290 1329 2353 1358; x_wconf 80' lang='lat' dir='ltr'>sub</span> 
     </span>
     <span class='ocr_line' id='line_1_75' title="bbox 1444 1376 2350 1418; baseline 0.002 -13"><span class='ocrx_word' id='word_1_420' title='bbox 1444 1377 1592 1416; x_wconf 84' lang='lat' dir='ltr'>magistro</span> <span class='ocrx_word' id='word_1_421' title='bbox 1621 1376 1782 1406; x_wconf 77' lang='lat' dir='ltr'>Johanne⁵</span> <span class='ocrx_word' id='word_1_422' title='bbox 1808 1384 1932 1407; x_wconf 88' lang='lat' dir='ltr'>cantore</span> <span class='ocrx_word' id='word_1_423' title='bbox 1961 1377 2114 1418; x_wconf 85' lang='lat' dir='ltr'>Aquensi,</span> <span class='ocrx_word' id='word_1_424' title='bbox 2139 1377 2226 1418; x_wconf 87' lang='lat' dir='ltr'>cujus</span> <span class='ocrx_word' id='word_1_425' title='bbox 2255 1378 2350 1408; x_wconf 84' lang='lat' dir='ltr'>bursa</span> 
     </span>
     <span class='ocr_line' id='line_1_76' title="bbox 1443 1425 1880 1456; baseline 0.005 -2"><span class='ocrx_word' id='word_1_426' title='bbox 1443 1425 1501 1454; x_wconf 89' lang='lat' dir='ltr'>XII</span> <span class='ocrx_word' id='word_1_427' title='bbox 1517 1425 1609 1454; x_wconf 91' lang='lat' dir='ltr'>solidi</span> <span class='ocrx_word' id='word_1_428' title='bbox 1626 1432 1656 1455; x_wconf 90' lang='lat' dir='ltr'>et</span> <span class='ocrx_word' id='word_1_429' title='bbox 1673 1425 1733 1455; x_wconf 87' lang='lat'><em>1111</em></span> <span class='ocrx_word' id='word_1_430' title='bbox 1749 1426 1880 1456; x_wconf 86' lang='lat' dir='ltr'>denarii.</span> 
     </span>
    </p>

    <p class='ocr_par' dir='ltr' id='par_1_25' title="bbox 1443 1474 2354 1956">
     <span class='ocr_line' id='line_1_77' title="bbox 1485 1474 2352 1516; baseline 0.001 -12"><span class='ocrx_word' id='word_1_431' title='bbox 1485 1474 1560 1504; x_wconf 88' lang='lat' dir='ltr'>Item</span> <span class='ocrx_word' id='word_1_432' title='bbox 1579 1481 1688 1514; x_wconf 81' lang='lat' dir='ltr'>quarta</span> <span class='ocrx_word' id='word_1_433' title='bbox 1705 1475 1754 1504; x_wconf 90' lang='lat' dir='ltr'>die</span> <span class='ocrx_word' id='word_1_434' title='bbox 1777 1474 1887 1505; x_wconf 89' lang='lat' dir='ltr'>Marcii</span> <span class='ocrx_word' id='word_1_435' title='bbox 1905 1476 1983 1505; x_wconf 85' lang='lat' dir='ltr'>sacta</span> <span class='ocrx_word' id='word_1_436' title='bbox 1999 1476 2244 1516; x_wconf 84' lang='lat' dir='ltr'>congregacione</span> <span class='ocrx_word' id='word_1_437' title='bbox 2266 1476 2352 1515; x_wconf 86' lang='lat' dir='ltr'>apud</span> 
     </span>
     <span class='ocr_line' id='line_1_78' title="bbox 1445 1523 2348 1564; baseline 0.002 -12"><span class='ocrx_word' id='word_1_438' title='bbox 1445 1523 1588 1553; x_wconf 90' lang='lat' dir='ltr'>Sanctum</span> <span class='ocrx_word' id='word_1_439' title='bbox 1625 1524 1778 1553; x_wconf 91' lang='lat' dir='ltr'>Julianum</span> <span class='ocrx_word' id='word_1_440' title='bbox 1814 1534 1981 1564; x_wconf 85' lang='lat' dir='ltr'>pauperem</span> <span class='ocrx_word' id='word_1_441' title='bbox 2022 1526 2060 1554; x_wconf 89' lang='lat' dir='ltr'>ad</span> <span class='ocrx_word' id='word_1_442' title='bbox 2100 1525 2348 1564; x_wconf 85' lang='lat' dir='ltr'>supplicandum,</span> 
     </span>
     <span class='ocr_line' id='line_1_79' title="bbox 1443 1573 2353 1613; baseline 0.002 -12"><span class='ocrx_word' id='word_1_443' title='bbox 1443 1573 1649 1602; x_wconf 86' lang='lat' dir='ltr'>ordinandum</span> <span class='ocrx_word' id='word_1_444' title='bbox 1677 1573 1714 1602; x_wconf 93' lang='lat' dir='ltr'>de</span> <span class='ocrx_word' id='word_1_445' title='bbox 1739 1574 1870 1613; x_wconf 85' lang='lat' dir='ltr'>pecunia</span> <span class='ocrx_word' id='word_1_446' title='bbox 1892 1574 2044 1610; x_wconf 89' lang='lat' dir='ltr'>nacionis,</span> <span class='ocrx_word' id='word_1_447' title='bbox 2072 1573 2274 1604; x_wconf 86' lang='lat' dir='ltr'>deliberatum</span> <span class='ocrx_word' id='word_1_448' title='bbox 2293 1573 2353 1603; x_wconf 79' lang='lat' dir='ltr'>fuit</span> 
     </span>
     <span class='ocr_line' id='line_1_80' title="bbox 1445 1621 2351 1662; baseline 0.002 -12"><span class='ocrx_word' id='word_1_449' title='bbox 1445 1622 1650 1658; x_wconf 87' lang='lat' dir='ltr'>concorditer,</span> <span class='ocrx_word' id='word_1_450' title='bbox 1677 1629 1826 1662; x_wconf 90' lang='lat' dir='ltr'>quatenus</span> <span class='ocrx_word' id='word_1_451' title='bbox 1844 1623 1871 1652; x_wconf 86' lang='lat' dir='ltr'>si</span> <span class='ocrx_word' id='word_1_452' title='bbox 1886 1623 2020 1662; x_wconf 87' lang='lat' dir='ltr'>pignora</span> <span class='ocrx_word' id='word_1_453' title='bbox 2035 1629 2220 1662; x_wconf 84' lang='lat' dir='ltr'>caperentur</span> <span class='ocrx_word' id='word_1_454' title='bbox 2237 1623 2275 1652; x_wconf 86' lang='lat' dir='ltr'>ab</span> <span class='ocrx_word' id='word_1_455' title='bbox 2290 1621 2351 1652; x_wconf 84' lang='lat' dir='ltr'>ali-</span> 
     </span>
     <span class='ocr_line' id='line_1_81' title="bbox 1444 1671 2348 1711; baseline 0.001 -11"><span class='ocrx_word' id='word_1_456' title='bbox 1444 1671 1557 1710; x_wconf 90' lang='lat' dir='ltr'>quibus</span> <span class='ocrx_word' id='word_1_457' title='bbox 1571 1671 1753 1701; x_wconf 88' lang='lat' dir='ltr'>dilacionem</span> <span class='ocrx_word' id='word_1_458' title='bbox 1769 1672 1958 1711; x_wconf 91' lang='lat' dir='ltr'>petentibus,</span> <span class='ocrx_word' id='word_1_459' title='bbox 1973 1671 2045 1702; x_wconf 88' lang='lat' dir='ltr'>talia</span> <span class='ocrx_word' id='word_1_460' title='bbox 2063 1673 2213 1701; x_wconf 90' lang='lat' dir='ltr'>deberent</span> <span class='ocrx_word' id='word_1_461' title='bbox 2228 1672 2296 1711; x_wconf 87' lang='lat' dir='ltr'>capi</span> <span class='ocrx_word' id='word_1_462' title='bbox 2308 1672 2348 1701; x_wconf 80' lang='lat' dir='ltr'>ad</span> 
     </span>
     <span class='ocr_line' id='line_1_82' title="bbox 1443 1720 2354 1760; baseline 0.002 -12"><span class='ocrx_word' id='word_1_463' title='bbox 1443 1720 1632 1749; x_wconf 87' lang='lat' dir='ltr'>taxacionem</span> <span class='ocrx_word' id='word_1_464' title='bbox 1646 1720 1776 1756; x_wconf 90' lang='lat' dir='ltr'>librarii,</span> <span class='ocrx_word' id='word_1_465' title='bbox 1794 1721 1838 1750; x_wconf 89' lang='lat' dir='ltr'>sic</span> <span class='ocrx_word' id='word_1_466' title='bbox 1855 1722 1938 1760; x_wconf 84' lang='lat' dir='ltr'>quod</span> <span class='ocrx_word' id='word_1_467' title='bbox 1953 1721 1980 1750; x_wconf 91' lang='lat' dir='ltr'>si</span> <span class='ocrx_word' id='word_1_468' title='bbox 1996 1721 2076 1750; x_wconf 88' lang='lat' dir='ltr'>infra</span> <span class='ocrx_word' id='word_1_469' title='bbox 2091 1721 2256 1750; x_wconf 89' lang='lat' dir='ltr'>terminum</span> <span class='ocrx_word' id='word_1_470' title='bbox 2268 1720 2354 1760; x_wconf 74' lang='lat' dir='ltr'>ipsis</span> 
     </span>
     <span class='ocr_line' id='line_1_83' title="bbox 1444 1769 2349 1809; baseline 0.001 -11"><span class='ocrx_word' id='word_1_471' title='bbox 1444 1779 1625 1798; x_wconf 92' lang='lat' dir='ltr'>concessum</span> <span class='ocrx_word' id='word_1_472' title='bbox 1643 1769 1774 1809; x_wconf 85' lang='lat' dir='ltr'>pignora</span> <span class='ocrx_word' id='word_1_473' title='bbox 1792 1779 1854 1799; x_wconf 89' lang='lat' dir='ltr'>non</span> <span class='ocrx_word' id='word_1_474' title='bbox 1872 1769 2070 1805; x_wconf 88' lang='lat' dir='ltr'>redimerent,</span> <span class='ocrx_word' id='word_1_475' title='bbox 2089 1780 2126 1799; x_wconf 86' lang='lat' dir='ltr'>ex</span> <span class='ocrx_word' id='word_1_476' title='bbox 2144 1775 2217 1799; x_wconf 89' lang='lat' dir='ltr'>tunc</span> <span class='ocrx_word' id='word_1_477' title='bbox 2229 1769 2349 1799; x_wconf 83' lang='lat' dir='ltr'>librarii</span> 
     </span>
     <span class='ocr_line' id='line_1_84' title="bbox 1445 1818 2346 1859; baseline 0.001 -12"><span class='ocrx_word' id='word_1_478' title='bbox 1445 1818 1554 1847; x_wconf 89' lang='lat' dir='ltr'>darent</span> <span class='ocrx_word' id='word_1_479' title='bbox 1563 1819 1722 1857; x_wconf 88' lang='lat' dir='ltr'>pecuniam</span> <span class='ocrx_word' id='word_1_480' title='bbox 1736 1820 1773 1848; x_wconf 88' lang='lat' dir='ltr'>ab</span> <span class='ocrx_word' id='word_1_481' title='bbox 1789 1819 1867 1858; x_wconf 86' lang='lat' dir='ltr'>ipsis</span> <span class='ocrx_word' id='word_1_482' title='bbox 1881 1825 2070 1859; x_wconf 84' lang='lat' dir='ltr'>pretaxatam</span> <span class='ocrx_word' id='word_1_483' title='bbox 2081 1829 2138 1858; x_wconf 89' lang='lat' dir='ltr'>pro</span> <span class='ocrx_word' id='word_1_484' title='bbox 2148 1818 2346 1858; x_wconf 83' lang='lat' dir='ltr'>pignoribus,</span> 
     </span>
     <span class='ocr_line' id='line_1_85' title="bbox 1444 1867 2349 1908; baseline 0.003 -13"><span class='ocrx_word' id='word_1_485' title='bbox 1444 1867 1493 1896; x_wconf 87' lang='lat' dir='ltr'>vel</span> <span class='ocrx_word' id='word_1_486' title='bbox 1515 1867 1602 1896; x_wconf 87' lang='lat' dir='ltr'>alteri</span> <span class='ocrx_word' id='word_1_487' title='bbox 1626 1868 1718 1897; x_wconf 90' lang='lat' dir='ltr'>vendi</span> <span class='ocrx_word' id='word_1_488' title='bbox 1743 1868 1911 1908; x_wconf 88' lang='lat' dir='ltr'>potuerint,</span> <span class='ocrx_word' id='word_1_489' title='bbox 1937 1868 2106 1898; x_wconf 89' lang='lat' dir='ltr'>secundum</span> <span class='ocrx_word' id='word_1_490' title='bbox 2131 1868 2215 1908; x_wconf 91' lang='lat' dir='ltr'>quod</span> <span class='ocrx_word' id='word_1_491' title='bbox 2237 1867 2349 1898; x_wconf 78' lang='lat' dir='ltr'>melius</span> 
     </span>
     <span class='ocr_line' id='line_1_86' title="bbox 1443 1916 1767 1956; baseline 0.003 -11"><span class='ocrx_word' id='word_1_492' title='bbox 1443 1916 1598 1946; x_wconf 87' lang='lat' dir='ltr'>videbitur</span> <span class='ocrx_word' id='word_1_493' title='bbox 1610 1917 1767 1956; x_wconf 90' lang='lat' dir='ltr'>expedire.</span> 
     </span>
    </p>

    <p class='ocr_par' dir='ltr' id='par_1_26' title="bbox 1444 1964 2354 2152">
     <span class='ocr_line' id='line_1_87' title="bbox 1485 1964 2344 2005; baseline 0 -10"><span class='ocrx_word' id='word_1_494' title='bbox 1485 1965 1675 2005; x_wconf 83' lang='lat' dir='ltr'>Supplicavit</span> <span class='ocrx_word' id='word_1_495' title='bbox 1689 1966 1784 1995; x_wconf 86' lang='lat' dir='ltr'>eciam</span> <span class='ocrx_word' id='word_1_496' title='bbox 1794 1966 1809 1995; x_wconf 84' lang='lat' dir='ltr'>J</span> <span class='ocrx_word' id='word_1_497' title='bbox 1813 1965 1950 1995; x_wconf 90' lang='lat' dir='ltr'>ohannes</span> <span class='ocrx_word' id='word_1_498' title='bbox 1965 1965 2107 1995; x_wconf 91' lang='lat' dir='ltr'>bedellus</span> <span class='ocrx_word' id='word_1_499' title='bbox 2117 1971 2225 1995; x_wconf 88' lang='lat' dir='ltr'>noster</span> <span class='ocrx_word' id='word_1_500' title='bbox 2235 1964 2344 2005; x_wconf 80' lang='lat' dir='ltr'>major,</span> 
     </span>
     <span class='ocr_line' id='line_1_88' title="bbox 1445 2013 2354 2054; baseline 0 -10"><span class='ocrx_word' id='word_1_501' title='bbox 1445 2013 1576 2053; x_wconf 78' lang='lat' dir='ltr'>qualiter</span> <span class='ocrx_word' id='word_1_502' title='bbox 1605 2015 1643 2044; x_wconf 92' lang='lat' dir='ltr'>de</span> <span class='ocrx_word' id='word_1_503' title='bbox 1666 2015 1798 2054; x_wconf 90' lang='lat' dir='ltr'>pecunia</span> <span class='ocrx_word' id='word_1_504' title='bbox 1816 2015 1876 2044; x_wconf 91' lang='lat' dir='ltr'>sibi</span> <span class='ocrx_word' id='word_1_505' title='bbox 1901 2015 2004 2044; x_wconf 87' lang='lat' dir='ltr'>debita</span> <span class='ocrx_word' id='word_1_506' title='bbox 2029 2025 2047 2044; x_wconf 94' lang='lat' dir='ltr'>a</span> <span class='ocrx_word' id='word_1_507' title='bbox 2073 2014 2354 2044; x_wconf 68' lang='lat' dir='ltr'>determinantibus</span> 
     </span>
     <span class='ocr_line' id='line_1_89' title="bbox 1444 2063 2347 2104; baseline 0 -12"><span class='ocrx_word' id='word_1_508' title='bbox 1444 2063 1520 2092; x_wconf 92' lang='lat' dir='ltr'>nulli</span> <span class='ocrx_word' id='word_1_509' title='bbox 1549 2064 1674 2093; x_wconf 85' lang='lat' dir='ltr'>daretur</span> <span class='ocrx_word' id='word_1_510' title='bbox 1697 2064 1819 2100; x_wconf 87' lang='lat' dir='ltr'>dilacio,</span> <span class='ocrx_word' id='word_1_511' title='bbox 1850 2065 1934 2103; x_wconf 92' lang='lat' dir='ltr'>quod</span> <span class='ocrx_word' id='word_1_512' title='bbox 1961 2064 2144 2104; x_wconf 90' lang='lat' dir='ltr'>simpliciter</span> <span class='ocrx_word' id='word_1_513' title='bbox 2174 2069 2204 2093; x_wconf 92' lang='lat' dir='ltr'>et</span> <span class='ocrx_word' id='word_1_514' title='bbox 2229 2064 2347 2103; x_wconf 85' lang='lat' dir='ltr'>absque</span> 
     </span>
     <span class='ocr_line' id='line_1_90' title="bbox 1444 2112 2227 2152; baseline 0.001 -11"><span class='ocrx_word' id='word_1_515' title='bbox 1444 2112 1569 2152; x_wconf 83' lang='lat' dir='ltr'>aliquali</span> <span class='ocrx_word' id='word_1_516' title='bbox 1585 2113 1827 2142; x_wconf 86' lang='lat' dir='ltr'>contradictione</span> <span class='ocrx_word' id='word_1_517' title='bbox 1845 2113 1903 2142; x_wconf 88' lang='lat' dir='ltr'>sibi</span> <span class='ocrx_word' id='word_1_518' title='bbox 1920 2113 2018 2142; x_wconf 84' lang='lat' dir='ltr'>suerat</span> <span class='ocrx_word' id='word_1_519' title='bbox 2034 2122 2227 2143; x_wconf 83' lang='lat' dir='ltr'>concessum.</span> 
     </span>
    </p>

    <p class='ocr_par' dir='ltr' id='par_1_27' title="bbox 1443 2161 2353 2299">
     <span class='ocr_line' id='line_1_91' title="bbox 1484 2161 2353 2201; baseline 0 -11"><span class='ocrx_word' id='word_1_520' title='bbox 1484 2161 1559 2191; x_wconf 90' lang='lat' dir='ltr'>Item</span> <span class='ocrx_word' id='word_1_521' title='bbox 1588 2162 1803 2191; x_wconf 88' lang='lat' dir='ltr'>determinavit</span> <span class='ocrx_word' id='word_1_522' title='bbox 1823 2162 1965 2191; x_wconf 85' lang='lat' dir='ltr'>dominus</span> <span class='ocrx_word' id='word_1_523' title='bbox 1990 2162 2160 2198; x_wconf 88' lang='lat' dir='ltr'>Gerardus,</span> <span class='ocrx_word' id='word_1_524' title='bbox 2183 2167 2290 2201; x_wconf 85' lang='lat' dir='ltr'>pastor</span> <span class='ocrx_word' id='word_1_525' title='bbox 2316 2161 2353 2190; x_wconf 85' lang='lat' dir='ltr'>in.</span> 
     </span>
     <span class='ocr_line' id='line_1_92' title="bbox 1443 2209 2341 2251; baseline 0.001 -12"><span class='ocrx_word' id='word_1_526' title='bbox 1443 2209 1719 2250; x_wconf 87' lang='lat' dir='ltr'>Wasserbill[ich],</span> <span class='ocrx_word' id='word_1_527' title='bbox 1744 2211 1800 2240; x_wconf 90' lang='lat' dir='ltr'>suh</span> <span class='ocrx_word' id='word_1_528' title='bbox 1829 2211 1978 2251; x_wconf 88' lang='lat' dir='ltr'>magistro</span> <span class='ocrx_word' id='word_1_529' title='bbox 1995 2211 2130 2240; x_wconf 90' lang='lat' dir='ltr'>Henrico</span> <span class='ocrx_word' id='word_1_530' title='bbox 2155 2211 2192 2240; x_wconf 91' lang='lat' dir='ltr'>de</span> <span class='ocrx_word' id='word_1_531' title='bbox 2217 2209 2341 2246; x_wconf 81' lang='lat' dir='ltr'>Hassia‚</span> 
     </span>
     <span class='ocr_line' id='line_1_93' title="bbox 1443 2258 1849 2299; baseline 0.002 -11"><span class='ocrx_word' id='word_1_532' title='bbox 1443 2258 1530 2299; x_wconf 89' lang='lat' dir='ltr'>cujus</span> <span class='ocrx_word' id='word_1_533' title='bbox 1545 2260 1640 2288; x_wconf 86' lang='lat' dir='ltr'>bursa</span> <span class='ocrx_word' id='word_1_534' title='bbox 1653 2259 1726 2289; x_wconf 89' lang='lat' dir='ltr'>VIII</span> <span class='ocrx_word' id='word_1_535' title='bbox 1746 2260 1849 2289; x_wconf 91' lang='lat' dir='ltr'>solidi.</span> 
     </span>
    </p>

    <p class='ocr_par' dir='ltr' id='par_1_28' title="bbox 1443 2307 2353 2397">
     <span class='ocr_line' id='line_1_94' title="bbox 1484 2307 2353 2348; baseline -0.001 -11"><span class='ocrx_word' id='word_1_536' title='bbox 1484 2308 1559 2337; x_wconf 88' lang='lat' dir='ltr'>Item</span> <span class='ocrx_word' id='word_1_537' title='bbox 1574 2308 1788 2338; x_wconf 86' lang='lat' dir='ltr'>determinavit</span> <span class='ocrx_word' id='word_1_538' title='bbox 1802 2308 2013 2338; x_wconf 87' lang='lat' dir='ltr'>Theodericus</span> <span class='ocrx_word' id='word_1_539' title='bbox 2027 2309 2064 2338; x_wconf 88' lang='lat' dir='ltr'>de</span> <span class='ocrx_word' id='word_1_540' title='bbox 2078 2308 2166 2348; x_wconf 85' lang='lat' dir='ltr'>Eyke</span> <span class='ocrx_word' id='word_1_541' title='bbox 2182 2308 2239 2338; x_wconf 91' lang='lat' dir='ltr'>sub</span> <span class='ocrx_word' id='word_1_542' title='bbox 2254 2307 2353 2347; x_wconf 83' lang='lat' dir='ltr'>magi-</span> 
     </span>
     <span class='ocr_line' id='line_1_95' title="bbox 1443 2356 2219 2397; baseline 0.001 -11"><span class='ocrx_word' id='word_1_543' title='bbox 1443 2363 1509 2387; x_wconf 87' lang='lat' dir='ltr'>stro</span> <span class='ocrx_word' id='word_1_544' title='bbox 1525 2357 1693 2387; x_wconf 93' lang='lat' dir='ltr'>Wilhelmo</span> <span class='ocrx_word' id='word_1_545' title='bbox 1708 2357 1884 2397; x_wconf 91' lang='lat' dir='ltr'>Wadenoy,</span> <span class='ocrx_word' id='word_1_546' title='bbox 1901 2357 1988 2397; x_wconf 88' lang='lat' dir='ltr'>cujus</span> <span class='ocrx_word' id='word_1_547' title='bbox 2002 2359 2097 2387; x_wconf 86' lang='lat' dir='ltr'>bursa</span> <span class='ocrx_word' id='word_1_548' title='bbox 2113 2356 2219 2387; x_wconf 89' lang='lat' dir='ltr'>nichil.</span> 
     </span>
    </p>

    <p class='ocr_par' dir='ltr' id='par_1_29' title="bbox 1443 2404 2350 2495">
     <span class='ocr_line' id='line_1_96' title="bbox 1484 2404 2350 2445; baseline -0.001 -10"><span class='ocrx_word' id='word_1_549' title='bbox 1484 2406 1559 2435; x_wconf 89' lang='lat' dir='ltr'>Item</span> <span class='ocrx_word' id='word_1_550' title='bbox 1588 2407 1803 2436; x_wconf 88' lang='lat' dir='ltr'>determinavit</span> <span class='ocrx_word' id='word_1_551' title='bbox 1826 2407 1968 2436; x_wconf 90' lang='lat' dir='ltr'>dominus</span> <span class='ocrx_word' id='word_1_552' title='bbox 1994 2406 2150 2436; x_wconf 84' lang='lat' dir='ltr'>Johannes</span> <span class='ocrx_word' id='word_1_553' title='bbox 2176 2406 2214 2435; x_wconf 93' lang='lat' dir='ltr'>de</span> <span class='ocrx_word' id='word_1_554' title='bbox 2237 2404 2350 2445; x_wconf 84' lang='lat' dir='ltr'>Mysna</span> 
     </span>
     <span class='ocr_line' id='line_1_97' title="bbox 1443 2454 2345 2495; baseline -0.001 -11"><span class='ocrx_word' id='word_1_555' title='bbox 1443 2455 1501 2485; x_wconf 91' lang='lat' dir='ltr'>sub</span> <span class='ocrx_word' id='word_1_556' title='bbox 1519 2455 1668 2495; x_wconf 90' lang='lat' dir='ltr'>magistro</span> <span class='ocrx_word' id='word_1_557' title='bbox 1684 2455 1820 2485; x_wconf 86' lang='lat' dir='ltr'>Henrico</span> <span class='ocrx_word' id='word_1_558' title='bbox 1835 2456 1873 2484; x_wconf 90' lang='lat' dir='ltr'>de</span> <span class='ocrx_word' id='word_1_559' title='bbox 1887 2456 2010 2491; x_wconf 87' lang='lat' dir='ltr'>Hassia,</span> <span class='ocrx_word' id='word_1_560' title='bbox 2030 2454 2116 2494; x_wconf 89' lang='lat' dir='ltr'>cujus</span> <span class='ocrx_word' id='word_1_561' title='bbox 2131 2455 2226 2484; x_wconf 83' lang='lat' dir='ltr'>bursa</span> <span class='ocrx_word' id='word_1_562' title='bbox 2239 2454 2345 2483; x_wconf 88' lang='lat' dir='ltr'>nichil.</span> 
     </span>
    </p>

    <p class='ocr_par' dir='ltr' id='par_1_30' title="bbox 1442 2503 2353 2593">
     <span class='ocr_line' id='line_1_98' title="bbox 1484 2503 2353 2542; baseline -0.001 -9"><span class='ocrx_word' id='word_1_563' title='bbox 1484 2505 1558 2534; x_wconf 91' lang='lat' dir='ltr'>Item</span> <span class='ocrx_word' id='word_1_564' title='bbox 1574 2505 1788 2534; x_wconf 88' lang='lat' dir='ltr'>determinavit</span> <span class='ocrx_word' id='word_1_565' title='bbox 1805 2505 1947 2534; x_wconf 89' lang='lat' dir='ltr'>dominus</span> <span class='ocrx_word' id='word_1_566' title='bbox 1959 2504 2090 2534; x_wconf 88' lang='lat' dir='ltr'>Thomas</span> <span class='ocrx_word' id='word_1_567' title='bbox 2102 2505 2140 2533; x_wconf 91' lang='lat' dir='ltr'>de</span> <span class='ocrx_word' id='word_1_568' title='bbox 2152 2503 2276 2542; x_wconf 90' lang='lat' dir='ltr'>Leyden</span> <span class='ocrx_word' id='word_1_569' title='bbox 2290 2503 2353 2532; x_wconf 89' lang='lat' dir='ltr'>sub-</span> 
     </span>
     <span class='ocr_line' id='line_1_99' title="bbox 1442 2552 2300 2593; baseline -0.001 -11"><span class='ocrx_word' id='word_1_570' title='bbox 1442 2554 1590 2593; x_wconf 85' lang='lat' dir='ltr'>magistro</span> <span class='ocrx_word' id='word_1_571' title='bbox 1605 2553 1743 2583; x_wconf 87' lang='lat' dir='ltr'>Johanne</span> <span class='ocrx_word' id='word_1_572' title='bbox 1761 2554 1934 2588; x_wconf 89' lang='lat' dir='ltr'>Hammers,</span> <span class='ocrx_word' id='word_1_573' title='bbox 1951 2552 2038 2592; x_wconf 90' lang='lat' dir='ltr'>cujus</span> <span class='ocrx_word' id='word_1_574' title='bbox 2052 2553 2146 2582; x_wconf 87' lang='lat' dir='ltr'>bursa</span> <span class='ocrx_word' id='word_1_575' title='bbox 2158 2552 2230 2581; x_wconf 92' lang='lat' dir='ltr'>VIII</span> <span class='ocrx_word' id='word_1_576' title='bbox 2242 2552 2300 2581; x_wconf 89' lang='lat' dir='ltr'>sol.</span> 
     </span>
    </p>

    <p class='ocr_par' dir='ltr' id='par_1_31' title="bbox 1442 2601 2348 2690">
     <span class='ocr_line' id='line_1_100' title="bbox 1484 2601 2348 2632; baseline -0.002 -1"><span class='ocrx_word' id='word_1_577' title='bbox 1484 2603 1558 2631; x_wconf 90' lang='lat' dir='ltr'>Item</span> <span class='ocrx_word' id='word_1_578' title='bbox 1576 2603 1719 2631; x_wconf 86' lang='lat' dir='ltr'>dominus</span> <span class='ocrx_word' id='word_1_579' title='bbox 1737 2602 1926 2632; x_wconf 89' lang='lat' dir='ltr'>Wilhelmus</span> <span class='ocrx_word' id='word_1_580' title='bbox 1944 2602 2113 2631; x_wconf 88' lang='lat' dir='ltr'>Franconis</span> <span class='ocrx_word' id='word_1_581' title='bbox 2134 2601 2348 2630; x_wconf 87' lang='lat' dir='ltr'>determinavit</span> 
     </span>
     <span class='ocr_line' id='line_1_101' title="bbox 1442 2648 2345 2690; baseline -0.001 -11"><span class='ocrx_word' id='word_1_582' title='bbox 1442 2652 1499 2680; x_wconf 91' lang='lat' dir='ltr'>sub</span> <span class='ocrx_word' id='word_1_583' title='bbox 1515 2651 1664 2690; x_wconf 82' lang='lat' dir='ltr'>magistro</span> <span class='ocrx_word' id='word_1_584' title='bbox 1675 2650 1814 2680; x_wconf 88' lang='lat' dir='ltr'>Johanne</span> <span class='ocrx_word' id='word_1_585' title='bbox 1831 2651 2003 2685; x_wconf 87' lang='lat' dir='ltr'>Hammers,</span> <span class='ocrx_word' id='word_1_586' title='bbox 2021 2649 2110 2689; x_wconf 87' lang='lat' dir='ltr'>cujus</span> <span class='ocrx_word' id='word_1_587' title='bbox 2124 2650 2217 2679; x_wconf 89' lang='lat' dir='ltr'>bursa</span> <span class='ocrx_word' id='word_1_588' title='bbox 2232 2648 2304 2678; x_wconf 91' lang='lat' dir='ltr'>VIII</span> <span class='ocrx_word' id='word_1_589' title='bbox 2319 2659 2345 2679; x_wconf 90' lang='lat' dir='ltr'>s.</span> 
     </span>
    </p>

    <p class='ocr_par' dir='ltr' id='par_1_32' title="bbox 1442 2698 2353 2827">
     <span class='ocr_line' id='line_1_102' title="bbox 1483 2698 2348 2729; baseline -0.002 -1"><span class='ocrx_word' id='word_1_590' title='bbox 1483 2699 1558 2728; x_wconf 91' lang='lat' dir='ltr'>Item</span> <span class='ocrx_word' id='word_1_591' title='bbox 1590 2699 1804 2729; x_wconf 83' lang='lat' dir='ltr'>determinavit</span> <span class='ocrx_word' id='word_1_592' title='bbox 1834 2699 1976 2728; x_wconf 87' lang='lat' dir='ltr'>dominus</span> <span class='ocrx_word' id='word_1_593' title='bbox 2002 2699 2158 2728; x_wconf 79' lang='lat' dir='ltr'>Johannes</span> <span class='ocrx_word' id='word_1_594' title='bbox 2191 2698 2280 2727; x_wconf 91' lang='lat' dir='ltr'>Hoen</span> <span class='ocrx_word' id='word_1_595' title='bbox 2309 2699 2348 2727; x_wconf 86' lang='lat' dir='ltr'>de</span> 
     </span>
     <span class='ocr_line' id='line_1_103' title="bbox 1442 2746 2353 2788; baseline -0.001 -11"><span class='ocrx_word' id='word_1_596' title='bbox 1442 2748 1567 2777; x_wconf 88' lang='lat' dir='ltr'>Herlem</span> <span class='ocrx_word' id='word_1_597' title='bbox 1586 2749 1643 2777; x_wconf 92' lang='lat' dir='ltr'>sub</span> <span class='ocrx_word' id='word_1_598' title='bbox 1658 2748 1805 2788; x_wconf 84' lang='lat' dir='ltr'>magistro</span> <span class='ocrx_word' id='word_1_599' title='bbox 1818 2748 1959 2778; x_wconf 85' lang='lat' dir='ltr'>Waltero</span> <span class='ocrx_word' id='word_1_600' title='bbox 1974 2749 2011 2776; x_wconf 88' lang='lat' dir='ltr'>de</span> <span class='ocrx_word' id='word_1_601' title='bbox 2028 2747 2130 2782; x_wconf 90' lang='lat' dir='ltr'>Delfd‚</span> <span class='ocrx_word' id='word_1_602' title='bbox 2151 2746 2237 2786; x_wconf 87' lang='lat' dir='ltr'>cujus</span> <span class='ocrx_word' id='word_1_603' title='bbox 2254 2747 2353 2776; x_wconf 84' lang='lat' dir='ltr'>bursa</span> 
     </span>
     <span class='ocr_line' id='line_1_104' title="bbox 1442 2797 1619 2827; baseline 0.006 -2"><span class='ocrx_word' id='word_1_604' title='bbox 1442 2797 1499 2826; x_wconf 91' lang='lat' dir='ltr'>VII</span> <span class='ocrx_word' id='word_1_605' title='bbox 1514 2797 1619 2827; x_wconf 88' lang='lat' dir='ltr'>solidi.</span> 
     </span>
    </p>
   </div>
   <div class='ocr_carea' id='block_1_21' title="bbox 1471 2877 1837 2936">
    <p class='ocr_par' dir='ltr' id='par_1_33' title="bbox 1471 2877 1837 2936">
     <span class='ocr_line' id='line_1_105' title="bbox 1471 2877 1729 2901; baseline 0.004 -2"><span class='ocrx_word' id='word_1_606' title='bbox 1471 2877 1495 2900; x_wconf 79' lang='lat'>4.</span> <span class='ocrx_word' id='word_1_607' title='bbox 1529 2878 1577 2901; x_wconf 67' lang='lat' dir='ltr'>Ms.</span> <span class='ocrx_word' id='word_1_608' title='bbox 1589 2877 1729 2900; x_wconf 79' lang='lat' dir='ltr'>antedicto.</span> 
     </span>
     <span class='ocr_line' id='line_1_106' title="bbox 1471 2912 1837 2936; baseline 0.003 -1"><span class='ocrx_word' id='word_1_609' title='bbox 1471 2914 1495 2935; x_wconf 82' lang='lat'>5.</span> <span class='ocrx_word' id='word_1_610' title='bbox 1529 2914 1548 2935; x_wconf 93' lang='lat'>1.</span> <span class='ocrx_word' id='word_1_611' title='bbox 1561 2921 1582 2936; x_wconf 81' lang='lat' dir='ltr'>e.</span> <span class='ocrx_word' id='word_1_612' title='bbox 1598 2912 1717 2936; x_wconf 81' lang='lat' dir='ltr'>Johanne</span> <span class='ocrx_word' id='word_1_613' title='bbox 1728 2912 1837 2936; x_wconf 81' lang='lat' dir='ltr'>Beissel.</span> 
     </span>
    </p>
   </div>
   <div class='ocr_carea' id='block_1_22' title="bbox 2610 2898 2632 3464">
    <p class='ocr_par' dir='ltr' id='par_1_34' title="bbox 2610 2898 2632 3464">
     <span class='ocr_line' id='line_1_107' title="bbox 2610 2898 2632 3464; baseline 0 0"><span class='ocrx_word' id='word_1_614' title='bbox 2610 2898 2632 3464; x_wconf 95' lang='lat' dir='ltr'> </span> 
     </span>
    </p>
   </div>
  </div>
 </body>
</html>
