<?xml version="1.0" encoding="UTF-8"?>
<!DOCTYPE html PUBLIC "-//W3C//DTD XHTML 1.0 Transitional//EN"
    "http://www.w3.org/TR/xhtml1/DTD/xhtml1-transitional.dtd">
<html xmlns="http://www.w3.org/1999/xhtml" xml:lang="en" lang="en">
 <head>
  <title>
</title>
<meta http-equiv="Content-Type" content="text/html;charset=utf-8" />
  <meta name='ocr-system' content='tesseract 3.04.00' />
  <meta name='ocr-capabilities' content='ocr_page ocr_carea ocr_par ocr_line ocrx_word'/>
</head>
<body>
  <div class='ocr_page' id='page_1' title='image "auctariumchartul01univuoft_0309.png"; bbox 0 0 2632 3464; ppageno 0'>
   <div class='ocr_carea' id='block_1_1' title="bbox 0 0 1480 424">
    <p class='ocr_par' dir='ltr' id='par_1_1' title="bbox 0 0 1480 424">
     <span class='ocr_line' id='line_1_1' title="bbox 0 0 1480 424; baseline 0 3040"><span class='ocrx_word' id='word_1_1' title='bbox 0 0 1480 424; x_wconf 95' lang='lat' dir='ltr'> </span> 
     </span>
    </p>
   </div>
   <div class='ocr_carea' id='block_1_2' title="bbox 291 435 343 462">
    <p class='ocr_par' dir='ltr' id='par_1_2' title="bbox 291 435 343 462">
     <span class='ocr_line' id='line_1_2' title="bbox 291 435 343 462; baseline 0 0"><span class='ocrx_word' id='word_1_2' title='bbox 291 435 343 462; x_wconf 76' lang='lat'>441</span> 
     </span>
    </p>
   </div>
   <div class='ocr_carea' id='block_1_3' title="bbox 286 510 1203 2160">
    <p class='ocr_par' dir='ltr' id='par_1_3' title="bbox 289 510 1203 933">
     <span class='ocr_line' id='line_1_3' title="bbox 291 510 1203 551; baseline -0.002 -10"><span class='ocrx_word' id='word_1_3' title='bbox 291 511 330 541; x_wconf 88' lang='lat' dir='ltr'>de</span> <span class='ocrx_word' id='word_1_4' title='bbox 354 511 436 546; x_wconf 75' lang='lat' dir='ltr'>Deli,</span> <span class='ocrx_word' id='word_1_5' title='bbox 461 510 667 551; x_wconf 79' lang='lat' dir='ltr'>magister...⁴</span> <span class='ocrx_word' id='word_1_6' title='bbox 693 518 727 541; x_wconf 91' lang='lat' dir='ltr'>ut</span> <span class='ocrx_word' id='word_1_7' title='bbox 743 511 831 541; x_wconf 83' lang='lat' dir='ltr'>naeio</span> <span class='ocrx_word' id='word_1_8' title='bbox 849 511 943 541; x_wconf 89' lang='lat' dir='ltr'>vellet</span> <span class='ocrx_word' id='word_1_9' title='bbox 961 521 1015 540; x_wconf 90' lang='lat' dir='ltr'>eos</span> <span class='ocrx_word' id='word_1_10' title='bbox 1037 510 1153 550; x_wconf 81' lang='lat' dir='ltr'>eligere</span> <span class='ocrx_word' id='word_1_11' title='bbox 1170 510 1203 540; x_wconf 88' lang='lat' dir='ltr'>in</span> 
     </span>
     <span class='ocr_line' id='line_1_4' title="bbox 291 559 1203 590; baseline -0.002 0"><span class='ocrx_word' id='word_1_12' title='bbox 291 560 516 590; x_wconf 77' lang='lat' dir='ltr'>examinatores</span> <span class='ocrx_word' id='word_1_13' title='bbox 524 560 769 590; x_wconf 87' lang='lat' dir='ltr'>hachalariorum</span> <span class='ocrx_word' id='word_1_14' title='bbox 779 560 1041 590; x_wconf 85' lang='lat' dir='ltr'>licenciandorum</span> <span class='ocrx_word' id='word_1_15' title='bbox 1050 559 1082 588; x_wconf 94' lang='lat' dir='ltr'>in</span> <span class='ocrx_word' id='word_1_16' title='bbox 1091 559 1203 589; x_wconf 87' lang='lat' dir='ltr'>Sancta</span> 
     </span>
     <span class='ocr_line' id='line_1_5' title="bbox 291 608 1203 649; baseline -0.001 -11"><span class='ocrx_word' id='word_1_17' title='bbox 291 608 458 639; x_wconf 85' lang='lat' dir='ltr'>Genovefa.</span> <span class='ocrx_word' id='word_1_18' title='bbox 475 609 516 639; x_wconf 88' lang='lat' dir='ltr'>Et</span> <span class='ocrx_word' id='word_1_19' title='bbox 530 609 721 649; x_wconf 85' lang='lat' dir='ltr'>supplicacio</span> <span class='ocrx_word' id='word_1_20' title='bbox 737 619 844 639; x_wconf 89' lang='lat' dir='ltr'>eorum</span> <span class='ocrx_word' id='word_1_21' title='bbox 863 609 920 638; x_wconf 77' lang='lat' dir='ltr'>fuit</span> <span class='ocrx_word' id='word_1_22' title='bbox 936 618 1097 644; x_wconf 84' lang='lat' dir='ltr'>concessa,</span> <span class='ocrx_word' id='word_1_23' title='bbox 1112 608 1203 638; x_wconf 83' lang='lat' dir='ltr'>vide-</span> 
     </span>
     <span class='ocr_line' id='line_1_6' title="bbox 290 657 1202 698; baseline -0.001 -11"><span class='ocrx_word' id='word_1_24' title='bbox 290 657 363 688; x_wconf 89' lang='lat' dir='ltr'>licet</span> <span class='ocrx_word' id='word_1_25' title='bbox 391 658 538 698; x_wconf 86' lang='lat' dir='ltr'>magister</span> <span class='ocrx_word' id='word_1_26' title='bbox 562 657 751 688; x_wconf 87' lang='lat' dir='ltr'>Wilhelmus</span> <span class='ocrx_word' id='word_1_27' title='bbox 781 658 839 687; x_wconf 74' lang='lat' dir='ltr'>suit</span> <span class='ocrx_word' id='word_1_28' title='bbox 868 657 985 687; x_wconf 85' lang='lat' dir='ltr'>electus</span> <span class='ocrx_word' id='word_1_29' title='bbox 1011 667 1069 697; x_wconf 92' lang='lat' dir='ltr'>pro</span> <span class='ocrx_word' id='word_1_30' title='bbox 1100 657 1202 697; x_wconf 88' lang='lat' dir='ltr'>primo</span> 
     </span>
     <span class='ocr_line' id='line_1_7' title="bbox 290 705 1199 747; baseline -0.001 -11"><span class='ocrx_word' id='word_1_31' title='bbox 290 716 408 742; x_wconf 86' lang='lat' dir='ltr'>mense,</span> <span class='ocrx_word' id='word_1_32' title='bbox 427 707 576 747; x_wconf 86' lang='lat' dir='ltr'>magister</span> <span class='ocrx_word' id='word_1_33' title='bbox 595 707 755 738; x_wconf 86' lang='lat' dir='ltr'>Walterus</span> <span class='ocrx_word' id='word_1_34' title='bbox 777 716 834 746; x_wconf 88' lang='lat' dir='ltr'>pro</span> <span class='ocrx_word' id='word_1_35' title='bbox 857 707 994 736; x_wconf 90' lang='lat' dir='ltr'>secundo</span> <span class='ocrx_word' id='word_1_36' title='bbox 1015 705 1199 742; x_wconf 86' lang='lat' dir='ltr'>mense...²,</span> 
     </span>
     <span class='ocr_line' id='line_1_8' title="bbox 290 755 1201 796; baseline -0.001 -11"><span class='ocrx_word' id='word_1_37' title='bbox 290 766 348 795; x_wconf 91' lang='lat' dir='ltr'>pro</span> <span class='ocrx_word' id='word_1_38' title='bbox 365 756 474 792; x_wconf 85' lang='lat' dir='ltr'>tercio,</span> <span class='ocrx_word' id='word_1_39' title='bbox 491 756 538 786; x_wconf 91' lang='lat' dir='ltr'>sic</span> <span class='ocrx_word' id='word_1_40' title='bbox 554 756 638 796; x_wconf 88' lang='lat' dir='ltr'>quod</span> <span class='ocrx_word' id='word_1_41' title='bbox 649 755 780 796; x_wconf 82' lang='lat' dir='ltr'>quilibet</span> <span class='ocrx_word' id='word_1_42' title='bbox 794 755 930 785; x_wconf 89' lang='lat' dir='ltr'>solveret</span> <span class='ocrx_word' id='word_1_43' title='bbox 948 757 963 785; x_wconf 91' lang='lat'><strong>1</strong></span> <span class='ocrx_word' id='word_1_44' title='bbox 980 756 1116 784; x_wconf 80' lang='lat' dir='ltr'>francum</span> <span class='ocrx_word' id='word_1_45' title='bbox 1135 765 1201 784; x_wconf 89' lang='lat' dir='ltr'>ma—</span> 
     </span>
     <span class='ocr_line' id='line_1_9' title="bbox 290 803 1202 845; baseline -0.001 -11"><span class='ocrx_word' id='word_1_46' title='bbox 290 805 400 845; x_wconf 81' lang='lat' dir='ltr'>gistris</span> <span class='ocrx_word' id='word_1_47' title='bbox 431 805 468 834; x_wconf 83' lang='lat' dir='ltr'>ad</span> <span class='ocrx_word' id='word_1_48' title='bbox 500 805 742 844; x_wconf 81' lang='lat' dir='ltr'>perpotandum‚</span> <span class='ocrx_word' id='word_1_49' title='bbox 766 804 808 834; x_wconf 88' lang='lat' dir='ltr'>ita</span> <span class='ocrx_word' id='word_1_50' title='bbox 831 805 915 844; x_wconf 91' lang='lat' dir='ltr'>quod</span> <span class='ocrx_word' id='word_1_51' title='bbox 939 804 966 833; x_wconf 89' lang='lat' dir='ltr'>si</span> <span class='ocrx_word' id='word_1_52' title='bbox 993 803 1202 844; x_wconf 79' lang='lat' dir='ltr'>magister...³</span> 
     </span>
     <span class='ocr_line' id='line_1_10' title="bbox 289 853 1200 893; baseline 0 -10"><span class='ocrx_word' id='word_1_53' title='bbox 289 863 353 883; x_wconf 88' lang='lat' dir='ltr'>non</span> <span class='ocrx_word' id='word_1_54' title='bbox 369 853 496 884; x_wconf 86' lang='lat' dir='ltr'>haberet</span> <span class='ocrx_word' id='word_1_55' title='bbox 511 853 619 893; x_wconf 89' lang='lat' dir='ltr'>plures</span> <span class='ocrx_word' id='word_1_56' title='bbox 631 853 822 889; x_wconf 81' lang='lat' dir='ltr'>audiciones,</span> <span class='ocrx_word' id='word_1_57' title='bbox 839 854 923 893; x_wconf 87' lang='lat' dir='ltr'>quod</span> <span class='ocrx_word' id='word_1_58' title='bbox 938 860 1082 893; x_wconf 87' lang='lat' dir='ltr'>receptor</span> <span class='ocrx_word' id='word_1_59' title='bbox 1099 853 1200 883; x_wconf 84' lang='lat' dir='ltr'>nacio-</span> 
     </span>
     <span class='ocr_line' id='line_1_11' title="bbox 289 902 867 933; baseline -0.002 -1"><span class='ocrx_word' id='word_1_60' title='bbox 289 903 339 933; x_wconf 88' lang='lat' dir='ltr'>nis</span> <span class='ocrx_word' id='word_1_61' title='bbox 351 902 530 932; x_wconf 90' lang='lat' dir='ltr'>restitueret</span> <span class='ocrx_word' id='word_1_62' title='bbox 545 902 704 932; x_wconf 89' lang='lat' dir='ltr'>dimidium</span> <span class='ocrx_word' id='word_1_63' title='bbox 719 902 867 932; x_wconf 77' lang='lat' dir='ltr'>francum.</span> 
     </span>
    </p>

    <p class='ocr_par' dir='ltr' id='par_1_4' title="bbox 287 951 1200 1187">
     <span class='ocr_line' id='line_1_12' title="bbox 330 951 1200 991; baseline 0 -11"><span class='ocrx_word' id='word_1_64' title='bbox 330 951 406 981; x_wconf 87' lang='lat' dir='ltr'>Item</span> <span class='ocrx_word' id='word_1_65' title='bbox 433 951 465 980; x_wconf 90' lang='lat' dir='ltr'>in</span> <span class='ocrx_word' id='word_1_66' title='bbox 493 951 575 981; x_wconf 85' lang='lat' dir='ltr'>dicta</span> <span class='ocrx_word' id='word_1_67' title='bbox 607 951 855 991; x_wconf 79' lang='lat' dir='ltr'>congregacione</span> <span class='ocrx_word' id='word_1_68' title='bbox 887 951 1079 981; x_wconf 87' lang='lat' dir='ltr'>deliberabat</span> <span class='ocrx_word' id='word_1_69' title='bbox 1110 951 1200 981; x_wconf 89' lang='lat' dir='ltr'>nacio</span> 
     </span>
     <span class='ocr_line' id='line_1_13' title="bbox 290 999 1199 1036; baseline 0 -6"><span class='ocrx_word' id='word_1_70' title='bbox 290 1000 404 1030; x_wconf 82' lang='lat' dir='ltr'>intrare</span> <span class='ocrx_word' id='word_1_71' title='bbox 432 1000 590 1030; x_wconf 76' lang='lat' dir='ltr'>tabernam</span> <span class='ocrx_word' id='word_1_72' title='bbox 616 1001 660 1029; x_wconf 79' lang='lat' dir='ltr'>ad</span> <span class='ocrx_word' id='word_1_73' title='bbox 681 1002 860 1036; x_wconf 78' lang='lat' dir='ltr'>salmonem,</span> <span class='ocrx_word' id='word_1_74' title='bbox 891 1000 944 1030; x_wconf 92' lang='lat' dir='ltr'>ubi</span> <span class='ocrx_word' id='word_1_75' title='bbox 974 999 1199 1030; x_wconf 81' lang='lat' dir='ltr'>examinatores</span> 
     </span>
     <span class='ocr_line' id='line_1_14' title="bbox 287 1048 1199 1080; baseline 0.001 -2"><span class='ocrx_word' id='word_1_76' title='bbox 287 1049 549 1079; x_wconf 85' lang='lat' dir='ltr'>licenciandorum</span> <span class='ocrx_word' id='word_1_77' title='bbox 585 1049 618 1078; x_wconf 90' lang='lat' dir='ltr'>in</span> <span class='ocrx_word' id='word_1_78' title='bbox 656 1048 769 1079; x_wconf 88' lang='lat' dir='ltr'>Sancta</span> <span class='ocrx_word' id='word_1_79' title='bbox 800 1048 958 1079; x_wconf 86' lang='lat' dir='ltr'>Genovefa</span> <span class='ocrx_word' id='word_1_80' title='bbox 996 1049 1040 1079; x_wconf 92' lang='lat'>111</span> <span class='ocrx_word' id='word_1_81' title='bbox 1077 1050 1199 1080; x_wconf 84' lang='lat' dir='ltr'>francos</span> 
     </span>
     <span class='ocr_line' id='line_1_15' title="bbox 289 1098 1198 1138; baseline 0.001 -11"><span class='ocrx_word' id='word_1_82' title='bbox 289 1103 511 1138; x_wconf 83' lang='lat' dir='ltr'>exposuerunt,</span> <span class='ocrx_word' id='word_1_83' title='bbox 529 1104 561 1128; x_wconf 91' lang='lat' dir='ltr'>et</span> <span class='ocrx_word' id='word_1_84' title='bbox 572 1098 798 1128; x_wconf 81' lang='lat' dir='ltr'>examinatores</span> <span class='ocrx_word' id='word_1_85' title='bbox 814 1098 1087 1128; x_wconf 83' lang='lat' dir='ltr'>determinancium</span> <span class='ocrx_word' id='word_1_86' title='bbox 1099 1098 1198 1128; x_wconf 83' lang='lat' dir='ltr'>solve—</span> 
     </span>
     <span class='ocr_line' id='line_1_16' title="bbox 289 1147 862 1187; baseline 0 -11"><span class='ocrx_word' id='word_1_87' title='bbox 289 1153 362 1177; x_wconf 85' lang='lat' dir='ltr'>runt</span> <span class='ocrx_word' id='word_1_88' title='bbox 376 1147 420 1177; x_wconf 87' lang='lat'>111</span> <span class='ocrx_word' id='word_1_89' title='bbox 435 1147 538 1187; x_wconf 88' lang='lat' dir='ltr'>pintas</span> <span class='ocrx_word' id='word_1_90' title='bbox 556 1147 594 1176; x_wconf 90' lang='lat' dir='ltr'>de</span> <span class='ocrx_word' id='word_1_91' title='bbox 614 1147 710 1186; x_wconf 91' lang='lat' dir='ltr'>[vino]</span> <span class='ocrx_word' id='word_1_92' title='bbox 730 1147 862 1177; x_wconf 86' lang='lat' dir='ltr'>meliori.</span> 
     </span>
    </p>

    <p class='ocr_par' dir='ltr' id='par_1_5' title="bbox 287 1195 1200 1626">
     <span class='ocr_line' id='line_1_17' title="bbox 327 1195 1198 1237; baseline 0.001 -12"><span class='ocrx_word' id='word_1_93' title='bbox 327 1197 404 1226; x_wconf 82' lang='lat' dir='ltr'>Item</span> <span class='ocrx_word' id='word_1_94' title='bbox 418 1195 552 1226; x_wconf 73' lang='lat' dir='ltr'>XXIX-⁴</span> <span class='ocrx_word' id='word_1_95' title='bbox 567 1195 618 1226; x_wconf 88' lang='lat' dir='ltr'>die</span> <span class='ocrx_word' id='word_1_96' title='bbox 629 1196 745 1226; x_wconf 86' lang='lat' dir='ltr'>mensis</span> <span class='ocrx_word' id='word_1_97' title='bbox 760 1196 897 1226; x_wconf 81' lang='lat' dir='ltr'>Januarii</span> <span class='ocrx_word' id='word_1_98' title='bbox 912 1196 1110 1237; x_wconf 88' lang='lat' dir='ltr'>congregatis</span> <span class='ocrx_word' id='word_1_99' title='bbox 1122 1206 1198 1236; x_wconf 89' lang='lat' dir='ltr'>pro-</span> 
     </span>
     <span class='ocr_line' id='line_1_18' title="bbox 289 1245 1199 1285; baseline 0.001 -11"><span class='ocrx_word' id='word_1_100' title='bbox 289 1250 430 1275; x_wconf 84' lang='lat' dir='ltr'>curatore</span> <span class='ocrx_word' id='word_1_101' title='bbox 447 1251 479 1274; x_wconf 91' lang='lat' dir='ltr'>et</span> <span class='ocrx_word' id='word_1_102' title='bbox 497 1245 653 1284; x_wconf 87' lang='lat' dir='ltr'>deputatis</span> <span class='ocrx_word' id='word_1_103' title='bbox 672 1245 812 1275; x_wconf 84' lang='lat' dir='ltr'>nacionis</span> <span class='ocrx_word' id='word_1_104' title='bbox 832 1245 1016 1285; x_wconf 86' lang='lat' dir='ltr'>Anglicane,</span> <span class='ocrx_word' id='word_1_105' title='bbox 1038 1252 1111 1285; x_wconf 89' lang='lat' dir='ltr'>post</span> <span class='ocrx_word' id='word_1_106' title='bbox 1130 1255 1199 1275; x_wconf 90' lang='lat' dir='ltr'>ser-</span> 
     </span>
     <span class='ocr_line' id='line_1_19' title="bbox 289 1293 1199 1334; baseline 0.001 -11"><span class='ocrx_word' id='word_1_107' title='bbox 289 1303 410 1323; x_wconf 90' lang='lat' dir='ltr'>monem</span> <span class='ocrx_word' id='word_1_108' title='bbox 425 1294 507 1334; x_wconf 90' lang='lat' dir='ltr'>apud</span> <span class='ocrx_word' id='word_1_109' title='bbox 523 1293 751 1329; x_wconf 87' lang='lat' dir='ltr'>Predicatores‚</span> <span class='ocrx_word' id='word_1_110' title='bbox 773 1304 868 1334; x_wconf 85' lang='lat' dir='ltr'>super</span> <span class='ocrx_word' id='word_1_111' title='bbox 882 1294 1084 1334; x_wconf 84' lang='lat' dir='ltr'>expedicione</span> <span class='ocrx_word' id='word_1_112' title='bbox 1103 1295 1199 1324; x_wconf 86' lang='lat' dir='ltr'>cedu-</span> 
     </span>
     <span class='ocr_line' id='line_1_20' title="bbox 288 1341 1200 1382; baseline 0.002 -10"><span class='ocrx_word' id='word_1_113' title='bbox 288 1342 386 1372; x_wconf 87' lang='lat' dir='ltr'>larum</span> <span class='ocrx_word' id='word_1_114' title='bbox 414 1352 472 1382; x_wconf 90' lang='lat' dir='ltr'>pro</span> <span class='ocrx_word' id='word_1_115' title='bbox 500 1342 661 1382; x_wconf 89' lang='lat' dir='ltr'>sepedicto</span> <span class='ocrx_word' id='word_1_116' title='bbox 685 1341 828 1382; x_wconf 86' lang='lat' dir='ltr'>jardino,</span> <span class='ocrx_word' id='word_1_117' title='bbox 853 1349 884 1373; x_wconf 91' lang='lat' dir='ltr'>et</span> <span class='ocrx_word' id='word_1_118' title='bbox 916 1342 1119 1373; x_wconf 85' lang='lat' dir='ltr'>deliberatum</span> <span class='ocrx_word' id='word_1_119' title='bbox 1143 1343 1200 1374; x_wconf 87' lang='lat' dir='ltr'>fuit</span> 
     </span>
     <span class='ocr_line' id='line_1_21' title="bbox 290 1391 1198 1435; baseline 0.002 -15"><span class='ocrx_word' id='word_1_120' title='bbox 290 1392 373 1432; x_wconf 85' lang='lat' dir='ltr'>qnod</span> <span class='ocrx_word' id='word_1_121' title='bbox 391 1391 442 1421; x_wconf 86' lang='lat' dir='ltr'>ille</span> <span class='ocrx_word' id='word_1_122' title='bbox 460 1391 567 1422; x_wconf 87' lang='lat' dir='ltr'>cedule</span> <span class='ocrx_word' id='word_1_123' title='bbox 583 1392 779 1422; x_wconf 86' lang='lat' dir='ltr'>traderentur</span> <span class='ocrx_word' id='word_1_124' title='bbox 795 1392 914 1421; x_wconf 81' lang='lat' dir='ltr'>cuidam</span> <span class='ocrx_word' id='word_1_125' title='bbox 932 1392 1057 1422; x_wconf 93' lang='lat' dir='ltr'>domino</span> <span class='ocrx_word' id='word_1_126' title='bbox 1074 1393 1112 1422; x_wconf 90' lang='lat' dir='ltr'>de</span> <span class='ocrx_word' id='word_1_127' title='bbox 1127 1402 1198 1435; x_wconf 88' lang='lat' dir='ltr'>pro-</span> 
     </span>
     <span class='ocr_line' id='line_1_22' title="bbox 287 1440 1198 1480; baseline 0.001 -10"><span class='ocrx_word' id='word_1_128' title='bbox 287 1440 389 1470; x_wconf 86' lang='lat' dir='ltr'>vincia</span> <span class='ocrx_word' id='word_1_129' title='bbox 410 1440 530 1476; x_wconf 85' lang='lat' dir='ltr'>Svecie,</span> <span class='ocrx_word' id='word_1_130' title='bbox 553 1440 598 1470; x_wconf 90' lang='lat' dir='ltr'>sic</span> <span class='ocrx_word' id='word_1_131' title='bbox 613 1441 696 1480; x_wconf 91' lang='lat' dir='ltr'>quod</span> <span class='ocrx_word' id='word_1_132' title='bbox 716 1441 784 1480; x_wconf 89' lang='lat' dir='ltr'>ipse</span> <span class='ocrx_word' id='word_1_133' title='bbox 799 1447 939 1480; x_wconf 85' lang='lat' dir='ltr'>portaret</span> <span class='ocrx_word' id='word_1_134' title='bbox 958 1451 1010 1471; x_wconf 87' lang='lat' dir='ltr'>eas</span> <span class='ocrx_word' id='word_1_135' title='bbox 1025 1442 1064 1470; x_wconf 79' lang='lat' dir='ltr'>ad</span> <span class='ocrx_word' id='word_1_136' title='bbox 1083 1442 1198 1471; x_wconf 80' lang='lat' dir='ltr'>sacien-</span> 
     </span>
     <span class='ocr_line' id='line_1_23' title="bbox 288 1489 1199 1530; baseline 0.001 -11"><span class='ocrx_word' id='word_1_137' title='bbox 288 1489 360 1519; x_wconf 90' lang='lat' dir='ltr'>dum</span> <span class='ocrx_word' id='word_1_138' title='bbox 381 1489 514 1520; x_wconf 88' lang='lat' dir='ltr'>minutas</span> <span class='ocrx_word' id='word_1_139' title='bbox 536 1499 592 1529; x_wconf 87' lang='lat' dir='ltr'>per</span> <span class='ocrx_word' id='word_1_140' title='bbox 614 1489 747 1529; x_wconf 83' lang='lat' dir='ltr'>aliquem</span> <span class='ocrx_word' id='word_1_141' title='bbox 771 1496 932 1530; x_wconf 89' lang='lat' dir='ltr'>expertum</span> <span class='ocrx_word' id='word_1_142' title='bbox 953 1491 991 1520; x_wconf 90' lang='lat' dir='ltr'>de</span> <span class='ocrx_word' id='word_1_143' title='bbox 1014 1491 1142 1526; x_wconf 88' lang='lat' dir='ltr'>eisdem,</span> <span class='ocrx_word' id='word_1_144' title='bbox 1169 1497 1199 1520; x_wconf 92' lang='lat' dir='ltr'>et</span> 
     </span>
     <span class='ocr_line' id='line_1_24' title="bbox 288 1538 1198 1579; baseline 0.001 -11"><span class='ocrx_word' id='word_1_145' title='bbox 288 1544 420 1578; x_wconf 88' lang='lat' dir='ltr'>protunc</span> <span class='ocrx_word' id='word_1_146' title='bbox 442 1538 523 1568; x_wconf 87' lang='lat' dir='ltr'>idem</span> <span class='ocrx_word' id='word_1_147' title='bbox 541 1538 685 1568; x_wconf 90' lang='lat' dir='ltr'>dominus</span> <span class='ocrx_word' id='word_1_148' title='bbox 702 1538 746 1568; x_wconf 92' lang='lat' dir='ltr'>ibi</span> <span class='ocrx_word' id='word_1_149' title='bbox 764 1539 948 1579; x_wconf 84' lang='lat' dir='ltr'>comparuit,</span> <span class='ocrx_word' id='word_1_150' title='bbox 965 1545 996 1569; x_wconf 88' lang='lat' dir='ltr'>et</span> <span class='ocrx_word' id='word_1_151' title='bbox 1009 1540 1047 1568; x_wconf 90' lang='lat' dir='ltr'>ad</span> <span class='ocrx_word' id='word_1_152' title='bbox 1063 1549 1096 1569; x_wconf 92' lang='lat' dir='ltr'>se</span> <span class='ocrx_word' id='word_1_153' title='bbox 1118 1549 1198 1570; x_wconf 91' lang='lat' dir='ltr'>onus</span> 
     </span>
     <span class='ocr_line' id='line_1_25' title="bbox 288 1587 648 1626; baseline -0.003 -9"><span class='ocrx_word' id='word_1_154' title='bbox 288 1587 458 1626; x_wconf 79' lang='lat' dir='ltr'>assumpsit</span> <span class='ocrx_word' id='word_1_155' title='bbox 471 1587 648 1617; x_wconf 85' lang='lat' dir='ltr'>ordinandi.</span> 
     </span>
    </p>

    <p class='ocr_par' dir='ltr' id='par_1_6' title="bbox 286 1636 1197 2106">
     <span class='ocr_line' id='line_1_26' title="bbox 328 1636 1197 1676; baseline 0.002 -11"><span class='ocrx_word' id='word_1_156' title='bbox 328 1636 403 1666; x_wconf 88' lang='lat' dir='ltr'>Item</span> <span class='ocrx_word' id='word_1_157' title='bbox 421 1636 499 1666; x_wconf 81' lang='lat' dir='ltr'>facta</span> <span class='ocrx_word' id='word_1_158' title='bbox 513 1636 760 1676; x_wconf 77' lang='lat' dir='ltr'>congregacione</span> <span class='ocrx_word' id='word_1_159' title='bbox 778 1637 920 1667; x_wconf 84' lang='lat' dir='ltr'>nacionis</span> <span class='ocrx_word' id='word_1_160' title='bbox 939 1637 1038 1676; x_wconf 85' lang='lat' dir='ltr'>prima</span> <span class='ocrx_word' id='word_1_161' title='bbox 1052 1637 1102 1667; x_wconf 92' lang='lat' dir='ltr'>die</span> <span class='ocrx_word' id='word_1_162' title='bbox 1115 1647 1197 1667; x_wconf 89' lang='lat' dir='ltr'>men-</span> 
     </span>
     <span class='ocr_line' id='line_1_27' title="bbox 290 1685 1197 1725; baseline 0.002 -11"><span class='ocrx_word' id='word_1_163' title='bbox 290 1685 335 1715; x_wconf 86' lang='lat' dir='ltr'>sis</span> <span class='ocrx_word' id='word_1_164' title='bbox 346 1685 518 1719; x_wconf 85' lang='lat' dir='ltr'>Februarii.</span> <span class='ocrx_word' id='word_1_165' title='bbox 533 1695 593 1725; x_wconf 90' lang='lat' dir='ltr'>que</span> <span class='ocrx_word' id='word_1_166' title='bbox 612 1685 668 1715; x_wconf 85' lang='lat' dir='ltr'>suit</span> <span class='ocrx_word' id='word_1_167' title='bbox 681 1685 790 1725; x_wconf 82' lang='lat' dir='ltr'>vigilia</span> <span class='ocrx_word' id='word_1_168' title='bbox 802 1685 1047 1722; x_wconf 87' lang='lat' dir='ltr'>Purificacionis‚</span> <span class='ocrx_word' id='word_1_169' title='bbox 1062 1692 1133 1725; x_wconf 90' lang='lat' dir='ltr'>post</span> <span class='ocrx_word' id='word_1_170' title='bbox 1142 1697 1197 1716; x_wconf 82' lang='lat' dir='ltr'>ve-</span> 
     </span>
     <span class='ocr_line' id='line_1_28' title="bbox 289 1733 1196 1776; baseline 0.002 -13"><span class='ocrx_word' id='word_1_171' title='bbox 289 1743 398 1774; x_wconf 84' lang='lat' dir='ltr'>speras</span> <span class='ocrx_word' id='word_1_172' title='bbox 407 1734 439 1764; x_wconf 90' lang='lat' dir='ltr'>in</span> <span class='ocrx_word' id='word_1_173' title='bbox 450 1733 563 1764; x_wconf 85' lang='lat' dir='ltr'>Sancto</span> <span class='ocrx_word' id='word_1_174' title='bbox 575 1734 690 1764; x_wconf 86' lang='lat' dir='ltr'>Cosma</span> <span class='ocrx_word' id='word_1_175' title='bbox 704 1733 762 1776; x_wconf 87' lang='lat' dir='ltr'>[et]</span> <span class='ocrx_word' id='word_1_176' title='bbox 779 1734 941 1770; x_wconf 87' lang='lat' dir='ltr'>Damiano,</span> <span class='ocrx_word' id='word_1_177' title='bbox 957 1735 996 1764; x_wconf 90' lang='lat' dir='ltr'>ad</span> <span class='ocrx_word' id='word_1_178' title='bbox 1011 1735 1196 1765; x_wconf 88' lang='lat' dir='ltr'>audiendum</span> 
     </span>
     <span class='ocr_line' id='line_1_29' title="bbox 288 1781 1195 1823; baseline 0.002 -11"><span class='ocrx_word' id='word_1_179' title='bbox 288 1783 434 1821; x_wconf 87' lang='lat' dir='ltr'>minutam</span> <span class='ocrx_word' id='word_1_180' title='bbox 458 1793 554 1823; x_wconf 90' lang='lat' dir='ltr'>super</span> <span class='ocrx_word' id='word_1_181' title='bbox 579 1783 663 1813; x_wconf 89' lang='lat' dir='ltr'>dicto</span> <span class='ocrx_word' id='word_1_182' title='bbox 679 1781 822 1823; x_wconf 79' lang='lat' dir='ltr'>jardinO,</span> <span class='ocrx_word' id='word_1_183' title='bbox 846 1789 876 1813; x_wconf 90' lang='lat' dir='ltr'>et</span> <span class='ocrx_word' id='word_1_184' title='bbox 898 1783 1101 1814; x_wconf 84' lang='lat' dir='ltr'>deliberatum</span> <span class='ocrx_word' id='word_1_185' title='bbox 1124 1785 1195 1821; x_wconf 80' lang='lat' dir='ltr'>suit,</span> 
     </span>
     <span class='ocr_line' id='line_1_30' title="bbox 287 1832 1196 1872; baseline 0.002 -11"><span class='ocrx_word' id='word_1_186' title='bbox 287 1832 360 1872; x_wconf 85' lang='lat' dir='ltr'>quia</span> <span class='ocrx_word' id='word_1_187' title='bbox 374 1832 460 1862; x_wconf 85' lang='lat' dir='ltr'>tarde</span> <span class='ocrx_word' id='word_1_188' title='bbox 476 1838 552 1868; x_wconf 85' lang='lat' dir='ltr'>erat,</span> <span class='ocrx_word' id='word_1_189' title='bbox 564 1832 647 1872; x_wconf 88' lang='lat' dir='ltr'>quod</span> <span class='ocrx_word' id='word_1_190' title='bbox 660 1832 798 1872; x_wconf 86' lang='lat' dir='ltr'>deputati</span> <span class='ocrx_word' id='word_1_191' title='bbox 809 1833 1019 1863; x_wconf 84' lang='lat' dir='ltr'>examinarent</span> <span class='ocrx_word' id='word_1_192' title='bbox 1031 1833 1080 1863; x_wconf 89' lang='lat' dir='ltr'>vel</span> <span class='ocrx_word' id='word_1_193' title='bbox 1089 1834 1196 1863; x_wconf 85' lang='lat' dir='ltr'>saltem</span> 
     </span>
     <span class='ocr_line' id='line_1_31' title="bbox 287 1879 1196 1921; baseline 0.002 -11"><span class='ocrx_word' id='word_1_194' title='bbox 287 1881 436 1921; x_wconf 83' lang='lat' dir='ltr'>magister</span> <span class='ocrx_word' id='word_1_195' title='bbox 465 1879 653 1911; x_wconf 84' lang='lat' dir='ltr'>Wilbelmus</span> <span class='ocrx_word' id='word_1_196' title='bbox 683 1880 779 1917; x_wconf 81' lang='lat' dir='ltr'>scoti,</span> <span class='ocrx_word' id='word_1_197' title='bbox 811 1882 924 1921; x_wconf 88' lang='lat' dir='ltr'>quibus</span> <span class='ocrx_word' id='word_1_198' title='bbox 952 1882 1002 1912; x_wconf 86' lang='lat' dir='ltr'>vel</span> <span class='ocrx_word' id='word_1_199' title='bbox 1028 1882 1076 1912; x_wconf 85' lang='lat' dir='ltr'>cui</span> <span class='ocrx_word' id='word_1_200' title='bbox 1108 1883 1196 1912; x_wconf 91' lang='lat' dir='ltr'>nacio</span> 
     </span>
     <span class='ocr_line' id='line_1_32' title="bbox 287 1929 1196 1971; baseline 0.002 -12"><span class='ocrx_word' id='word_1_201' title='bbox 287 1930 379 1959; x_wconf 88' lang='lat' dir='ltr'>dabat</span> <span class='ocrx_word' id='word_1_202' title='bbox 395 1929 517 1970; x_wconf 85' lang='lat' dir='ltr'>plenam</span> <span class='ocrx_word' id='word_1_203' title='bbox 539 1936 722 1970; x_wconf 84' lang='lat' dir='ltr'>potestatem</span> <span class='ocrx_word' id='word_1_204' title='bbox 745 1940 840 1971; x_wconf 87' lang='lat' dir='ltr'>super</span> <span class='ocrx_word' id='word_1_205' title='bbox 858 1931 919 1960; x_wconf 91' lang='lat' dir='ltr'>isto</span> <span class='ocrx_word' id='word_1_206' title='bbox 939 1931 1082 1966; x_wconf 81' lang='lat' dir='ltr'>faciendi,</span> <span class='ocrx_word' id='word_1_207' title='bbox 1103 1932 1196 1971; x_wconf 89' lang='lat' dir='ltr'>quid-</span> 
     </span>
     <span class='ocr_line' id='line_1_33' title="bbox 288 1978 1195 2019; baseline 0.002 -11"><span class='ocrx_word' id='word_1_208' title='bbox 288 1979 363 2018; x_wconf 87' lang='lat' dir='ltr'>quid</span> <span class='ocrx_word' id='word_1_209' title='bbox 390 1978 549 2008; x_wconf 83' lang='lat' dir='ltr'>videretur</span> <span class='ocrx_word' id='word_1_210' title='bbox 578 1979 736 2019; x_wconf 86' lang='lat' dir='ltr'>expedire,</span> <span class='ocrx_word' id='word_1_211' title='bbox 764 1985 795 2009; x_wconf 87' lang='lat' dir='ltr'>et</span> <span class='ocrx_word' id='word_1_212' title='bbox 829 1980 941 2010; x_wconf 82' lang='lat' dir='ltr'>tradite</span> <span class='ocrx_word' id='word_1_213' title='bbox 966 1981 1089 2010; x_wconf 80' lang='lat' dir='ltr'>fuerunt</span> <span class='ocrx_word' id='word_1_214' title='bbox 1112 1980 1195 2010; x_wconf 90' lang='lat' dir='ltr'>dicto</span> 
     </span>
     <span class='ocr_line' id='line_1_34' title="bbox 287 2027 1195 2069; baseline 0.002 -12"><span class='ocrx_word' id='word_1_215' title='bbox 287 2027 436 2068; x_wconf 80' lang='lat' dir='ltr'>magistro</span> <span class='ocrx_word' id='word_1_216' title='bbox 455 2027 637 2064; x_wconf 86' lang='lat' dir='ltr'>Wilhelmo,</span> <span class='ocrx_word' id='word_1_217' title='bbox 657 2034 687 2058; x_wconf 85' lang='lat' dir='ltr'>et</span> <span class='ocrx_word' id='word_1_218' title='bbox 703 2038 756 2058; x_wconf 85' lang='lat' dir='ltr'>eas</span> <span class='ocrx_word' id='word_1_219' title='bbox 771 2029 907 2059; x_wconf 87' lang='lat' dir='ltr'>correxit</span> <span class='ocrx_word' id='word_1_220' title='bbox 925 2035 1019 2069; x_wconf 88' lang='lat' dir='ltr'>prout</span> <span class='ocrx_word' id='word_1_221' title='bbox 1035 2029 1096 2059; x_wconf 83' lang='lat' dir='ltr'>sibi</span> <span class='ocrx_word' id='word_1_222' title='bbox 1111 2030 1195 2060; x_wconf 88' lang='lat' dir='ltr'>vide-</span> 
     </span>
     <span class='ocr_line' id='line_1_35' title="bbox 286 2077 385 2106; baseline -0.01 0"><span class='ocrx_word' id='word_1_223' title='bbox 286 2077 385 2106; x_wconf 83' lang='lat' dir='ltr'>batur.</span> 
     </span>
    </p>

    <p class='ocr_par' dir='ltr' id='par_1_7' title="bbox 698 2130 796 2160">
     <span class='ocr_line' id='line_1_36' title="bbox 698 2130 796 2160; baseline 0 0"><span class='ocrx_word' id='word_1_224' title='bbox 698 2130 796 2160; x_wconf 77' lang='lat'>13⁷4</span> 
     </span>
    </p>
   </div>
   <div class='ocr_carea' id='block_1_4' title="bbox 367 2196 1106 2229">
    <p class='ocr_par' dir='ltr' id='par_1_8' title="bbox 367 2196 1106 2229">
     <span class='ocr_line' id='line_1_37' title="bbox 367 2196 1106 2229; baseline 0.003 -3"><span class='ocrx_word' id='word_1_225' title='bbox 367 2196 636 2227; x_wconf 85' lang='lat' dir='ltr'>Procuratoria</span> <span class='ocrx_word' id='word_1_226' title='bbox 662 2196 846 2228; x_wconf 80' lang='lat' dir='ltr'>Johannis</span> <span class='ocrx_word' id='word_1_227' title='bbox 868 2198 911 2227; x_wconf 93' lang='lat' dir='ltr'>de</span> <span class='ocrx_word' id='word_1_228' title='bbox 941 2197 1106 2229; x_wconf 86' lang='lat' dir='ltr'>Stralen.</span> 
     </span>
    </p>
   </div>
   <div class='ocr_carea' id='block_1_5' title="bbox 285 2271 1194 2753">
    <p class='ocr_par' dir='ltr' id='par_1_9' title="bbox 285 2271 1194 2655">
     <span class='ocr_line' id='line_1_38' title="bbox 326 2271 1194 2305; baseline 0.003 -3"><span class='ocrx_word' id='word_1_229' title='bbox 326 2271 417 2302; x_wconf 84' lang='lat' dir='ltr'>Anno</span> <span class='ocrx_word' id='word_1_230' title='bbox 435 2272 560 2302; x_wconf 88' lang='lat' dir='ltr'>Domini</span> <span class='ocrx_word' id='word_1_231' title='bbox 577 2272 623 2302; x_wconf 67' lang='grc' dir='ltr'>Μ’</span> <span class='ocrx_word' id='word_1_232' title='bbox 641 2271 735 2303; x_wconf 85' lang='lat' dir='ltr'>CCC⁰</span> <span class='ocrx_word' id='word_1_233' title='bbox 753 2273 912 2304; x_wconf 77' lang='lat' dir='ltr'>Lxxuw</span> <span class='ocrx_word' id='word_1_234' title='bbox 924 2275 1093 2305; x_wconf 86' lang='lat' dir='ltr'>secundum</span> <span class='ocrx_word' id='word_1_235' title='bbox 1109 2285 1194 2305; x_wconf 91' lang='lat' dir='ltr'>com-</span> 
     </span>
     <span class='ocr_line' id='line_1_39' title="bbox 286 2321 1193 2361; baseline 0.003 -10"><span class='ocrx_word' id='word_1_236' title='bbox 286 2327 392 2361; x_wconf 89' lang='lat' dir='ltr'>putum</span> <span class='ocrx_word' id='word_1_237' title='bbox 408 2321 492 2351; x_wconf 86' lang='lat' dir='ltr'>curie</span> <span class='ocrx_word' id='word_1_238' title='bbox 508 2321 657 2357; x_wconf 87' lang='lat' dir='ltr'>Romane,</span> <span class='ocrx_word' id='word_1_239' title='bbox 675 2322 803 2352; x_wconf 81' lang='lat' dir='ltr'>Lxxlll</span> <span class='ocrx_word' id='word_1_240' title='bbox 822 2323 990 2353; x_wconf 86' lang='lat' dir='ltr'>secundum</span> <span class='ocrx_word' id='word_1_241' title='bbox 1002 2334 1091 2354; x_wconf 89' lang='lat' dir='ltr'>usum</span> <span class='ocrx_word' id='word_1_242' title='bbox 1107 2324 1193 2354; x_wconf 87' lang='lat' dir='ltr'>Pari·</span> 
     </span>
     <span class='ocr_line' id='line_1_40' title="bbox 287 2369 1194 2412; baseline 0.004 -13"><span class='ocrx_word' id='word_1_243' title='bbox 287 2369 433 2406; x_wconf 86' lang='lat' dir='ltr'>siensem,</span> <span class='ocrx_word' id='word_1_244' title='bbox 452 2370 502 2400; x_wconf 90' lang='lat' dir='ltr'>die</span> <span class='ocrx_word' id='word_1_245' title='bbox 519 2370 638 2400; x_wconf 86' lang='lat' dir='ltr'>decima</span> <span class='ocrx_word' id='word_1_246' title='bbox 652 2371 768 2401; x_wconf 86' lang='lat' dir='ltr'>mensis</span> <span class='ocrx_word' id='word_1_247' title='bbox 787 2371 959 2408; x_wconf 78' lang='lat' dir='ltr'>Februarii.</span> <span class='ocrx_word' id='word_1_248' title='bbox 976 2382 1036 2412; x_wconf 90' lang='lat' dir='ltr'>que</span> <span class='ocrx_word' id='word_1_249' title='bbox 1049 2373 1104 2403; x_wconf 81' lang='lat' dir='ltr'>fuit</span> <span class='ocrx_word' id='word_1_250' title='bbox 1119 2374 1194 2404; x_wconf 83' lang='lat' dir='ltr'>seria</span> 
     </span>
     <span class='ocr_line' id='line_1_41' title="bbox 287 2419 1194 2456; baseline 0.004 -7"><span class='ocrx_word' id='word_1_251' title='bbox 287 2426 374 2449; x_wconf 78' lang='lat' dir='ltr'>sexta</span> <span class='ocrx_word' id='word_1_252' title='bbox 390 2425 459 2449; x_wconf 84' lang='lat' dir='ltr'>ante</span> <span class='ocrx_word' id='word_1_253' title='bbox 479 2419 663 2449; x_wconf 81' lang='lat' dir='ltr'>dominicam</span> <span class='ocrx_word' id='word_1_254' title='bbox 679 2422 748 2449; x_wconf 74' lang='lat' dir='ltr'>Esco</span> <span class='ocrx_word' id='word_1_255' title='bbox 763 2421 863 2456; x_wconf 81' lang='lat' dir='ltr'>michi,</span> <span class='ocrx_word' id='word_1_256' title='bbox 882 2427 1050 2452; x_wconf 83' lang='lat' dir='ltr'>convocata</span> <span class='ocrx_word' id='word_1_257' title='bbox 1066 2422 1194 2452; x_wconf 85' lang='lat' dir='ltr'>nacione</span> 
     </span>
     <span class='ocr_line' id='line_1_42' title="bbox 287 2467 1192 2511; baseline 0.004 -14"><span class='ocrx_word' id='word_1_258' title='bbox 287 2467 458 2508; x_wconf 78' lang='lat' dir='ltr'>Anglicana</span> <span class='ocrx_word' id='word_1_259' title='bbox 486 2468 568 2508; x_wconf 85' lang='lat' dir='ltr'>apud</span> <span class='ocrx_word' id='word_1_260' title='bbox 597 2467 741 2498; x_wconf 90' lang='lat' dir='ltr'>Sanctum</span> <span class='ocrx_word' id='word_1_261' title='bbox 772 2469 926 2499; x_wconf 68' lang='lat' dir='ltr'>lulianum</span> <span class='ocrx_word' id='word_1_262' title='bbox 953 2471 991 2500; x_wconf 88' lang='lat' dir='ltr'>ad</span> <span class='ocrx_word' id='word_1_263' title='bbox 1017 2470 1192 2511; x_wconf 85' lang='lat' dir='ltr'>eligendum</span> 
     </span>
     <span class='ocr_line' id='line_1_43' title="bbox 286 2516 1193 2560; baseline 0.004 -14"><span class='ocrx_word' id='word_1_264' title='bbox 286 2523 530 2557; x_wconf 86' lang='lat' dir='ltr'>procuratorem,</span> <span class='ocrx_word' id='word_1_265' title='bbox 547 2516 664 2547; x_wconf 87' lang='lat' dir='ltr'>electus</span> <span class='ocrx_word' id='word_1_266' title='bbox 680 2517 735 2547; x_wconf 80' lang='lat' dir='ltr'>suit</span> <span class='ocrx_word' id='word_1_267' title='bbox 750 2518 948 2548; x_wconf 88' lang='lat' dir='ltr'>concorditer</span> <span class='ocrx_word' id='word_1_268' title='bbox 963 2519 1048 2549; x_wconf 89' lang='lat' dir='ltr'>nullo</span> <span class='ocrx_word' id='word_1_269' title='bbox 1070 2520 1193 2560; x_wconf 86' lang='lat' dir='ltr'>penitus</span> 
     </span>
     <span class='ocr_line' id='line_1_44' title="bbox 285 2565 1193 2608; baseline 0.004 -13"><span class='ocrx_word' id='word_1_270' title='bbox 285 2565 470 2596; x_wconf 86' lang='lat' dir='ltr'>reclamante</span> <span class='ocrx_word' id='word_1_271' title='bbox 489 2565 646 2596; x_wconf 67' lang='lat' dir='ltr'>lohannes</span> <span class='ocrx_word' id='word_1_272' title='bbox 668 2566 707 2596; x_wconf 90' lang='lat' dir='ltr'>de</span> <span class='ocrx_word' id='word_1_273' title='bbox 731 2566 864 2602; x_wconf 87' lang='lat' dir='ltr'>Stralen,</span> <span class='ocrx_word' id='word_1_274' title='bbox 886 2567 918 2597; x_wconf 92' lang='lat' dir='ltr'>in</span> <span class='ocrx_word' id='word_1_275' title='bbox 937 2567 1024 2608; x_wconf 87' lang='lat' dir='ltr'>cujus</span> <span class='ocrx_word' id='word_1_276' title='bbox 1044 2579 1193 2608; x_wconf 85' lang='lat' dir='ltr'>procura-</span> 
     </span>
     <span class='ocr_line' id='line_1_45' title="bbox 286 2614 871 2655; baseline 0.003 -11"><span class='ocrx_word' id='word_1_277' title='bbox 286 2614 375 2644; x_wconf 89' lang='lat' dir='ltr'>cione</span> <span class='ocrx_word' id='word_1_278' title='bbox 388 2621 455 2645; x_wconf 84' lang='lat' dir='ltr'>acta</span> <span class='ocrx_word' id='word_1_279' title='bbox 469 2615 594 2645; x_wconf 77' lang='lat' dir='ltr'>fuerunt</span> <span class='ocrx_word' id='word_1_280' title='bbox 610 2625 669 2655; x_wconf 90' lang='lat' dir='ltr'>que</span> <span class='ocrx_word' id='word_1_281' title='bbox 686 2622 871 2655; x_wconf 87' lang='lat' dir='ltr'>sequuntur.</span> 
     </span>
    </p>

    <p class='ocr_par' dir='ltr' id='par_1_10' title="bbox 285 2663 1194 2753">
     <span class='ocr_line' id='line_1_46' title="bbox 325 2663 1194 2705; baseline 0.005 -12"><span class='ocrx_word' id='word_1_282' title='bbox 325 2663 431 2694; x_wconf 86' lang='lat' dir='ltr'>Primo</span> <span class='ocrx_word' id='word_1_283' title='bbox 450 2663 482 2693; x_wconf 87' lang='lat' dir='ltr'>in</span> <span class='ocrx_word' id='word_1_284' title='bbox 509 2664 614 2694; x_wconf 87' lang='lat' dir='ltr'>eadem</span> <span class='ocrx_word' id='word_1_285' title='bbox 635 2664 881 2705; x_wconf 86' lang='lat' dir='ltr'>congregacione</span> <span class='ocrx_word' id='word_1_286' title='bbox 907 2665 1110 2696; x_wconf 87' lang='lat' dir='ltr'>deliberatum</span> <span class='ocrx_word' id='word_1_287' title='bbox 1138 2667 1194 2698; x_wconf 81' lang='lat' dir='ltr'>fuit</span> 
     </span>
     <span class='ocr_line' id='line_1_47' title="bbox 285 2711 1193 2753; baseline 0.004 -11"><span class='ocrx_word' id='word_1_288' title='bbox 285 2711 370 2742; x_wconf 79' lang='lat' dir='ltr'>finita</span> <span class='ocrx_word' id='word_1_289' title='bbox 383 2712 628 2753; x_wconf 81' lang='lat' dir='ltr'>congregacione</span> <span class='ocrx_word' id='word_1_290' title='bbox 642 2713 800 2743; x_wconf 83' lang='lat' dir='ltr'>tabernam</span> <span class='ocrx_word' id='word_1_291' title='bbox 813 2713 999 2751; x_wconf 86' lang='lat' dir='ltr'>intrandum,</span> <span class='ocrx_word' id='word_1_292' title='bbox 1018 2721 1049 2745; x_wconf 89' lang='lat' dir='ltr'>et</span> <span class='ocrx_word' id='word_1_293' title='bbox 1063 2716 1193 2746; x_wconf 90' lang='lat' dir='ltr'>eundem</span> 
     </span>
    </p>
   </div>
   <div class='ocr_carea' id='block_1_6' title="bbox 286 2822 1194 3001">
    <p class='ocr_par' dir='ltr' id='par_1_11' title="bbox 317 2822 666 2848">
     <span class='ocr_line' id='line_1_48' title="bbox 317 2822 666 2848; baseline 0.003 -1"><span class='ocrx_word' id='word_1_294' title='bbox 317 2822 341 2847; x_wconf 83' lang='lat'>¹.</span> <span class='ocrx_word' id='word_1_295' title='bbox 373 2823 469 2847; x_wconf 65' lang='lat' dir='ltr'>uoue-</span> <span class='ocrx_word' id='word_1_296' title='bbox 477 2822 548 2848; x_wconf 66' lang='grc' dir='ltr'>ἄεισι</span> <span class='ocrx_word' id='word_1_297' title='bbox 561 2823 588 2848; x_wconf 72' lang='lat' dir='ltr'>in</span> <span class='ocrx_word' id='word_1_298' title='bbox 598 2826 666 2848; x_wconf 56' lang='lat' dir='ltr'>mv.</span> 
     </span>
    </p>

    <p class='ocr_par' dir='ltr' id='par_1_12' title="bbox 317 2858 602 2891">
     <span class='ocr_line' id='line_1_49' title="bbox 317 2858 602 2891; baseline 0.004 -9"><span class='ocrx_word' id='word_1_299' title='bbox 317 2858 341 2882; x_wconf 79' lang='lat'>2.</span> <span class='ocrx_word' id='word_1_300' title='bbox 373 2859 403 2882; x_wconf 71' lang='grc'>1»</span> <span class='ocrx_word' id='word_1_301' title='bbox 416 2861 472 2882; x_wconf 68' lang='lat' dir='ltr'>nm·</span> <span class='ocrx_word' id='word_1_302' title='bbox 482 2859 602 2891; x_wconf 69' lang='lat' dir='ltr'>apuliam.</span> 
     </span>
    </p>

    <p class='ocr_par' dir='ltr' id='par_1_13' title="bbox 318 2894 607 2926">
     <span class='ocr_line' id='line_1_50' title="bbox 318 2894 607 2926; baseline 0.007 -9"><span class='ocrx_word' id='word_1_303' title='bbox 318 2894 341 2917; x_wconf 80' lang='lat'>³.</span> <span class='ocrx_word' id='word_1_304' title='bbox 374 2895 403 2918; x_wconf 71' lang='lat' dir='ltr'>Ia</span> <span class='ocrx_word' id='word_1_305' title='bbox 420 2895 479 2917; x_wconf 55' lang='lat' dir='ltr'>mn*</span> <span class='ocrx_word' id='word_1_306' title='bbox 488 2894 607 2926; x_wconf 65' lang='lat' dir='ltr'>spatium.</span> 
     </span>
    </p>

    <p class='ocr_par' dir='ltr' id='par_1_14' title="bbox 286 2929 1194 3001">
     <span class='ocr_line' id='line_1_51' title="bbox 317 2929 1194 2965; baseline 0.007 -13"><span class='ocrx_word' id='word_1_307' title='bbox 317 2929 342 2952; x_wconf 71' lang='lat' dir='ltr'>la.</span> <span class='ocrx_word' id='word_1_308' title='bbox 374 2930 403 2953; x_wconf 75' lang='lat' dir='ltr'>ln</span> <span class='ocrx_word' id='word_1_309' title='bbox 416 2932 472 2953; x_wconf 68' lang='grc' dir='ltr'>ηιιῑ·</span> <span class='ocrx_word' id='word_1_310' title='bbox 489 2930 557 2958; x_wconf 83' lang='grc' dir='ltr'>ΧΙΧ,</span> <span class='ocrx_word' id='word_1_311' title='bbox 572 2930 620 2954; x_wconf 74' lang='lat' dir='ltr'>ud</span> <span class='ocrx_word' id='word_1_312' title='bbox 635 2929 715 2962; x_wconf 70' lang='lat' dir='ltr'>faho,</span> <span class='ocrx_word' id='word_1_313' title='bbox 731 2938 792 2954; x_wconf 77' lang='lat' dir='ltr'>nam</span> <span class='ocrx_word' id='word_1_314' title='bbox 804 2930 860 2955; x_wconf 76' lang='lat' dir='ltr'>diu</span> <span class='ocrx_word' id='word_1_315' title='bbox 874 2931 902 2956; x_wconf 79' lang='lat'>19</span> <span class='ocrx_word' id='word_1_316' title='bbox 920 2932 1044 2957; x_wconf 73' lang='lat' dir='ltr'>Ianuarii</span> <span class='ocrx_word' id='word_1_317' title='bbox 1056 2933 1112 2957; x_wconf 74' lang='lat' dir='ltr'>dieu</span> <span class='ocrx_word' id='word_1_318' title='bbox 1125 2933 1194 2965; x_wconf 66' lang='lat' dir='ltr'>jovi·</span> 
     </span>
     <span class='ocr_line' id='line_1_52' title="bbox 286 2963 1193 3001; baseline 0.007 -14"><span class='ocrx_word' id='word_1_319' title='bbox 286 2963 346 2996; x_wconf 72' lang='lat' dir='ltr'>luit,</span> <span class='ocrx_word' id='word_1_320' title='bbox 364 2963 472 2997; x_wconf 65' lang='lat' dir='ltr'>ideoque</span> <span class='ocrx_word' id='word_1_321' title='bbox 481 2964 584 2989; x_wconf 69' lang='lat' dir='ltr'>minime</span> <span class='ocrx_word' id='word_1_322' title='bbox 593 2973 675 2990; x_wconf 70' lang='lat' dir='ltr'>nermo</span> <span class='ocrx_word' id='word_1_323' title='bbox 687 2965 759 2998; x_wconf 78' lang='lat' dir='ltr'>apud</span> <span class='ocrx_word' id='word_1_324' title='bbox 768 2966 971 2992; x_wconf 71' lang='lat' dir='ltr'>Praedicator-ec.</span> <span class='ocrx_word' id='word_1_325' title='bbox 987 2969 1060 2993; x_wconf 72' lang='lat' dir='ltr'>Certe</span> <span class='ocrx_word' id='word_1_326' title='bbox 1074 2971 1101 2992; x_wconf 71' lang='lat' dir='ltr'>ul</span> <span class='ocrx_word' id='word_1_327' title='bbox 1114 2977 1193 3001; x_wconf 71' lang='lat' dir='ltr'>cupra</span> 
     </span>
    </p>
   </div>
   <div class='ocr_carea' id='block_1_7' title="bbox 790 434 1770 462">
    <p class='ocr_par' dir='ltr' id='par_1_15' title="bbox 790 434 1770 462">
     <span class='ocr_line' id='line_1_53' title="bbox 790 434 1770 462; baseline 0 0"><span class='ocrx_word' id='word_1_328' title='bbox 790 436 904 462; x_wconf 83' lang='lat' dir='ltr'><strong>LIBER</strong></span> <span class='ocrx_word' id='word_1_329' title='bbox 929 434 1243 462; x_wconf 82' lang='lat' dir='ltr'>PROCURATORUM</span> <span class='ocrx_word' id='word_1_330' title='bbox 1267 434 1448 462; x_wconf 78' lang='lat' dir='ltr'><strong>NATIONIS</strong></span> <span class='ocrx_word' id='word_1_331' title='bbox 1470 435 1715 462; x_wconf 78' lang='lat' dir='ltr'>ANGLICANAE</span> <span class='ocrx_word' id='word_1_332' title='bbox 1766 439 1770 442; x_wconf 84' lang='lat'>&#39;</span> 
     </span>
    </p>
   </div>
   <div class='ocr_carea' id='block_1_8' title="bbox 1237 955 1271 981">
    <p class='ocr_par' dir='ltr' id='par_1_16' title="bbox 1237 955 1271 981">
     <span class='ocr_line' id='line_1_54' title="bbox 1237 955 1271 981; baseline 0 0"><span class='ocrx_word' id='word_1_333' title='bbox 1237 955 1271 981; x_wconf 87' lang='lat'>10</span> 
     </span>
    </p>
   </div>
   <div class='ocr_carea' id='block_1_9' title="bbox 1236 1200 1270 1226">
    <p class='ocr_par' dir='ltr' id='par_1_17' title="bbox 1236 1200 1270 1226">
     <span class='ocr_line' id='line_1_55' title="bbox 1236 1200 1270 1226; baseline 0 0"><span class='ocrx_word' id='word_1_334' title='bbox 1236 1200 1270 1226; x_wconf 88' lang='grc'>15</span> 
     </span>
    </p>
   </div>
   <div class='ocr_carea' id='block_1_10' title="bbox 1235 1446 1269 1472">
    <p class='ocr_par' dir='ltr' id='par_1_18' title="bbox 1235 1446 1269 1472">
     <span class='ocr_line' id='line_1_56' title="bbox 1235 1446 1269 1472; baseline 0.029 -1"><span class='ocrx_word' id='word_1_335' title='bbox 1235 1446 1269 1472; x_wconf 87' lang='grc'>20</span> 
     </span>
    </p>
   </div>
   <div class='ocr_carea' id='block_1_11' title="bbox 1234 1690 1268 1716">
    <p class='ocr_par' dir='ltr' id='par_1_19' title="bbox 1234 1690 1268 1716">
     <span class='ocr_line' id='line_1_57' title="bbox 1234 1690 1268 1716; baseline 0 0"><span class='ocrx_word' id='word_1_336' title='bbox 1234 1690 1268 1716; x_wconf 83' lang='lat'>25</span> 
     </span>
    </p>
   </div>
   <div class='ocr_carea' id='block_1_12' title="bbox 1232 1935 1268 1962">
    <p class='ocr_par' dir='ltr' id='par_1_20' title="bbox 1232 1935 1268 1962">
     <span class='ocr_line' id='line_1_58' title="bbox 1232 1935 1268 1962; baseline 0 0"><span class='ocrx_word' id='word_1_337' title='bbox 1232 1935 1268 1962; x_wconf 81' lang='lat'>30</span> 
     </span>
    </p>
   </div>
   <div class='ocr_carea' id='block_1_13' title="bbox 1231 2180 1265 2207">
    <p class='ocr_par' dir='ltr' id='par_1_21' title="bbox 1231 2180 1265 2207">
     <span class='ocr_line' id='line_1_59' title="bbox 1231 2180 1265 2207; baseline 0 0"><span class='ocrx_word' id='word_1_338' title='bbox 1231 2180 1265 2207; x_wconf 82' lang='lat'>35</span> 
     </span>
    </p>
   </div>
   <div class='ocr_carea' id='block_1_14' title="bbox 1231 2670 1264 2697">
    <p class='ocr_par' dir='ltr' id='par_1_22' title="bbox 1231 2670 1264 2697">
     <span class='ocr_line' id='line_1_60' title="bbox 1231 2670 1264 2697; baseline 0 0"><span class='ocrx_word' id='word_1_339' title='bbox 1231 2670 1264 2697; x_wconf 81' lang='lat'>45</span> 
     </span>
    </p>
   </div>
   <div class='ocr_carea' id='block_1_15' title="bbox 2165 439 2219 464">
    <p class='ocr_par' dir='ltr' id='par_1_23' title="bbox 2165 439 2219 464">
     <span class='ocr_line' id='line_1_61' title="bbox 2165 439 2219 464; baseline 0 0"><span class='ocrx_word' id='word_1_340' title='bbox 2165 439 2219 464; x_wconf 79' lang='lat'>442</span> 
     </span>
    </p>
   </div>
   <div class='ocr_carea' id='block_1_16' title="bbox 1301 511 2221 2759">
    <p class='ocr_par' dir='ltr' id='par_1_24' title="bbox 1308 511 2221 893">
     <span class='ocr_line' id='line_1_62' title="bbox 1310 511 2219 553; baseline 0.006 -14"><span class='ocrx_word' id='word_1_341' title='bbox 1310 511 1547 550; x_wconf 86' lang='lat' dir='ltr'>perpotandum,</span> <span class='ocrx_word' id='word_1_342' title='bbox 1569 521 1636 541; x_wconf 90' lang='lat' dir='ltr'>cum</span> <span class='ocrx_word' id='word_1_343' title='bbox 1652 513 1740 551; x_wconf 89' lang='lat' dir='ltr'>prius</span> <span class='ocrx_word' id='word_1_344' title='bbox 1760 512 1890 542; x_wconf 83' lang='lat' dir='ltr'>officium</span> <span class='ocrx_word' id='word_1_345' title='bbox 1904 514 2138 553; x_wconf 87' lang='lat' dir='ltr'>procuracionis</span> <span class='ocrx_word' id='word_1_346' title='bbox 2157 526 2219 544; x_wconf 92' lang='lat' dir='ltr'>non</span> 
     </span>
     <span class='ocr_line' id='line_1_63' title="bbox 1311 560 2219 603; baseline 0.006 -15"><span class='ocrx_word' id='word_1_347' title='bbox 1311 560 1495 595; x_wconf 87' lang='lat' dir='ltr'>exercuerit,</span> <span class='ocrx_word' id='word_1_348' title='bbox 1524 561 1577 600; x_wconf 91' lang='lat' dir='ltr'>qui</span> <span class='ocrx_word' id='word_1_349' title='bbox 1601 561 1639 590; x_wconf 83' lang='lat' dir='ltr'>ad</span> <span class='ocrx_word' id='word_1_350' title='bbox 1663 561 1808 600; x_wconf 86' lang='lat' dir='ltr'>placitum</span> <span class='ocrx_word' id='word_1_351' title='bbox 1838 563 2055 602; x_wconf 86' lang='lat' dir='ltr'>magistrorum</span> <span class='ocrx_word' id='word_1_352' title='bbox 2087 571 2219 603; x_wconf 86' lang='lat' dir='ltr'>protunc</span> 
     </span>
     <span class='ocr_line' id='line_1_64' title="bbox 1309 609 2219 651; baseline 0.005 -14"><span class='ocrx_word' id='word_1_353' title='bbox 1309 609 1507 648; x_wconf 89' lang='lat' dir='ltr'>presencium</span> <span class='ocrx_word' id='word_1_354' title='bbox 1520 611 1550 638; x_wconf 86' lang='lat' dir='ltr'>in</span> <span class='ocrx_word' id='word_1_355' title='bbox 1564 610 1678 639; x_wconf 79' lang='lat' dir='ltr'>duobus</span> <span class='ocrx_word' id='word_1_356' title='bbox 1685 611 1801 649; x_wconf 81' lang='lat' dir='ltr'>gladiis</span> <span class='ocrx_word' id='word_1_357' title='bbox 1812 618 2006 651; x_wconf 89' lang='lat' dir='ltr'>perpotatus‚</span> <span class='ocrx_word' id='word_1_358' title='bbox 2018 612 2088 641; x_wconf 88' lang='lat' dir='ltr'>XXI</span> <span class='ocrx_word' id='word_1_359' title='bbox 2101 613 2219 643; x_wconf 88' lang='lat' dir='ltr'>solidos</span> 
     </span>
     <span class='ocr_line' id='line_1_65' title="bbox 1310 657 2220 700; baseline 0.005 -14"><span class='ocrx_word' id='word_1_360' title='bbox 1310 663 1340 686; x_wconf 94' lang='lat' dir='ltr'>et</span> <span class='ocrx_word' id='word_1_361' title='bbox 1356 657 1384 687; x_wconf 92' lang='lat'>11</span> <span class='ocrx_word' id='word_1_362' title='bbox 1399 658 1556 693; x_wconf 85' lang='lat' dir='ltr'>denarios,</span> <span class='ocrx_word' id='word_1_363' title='bbox 1578 658 1647 688; x_wconf 91' lang='lat' dir='ltr'>XVI</span> <span class='ocrx_word' id='word_1_364' title='bbox 1668 659 1700 688; x_wconf 90' lang='lat' dir='ltr'>in</span> <span class='ocrx_word' id='word_1_365' title='bbox 1718 666 1865 699; x_wconf 89' lang='lat' dir='ltr'>quantum</span> <span class='ocrx_word' id='word_1_366' title='bbox 1881 670 1940 700; x_wconf 89' lang='lat' dir='ltr'>pro</span> <span class='ocrx_word' id='word_1_367' title='bbox 1959 661 2057 700; x_wconf 89' lang='lat' dir='ltr'>prima</span> <span class='ocrx_word' id='word_1_368' title='bbox 2069 672 2220 700; x_wconf 85' lang='lat' dir='ltr'>procura·</span> 
     </span>
     <span class='ocr_line' id='line_1_66' title="bbox 1309 706 2219 744; baseline 0.004 -9"><span class='ocrx_word' id='word_1_369' title='bbox 1309 706 1398 736; x_wconf 89' lang='lat' dir='ltr'>cione</span> <span class='ocrx_word' id='word_1_370' title='bbox 1413 716 1469 736; x_wconf 88' lang='lat' dir='ltr'>sua</span> <span class='ocrx_word' id='word_1_371' title='bbox 1486 707 1620 743; x_wconf 90' lang='lat' dir='ltr'>debitos,</span> <span class='ocrx_word' id='word_1_372' title='bbox 1637 714 1668 737; x_wconf 90' lang='lat' dir='ltr'>et</span> <span class='ocrx_word' id='word_1_373' title='bbox 1684 708 1855 744; x_wconf 89' lang='lat' dir='ltr'>residuum,</span> <span class='ocrx_word' id='word_1_374' title='bbox 1873 710 1891 738; x_wconf 88' lang='grc'>5</span> <span class='ocrx_word' id='word_1_375' title='bbox 1908 709 2027 739; x_wconf 87' lang='lat' dir='ltr'>solidos</span> <span class='ocrx_word' id='word_1_376' title='bbox 2041 716 2070 739; x_wconf 90' lang='lat' dir='ltr'>et</span> <span class='ocrx_word' id='word_1_377' title='bbox 2085 710 2111 739; x_wconf 93' lang='lat' dir='ltr'>ll</span> <span class='ocrx_word' id='word_1_378' title='bbox 2129 711 2219 740; x_wconf 84' lang='lat' dir='ltr'>dena-</span> 
     </span>
     <span class='ocr_line' id='line_1_67' title="bbox 1308 755 2219 798; baseline 0.004 -14"><span class='ocrx_word' id='word_1_379' title='bbox 1308 755 1386 791; x_wconf 89' lang='lat' dir='ltr'>rios,</span> <span class='ocrx_word' id='word_1_380' title='bbox 1411 755 1526 786; x_wconf 90' lang='lat' dir='ltr'>ibidem</span> <span class='ocrx_word' id='word_1_381' title='bbox 1555 766 1715 797; x_wconf 83' lang='lat' dir='ltr'>exponens</span> <span class='ocrx_word' id='word_1_382' title='bbox 1740 767 1803 787; x_wconf 89' lang='lat' dir='ltr'>non</span> <span class='ocrx_word' id='word_1_383' title='bbox 1834 764 1978 798; x_wconf 90' lang='lat' dir='ltr'>tanquam</span> <span class='ocrx_word' id='word_1_384' title='bbox 2009 759 2126 788; x_wconf 87' lang='lat' dir='ltr'>debens</span> <span class='ocrx_word' id='word_1_385' title='bbox 2165 760 2219 789; x_wconf 90' lang='lat' dir='ltr'>sed</span> 
     </span>
     <span class='ocr_line' id='line_1_68' title="bbox 1308 805 2221 847; baseline 0.005 -14"><span class='ocrx_word' id='word_1_386' title='bbox 1308 810 1424 834; x_wconf 90' lang='lat' dir='ltr'>tantum</span> <span class='ocrx_word' id='word_1_387' title='bbox 1450 805 1558 835; x_wconf 88' lang='lat' dir='ltr'>volens</span> <span class='ocrx_word' id='word_1_388' title='bbox 1581 816 1649 836; x_wconf 90' lang='lat' dir='ltr'>cum</span> <span class='ocrx_word' id='word_1_389' title='bbox 1671 806 1866 846; x_wconf 88' lang='lat' dir='ltr'>beneplacito</span> <span class='ocrx_word' id='word_1_390' title='bbox 1888 807 2107 847; x_wconf 86' lang='lat' dir='ltr'>magistrorum</span> <span class='ocrx_word' id='word_1_391' title='bbox 2128 809 2221 838; x_wconf 82' lang='lat' dir='ltr'>solvit</span> 
     </span>
     <span class='ocr_line' id='line_1_69' title="bbox 1308 854 1512 893; baseline 0.01 -11"><span class='ocrx_word' id='word_1_392' title='bbox 1308 859 1339 882; x_wconf 90' lang='lat' dir='ltr'>et</span> <span class='ocrx_word' id='word_1_393' title='bbox 1353 854 1512 893; x_wconf 82' lang='lat' dir='ltr'>expendit.</span> 
     </span>
    </p>

    <p class='ocr_par' dir='ltr' id='par_1_25' title="bbox 1301 902 2220 2610">
     <span class='ocr_line' id='line_1_70' title="bbox 1350 902 2218 946; baseline 0.005 -15"><span class='ocrx_word' id='word_1_394' title='bbox 1350 902 1424 932; x_wconf 87' lang='lat' dir='ltr'>Item</span> <span class='ocrx_word' id='word_1_395' title='bbox 1441 904 1547 932; x_wconf 89' lang='lat' dir='ltr'>eadem</span> <span class='ocrx_word' id='word_1_396' title='bbox 1566 904 1618 933; x_wconf 92' lang='lat' dir='ltr'>die</span> <span class='ocrx_word' id='word_1_397' title='bbox 1634 903 1717 934; x_wconf 88' lang='lat' dir='ltr'>circa</span> <span class='ocrx_word' id='word_1_398' title='bbox 1734 904 1841 934; x_wconf 92' lang='lat' dir='ltr'>horam</span> <span class='ocrx_word' id='word_1_399' title='bbox 1860 915 2061 945; x_wconf 85' lang='lat' dir='ltr'>vesperarum</span> <span class='ocrx_word' id='word_1_400' title='bbox 2084 916 2218 946; x_wconf 83' lang='lat' dir='ltr'>congre-</span> 
     </span>
     <span class='ocr_line' id='line_1_71' title="bbox 1307 951 2219 995; baseline 0.005 -15"><span class='ocrx_word' id='word_1_401' title='bbox 1307 951 1388 990; x_wconf 86' lang='lat' dir='ltr'>gatis</span> <span class='ocrx_word' id='word_1_402' title='bbox 1403 958 1605 991; x_wconf 85' lang='lat' dir='ltr'>procuratore</span> <span class='ocrx_word' id='word_1_403' title='bbox 1626 963 1687 982; x_wconf 87' lang='lat' dir='ltr'>una</span> <span class='ocrx_word' id='word_1_404' title='bbox 1708 963 1776 983; x_wconf 88' lang='lat' dir='ltr'>cum</span> <span class='ocrx_word' id='word_1_405' title='bbox 1795 955 1949 993; x_wconf 86' lang='lat' dir='ltr'>deputatis</span> <span class='ocrx_word' id='word_1_406' title='bbox 1970 954 2110 984; x_wconf 88' lang='lat' dir='ltr'>nacionis</span> <span class='ocrx_word' id='word_1_407' title='bbox 2126 966 2219 995; x_wconf 88' lang='lat' dir='ltr'>sepe·-</span> 
     </span>
     <span class='ocr_line' id='line_1_72' title="bbox 1307 1000 2218 1042; baseline 0.005 -13"><span class='ocrx_word' id='word_1_408' title='bbox 1307 1000 1398 1029; x_wconf 88' lang='lat' dir='ltr'>dictis</span> <span class='ocrx_word' id='word_1_409' title='bbox 1418 1010 1514 1040; x_wconf 91' lang='lat' dir='ltr'>super</span> <span class='ocrx_word' id='word_1_410' title='bbox 1532 1001 1690 1031; x_wconf 89' lang='lat' dir='ltr'>locacione</span> <span class='ocrx_word' id='word_1_411' title='bbox 1710 1002 1802 1032; x_wconf 90' lang='lat' dir='ltr'>unius</span> <span class='ocrx_word' id='word_1_412' title='bbox 1821 1004 1944 1042; x_wconf 88' lang='lat' dir='ltr'>gardini</span> <span class='ocrx_word' id='word_1_413' title='bbox 1965 1010 1995 1033; x_wconf 91' lang='lat' dir='ltr'>et</span> <span class='ocrx_word' id='word_1_414' title='bbox 2011 1005 2090 1033; x_wconf 84' lang='lat' dir='ltr'>sacto</span> <span class='ocrx_word' id='word_1_415' title='bbox 2110 1005 2218 1034; x_wconf 86' lang='lat' dir='ltr'>multo-</span> 
     </span>
     <span class='ocr_line' id='line_1_73' title="bbox 1307 1049 2220 1090; baseline 0.005 -12"><span class='ocrx_word' id='word_1_416' title='bbox 1307 1049 1366 1078; x_wconf 88' lang='lat' dir='ltr'>ties</span> <span class='ocrx_word' id='word_1_417' title='bbox 1382 1056 1575 1088; x_wconf 83' lang='lat' dir='ltr'>prenarrato‚</span> <span class='ocrx_word' id='word_1_418' title='bbox 1590 1051 1671 1090; x_wconf 85' lang='lat' dir='ltr'>apud</span> <span class='ocrx_word' id='word_1_419' title='bbox 1684 1050 1828 1081; x_wconf 86' lang='lat' dir='ltr'>Sanctum</span> <span class='ocrx_word' id='word_1_420' title='bbox 1842 1051 2041 1088; x_wconf 86' lang='lat' dir='ltr'>Maturinum‚</span> <span class='ocrx_word' id='word_1_421' title='bbox 2056 1053 2220 1083; x_wconf 84' lang='lat' dir='ltr'>adiverunt</span> 
     </span>
     <span class='ocr_line' id='line_1_74' title="bbox 1307 1097 2218 1141; baseline 0.007 -15"><span class='ocrx_word' id='word_1_422' title='bbox 1307 1097 1488 1138; x_wconf 86' lang='lat' dir='ltr'>magistrum</span> <span class='ocrx_word' id='word_1_423' title='bbox 1510 1098 1658 1129; x_wconf 90' lang='lat' dir='ltr'>Thomam</span> <span class='ocrx_word' id='word_1_424' title='bbox 1683 1099 1837 1130; x_wconf 82' lang='lat' dir='ltr'>Graffardi</span> <span class='ocrx_word' id='word_1_425' title='bbox 1853 1100 1866 1119; x_wconf 80' lang='lat'>⁵</span> <span class='ocrx_word' id='word_1_426' title='bbox 1890 1111 1959 1130; x_wconf 91' lang='lat' dir='ltr'>cum</span> <span class='ocrx_word' id='word_1_427' title='bbox 1986 1102 2126 1138; x_wconf 91' lang='lat' dir='ltr'>bedello,</span> <span class='ocrx_word' id='word_1_428' title='bbox 2148 1113 2218 1141; x_wconf 87' lang='lat' dir='ltr'>por-</span> 
     </span>
     <span class='ocr_line' id='line_1_75' title="bbox 1306 1147 2217 1190; baseline 0.007 -15"><span class='ocrx_word' id='word_1_429' title='bbox 1306 1153 1407 1176; x_wconf 88' lang='lat' dir='ltr'>tantes</span> <span class='ocrx_word' id='word_1_430' title='bbox 1419 1147 1479 1176; x_wconf 90' lang='lat' dir='ltr'>sibi</span> <span class='ocrx_word' id='word_1_431' title='bbox 1492 1158 1583 1177; x_wconf 89' lang='lat' dir='ltr'>unam</span> <span class='ocrx_word' id='word_1_432' title='bbox 1598 1148 1719 1178; x_wconf 90' lang='lat' dir='ltr'>literam</span> <span class='ocrx_word' id='word_1_433' title='bbox 1732 1159 1787 1179; x_wconf 89' lang='lat' dir='ltr'>seu</span> <span class='ocrx_word' id='word_1_434' title='bbox 1798 1150 1936 1179; x_wconf 88' lang='lat' dir='ltr'>cedulam</span> <span class='ocrx_word' id='word_1_435' title='bbox 1953 1161 2048 1190; x_wconf 90' lang='lat' dir='ltr'>super</span> <span class='ocrx_word' id='word_1_436' title='bbox 2060 1151 2217 1181; x_wconf 90' lang='lat' dir='ltr'>locacione</span> 
     </span>
     <span class='ocr_line' id='line_1_76' title="bbox 1307 1197 2218 1241; baseline 0.007 -16"><span class='ocrx_word' id='word_1_437' title='bbox 1307 1201 1365 1225; x_wconf 89' lang='lat' dir='ltr'>etc.</span> <span class='ocrx_word' id='word_1_438' title='bbox 1379 1206 1435 1236; x_wconf 93' lang='lat' dir='ltr'>per</span> <span class='ocrx_word' id='word_1_439' title='bbox 1449 1197 1631 1237; x_wconf 82' lang='lat' dir='ltr'>magistrum</span> <span class='ocrx_word' id='word_1_440' title='bbox 1646 1198 1847 1228; x_wconf 88' lang='lat' dir='ltr'>Wilhelmum</span> <span class='ocrx_word' id='word_1_441' title='bbox 1861 1198 1999 1236; x_wconf 90' lang='lat' dir='ltr'>Scotum,</span> <span class='ocrx_word' id='word_1_442' title='bbox 2011 1210 2104 1230; x_wconf 90' lang='lat' dir='ltr'>unum</span> <span class='ocrx_word' id='word_1_443' title='bbox 2118 1202 2218 1241; x_wconf 90' lang='lat' dir='ltr'>depu-</span> 
     </span>
     <span class='ocr_line' id='line_1_77' title="bbox 1306 1246 2216 1289; baseline 0.007 -15"><span class='ocrx_word' id='word_1_444' title='bbox 1306 1250 1450 1281; x_wconf 87' lang='lat' dir='ltr'>tatorum,</span> <span class='ocrx_word' id='word_1_445' title='bbox 1474 1246 1506 1275; x_wconf 92' lang='lat' dir='ltr'>in</span> <span class='ocrx_word' id='word_1_446' title='bbox 1526 1247 1622 1276; x_wconf 83' lang='lat' dir='ltr'>forma</span> <span class='ocrx_word' id='word_1_447' title='bbox 1640 1247 1761 1277; x_wconf 92' lang='lat' dir='ltr'>meliori</span> <span class='ocrx_word' id='word_1_448' title='bbox 1783 1254 1814 1277; x_wconf 92' lang='lat' dir='ltr'>et</span> <span class='ocrx_word' id='word_1_449' title='bbox 1833 1249 2000 1282; x_wconf 86' lang='lat' dir='ltr'>securiori,</span> <span class='ocrx_word' id='word_1_450' title='bbox 2023 1260 2083 1289; x_wconf 90' lang='lat' dir='ltr'>qua</span> <span class='ocrx_word' id='word_1_451' title='bbox 2106 1250 2216 1289; x_wconf 85' lang='lat' dir='ltr'>potuit,</span> 
     </span>
     <span class='ocr_line' id='line_1_78' title="bbox 1306 1295 2217 1339; baseline 0.007 -16"><span class='ocrx_word' id='word_1_452' title='bbox 1306 1303 1364 1334; x_wconf 84' lang='lat' dir='ltr'>pro</span> <span class='ocrx_word' id='word_1_453' title='bbox 1386 1295 1548 1334; x_wconf 87' lang='lat' dir='ltr'>provincia</span> <span class='ocrx_word' id='word_1_454' title='bbox 1566 1295 1676 1325; x_wconf 90' lang='lat' dir='ltr'>Suecie</span> <span class='ocrx_word' id='word_1_455' title='bbox 1695 1303 1726 1326; x_wconf 88' lang='lat' dir='ltr'>et</span> <span class='ocrx_word' id='word_1_456' title='bbox 1744 1297 1873 1327; x_wconf 88' lang='lat' dir='ltr'>nacione</span> <span class='ocrx_word' id='word_1_457' title='bbox 1893 1297 2065 1338; x_wconf 85' lang='lat' dir='ltr'>Anglicana</span> <span class='ocrx_word' id='word_1_458' title='bbox 2085 1300 2217 1339; x_wconf 84' lang='lat' dir='ltr'>positam</span> 
     </span>
     <span class='ocr_line' id='line_1_79' title="bbox 1307 1344 2216 1387; baseline 0.007 -15"><span class='ocrx_word' id='word_1_459' title='bbox 1307 1349 1337 1373; x_wconf 89' lang='lat' dir='ltr'>et</span> <span class='ocrx_word' id='word_1_460' title='bbox 1353 1344 1536 1373; x_wconf 87' lang='lat' dir='ltr'>ordinatam.</span> <span class='ocrx_word' id='word_1_461' title='bbox 1559 1345 1627 1382; x_wconf 92' lang='lat' dir='ltr'>Quo</span> <span class='ocrx_word' id='word_1_462' title='bbox 1643 1346 1722 1375; x_wconf 87' lang='lat' dir='ltr'>facto</span> <span class='ocrx_word' id='word_1_463' title='bbox 1737 1353 1868 1386; x_wconf 86' lang='lat' dir='ltr'>propter</span> <span class='ocrx_word' id='word_1_464' title='bbox 1884 1347 1993 1377; x_wconf 88' lang='lat' dir='ltr'>cedule</span> <span class='ocrx_word' id='word_1_465' title='bbox 2009 1348 2216 1387; x_wconf 86' lang='lat' dir='ltr'>prolixitatem</span> 
     </span>
     <span class='ocr_line' id='line_1_80' title="bbox 1306 1394 2217 1435; baseline 0.007 -14"><span class='ocrx_word' id='word_1_466' title='bbox 1306 1402 1368 1422; x_wconf 90' lang='lat' dir='ltr'>non</span> <span class='ocrx_word' id='word_1_467' title='bbox 1398 1400 1519 1432; x_wconf 81' lang='lat' dir='ltr'>poterat</span> <span class='ocrx_word' id='word_1_468' title='bbox 1544 1394 1705 1433; x_wconf 90' lang='lat' dir='ltr'>predictus</span> <span class='ocrx_word' id='word_1_469' title='bbox 1730 1405 1811 1435; x_wconf 84' lang='lat' dir='ltr'>mag.</span> <span class='ocrx_word' id='word_1_470' title='bbox 1840 1395 1974 1426; x_wconf 90' lang='lat' dir='ltr'>Thomas</span> <span class='ocrx_word' id='word_1_471' title='bbox 2004 1407 2062 1427; x_wconf 89' lang='lat' dir='ltr'>nos</span> <span class='ocrx_word' id='word_1_472' title='bbox 2090 1398 2142 1427; x_wconf 90' lang='lat' dir='ltr'>illa</span> <span class='ocrx_word' id='word_1_473' title='bbox 2166 1398 2217 1428; x_wconf 91' lang='lat' dir='ltr'>die</span> 
     </span>
     <span class='ocr_line' id='line_1_81' title="bbox 1307 1442 2217 1484; baseline 0.005 -13"><span class='ocrx_word' id='word_1_474' title='bbox 1307 1451 1403 1481; x_wconf 85' lang='lat' dir='ltr'>super</span> <span class='ocrx_word' id='word_1_475' title='bbox 1428 1442 1460 1471; x_wconf 91' lang='lat' dir='ltr'>in</span> <span class='ocrx_word' id='word_1_476' title='bbox 1487 1443 1595 1472; x_wconf 85' lang='lat' dir='ltr'>cedula</span> <span class='ocrx_word' id='word_1_477' title='bbox 1620 1444 1774 1473; x_wconf 90' lang='lat' dir='ltr'>contentis</span> <span class='ocrx_word' id='word_1_478' title='bbox 1801 1446 1960 1484; x_wconf 82' lang='lat' dir='ltr'>expedire.</span> <span class='ocrx_word' id='word_1_479' title='bbox 1985 1446 2046 1475; x_wconf 86' lang='lat' dir='ltr'>Sed</span> <span class='ocrx_word' id='word_1_480' title='bbox 2071 1446 2160 1482; x_wconf 87' lang='lat' dir='ltr'>dixit,</span> <span class='ocrx_word' id='word_1_481' title='bbox 2184 1458 2217 1477; x_wconf 90' lang='lat' dir='ltr'>se</span> 
     </span>
     <span class='ocr_line' id='line_1_82' title="bbox 1306 1491 2215 1535; baseline 0.008 -16"><span class='ocrx_word' id='word_1_482' title='bbox 1306 1491 1453 1520; x_wconf 79' lang='lat' dir='ltr'>articulos</span> <span class='ocrx_word' id='word_1_483' title='bbox 1468 1491 1499 1520; x_wconf 89' lang='lat' dir='ltr'>in</span> <span class='ocrx_word' id='word_1_484' title='bbox 1515 1492 1624 1522; x_wconf 85' lang='lat' dir='ltr'>cedula</span> <span class='ocrx_word' id='word_1_485' title='bbox 1637 1499 1798 1523; x_wconf 89' lang='lat' dir='ltr'>contentos</span> <span class='ocrx_word' id='word_1_486' title='bbox 1811 1494 1951 1530; x_wconf 77' lang='lat' dir='ltr'>visurum</span> <span class='ocrx_word' id='word_1_487' title='bbox 1967 1501 1996 1524; x_wconf 89' lang='lat' dir='ltr'>et</span> <span class='ocrx_word' id='word_1_488' title='bbox 2009 1496 2215 1535; x_wconf 81' lang='lat' dir='ltr'>perlectorum</span> 
     </span>
     <span class='ocr_line' id='line_1_83' title="bbox 1306 1540 2216 1585; baseline 0.008 -17"><span class='ocrx_word' id='word_1_489' title='bbox 1306 1546 1337 1569; x_wconf 89' lang='lat' dir='ltr'>et</span> <span class='ocrx_word' id='word_1_490' title='bbox 1352 1540 1384 1569; x_wconf 87' lang='lat' dir='ltr'>in</span> <span class='ocrx_word' id='word_1_491' title='bbox 1397 1540 1447 1569; x_wconf 90' lang='lat' dir='ltr'>die</span> <span class='ocrx_word' id='word_1_492' title='bbox 1458 1541 1615 1571; x_wconf 88' lang='lat' dir='ltr'>dominico</span> <span class='ocrx_word' id='word_1_493' title='bbox 1630 1549 1778 1581; x_wconf 90' lang='lat' dir='ltr'>sequente</span> <span class='ocrx_word' id='word_1_494' title='bbox 1794 1543 1885 1572; x_wconf 90' lang='lat' dir='ltr'>nobis</span> <span class='ocrx_word' id='word_1_495' title='bbox 1898 1545 2073 1574; x_wconf 85' lang='lat' dir='ltr'>reversuris</span> <span class='ocrx_word' id='word_1_496' title='bbox 2087 1555 2216 1585; x_wconf 83' lang='lat' dir='ltr'>respon-</span> 
     </span>
     <span class='ocr_line' id='line_1_84' title="bbox 1307 1589 2216 1633; baseline 0.007 -15"><span class='ocrx_word' id='word_1_497' title='bbox 1307 1599 1423 1619; x_wconf 87' lang='lat' dir='ltr'>surum.</span> <span class='ocrx_word' id='word_1_498' title='bbox 1452 1589 1527 1619; x_wconf 89' lang='lat' dir='ltr'>Item</span> <span class='ocrx_word' id='word_1_499' title='bbox 1549 1591 1599 1620; x_wconf 93' lang='lat' dir='ltr'>die</span> <span class='ocrx_word' id='word_1_500' title='bbox 1628 1591 1782 1621; x_wconf 87' lang='lat' dir='ltr'>dominica</span> <span class='ocrx_word' id='word_1_501' title='bbox 1805 1599 1954 1633; x_wconf 87' lang='lat' dir='ltr'>sequente</span> <span class='ocrx_word' id='word_1_502' title='bbox 1972 1592 1984 1611; x_wconf 77' lang='lat'><strong><em>⁶</em></strong></span> <span class='ocrx_word' id='word_1_503' title='bbox 2009 1594 2160 1633; x_wconf 87' lang='lat' dir='ltr'>predictis</span> <span class='ocrx_word' id='word_1_504' title='bbox 2185 1595 2216 1624; x_wconf 91' lang='lat' dir='ltr'>in</span> 
     </span>
     <span class='ocr_line' id='line_1_85' title="bbox 1305 1637 2216 1681; baseline 0.007 -14"><span class='ocrx_word' id='word_1_505' title='bbox 1305 1637 1374 1668; x_wconf 89' lang='lat' dir='ltr'>loco</span> <span class='ocrx_word' id='word_1_506' title='bbox 1405 1639 1525 1678; x_wconf 83' lang='lat' dir='ltr'>prefato</span> <span class='ocrx_word' id='word_1_507' title='bbox 1552 1639 1653 1669; x_wconf 92' lang='lat' dir='ltr'>denuo</span> <span class='ocrx_word' id='word_1_508' title='bbox 1683 1641 1882 1681; x_wconf 80' lang='lat' dir='ltr'>congregatis</span> <span class='ocrx_word' id='word_1_509' title='bbox 1910 1652 1971 1671; x_wconf 91' lang='lat' dir='ltr'>una</span> <span class='ocrx_word' id='word_1_510' title='bbox 1998 1652 2065 1672; x_wconf 89' lang='lat' dir='ltr'>cum</span> <span class='ocrx_word' id='word_1_511' title='bbox 2094 1643 2216 1673; x_wconf 87' lang='lat' dir='ltr'>bedello</span> 
     </span>
     <span class='ocr_line' id='line_1_86' title="bbox 1306 1688 2215 1731; baseline 0.007 -15"><span class='ocrx_word' id='word_1_512' title='bbox 1306 1688 1436 1717; x_wconf 90' lang='lat' dir='ltr'>eundem</span> <span class='ocrx_word' id='word_1_513' title='bbox 1453 1688 1628 1718; x_wconf 88' lang='lat' dir='ltr'>adiverunt.</span> <span class='ocrx_word' id='word_1_514' title='bbox 1646 1689 1766 1726; x_wconf 90' lang='lat' dir='ltr'>Quibus</span> <span class='ocrx_word' id='word_1_515' title='bbox 1784 1690 1934 1730; x_wconf 87' lang='lat' dir='ltr'>magister</span> <span class='ocrx_word' id='word_1_516' title='bbox 1954 1691 2089 1721; x_wconf 88' lang='lat' dir='ltr'>Thomas</span> <span class='ocrx_word' id='word_1_517' title='bbox 2105 1703 2215 1731; x_wconf 88' lang='lat' dir='ltr'>preno-</span> 
     </span>
     <span class='ocr_line' id='line_1_87' title="bbox 1305 1736 2215 1781; baseline 0.007 -16"><span class='ocrx_word' id='word_1_518' title='bbox 1305 1736 1438 1766; x_wconf 88' lang='lat' dir='ltr'>minatus</span> <span class='ocrx_word' id='word_1_519' title='bbox 1466 1737 1608 1776; x_wconf 84' lang='lat' dir='ltr'>porrexit</span> <span class='ocrx_word' id='word_1_520' title='bbox 1641 1748 1732 1768; x_wconf 92' lang='lat' dir='ltr'>unam</span> <span class='ocrx_word' id='word_1_521' title='bbox 1763 1739 1852 1768; x_wconf 89' lang='lat' dir='ltr'>aliam</span> <span class='ocrx_word' id='word_1_522' title='bbox 1882 1740 2022 1770; x_wconf 84' lang='lat' dir='ltr'>cedulam</span> <span class='ocrx_word' id='word_1_523' title='bbox 2050 1751 2087 1770; x_wconf 89' lang='lat' dir='ltr'>ex</span> <span class='ocrx_word' id='word_1_524' title='bbox 2117 1742 2215 1781; x_wconf 89' lang='lat' dir='ltr'>priori</span> 
     </span>
     <span class='ocr_line' id='line_1_88' title="bbox 1305 1786 2214 1826; baseline 0.007 -12"><span class='ocrx_word' id='word_1_525' title='bbox 1305 1791 1471 1815; x_wconf 87' lang='lat' dir='ltr'>extractam</span> <span class='ocrx_word' id='word_1_526' title='bbox 1489 1786 1520 1815; x_wconf 92' lang='lat' dir='ltr'>in</span> <span class='ocrx_word' id='word_1_527' title='bbox 1534 1786 1630 1816; x_wconf 80' lang='lat' dir='ltr'>forma</span> <span class='ocrx_word' id='word_1_528' title='bbox 1646 1787 1777 1826; x_wconf 88' lang='lat' dir='ltr'>positam</span> <span class='ocrx_word' id='word_1_529' title='bbox 1795 1794 1826 1818; x_wconf 89' lang='lat' dir='ltr'>et</span> <span class='ocrx_word' id='word_1_530' title='bbox 1841 1790 2010 1818; x_wconf 87' lang='lat' dir='ltr'>secundum</span> <span class='ocrx_word' id='word_1_531' title='bbox 2027 1790 2214 1820; x_wconf 86' lang='lat' dir='ltr'>voluntatem</span> 
     </span>
     <span class='ocr_line' id='line_1_89' title="bbox 1305 1835 2214 1878; baseline 0.007 -15"><span class='ocrx_word' id='word_1_532' title='bbox 1305 1844 1390 1864; x_wconf 85' lang='lat' dir='ltr'>suam</span> <span class='ocrx_word' id='word_1_533' title='bbox 1401 1841 1572 1865; x_wconf 86' lang='lat' dir='ltr'>correctam</span> <span class='ocrx_word' id='word_1_534' title='bbox 1582 1835 1614 1864; x_wconf 90' lang='lat' dir='ltr'>in</span> <span class='ocrx_word' id='word_1_535' title='bbox 1628 1837 1718 1866; x_wconf 90' lang='lat' dir='ltr'>modo</span> <span class='ocrx_word' id='word_1_536' title='bbox 1732 1837 1892 1877; x_wconf 87' lang='lat' dir='ltr'>obligandi</span> <span class='ocrx_word' id='word_1_537' title='bbox 1906 1848 1923 1867; x_wconf 87' lang='lat' dir='ltr'>a</span> <span class='ocrx_word' id='word_1_538' title='bbox 1937 1838 2037 1878; x_wconf 87' lang='lat' dir='ltr'>prima</span> <span class='ocrx_word' id='word_1_539' title='bbox 2049 1840 2117 1869; x_wconf 79' lang='lat' dir='ltr'>data</span> <span class='ocrx_word' id='word_1_540' title='bbox 2129 1840 2214 1870; x_wconf 79' lang='lat' dir='ltr'>diffe-</span> 
     </span>
     <span class='ocr_line' id='line_1_90' title="bbox 1305 1884 2214 1928; baseline 0.008 -16"><span class='ocrx_word' id='word_1_541' title='bbox 1305 1890 1434 1919; x_wconf 86' lang='lat' dir='ltr'>rentem,</span> <span class='ocrx_word' id='word_1_542' title='bbox 1450 1884 1523 1924; x_wconf 87' lang='lat' dir='ltr'>quia</span> <span class='ocrx_word' id='word_1_543' title='bbox 1537 1884 1622 1914; x_wconf 91' lang='lat' dir='ltr'>nullo</span> <span class='ocrx_word' id='word_1_544' title='bbox 1635 1886 1726 1915; x_wconf 91' lang='lat' dir='ltr'>modo</span> <span class='ocrx_word' id='word_1_545' title='bbox 1741 1886 1838 1916; x_wconf 89' lang='lat' dir='ltr'>voluit</span> <span class='ocrx_word' id='word_1_546' title='bbox 1848 1887 1982 1927; x_wconf 87' lang='lat' dir='ltr'>obligari</span> <span class='ocrx_word' id='word_1_547' title='bbox 1994 1897 2114 1918; x_wconf 90' lang='lat' dir='ltr'>camere</span> <span class='ocrx_word' id='word_1_548' title='bbox 2125 1899 2214 1928; x_wconf 87' lang='lat' dir='ltr'>apos-</span> 
     </span>
     <span class='ocr_line' id='line_1_91' title="bbox 1303 1933 2213 1976; baseline 0.007 -14"><span class='ocrx_word' id='word_1_549' title='bbox 1303 1933 1406 1968; x_wconf 88' lang='lat' dir='ltr'>tolice,</span> <span class='ocrx_word' id='word_1_550' title='bbox 1428 1939 1458 1962; x_wconf 88' lang='lat' dir='ltr'>et</span> <span class='ocrx_word' id='word_1_551' title='bbox 1477 1934 1535 1963; x_wconf 87' lang='lat' dir='ltr'>sub</span> <span class='ocrx_word' id='word_1_552' title='bbox 1554 1943 1649 1973; x_wconf 85' lang='lat' dir='ltr'>parvo</span> <span class='ocrx_word' id='word_1_553' title='bbox 1665 1934 1770 1974; x_wconf 85' lang='lat' dir='ltr'>sigillo</span> <span class='ocrx_word' id='word_1_554' title='bbox 1788 1935 2077 1976; x_wconf 74' lang='lat' dir='ltr'>Monfispessulani,</span> <span class='ocrx_word' id='word_1_555' title='bbox 2100 1944 2128 1967; x_wconf 87' lang='lat' dir='ltr'>et</span> <span class='ocrx_word' id='word_1_556' title='bbox 2145 1948 2213 1968; x_wconf 88' lang='lat' dir='ltr'>cum</span> 
     </span>
     <span class='ocr_line' id='line_1_92' title="bbox 1304 1982 2214 2025; baseline 0.005 -14"><span class='ocrx_word' id='word_1_557' title='bbox 1304 1982 1488 2022; x_wconf 82' lang='lat' dir='ltr'>quibusdam</span> <span class='ocrx_word' id='word_1_558' title='bbox 1506 1982 1586 2012; x_wconf 87' lang='lat' dir='ltr'>aliis.</span> <span class='ocrx_word' id='word_1_559' title='bbox 1605 1983 1673 2020; x_wconf 91' lang='lat' dir='ltr'>Qua</span> <span class='ocrx_word' id='word_1_560' title='bbox 1693 1984 1801 2014; x_wconf 88' lang='lat' dir='ltr'>cedula</span> <span class='ocrx_word' id='word_1_561' title='bbox 1815 1995 1872 2024; x_wconf 91' lang='lat' dir='ltr'>per</span> <span class='ocrx_word' id='word_1_562' title='bbox 1887 1986 2050 2025; x_wconf 87' lang='lat' dir='ltr'>deputatos</span> <span class='ocrx_word' id='word_1_563' title='bbox 2067 1986 2168 2016; x_wconf 81' lang='lat' dir='ltr'>habita</span> <span class='ocrx_word' id='word_1_564' title='bbox 2184 1994 2214 2017; x_wconf 90' lang='lat' dir='ltr'>et</span> 
     </span>
     <span class='ocr_line' id='line_1_93' title="bbox 1303 2031 2213 2076; baseline 0.008 -17"><span class='ocrx_word' id='word_1_565' title='bbox 1303 2031 1439 2070; x_wconf 84' lang='lat' dir='ltr'>perlecta</span> <span class='ocrx_word' id='word_1_566' title='bbox 1461 2031 1712 2062; x_wconf 84' lang='lat' dir='ltr'>deliberaverunt</span> <span class='ocrx_word' id='word_1_567' title='bbox 1737 2033 1812 2063; x_wconf 85' lang='lat' dir='ltr'>dicti</span> <span class='ocrx_word' id='word_1_568' title='bbox 1836 2034 1985 2074; x_wconf 87' lang='lat' dir='ltr'>deputati,</span> <span class='ocrx_word' id='word_1_569' title='bbox 2011 2037 2095 2075; x_wconf 91' lang='lat' dir='ltr'>quod</span> <span class='ocrx_word' id='word_1_570' title='bbox 2118 2047 2213 2076; x_wconf 89' lang='lat' dir='ltr'>expe-</span> 
     </span>
     <span class='ocr_line' id='line_1_94' title="bbox 1303 2080 2212 2123; baseline 0.007 -14"><span class='ocrx_word' id='word_1_571' title='bbox 1303 2080 1392 2110; x_wconf 87' lang='lat' dir='ltr'>diens</span> <span class='ocrx_word' id='word_1_572' title='bbox 1405 2087 1435 2110; x_wconf 92' lang='lat' dir='ltr'>et</span> <span class='ocrx_word' id='word_1_573' title='bbox 1448 2090 1590 2110; x_wconf 83' lang='lat' dir='ltr'>securum</span> <span class='ocrx_word' id='word_1_574' title='bbox 1602 2088 1696 2117; x_wconf 85' lang='lat' dir='ltr'>esset,</span> <span class='ocrx_word' id='word_1_575' title='bbox 1713 2083 1796 2121; x_wconf 89' lang='lat' dir='ltr'>quod</span> <span class='ocrx_word' id='word_1_576' title='bbox 1812 2083 1920 2112; x_wconf 84' lang='lat' dir='ltr'>cedula</span> <span class='ocrx_word' id='word_1_577' title='bbox 1930 2084 2147 2123; x_wconf 85' lang='lat' dir='ltr'>deportaretur</span> <span class='ocrx_word' id='word_1_578' title='bbox 2160 2086 2212 2115; x_wconf 92' lang='lat' dir='ltr'>uni</span> 
     </span>
     <span class='ocr_line' id='line_1_95' title="bbox 1302 2130 2212 2169; baseline 0.007 -11"><span class='ocrx_word' id='word_1_579' title='bbox 1302 2130 1450 2159; x_wconf 85' lang='lat' dir='ltr'>advocato</span> <span class='ocrx_word' id='word_1_580' title='bbox 1474 2130 1512 2159; x_wconf 88' lang='lat' dir='ltr'>de</span> <span class='ocrx_word' id='word_1_581' title='bbox 1538 2130 1739 2169; x_wconf 85' lang='lat' dir='ltr'>parlamento,</span> <span class='ocrx_word' id='word_1_582' title='bbox 1765 2132 1813 2161; x_wconf 91' lang='lat' dir='ltr'>cui</span> <span class='ocrx_word' id='word_1_583' title='bbox 1836 2132 1961 2162; x_wconf 88' lang='lat' dir='ltr'>daretur</span> <span class='ocrx_word' id='word_1_584' title='bbox 1983 2143 2063 2163; x_wconf 90' lang='lat' dir='ltr'>unus</span> <span class='ocrx_word' id='word_1_585' title='bbox 2089 2135 2212 2164; x_wconf 79' lang='lat' dir='ltr'>francus</span> 
     </span>
     <span class='ocr_line' id='line_1_96' title="bbox 1301 2179 2211 2222; baseline 0.007 -15"><span class='ocrx_word' id='word_1_586' title='bbox 1301 2188 1360 2218; x_wconf 88' lang='lat' dir='ltr'>pro</span> <span class='ocrx_word' id='word_1_587' title='bbox 1381 2179 1570 2219; x_wconf 83' lang='lat' dir='ltr'>corrigendo</span> <span class='ocrx_word' id='word_1_588' title='bbox 1593 2179 1703 2219; x_wconf 87' lang='lat' dir='ltr'>ipsam,</span> <span class='ocrx_word' id='word_1_589' title='bbox 1728 2186 1758 2210; x_wconf 92' lang='lat' dir='ltr'>et</span> <span class='ocrx_word' id='word_1_590' title='bbox 1779 2181 1913 2211; x_wconf 86' lang='lat' dir='ltr'>videndo</span> <span class='ocrx_word' id='word_1_591' title='bbox 1935 2189 2035 2212; x_wconf 89' lang='lat' dir='ltr'>utrum</span> <span class='ocrx_word' id='word_1_592' title='bbox 2057 2193 2114 2222; x_wconf 86' lang='lat' dir='ltr'>per</span> <span class='ocrx_word' id='word_1_593' title='bbox 2135 2184 2211 2213; x_wconf 83' lang='lat' dir='ltr'>tales</span> 
     </span>
     <span class='ocr_line' id='line_1_97' title="bbox 1302 2227 2211 2271; baseline 0.007 -15"><span class='ocrx_word' id='word_1_594' title='bbox 1302 2227 1526 2268; x_wconf 86' lang='lat' dir='ltr'>obligaciones,</span> <span class='ocrx_word' id='word_1_595' title='bbox 1539 2228 1646 2268; x_wconf 88' lang='lat' dir='ltr'>quales</span> <span class='ocrx_word' id='word_1_596' title='bbox 1660 2230 1856 2268; x_wconf 86' lang='lat' dir='ltr'>ponebantur</span> <span class='ocrx_word' id='word_1_597' title='bbox 1871 2230 1902 2259; x_wconf 92' lang='lat' dir='ltr'>in</span> <span class='ocrx_word' id='word_1_598' title='bbox 1915 2231 2034 2267; x_wconf 81' lang='lat' dir='ltr'>cedula,</span> <span class='ocrx_word' id='word_1_599' title='bbox 2052 2233 2211 2271; x_wconf 86' lang='lat' dir='ltr'>provincia</span> 
     </span>
     <span class='ocr_line' id='line_1_98' title="bbox 1302 2277 2208 2320; baseline 0.006 -15"><span class='ocrx_word' id='word_1_600' title='bbox 1302 2282 1332 2306; x_wconf 89' lang='lat' dir='ltr'>et</span> <span class='ocrx_word' id='word_1_601' title='bbox 1350 2277 1439 2306; x_wconf 84' lang='lat' dir='ltr'>nacio</span> <span class='ocrx_word' id='word_1_602' title='bbox 1458 2283 1564 2306; x_wconf 85' lang='lat' dir='ltr'>essent</span> <span class='ocrx_word' id='word_1_603' title='bbox 1586 2277 1662 2307; x_wconf 81' lang='lat' dir='ltr'>satis</span> <span class='ocrx_word' id='word_1_604' title='bbox 1684 2288 1792 2308; x_wconf 88' lang='lat' dir='ltr'>secure</span> <span class='ocrx_word' id='word_1_605' title='bbox 1815 2285 1844 2308; x_wconf 92' lang='lat' dir='ltr'>et</span> <span class='ocrx_word' id='word_1_606' title='bbox 1868 2280 1982 2310; x_wconf 89' lang='lat' dir='ltr'>munite</span> <span class='ocrx_word' id='word_1_607' title='bbox 2007 2280 2208 2320; x_wconf 86' lang='lat' dir='ltr'>inposterum,</span> 
     </span>
     <span class='ocr_line' id='line_1_99' title="bbox 1302 2325 2208 2369; baseline 0.006 -15"><span class='ocrx_word' id='word_1_608' title='bbox 1302 2325 1557 2366; x_wconf 80' lang='lat' dir='ltr'>qualitercunque</span> <span class='ocrx_word' id='word_1_609' title='bbox 1571 2326 1748 2366; x_wconf 85' lang='lat' dir='ltr'>contigerit,</span> <span class='ocrx_word' id='word_1_610' title='bbox 1765 2328 1803 2357; x_wconf 85' lang='lat' dir='ltr'>ad</span> <span class='ocrx_word' id='word_1_611' title='bbox 1814 2328 1951 2358; x_wconf 90' lang='lat' dir='ltr'>debitum</span> <span class='ocrx_word' id='word_1_612' title='bbox 1965 2331 2208 2369; x_wconf 87' lang='lat' dir='ltr'>extorquendum</span> 
     </span>
     <span class='ocr_line' id='line_1_100' title="bbox 1301 2374 2208 2417; baseline 0.006 -14"><span class='ocrx_word' id='word_1_613' title='bbox 1301 2380 1332 2404; x_wconf 91' lang='lat' dir='ltr'>et</span> <span class='ocrx_word' id='word_1_614' title='bbox 1345 2374 1447 2414; x_wconf 87' lang='lat' dir='ltr'>ipsum</span> <span class='ocrx_word' id='word_1_615' title='bbox 1463 2374 1475 2393; x_wconf 85' lang='lat'>⁷</span> <span class='ocrx_word' id='word_1_616' title='bbox 1497 2375 1742 2415; x_wconf 90' lang='lat' dir='ltr'>compellendum</span> <span class='ocrx_word' id='word_1_617' title='bbox 1768 2376 1799 2406; x_wconf 92' lang='lat' dir='ltr'>in</span> <span class='ocrx_word' id='word_1_618' title='bbox 1821 2376 1939 2416; x_wconf 88' lang='lat' dir='ltr'>judicio</span> <span class='ocrx_word' id='word_1_619' title='bbox 1959 2378 2139 2417; x_wconf 80' lang='lat' dir='ltr'>parlamenti</span> <span class='ocrx_word' id='word_1_620' title='bbox 2161 2379 2208 2409; x_wconf 88' lang='lat' dir='ltr'>vel</span> 
     </span>
     <span class='ocr_line' id='line_1_101' title="bbox 1301 2422 2207 2467; baseline 0.006 -15"><span class='ocrx_word' id='word_1_621' title='bbox 1301 2422 1440 2453; x_wconf 84' lang='lat' dir='ltr'>officialis</span> <span class='ocrx_word' id='word_1_622' title='bbox 1455 2423 1656 2460; x_wconf 80' lang='lat' dir='ltr'>parisiensis,</span> <span class='ocrx_word' id='word_1_623' title='bbox 1673 2425 1703 2454; x_wconf 93' lang='lat' dir='ltr'>in</span> <span class='ocrx_word' id='word_1_624' title='bbox 1717 2435 1790 2455; x_wconf 84' lang='lat' dir='ltr'>casu</span> <span class='ocrx_word' id='word_1_625' title='bbox 1803 2437 1864 2466; x_wconf 93' lang='lat' dir='ltr'>quo</span> <span class='ocrx_word' id='word_1_626' title='bbox 1879 2427 1947 2466; x_wconf 87' lang='lat' dir='ltr'>ipse</span> <span class='ocrx_word' id='word_1_627' title='bbox 1962 2426 2010 2456; x_wconf 88' lang='lat' dir='ltr'>vel</span> <span class='ocrx_word' id='word_1_628' title='bbox 2023 2427 2136 2467; x_wconf 87' lang='lat' dir='ltr'>aliquis</span> <span class='ocrx_word' id='word_1_629' title='bbox 2149 2428 2207 2457; x_wconf 86' lang='lat' dir='ltr'>sibi</span> 
     </span>
     <span class='ocr_line' id='line_1_102' title="bbox 1301 2472 2207 2515; baseline 0.006 -14"><span class='ocrx_word' id='word_1_630' title='bbox 1301 2472 1332 2501; x_wconf 94' lang='lat' dir='ltr'>in</span> <span class='ocrx_word' id='word_1_631' title='bbox 1341 2472 1510 2502; x_wconf 87' lang='lat' dir='ltr'>hereditate</span> <span class='ocrx_word' id='word_1_632' title='bbox 1523 2483 1727 2504; x_wconf 88' lang='lat' dir='ltr'>successurus</span> <span class='ocrx_word' id='word_1_633' title='bbox 1741 2474 1891 2515; x_wconf 85' lang='lat' dir='ltr'>locagium</span> <span class='ocrx_word' id='word_1_634' title='bbox 1903 2486 1957 2505; x_wconf 86' lang='lat' dir='ltr'>seu</span> <span class='ocrx_word' id='word_1_635' title='bbox 1971 2486 2095 2506; x_wconf 90' lang='lat' dir='ltr'>censum</span> <span class='ocrx_word' id='word_1_636' title='bbox 2108 2478 2207 2507; x_wconf 87' lang='lat' dir='ltr'>reddi-</span> 
     </span>
     <span class='ocr_line' id='line_1_103' title="bbox 1301 2520 2208 2563; baseline 0.006 -13"><span class='ocrx_word' id='word_1_637' title='bbox 1301 2520 1381 2550; x_wconf 85' lang='lat' dir='ltr'>tuale</span> <span class='ocrx_word' id='word_1_638' title='bbox 1390 2521 1504 2551; x_wconf 89' lang='lat' dir='ltr'>debitis</span> <span class='ocrx_word' id='word_1_639' title='bbox 1515 2528 1545 2551; x_wconf 91' lang='lat' dir='ltr'>et</span> <span class='ocrx_word' id='word_1_640' title='bbox 1556 2523 1678 2552; x_wconf 87' lang='lat' dir='ltr'>statutis</span> <span class='ocrx_word' id='word_1_641' title='bbox 1690 2524 1881 2563; x_wconf 86' lang='lat' dir='ltr'>temporibus</span> <span class='ocrx_word' id='word_1_642' title='bbox 1893 2535 1954 2553; x_wconf 92' lang='lat' dir='ltr'>non</span> <span class='ocrx_word' id='word_1_643' title='bbox 1965 2525 2125 2560; x_wconf 84' lang='lat' dir='ltr'>solvendo,</span> <span class='ocrx_word' id='word_1_644' title='bbox 2136 2536 2208 2556; x_wconf 92' lang='lat' dir='ltr'>con-</span> 
     </span>
     <span class='ocr_line' id='line_1_104' title="bbox 1301 2570 2205 2610; baseline 0.006 -11"><span class='ocrx_word' id='word_1_645' title='bbox 1301 2570 1473 2610; x_wconf 86' lang='lat' dir='ltr'>tractuique</span> <span class='ocrx_word' id='word_1_646' title='bbox 1490 2571 1588 2610; x_wconf 92' lang='lat' dir='ltr'>priori</span> <span class='ocrx_word' id='word_1_647' title='bbox 1602 2572 1863 2602; x_wconf 89' lang='lat' dir='ltr'>contraveniendo</span> <span class='ocrx_word' id='word_1_648' title='bbox 1880 2574 2029 2603; x_wconf 84' lang='lat' dir='ltr'>niteretur</span> <span class='ocrx_word' id='word_1_649' title='bbox 2044 2574 2205 2605; x_wconf 79' lang='lat' dir='ltr'>rebellare.</span> 
     </span>
    </p>

    <p class='ocr_par' dir='ltr' id='par_1_26' title="bbox 1301 2619 2207 2759">
     <span class='ocr_line' id='line_1_105' title="bbox 1342 2619 2206 2662; baseline 0.005 -13"><span class='ocrx_word' id='word_1_650' title='bbox 1342 2619 1417 2649; x_wconf 88' lang='lat' dir='ltr'>Item</span> <span class='ocrx_word' id='word_1_651' title='bbox 1431 2619 1480 2650; x_wconf 89' lang='lat' dir='ltr'>die</span> <span class='ocrx_word' id='word_1_652' title='bbox 1492 2619 1562 2650; x_wconf 90' lang='lat' dir='ltr'>lune</span> <span class='ocrx_word' id='word_1_653' title='bbox 1576 2627 1736 2660; x_wconf 87' lang='lat' dir='ltr'>sequente,</span> <span class='ocrx_word' id='word_1_654' title='bbox 1749 2621 1894 2651; x_wconf 90' lang='lat' dir='ltr'>videlicet</span> <span class='ocrx_word' id='word_1_655' title='bbox 1908 2622 1995 2652; x_wconf 61' lang='lat' dir='ltr'>xnln</span> <span class='ocrx_word' id='word_1_656' title='bbox 2009 2623 2206 2662; x_wconf 79' lang='lat' dir='ltr'>Fe[bruarii],</span> 
     </span>
     <span class='ocr_line' id='line_1_106' title="bbox 1304 2667 2207 2711; baseline 0.006 -14"><span class='ocrx_word' id='word_1_657' title='bbox 1304 2667 1427 2698; x_wconf 86' lang='lat' dir='ltr'>iverunt</span> <span class='ocrx_word' id='word_1_658' title='bbox 1442 2675 1636 2708; x_wconf 90' lang='lat' dir='ltr'>procurator,</span> <span class='ocrx_word' id='word_1_659' title='bbox 1656 2680 1735 2710; x_wconf 86' lang='lat' dir='ltr'>mag.</span> <span class='ocrx_word' id='word_1_660' title='bbox 1759 2670 1930 2706; x_wconf 80' lang='lat' dir='ltr'>Mer-cilius,</span> <span class='ocrx_word' id='word_1_661' title='bbox 1950 2682 2029 2711; x_wconf 79' lang='lat' dir='ltr'>mag.</span> <span class='ocrx_word' id='word_1_662' title='bbox 2054 2672 2207 2703; x_wconf 77' lang='lat' dir='ltr'>nenricus</span> 
     </span>
     <span class='ocr_line' id='line_1_107' title="bbox 1301 2716 2206 2759; baseline 0.006 -13"><span class='ocrx_word' id='word_1_663' title='bbox 1301 2717 1338 2747; x_wconf 89' lang='lat' dir='ltr'>de</span> <span class='ocrx_word' id='word_1_664' title='bbox 1363 2716 1495 2753; x_wconf 85' lang='lat' dir='ltr'>Tbenis,</span> <span class='ocrx_word' id='word_1_665' title='bbox 1523 2725 1667 2758; x_wconf 86' lang='lat' dir='ltr'>receptor</span> <span class='ocrx_word' id='word_1_666' title='bbox 1696 2719 1834 2749; x_wconf 86' lang='lat' dir='ltr'>nacionis</span> <span class='ocrx_word' id='word_1_667' title='bbox 1866 2726 2014 2759; x_wconf 85' lang='lat' dir='ltr'>protunc,</span> <span class='ocrx_word' id='word_1_668' title='bbox 2045 2731 2104 2751; x_wconf 81' lang='lat' dir='ltr'>una</span> <span class='ocrx_word' id='word_1_669' title='bbox 2140 2732 2206 2751; x_wconf 86' lang='lat' dir='ltr'>cum</span> 
     </span>
    </p>
   </div>
   <div class='ocr_carea' id='block_1_17' title="bbox 1300 2826 2207 2995">
    <p class='ocr_par' dir='ltr' id='par_1_27' title="bbox 1300 2826 1774 2853">
     <span class='ocr_line' id='line_1_108' title="bbox 1300 2826 1774 2853; baseline 0.002 -2"><span class='ocrx_word' id='word_1_670' title='bbox 1300 2826 1380 2851; x_wconf 68' lang='lat' dir='ltr'>scribi</span> <span class='ocrx_word' id='word_1_671' title='bbox 1387 2827 1470 2852; x_wconf 73' lang='lat' dir='ltr'>«tebet.</span> <span class='ocrx_word' id='word_1_672' title='bbox 1484 2827 1542 2852; x_wconf 73' lang='lat' dir='ltr'>Fuit</span> <span class='ocrx_word' id='word_1_673' title='bbox 1554 2828 1621 2852; x_wconf 74' lang='lat' dir='ltr'>enim</span> <span class='ocrx_word' id='word_1_674' title='bbox 1633 2828 1774 2853; x_wconf 77' lang='lat' dir='ltr'>dominica.</span> 
     </span>
    </p>

    <p class='ocr_par' dir='ltr' id='par_1_28' title="bbox 1331 2864 1755 2896">
     <span class='ocr_line' id='line_1_109' title="bbox 1331 2864 1755 2896; baseline 0.002 -9"><span class='ocrx_word' id='word_1_675' title='bbox 1331 2864 1355 2887; x_wconf 76' lang='lat'>5.</span> <span class='ocrx_word' id='word_1_676' title='bbox 1387 2864 1424 2887; x_wconf 84' lang='lat' dir='ltr'>De</span> <span class='ocrx_word' id='word_1_677' title='bbox 1438 2871 1488 2895; x_wconf 83' lang='lat' dir='ltr'>quo</span> <span class='ocrx_word' id='word_1_678' title='bbox 1505 2872 1592 2896; x_wconf 69' lang='lat' dir='ltr'>supra,</span> <span class='ocrx_word' id='word_1_679' title='bbox 1607 2872 1632 2896; x_wconf 85' lang='lat' dir='ltr'>p.</span> <span class='ocrx_word' id='word_1_680' title='bbox 1649 2865 1704 2893; x_wconf 64' lang='lat'>429,</span> <span class='ocrx_word' id='word_1_681' title='bbox 1717 2866 1755 2888; x_wconf 82' lang='lat'>26.</span> 
     </span>
    </p>

    <p class='ocr_par' dir='ltr' id='par_1_29' title="bbox 1331 2898 1571 2923">
     <span class='ocr_line' id='line_1_110' title="bbox 1331 2898 1571 2923; baseline 0 -1"><span class='ocrx_word' id='word_1_682' title='bbox 1331 2899 1355 2922; x_wconf 75' lang='grc' dir='ltr'>Β.</span> <span class='ocrx_word' id='word_1_683' title='bbox 1390 2898 1418 2922; x_wconf 79' lang='grc'>12</span> <span class='ocrx_word' id='word_1_684' title='bbox 1429 2898 1571 2923; x_wconf 77' lang='lat' dir='ltr'>Februarii.</span> 
     </span>
    </p>

    <p class='ocr_par' dir='ltr' id='par_1_30' title="bbox 1302 2934 2207 2995">
     <span class='ocr_line' id='line_1_111' title="bbox 1332 2934 2207 2967; baseline 0.006 -9"><span class='ocrx_word' id='word_1_685' title='bbox 1332 2935 1354 2958; x_wconf 91' lang='lat'>7.</span> <span class='ocrx_word' id='word_1_686' title='bbox 1386 2935 1455 2958; x_wconf 77' lang='lat' dir='ltr'>Inter</span> <span class='ocrx_word' id='word_1_687' title='bbox 1469 2934 1550 2958; x_wconf 77' lang='lat' dir='ltr'>lineae</span> <span class='ocrx_word' id='word_1_688' title='bbox 1562 2934 1689 2967; x_wconf 78' lang='lat' dir='ltr'>quaedam</span> <span class='ocrx_word' id='word_1_689' title='bbox 1706 2936 1781 2959; x_wconf 75' lang='lat' dir='ltr'>verba</span> <span class='ocrx_word' id='word_1_690' title='bbox 1797 2937 1894 2960; x_wconf 79' lang='lat' dir='ltr'>minuto</span> <span class='ocrx_word' id='word_1_691' title='bbox 1904 2936 2052 2962; x_wconf 73' lang='lat' dir='ltr'>charactere</span> <span class='ocrx_word' id='word_1_692' title='bbox 2067 2946 2076 2962; x_wconf 83' lang='grc'>.·</span> <span class='ocrx_word' id='word_1_693' title='bbox 2091 2938 2131 2962; x_wconf 76' lang='lat' dir='ltr'>vel</span> <span class='ocrx_word' id='word_1_694' title='bbox 2145 2947 2207 2963; x_wconf 72' lang='lat' dir='ltr'>auc—</span> 
     </span>
     <span class='ocr_line' id='line_1_112' title="bbox 1302 2970 1534 2995; baseline 0.004 -2"><span class='ocrx_word' id='word_1_695' title='bbox 1302 2977 1438 2994; x_wconf 77' lang='lat' dir='ltr'>cenurum</span> <span class='ocrx_word' id='word_1_696' title='bbox 1452 2970 1534 2995; x_wconf 75' lang='lat' dir='ltr'>sibi...</span> 
     </span>
    </p>
   </div>
  </div>
 </body>
</html>
