2632 3464
397 435 447 460 719
939 434 1161 460 AUCTARIUM
1186 433 1446 460 CHARTULARII
1466 433 1638 459 UNIVERS.
1662 434 1780 460 PARIS.
2268 434 2320 460 720

398 511 520 540 Lubeke
530 511 587 539 sub
596 510 745 550 magistro
757 510 892 539 Henrico
905 511 942 539 de
957 511 1103 546 Arnhem,
1114 510 1201 550 cujus
1210 511 1303 539 bursa

398 560 533 598 quinque
551 559 655 588 solidi.

440 609 513 637 Item
539 609 754 638 determinavit
775 609 918 638 dominus
942 608 1098 638 Johannes
1122 608 1223 638 Aveze
1247 609 1304 637 sub

398 658 547 696 magistro
561 658 696 687 Henrico
708 659 745 687 de
759 658 906 693 Arnhem,
925 657 1011 696 cujus
1023 659 1116 686 bursa
1127 658 1262 697 quinque
1277 668 1303 686 s.

440 707 512 736 Item
529 707 741 736 determinavit
756 707 898 736 dominus
913 707 1068 735 Johannes
1084 708 1121 735 de
1141 707 1233 735 Verlo
1249 707 1305 735 sub

398 756 547 796 magistro
569 756 707 785 Johanne
729 757 766 785 de
790 756 970 795 Zutphania‚
991 755 1077 795 cujus
1100 757 1193 785 bursa
1215 756 1306 795 quin-

398 815 457 844 que
473 804 574 834 solidi.

439 853 514 882 Item
536 854 752 883 determinavit
773 854 915 883 dominus
935 854 1097 883 Wolterus
1122 854 1158 882 de
1181 853 1306 892 Leyden

400 903 457 932 sub
476 903 623 942 magistro
637 903 775 932 Johanne
799 903 896 942 Dorp,
917 902 1003 942 cujus
1019 904 1113 931 bursa
1128 912 1181 931 sex
1202 902 1304 931 solidi.

416 945 418 947 ¹
440 952 514 980 Item
533 952 746 981 determinavit
761 952 902 980 dominus
921 951 1058 980 Amelius
1078 952 1115 980 de
1132 951 1236 980 Broek
1249 951 1306 980 sub

401 1001 548 1040 magistro
570 1001 697 1030 Nicolao
718 1002 755 1029 de
772 1001 979 1035 Monikedam,
997 1000 1083 1039 cujus
1099 1002 1192 1029 bursa
1206 1000 1263 1029 VII
1279 1010 1304 1028 s.

441 1050 514 1078 Item
538 1049 752 1079 determinavit
778 1049 920 1078 dominus
948 1050 1085 1078 Revinus
1115 1049 1225 1078 scotus
1250 1049 1307 1077 sub

400 1099 548 1138 magistro
565 1099 700 1127 Henrico
717 1099 754 1127 de
770 1098 917 1132 Arnhem‚
934 1097 1019 1136 cujus
1038 1100 1131 1127 bursa
1146 1109 1200 1127 sex
1215 1098 1307 1127 solidi

401 1154 429 1176 et
445 1147 516 1176 VIII
533 1148 661 1176 denarii.

442 1197 515 1225 Item
546 1196 760 1226 determinavit
789 1197 931 1225 dominus
963 1196 1178 1226 Ghiselbertus
1208 1195 1307 1225 Witte

400 1247 457 1274 sub
474 1246 621 1285 magistro
637 1245 776 1274 ‚Iohanne
794 1246 892 1284 Dorp,
910 1245 996 1284 cujus
1013 1247 1105 1274 bursa
1121 1246 1257 1284 quinque
1279 1256 1304 1274 s.

549 1347 615 1377 Isti
646 1354 730 1377 sunt
759 1348 1161 1377 subdeterminatores.

442 1442 546 1471 Primo
570 1442 843 1471 subdeterminavit
864 1442 1007 1471 dominus
1029 1442 1175 1471 Albertus
1193 1442 1308 1472 Thome

402 1492 438 1519 de
464 1491 604 1519 Lukerch
623 1492 680 1520 sub
703 1491 828 1520 domino
848 1489 1007 1530 Riidigero
1032 1492 1182 1526 Boutbur,
1206 1492 1309 1520 deter-

403 1540 550 1568 minatore
567 1540 744 1579 principali,
762 1539 848 1579 cujus
870 1541 963 1569 bursa
982 1540 1087 1575 nichil,
1106 1541 1178 1579 quia
1193 1540 1309 1580 juravit

402 1595 623 1628 paupertatem.

444 1638 518 1666 Item
540 1638 813 1667 subdeterminavit
830 1638 972 1667 dominus
987 1639 1121 1667 Jacobus
1139 1640 1176 1667 de
1193 1638 1310 1668 Scoen-

404 1687 494 1715 hovia
511 1688 567 1715 sub
584 1687 731 1726 magistro
746 1687 885 1716 Johanne
906 1687 1055 1722 Boutbur,
1073 1694 1102 1716 et
1125 1687 1189 1727 ejus
1208 1689 1311 1717 deter-

404 1737 534 1764 minator
552 1742 616 1764 erat
628 1736 787 1765 VValterus
803 1737 840 1765 de
859 1737 993 1775 Leyden,
1011 1736 1098 1775 cujus
1109 1738 1202 1766 bursa
1216 1737 1311 1766 nichil

405 1785 475 1824 quia
489 1784 602 1823 juravit
616 1791 759 1814 statutum
777 1786 1002 1824 [paupertatis].

445 1834 518 1863 Item
538 1833 694 1862 ,lohannes
713 1835 749 1862 de
769 1834 951 1874 Dyeppurg,
972 1835 1238 1864 subdeterminans
1254 1837 1311 1864 sub

404 1883 542 1912 Johanne
560 1884 597 1911 de
613 1883 684 1911 Dels
695 1883 931 1912 determinatore
949 1885 1006 1912 sub
1027 1885 1132 1912 eodem
1151 1885 1310 1924 magistro,

405 1932 491 1971 cujus
506 1933 599 1961 bursa
616 1932 721 1966 nichil,
739 1932 810 1971 quia
824 1931 940 1971 juravit
955 1939 1110 1962 statutum.

447 1981 519 2010 Item
536 1981 678 2010 dominus
695 1981 851 2010 Johannes
870 1982 907 2010 de
924 1982 1133 2017 Franciordia,
1148 1984 1312 2012 subdeter-

407 2031 525 2059 minans
539 2031 595 2059 sub
608 2030 723 2059 ,Iacobo
736 2030 876 2059 Prestom
888 2031 1124 2060 determinatore
1137 2033 1193 2060 sub
1205 2033 1311 2061 eodem

407 2079 566 2118 magistro,
586 2078 672 2118 cujus
687 2080 780 2107 bursa
795 2079 889 2108 nichil
906 2079 977 2118 quia
993 2079 1134 2109 similiter
1144 2080 1269 2120 juravit.

810 2172 907 2201 1396

469 2244 728 2283 [Continuatio
767 2254 860 2283 mag⁴
897 2244 1053 2274 Gerardi
1089 2246 1254 2287 Kalant.]

449 2326 519 2363 (Fol.
539 2327 573 2354 ‘24
590 2324 615 2364 Β)
633 2325 721 2353 Facta
734 2325 979 2364 congregacione
993 2326 1131 2355 nacionis
1144 2326 1313 2366 Anglicane

404 2428 406 2433 ’
442 2423 461 2445 l.
497 2422 563 2453 Quia
581 2430 635 2444 cum
656 2421 715 2444 aliis
732 2422 837 2450 nuntiis,
853 2422 907 2445 scil.
923 2431 977 2445 cum
995 2431 1062 2454 mag.
1076 2423 1193 2446 Iohanne
1212 2425 1313 2447 Brevis-

408 2466 487 2480 1*ozae
497 2462 520 2481 et
530 2466 596 2487 mag.
604 2457 629 2479 in
642 2459 690 2479 art.
701 2456 815 2480 Iohanne
824 2458 973 2480 mercatoris
982 2461 1040 2489 post
1051 2458 1141 2481 Martii
1149 2460 1314 2491 12prosectu5

408 2496 452 2519 est,
466 2495 492 2515 ut
506 2492 638 2524 epistolam
653 2493 828 2516 Universitatis
839 2493 870 2516 de
887 2493 927 2515 oia
940 2494 1059 2516 cessionis
1074 2495 1108 2517 nd
1121 2494 1313 2519 Universitatem

415 2528 597 2551 Vindobonens.
612 2530 728 2559 portaret
743 2528 790 2559 (ep.
810 2529 942 2552 Universa.
958 2529 1038 2551 Paris.
1056 2531 1120 2562 Aug.
1137 2531 1166 2553 26
1180 2538 1222 2553 an.
1239 2532 1313 2559 1395,-

410 2564 499 2587 Martii
514 2565 541 2586 12
559 2573 602 2587 an.
622 2565 682 2587 1396
697 2567 721 2587 et
738 2573 883 2595 respon-mm
900 2565 1011 2587 L'nivers.
1034 2565 1137 2588 vindob.
1158 2565 1223 2588 Maii
1240 2567 1268 2589 12
1287 2567 1312 2589 in

410 2600 474 2622 szl.
490 2608 555 2622 caes.
577 2600 692 2626 Vindoh„
706 2609 752 2623 ms.
768 2602 813 2623 tat.
827 2600 897 2626 4134.
915 2600 961 2631 fol.
979 2600 1093 2623 125¹·-131
1106 2608 1113 2630 ;
1127 2601 1193 2624 Bibl.
1207 2602 1311 2632 Erford.

409 2635 523 2665 Amplon.
537 2636 566 2662 Q.
588 2636 640 2662 125,
654 2637 699 2666 sol.
720 2637 836 2660 196-205.
857 2635 941 2658 Prima
959 2638 982 2658 et
997 2636 1074 2659 tertia
1089 2637 1160 2667 epist.
1177 2637 1313 2660 summarie

410 2671 480 2701 apud
493 2671 570 2698 Κικκ,
584 2671 676 2694 Gcsch.
687 2672 732 2695 der
743 2671 808 2694 kuis.
822 2671 982 2696 Universitiit
997 2671 1075 2697 Wien.
1087 2672 1106 2700 1,
1120 2681 1145 2703 p.
1161 2673 1208 2699 13).
1222 2674 1314 2704 Quam-

411 2706 445 2728 vis
455 2706 582 2729 lohannes
594 2707 730 2738 illullinger
742 2707 774 2730 de
786 2708 804 2729 A
810 2707 889 2730 ustria
901 2709 960 2729 tune
970 2706 1115 2730 licentiatus
1129 2709 1153 2730 in
1166 2708 1240 2731 theol.
1253 2708 1312 2738 sicit,

409 2741 519 2764 nondum
534 2745 617 2765 tamen
634 2742 735 2765 ultimos
753 2746 824 2766 aetus
841 2742 949 2773 perfecit
964 2742 1000 2765 ita
1020 2745 1046 2765 ut
1066 2746 1129 2766 esset
1143 2743 1271 2776 magister,
1290 2747 1313 2767 et

411 2778 530 2800 remansit
546 2778 570 2800 in
584 2779 696 2802 natione.
712 2778 874 2801 Vindobonae
891 2781 951 2802 tunc
963 2779 1081 2809 temporis
1096 2779 1272 2802 Colomannus
1283 2780 1314 2803 de

411 2813 547 2836 Novavillu
563 2817 644 2836 rector
655 2814 714 2845 snit,
729 2814 790 2843 (vid.
806 2815 958 2841 AscusAcu,
979 2814 1132 2837 Geschiehte
1152 2815 1198 2838 der
1213 2815 1314 2838 Wiener

412 2848 580 2875 Universststt,
590 2850 608 2876 I,
619 2858 643 2880 p.
658 2850 719 2880 152),
729 2850 837 2872 Karalus
845 2858 890 2872 rea·
898 2850 974 2872 etiam
983 2858 1037 2872 eum
1049 2850 1144 2873 nuntiis
1158 2850 1313 2874 Universum-

411 2884 442 2906 tis
450 2892 507 2906 suo-5
516 2885 713 2907 ambassiatores
726 2885 899 2908 Vimlobonam
907 2885 981 2913 misit,
994 2885 1127 2916 etquidem
1136 2885 1216 2917 (quod
1227 2885 1314 2908 hucus-

412 2928 459 2950 que
477 2919 641 2951 ignorabant)
662 2921 697 2943 ad
711 2921 787 2943 duces
802 2921 929 2948 Art-striae,
944 2924 970 2944 ut
983 2921 1069 2952 ferunt
1087 2922 1150 2944 Acta
1168 2924 1313 2944 rectoratus

412 2955 531 2978 Univers.
546 2955 654 2979 Vindob.
668 2957 687 2984 l,
697 2956 740 2986 fol.
754 2956 878 2987 :32(Arcl1.
891 2956 1002 2980 [laium-s.
1018 2956 1133 2987 deob.)
1145 2965 1152 2979 .·
1164 2957 1228 2980 Item
1237 2956 1313 2980 mdia

1345 955 1378 980 10

1349 1199 1378 1224 15

1347 1443 1380 1468 20

1349 1687 1382 1712 25

1350 1933 1383 1959 30

1351 2179 1384 2203 35

1412 519 1491 539 anno
1523 520 1584 548 quo
1608 519 1719 548 supra,
1748 520 1828 539 nona
1854 510 1903 539 die
1936 510 2052 539 mensis
2081 509 2208 546 Marcii,
2237 511 2318 550 apud

1413 558 1557 588 Sanctum
1569 558 1721 588 lulianum
1736 569 1830 598 super
1844 559 1942 588 tribus
1954 559 2102 588 articulis.
2120 559 2244 589 Primus
2254 565 2320 589 erat

1413 608 1449 636 ad
1465 607 1639 646 eligendum
1652 618 1762 637 novum
1776 614 2018 647 procuratorem.
2031 609 2077 636 2⁰·
2086 609 2125 637 ad
2135 608 2319 638 audiendum

1414 662 1587 695 computum
1611 657 1792 696 receptoris.
1814 658 1860 686 3¹¹⁵
1880 663 1945 686 erat
1962 667 2057 696 super
2078 657 2320 696 supplicacioni-

1414 706 1472 734 bus
1492 711 1521 734 et
1539 704 1670 745 injuriis.
1695 706 1796 745 Super
1819 706 1919 745 primo
1939 706 2134 736 continuatus
2156 713 2186 736 et
2205 706 2321 736 electus

1416 754 1471 783 suit
1495 754 1690 783 concorditer
1712 754 1869 784 Gerardus
1896 754 2004 784 Kalant
2031 755 2063 784 in
2090 761 2322 795 procuratorem

1415 803 1495 832 dicte
1513 803 1663 832 nacionis.
1684 803 1784 843 Super
1798 804 1829 832 2⁰
1846 810 1877 833 et
1893 804 1924 832 3⁰
1939 803 2068 833 articulo
2081 804 2176 833 nichil
2189 804 2245 834 fuit
2260 805 2322 833 fac-

1415 858 1477 880 tum
1499 858 1641 891 protunc.
1667 852 1706 881 Et
1730 858 1801 882 tunc
1832 852 1920 881 nacio
1945 852 2000 882 ivit
2023 853 2060 882 ad
2082 853 2250 888 tabernam,
2269 852 2322 882 ubi

1416 900 1563 940 magister
1581 900 1736 930 Johannes
1759 902 1796 930 de
1813 901 1939 931 Austri-a
1954 902 2046 931 solvit
2063 901 2223 931 dimidium
2238 902 2323 931 fran-

1416 959 1495 984 cum,
1513 959 1602 988 quem
1621 950 1798 989 propinavit
1813 951 1934 980 nacioni
1947 961 2005 990 pro
2022 961 2078 980 suo
2096 953 2190 979 valete
2202 949 2225 979 ⁴.

1455 997 1548 1027 Facta
1566 999 1812 1038 congregacione
1834 1000 1972 1029 nacionis
1993 1010 2073 1029 anno
2093 1000 2320 1040 suprascripto,

1416 1048 1575 1076 undecima
1593 1047 1642 1076 die
1662 1048 1778 1077 mensis
1794 1048 1913 1084 Marcii,
1930 1050 2011 1088 apud
2030 1049 2174 1078 Sanctum
2192 1048 2323 1078 Maturi-

1416 1106 1487 1125 num
1508 1106 1602 1135 super
1621 1097 1904 1136 supplicacionibus
1924 1104 1954 1127 et
1973 1097 2105 1137 injuriis,
2126 1098 2323 1137 supplicave-

1416 1151 1488 1174 runt
1508 1145 1624 1174 domini
1647 1146 1780 1175 Jacobus
1805 1147 1843 1175 de
1868 1146 2080 1182 Schonhovia,
2106 1147 2263 1176 Johannes
2285 1148 2323 1177 de

1418 1194 1590 1234 Dyeppurg
1605 1200 1634 1223 et
1647 1194 1803 1224 Johannes
1823 1196 1860 1224 de
1877 1195 2086 1231 Francsordia,
2103 1202 2137 1225 ut
2152 1197 2190 1225 ad
2209 1196 2324 1226 subde-

1417 1243 1640 1272 terminandum
1667 1244 1902 1274 admitterentur
1924 1251 2077 1284 tamquam
2101 1255 2266 1284 pauperes,
2294 1251 2325 1275 et

1418 1292 1607 1331 supplicacio
1626 1302 1729 1322 eorum
1746 1299 1776 1322 et
1793 1292 1957 1333 cujuslibet
1974 1304 2078 1323 eorum
2093 1294 2148 1323 suit
2164 1304 2322 1324 concessa.

1519 1394 1587 1423 Isti
1615 1400 1701 1423 sunt
1731 1394 1925 1424 licenciati
1953 1405 2047 1424 anno
2076 1395 2224 1425 Domini

1707 1443 1756 1472 M⁰
1783 1443 2038 1474 CCC⁰XCV1⁰.

1459 1536 1651 1566 Licenciatus
1670 1537 1726 1566 fuit
1747 1537 1889 1566 dominus
1912 1536 2089 1577 Rfidigerus
2109 1538 2250 1568 Boutbur
2267 1540 2325 1568 sub

1419 1586 1567 1625 magistro
1582 1586 1721 1615 Johanne
1737 1586 1888 1621 Boutbur,
1905 1586 1993 1626 cujus
2006 1588 2100 1616 bursa
2116 1587 2252 1627 quinque
2264 1588 2323 1618 sol.

1459 1634 1652 1664 Licenciatus
1674 1635 1730 1664 fuit
1750 1635 1892 1665 dominus
1910 1635 2043 1665 Jacobus
2063 1637 2100 1665 de
2120 1637 2253 1666 Preston
2269 1638 2326 1667 sub

1419 1684 1568 1724 magistro
1586 1684 1754 1713 Laurencio
1773 1685 1810 1713 de
1830 1684 1998 1720 Lundoris‚
2017 1684 2104 1725 cujus
2123 1686 2218 1715 bursa
2233 1687 2325 1726 quin-

1421 1743 1479 1772 que
1493 1733 1595 1762 solidi.

1461 1782 1653 1811 Licenciatus
1678 1782 1734 1811 fuit
1755 1782 1897 1811 dominus
1917 1782 2104 1812 Allexander
2127 1784 2165 1813 de
2191 1783 2325 1814 Carnis²

1421 1832 1478 1860 sub
1503 1831 1650 1871 magistro
1672 1831 1843 1860 Laurencio
1865 1832 1902 1860 de
1925 1831 2097 1867 Lundoris,
2122 1832 2209 1872 cujus
2233 1834 2328 1863 bursa

1421 1880 1556 1920 quinque
1575 1880 1678 1909 solidi.

1461 1929 1654 1959 Licenciatus
1672 1929 1727 1958 suit
1746 1930 1888 1959 dominus
1907 1929 2063 1959 Johannes
2080 1931 2118 1960 de
2134 1931 2251 1961 Jutfaes
2269 1933 2326 1962 sub

1422 1978 1569 2018 magistro
1590 1978 1716 2008 Nicolao
1734 1979 1771 2007 de
1791 1978 1953 2014 Cameren,
1978 1978 2064 2019 cujus
2082 1981 2176 2009 bursa
2197 1987 2328 2019 quatuor

1421 2027 1523 2057 solidi.

1828 2122 1924 2151 1396

1502 2193 1592 2222 Acta
1627 2193 1663 2222 in
1693 2193 1955 2232 procuratoria
1985 2193 2176 2223 wilhelmi
2205 2195 2247 2223 de

1746 2241 2001 2271 Scoenhoven.

1464 2322 1553 2350 Facta
1591 2321 1835 2361 congregacione
1867 2321 2006 2351 nacionis
2038 2321 2208 2361 Anglicane
2247 2332 2327 2352 anno

1423 2424 1519 2447 mensis
1541 2424 1638 2455 Aprilis
1665 2427 1791 2447 venerunt
1811 2424 1960 2455 solempnes
1982 2423 2173 2447 ambusiatores
2197 2432 2228 2448 ex
2251 2427 2327 2455 parte

1422 2460 1492 2490 regis
1510 2459 1618 2483 Fruncie
1636 2462 1661 2482 et
1676 2459 1861 2483 Universitatis
1881 2459 2046 2487 Parisiensis,
2068 2459 2168 2489 scilicet
2186 2460 2327 2491 episcopus

1422 2503 1488 2518 unus
1504 2498 1528 2518 et
1543 2503 1609 2518 unus
1627 2495 1710 2518 abbas
1724 2498 1749 2518 et
1766 2503 1832 2518 unus
1853 2495 1943 2518 doctor
1958 2495 1985 2518 in
1998 2495 2138 2526 theologia,
2156 2498 2181 2518 et
2197 2503 2256 2519 cum
2273 2495 2326 2519 illis

1423 2531 1517 2554 milites
1528 2539 1587 2554 cum
1598 2531 1776 2562 pulcherrima
1788 2531 1919 2559 comitiva,
1931 2534 1956 2553 et
1970 2531 2018 2554 hoc
2031 2539 2061 2554 ex
2073 2534 2148 2562 parte
2161 2531 2231 2562 regis
2244 2532 2328 2555 Fran-

1422 2567 1459 2590 cie
1471 2566 1502 2589 sd
1516 2566 1648 2597 principes
1662 2566 1777 2595 Austrie;
1795 2569 1820 2589 et
1832 2566 1926 2590 iterum
1944 2566 1975 2589 ud
1990 2566 2194 2590 universitatem
2210 2570 2327 2590 nostram

1422 2610 1488 2625 unus
1508 2602 1598 2625 doctor
1615 2602 1639 2624 in
1656 2602 1798 2633 theologia,
1812 2605 1836 2625 et
1852 2610 1919 2625 unus
1933 2602 2084 2625 licenciatus
2100 2602 2125 2625 in
2143 2602 2287 2633 theologia,
2303 2605 2329 2626 et

1422 2646 1489 2661 unus
1499 2637 1624 2668 magister
1637 2637 1662 2660 in
1671 2637 1772 2661 artibus
1781 2637 1860 2661 simul
1868 2641 1994 2660 venerunt
2006 2646 2036 2661 ex
2052 2641 2127 2668 parte
2140 2637 2327 2661 Universitatis

1422 2673 1476 2701 (ms.
1489 2673 1631 2704 scismatis)
1642 2676 1822 2704 presentantes
1836 2672 1921 2704 primo
1933 2673 2036 2696 literam
2050 2673 2177 2696 missilem
2191 2673 2328 2697 Universi—

1423 2709 1483 2732 tutis
1503 2708 1658 2732 Purisiensis
1674 2708 1766 2732 rectori
1785 2708 1810 2731 in
1825 2708 1904 2739 plena
1916 2708 2122 2739 congregacione
2140 2708 2327 2732 Universitatis

1423 2744 1592 2767 Wiennensis.
1602 2744 1666 2767 Item
1675 2743 1987 2775 presentaverunt-literas
1998 2743 2129 2774 sigillatas
2140 2752 2197 2767 cum
2209 2752 2328 2776 appenso

1423 2779 1510 2810 sigillo
1529 2787 1639 2810 magno,
1654 2779 1752 2802 scilicet
1771 2778 1956 2802 Universitatis
1977 2779 2147 2807 Pnrisiensis,
2165 2779 2328 2803 continentes

1422 2815 1567 2846 periculum
1585 2814 1715 2838 scismatis
1729 2817 1777 2839 etc.
1796 2814 1859 2838 Item
1874 2814 1984 2838 sabbato
1997 2814 2072 2846 (Maii
2083 2816 2106 2845 6)
2119 2818 2178 2838 ante
2188 2815 2327 2838 Ascensio-

1423 2859 1480 2873 nem
1491 2850 1591 2873 Domini
1603 2858 1756 2881 responsum
1768 2850 1915 2873 habuerunt
1924 2850 2042 2881 magistri
2053 2850 2213 2874 Parisienses
2225 2851 2257 2874 ab
2268 2850 2329 2874 Uni-

1423 2886 1546 2909 versitnte
1564 2885 1709 2908 Wiennensi
1729 2885 1752 2908 in
1771 2885 1854 2908 literis
1867 2885 1964 2908 clausis
1983 2886 2067 2909 medio
2086 2886 2174 2917 sigillo
2190 2886 2328 2910 Universi-

1422 2922 1494 2944 tutis.
1509 2921 1562 2943 Vid.
1575 2921 1651 2944 etiam
1662 2922 1724 2944 Actu
1739 2922 1786 2943 sac.
1801 2920 1958 2947 m·t.1ibid.,
1970 2920 2016 2952 sol.
2031 2922 2068 2949 73,
2087 2922 2124 2944 74.

1454 2957 1477 2980 2.
1511 2958 1557 2979 Μσ.
1573 2956 1641 2979 clarc
1651 2957 1746 2979 curnis.
1759 2956 1809 2979 Sed
1817 2957 1928 2987 fortasse
1941 2957 2044 2986 Tui-vis,
2056 2957 2074 2980 i.
2087 2965 2109 2980 e.
2123 2957 2230 2980 Tarves.

2616 606 2632 744 i

2610 745 2632 802 ,Ξ

2609 802 2632 912 i

2619 914 2632 1122 ἔ

2616 1124 2632 1474 i

2623 1478 2632 1576 3

2624 1588 2632 1659 i
