2632 3464
293 469 345 497 821

293 551 433 586 tempore
449 545 660 585 procuratorio
670 554 726 576 sue
735 544 824 574 nscio
837 544 870 574 in
879 543 996 574 eisdem
1005 543 1081 573 velit
1094 544 1197 583 ipsum

294 593 408 624 habere
421 601 555 634 gratum,
568 600 666 624 ratum
679 599 710 624 et
728 599 879 623 avoatum.
896 592 955 623 Cui
973 592 1198 632 supplicacioni

293 643 400 674 annuit
416 643 498 673 dicta
509 643 611 679 nscio,
625 649 685 672 ete.

698 736 793 766 1401

423 807 514 838 Acta
538 807 575 837 in
601 806 865 848 procuratoria
892 806 1063 846 magistri

491 856 676 886 Bet-nardi
702 854 997 896 Vloghelingb⁴.

316 936 451 966 ·lndicta
481 936 727 976 congregacione
758 937 894 965 nacionis
925 937 1081 965 Alemanie
1115 936 1196 976 apud

292 984 437 1016 Sanctum
450 985 636 1015 Maturinum
647 985 679 1014 in
693 985 785 1015 nonis
798 985 911 1015 Nostre
927 985 1069 1020 Domine,
1078 985 1135 1014 xl·
1146 985 1197 1015 die

291 1034 405 1064 mensis
418 1034 555 1064 Ianuarii
565 1033 637 1064 anni
653 1034 807 1064 millesimi
820 1034 1118 1074 quadringentesimi
1130 1034 1197 1074 pri-

291 1082 344 1118 mi,
374 1093 469 1123 super
498 1083 599 1113 tribus
626 1083 776 1113 articulis.
807 1083 932 1113 Primus
958 1089 1025 1113 erat
1051 1083 1090 1112 de
1119 1084 1197 1113 facto

290 1131 407 1162 domini
429 1131 648 1172 archydiaconi
675 1131 837 1162 Scarensis
863 1142 900 1162 ex
920 1138 1008 1172 parte
1033 1132 1144 1162 domus
1164 1131 1196 1161 in

289 1181 360 1217 vico
379 1180 519 1210 Brunelli
540 1181 584 1210 ad
603 1183 773 1221 ymaginem
794 1188 893 1210 nostre
912 1183 1048 1211 Domine.
1068 1180 1108 1210 Et
1125 1180 1198 1221 quia

287 1229 364 1260 alias
389 1230 591 1260 deliberatum
618 1229 674 1260 suit
699 1230 732 1259 in
763 1230 892 1260 nacione
922 1230 954 1260 in
982 1229 1197 1270 procuratoris

289 1279 430 1320 magistri
442 1279 605 1315 Johannis,
619 1279 703 1319 quod
716 1289 771 1309 sex
779 1279 917 1319 deputati
926 1279 1088 1310 visitarent
1097 1279 1196 1309 libros

289 1328 475 1368 receptoria,
502 1328 587 1368 quod
608 1329 744 1358 nondum
769 1328 879 1358 iactum
903 1328 959 1358 ruit
969 1327 994 1363 ²,
1016 1328 1087 1358 ideo
1108 1328 1196 1358 nacio

290 1383 376 1407 stans
397 1377 430 1406 in
446 1377 516 1407 aliis
533 1377 712 1407 deliberatis
734 1377 843 1407 iterato
859 1377 945 1407 dedit
965 1377 1045 1407 duos
1066 1377 1196 1417 deputa-

290 1432 340 1456 tos
349 1436 409 1467 pro
424 1426 646 1456 informacione
661 1426 835 1456 debitorum
849 1432 1075 1456 contractorum
1083 1426 1115 1456 in
1126 1436 1196 1466 pre-

290 1475 383 1505 dictis
394 1474 495 1505 libris.

331 1525 377 1554 2¹¹·
388 1524 536 1554 articulus
553 1524 609 1554 fuit
625 1533 720 1564 super
735 1525 814 1554 facto
825 1524 1032 1554 edificacionis
1043 1524 1196 1555 scolarum

290 1574 329 1603 ad
351 1573 532 1603 avisandum
556 1573 594 1602 de
623 1573 715 1603 modo
741 1573 875 1603 habendi
900 1574 1059 1614 pecunias.
1089 1574 1196 1612 Quoad

290 1621 373 1652 istud
388 1622 461 1652 tacti
473 1628 546 1652 sunt
557 1622 619 1652 duo
634 1622 727 1652 modi.
748 1622 872 1653 Primus
887 1624 971 1662 quod
982 1623 1095 1653 bonum
1113 1629 1197 1653 esset

289 1671 316 1701 si
337 1672 448 1702 domus
471 1671 510 1700 de
531 1681 622 1700 cornu
639 1673 720 1700 cer-oi
739 1670 835 1701 locari
855 1678 963 1711 posset
979 1682 1017 1702 ex
1041 1682 1195 1702 consensu

289 1719 509 1754 Universitatis
532 1720 623 1750 alicui
651 1721 689 1750 ad
712 1720 817 1756 vitam,
843 1727 873 1750 et
895 1721 934 1751 de
957 1721 1098 1761 pecuniis
1124 1721 1196 1751 inde

288 1769 424 1810 receptis
436 1769 654 1800 edificarentur
668 1769 763 1800 scole.
779 1770 826 1799 2⁸²·
838 1770 958 1805 modus,
975 1771 1057 1810 quod
1072 1770 1196 1810 expedi-

288 1825 336 1849 ret
361 1819 444 1858 quod
461 1817 592 1859 regina³
609 1818 748 1848 adiretur
767 1829 823 1858 per
841 1819 974 1848 medium
991 1818 1108 1849 domini
1128 1819 1196 1859 epi-

289 1867 376 1908 scopi
388 1866 630 1898 Silvanectensis
641 1866 665 1903 ⁴,
685 1873 715 1897 et
727 1867 918 1907 supplicaret
929 1867 989 1897 sibi
1000 1868 1099 1903 nacio.
1111 1874 1196 1908 post·

288 1926 379 1957 quam
394 1916 555 1946 informata
571 1922 655 1946 esset
669 1917 707 1946 de
723 1922 803 1946 statu
819 1917 970 1952 nacionis,
982 1917 1066 1957 quod
1079 1927 1195 1947 accom-

289 1965 428 1995 modaret
443 1965 565 1995 nacioni
583 1965 734 1995 ducentos
750 1966 872 1995 francos
886 1965 936 1995 vel
952 1965 993 1995 11⁶
1013 1972 1099 1996 scuta
1109 1965 1122 1985 ³
1137 1976 1196 2006 pro

287 2014 499 2055 complecione
515 2014 680 2050 scolarum,
699 2024 779 2054 quos
793 2015 842 2044 vel
859 2025 919 2054 que
934 2015 1002 2054 ipsa
1015 2015 1150 2045 solveret
1164 2015 1196 2045 in

290 2069 447 2103 posterum
465 2073 522 2103 per
538 2069 639 2093 certas
658 2069 768 2103 quotas
789 2063 948 2099 annuales,
972 2063 1014 2093 ita
1030 2065 1114 2104 quod
1138 2064 1195 2094 boc

288 2113 380 2142 modo
394 2118 622 2152 proponeretur
633 2113 754 2142 factum.

328 2162 375 2191 3²·
392 2161 541 2190 articulus
562 2161 619 2191 fuit
641 2171 736 2201 super
757 2161 1041 2201 supplicacionibus
1063 2168 1093 2191 et
1114 2161 1196 2202 inju-

288 2210 355 2240 riis.
366 2209 475 2247 Quoad
487 2210 580 2239 istum
595 2210 781 2250 supplicavit
793 2210 917 2250 quidam
931 2210 1089 2251 magister,
1102 2211 1195 2251 magi-

287 2265 353 2288 ster
370 2258 485 2298 Helyas
502 2259 540 2288 de
560 2258 748 2295 Culeburcb,
765 2269 822 2299 pro
841 2259 929 2289 litera
946 2259 1143 2289 testimoniali
1165 2266 1195 2290 et

287 2308 583 2338 recommendatoria
611 2318 648 2338 ex
676 2314 764 2348 parte
791 2308 931 2348 magistri
964 2308 1132 2338 Hermanni
1156 2309 1194 2338 de

288 2355 423 2392 Braklis,
436 2357 490 2396 qui
507 2356 645 2386 existens
663 2357 694 2386 in
707 2356 982 2396 Montepessulano
998 2367 1059 2386 non
1078 2357 1194 2387 habens

287 2405 405 2435 literam
419 2416 436 2435 a
451 2405 591 2436 facultate
609 2406 911 2435 recommendaretur
923 2416 940 2435 a
952 2406 1080 2436 nacione
1094 2407 1194 2437 bonus

288 2460 319 2484 et
348 2454 512 2485 continuus
540 2454 670 2484 scolaris
697 2455 792 2485 fuisse
814 2454 845 2484 in
874 2454 1012 2484 facultate
1043 2455 1193 2485 medicine

289 2502 440 2538 Pal-isius,
460 2509 489 2533 et
510 2503 611 2544 ipsum
629 2504 784 2533 audivisse
803 2503 951 2533 lectiones
973 2504 1146 2533 ordinarias
1164 2510 1194 2534 et

287 2552 561 2582 extraordinarias.
580 2552 612 2581 2⁰
626 2552 812 2592 supplicavit
835 2552 1034 2582 Boemundus
1053 2552 1193 2582 bedellus

288 2600 427 2631 nacionis
441 2611 499 2641 pro
515 2601 671 2642 aliquibus
687 2601 826 2641 pecuniis
846 2601 904 2631 sibi
921 2601 1019 2631 adhuc
1035 2601 1193 2631 solvendis

287 2658 304 2679 a
322 2656 482 2690 receptore
499 2650 658 2686 defuncto,
677 2651 759 2690 quod
779 2651 817 2679 de
840 2650 901 2679 illis
923 2650 1106 2680 solveretur.
1126 2650 1192 2688 Que

288 2697 536 2738 supplicaciones
551 2699 673 2729 suerunt
685 2699 831 2729 admisse.

318 2813 341 2837 1.
373 2814 464 2837 Postu
473 2813 584 2846 spatium
597 2814 710 2846 quinque
722 2814 856 2841 linearum.
869 2814 914 2838 ubi
921 2814 1081 2838 actitandum
1091 2816 1149 2838 erat
1159 2814 1192 2838 do

284 2848 409 2873 eleanan·
421 2849 483 2873 novi
488 2849 675 2881 procuratoris,
684 2850 731 2882 qui
739 2849 909 2874 uerisimituer
921 2850 962 2874 ts·
972 2849 1116 2874 Decembris
1124 2849 1191 2874 eloc-

289 2886 423 2945 euicui-m.
437 2919 515 2944 iurat
529 2920 635 2945 samm.

318 2955 342 2979 2.
375 2955 498 2983 lubens.
510 2957 554 2980 cui
564 2955 729 2980 reverentiam
738 2956 819 2989 paulo
829 2959 905 2981 antea
918 2956 1094 2981 exhibuerunt.

796 467 911 495 LIBER
931 467 1244 497 PROCURATORUM
1263 467 1443 495 NATIONIS
1461 468 1705 496 ANGLICANAE

1251 744 1268 770 5

1235 988 1268 1014 10

1234 1233 1268 1260 15

1233 1478 1268 1504 20

1233 1723 1266 1750 2⁵

1233 1968 1267 1994 ³0

1232 2213 1266 2239 35

1230 2457 1264 2484 40

1229 2702 1263 2729 45

2157 471 2208 498 822

1711 545 1804 574 1401

1324 614 1415 644 Acta
1442 615 1479 644 in
1507 617 1767 655 procurator-ia
1801 617 1971 656 magistri
2003 618 2187 648 Johannis

1619 666 1661 694 de
1695 665 1897 705 Egmonda.

1346 739 1438 769 Facta
1456 741 1703 781 congregacione
1726 743 1860 771 nacionis
1877 744 1984 782 Anglie
2010 744 2091 782 apud
2110 743 2207 773 Sanc-

1304 795 1368 818 tum
1385 788 1571 819 Maturinum
1590 789 1621 819 in
1636 790 1746 830 primis
1763 791 1876 821 Nostre
1897 791 2038 826 Domine,
2058 792 2143 822 X111·
2158 793 2207 822 die

1305 838 1422 867 mensis
1436 838 1573 868 sanum-ii
1592 839 1663 868 anni
1681 840 1861 879 supradicti,
1881 850 1975 880 super
1994 841 2115 870 duobus
2132 841 2208 871 arti-

1305 886 1394 918 culis.
1412 886 1536 917 Primus
1552 894 1618 917 erat
1631 898 1726 927 super
1740 889 1890 918 electione
1905 890 1976 919 novi
1996 891 2207 929 procuratoris

1304 936 1353 965 vel
1372 936 1490 976 antiqui
1511 937 1755 967 continuacione.
1775 938 1820 966 2¹¹·
1842 944 1907 968 erat
1932 948 2027 978 super
2050 939 2208 979 supplica-

1305 985 1446 1014 cionibus
1464 992 1494 1015 et
1510 984 1643 1025 injuriis.
1667 986 1769 1026 Super
1790 987 1890 1026 primo
1912 987 2027 1017 electus
2050 994 2115 1017 erat
2132 998 2208 1017 con-

1304 1034 1441 1064 corditer
1457 1034 1488 1063 in
1505 1041 1737 1074 procuratorem
1753 1036 1900 1076 magister
1914 1036 2070 1066 Johannes
2086 1037 2124 1066 de
2144 1037 2208 1077 Eg-

1304 1083 1426 1113 monda.
1447 1083 1548 1123 Super
1565 1084 1595 1113 2⁰
1613 1085 1732 1113 favebat
1748 1085 1836 1114 nacio
1854 1085 2076 1125 supplicacioni
2095 1096 2208 1125 procu-

1305 1132 1417 1162 ratoris
1431 1133 1562 1172 antiqui,
1578 1138 1636 1162 etc.

1718 1227 1813 1256 1401

1346 1296 1417 1337 (rol.
1451 1297 1499 1337 57)
1527 1297 1775 1328 Continuacio
1806 1298 1968 1339 ejusdem
1995 1300 2167 1339 magistri

1509 1346 1690 1376 Johannis
1721 1348 1763 1377 de
1795 1347 1999 1388 Egmonda.

1345 1426 1464 1457 indicta
1476 1426 1488 1445 ⁶
1519 1427 1765 1467 congregacione
1793 1429 1927 1457 nacionis
1955 1430 2092 1458 Almanie
2126 1430 2207 1469 apud

1305 1475 1449 1506 Sanctum
1472 1476 1658 1506 Maturinum
1681 1476 1756 1506 hora
1780 1477 1943 1506 terciarum
1969 1487 2063 1516 super
2088 1478 2208 1507 duobus

1304 1523 1453 1554 articulis.
1470 1524 1594 1554 Primus
1614 1535 1709 1565 super
1728 1525 1877 1555 electione
1894 1526 1965 1555 novi
1984 1527 2205 1565 procuratoris.

1304 1574 1350 1602 2¹²·
1367 1583 1463 1613 super
1478 1573 1762 1614 supplicacionibus
1785 1581 1815 1604 et
1836 1573 1970 1614 injuriis.
1989 1574 2208 1615 Super-primo

1304 1622 1420 1653 electus
1462 1629 1510 1652 est
1550 1622 1747 1652 concorditer
1791 1623 1939 1663 magister
1976 1623 2132 1654 Johannes
2170 1625 2207 1654 de

1304 1671 1476 1712 Egmonda.
1508 1672 1610 1711 Super
1634 1673 1665 1701 2⁰
1695 1672 1881 1712 supplicavit
1910 1679 2091 1712 procurator
2115 1683 2210 1713 super

1304 1721 1483 1762 agnacione,
1496 1721 1811 1756 recommendacione,
1827 1728 1898 1756 etc.,
1911 1728 1941 1751 et
1952 1722 2006 1751 suit
2019 1722 2210 1761 supplicacio

1303 1770 1449 1800 admissa.

1345 1819 1464 1849 Indicta
1489 1820 1735 1859 congregacione
1768 1821 1902 1848 nacionis
1931 1821 2095 1859 Anglicane
2127 1821 2208 1860 apud

1305 1869 1449 1898 Sanctum
1462 1868 1648 1898 Maturinum
1666 1868 1741 1898 hora
1757 1869 1922 1908 primarum
1939 1869 2052 1898 Nostre
2064 1869 2206 1904 Domine,

1304 1917 1359 1947 XI·
1369 1918 1419 1947 die
1435 1917 1550 1947 mensis
1566 1917 1738 1952 Februarii,
1751 1928 1845 1957 super
1862 1918 1962 1947 tribus
1975 1917 2124 1947 articulis.
2140 1918 2207 1947 Pri-

1305 1977 1372 1997 mus
1382 1973 1448 1996 erat
1458 1976 1552 2006 super
1564 1966 1713 1996 electione
1724 1967 1795 1996 novi
1808 1966 2019 2006 procuratoris
2030 1966 2078 1996 vel
2089 1967 2206 2006 antiqui

1304 2015 1547 2045 continuacione.
1567 2016 1614 2044 2⁰⁸
1632 2015 1779 2045 articulus
1797 2022 1862 2044 erat
1879 2025 1974 2055 super
1997 2016 2073 2044 sacto
2092 2015 2207 2045 officia-

1303 2065 1419 2095 riorum
1440 2064 1522 2094 circa
1540 2064 1732 2093 bachalarios
1755 2064 1986 2099 examinandos,
2004 2064 2207 2104 similiterque

1304 2124 1398 2154 super
1415 2119 1558 2153 compoto
1575 2113 1691 2142 domini
1708 2113 1891 2153 receptoris.
1914 2114 1960 2143 3¹·-
1974 2113 2121 2142 articulus
2142 2120 2207 2143 erat

1304 2173 1398 2202 super
1427 2162 1711 2202 supplicacionibus
1737 2169 1767 2192 et
1796 2161 1928 2202 injuriis.
1954 2162 1993 2191 Et
2021 2162 2207 2201 supplicavit

1302 2218 1496 2252 procurator,
1521 2217 1553 2241 ut
1577 2211 1742 2240 haberetur
1763 2212 2026 2241 recommendatus
2049 2218 2077 2240 et
2099 2217 2206 2250 gratus

1304 2261 1334 2290 in
1353 2260 1412 2290 hiis
1428 2270 1487 2300 que
1502 2260 1577 2300 egit.
1598 2260 1637 2290 Et
1653 2260 1839 2300 supplicavit
1859 2260 1981 2299 quidam
2000 2260 2154 2294 dominus,
2173 2267 2206 2290 ut

1302 2309 1390 2339 nacio
1405 2309 1498 2339 vellet
1514 2319 1648 2339 annuere
1660 2319 1714 2339 sue
1726 2309 1948 2349 supplicacioni
1965 2309 2002 2338 do.
2018 2310 2206 2348 acceptando

1302 2359 1402 2399 ipsum
1425 2358 1456 2387 in
1476 2357 1681 2387 bachalarium
1707 2358 1817 2388 solutis
1840 2357 2009 2392 solvendis,
2034 2358 2100 2387 viso
2122 2358 2203 2397 quod

1302 2407 1374 2437 alibi
1389 2407 1444 2436 fuit
1458 2406 1547 2436 talem
1566 2408 1692 2447 gradum
1712 2407 1886 2447 ingressus.
1900 2407 2001 2446 Super
2016 2406 2116 2446 primo
2132 2416 2203 2436 una·

1301 2456 1425 2486 nimiter
1442 2456 1637 2486 continuatus
1659 2462 1724 2485 erat
1748 2456 1839 2485 idem.
1862 2456 1963 2495 Super
1985 2457 2015 2484 2⁰
2032 2455 2093 2484 dati
2118 2462 2206 2484 erant

1301 2503 1438 2534 officiarii
1453 2505 1620 2534 secundum
1634 2503 1756 2533 solitum
1774 2505 1906 2539 modum,
1924 2514 2018 2543 super
2033 2514 2092 2543 quo
2108 2503 2202 2533 eciam

1301 2553 1470 2583 habebatur
1497 2559 1657 2593 compotus
1684 2553 1799 2583 domini
1826 2553 2007 2592 recepturis.
2040 2552 2140 2592 Super
2172 2553 2205 2581 3⁰

1300 2602 1407 2632 annuit
1420 2602 1508 2631 nacio
1526 2601 1749 2642 supplicacioni
1766 2602 1884 2641 prefati.
1902 2612 2021 2631 necnon
2035 2602 2065 2630 in
2077 2601 2203 2631 alterius

1300 2651 1415 2681 domini
1430 2650 1634 2691 supplicantis
1652 2661 1836 2680 consensum
1851 2650 1955 2684 adivit,
1974 2656 2031 2679 etc.

1340 2699 1459 2730 indicta
1485 2700 1729 2740 congregacione
1756 2700 1893 2729 nacionis
1923 2699 2091 2739 Anglicane
2121 2700 2202 2739 apud

1329 2816 1352 2839 Ιι.
1385 2814 1513 2839 'ohanni-
1525 2814 1557 2839 de
1568 2814 1693 2843 Diodorus,
1707 2815 1738 2838 de
1753 2823 1802 2846 quo
1818 2815 1843 2838 ιἰι
1857 2814 1978 2838 Chartul.
1995 2818 2022 2837 n·
2037 2814 2098 2838 1310
2110 2816 2164 2839 noe.
2178 2814 2202 2838 1.

1298 2851 1336 2874 Ab
1345 2858 1389 2875 an.
1403 2851 1464 2875 ¹³88
1473 2851 1590 2883 provisor
1601 2850 1739 2874 Serbonae.
1759 2850 1811 2874 Vid.
1826 2850 1895 2881 inlra
1909 2858 1935 2881 p.
1949 2851 2003 2876 835.
2015 2852 2067 2874 nol.
2084 2850 2107 2874 1.

1329 2887 1353 2910 δ.
1386 2886 1458 2917 Infra
1475 2886 1511 2909 ad
1527 2894 1570 2910 an.
1590 2886 1657 2913 1402.
1677 2885 1766 2909 Martii
1778 2886 1804 2909 ³1
1822 2885 1950 2913 scribitur,
1966 2884 2081 2916 reginum
2098 2884 2199 2909 nationi

1297 2921 1387 2953 dipem
1398 2922 1439 2945 ΧΧ
1453 2922 1537 2952 [rane.
1551 2921 1667 2945 dedisse!
1682 2921 1734 2945 Vici.
1749 2921 1825 2944 etiam
1839 2929 1864 2952 p.
1875 2921 1935 2948 829:
1949 2922 2002 2947 880.
2016 2921 2055 2944 ¹10.

1328 2959 1352 2981 8.
1386 2958 1454 2981 naec
1465 2957 1566 2980 rubrica
1578 2965 1655 2988 nuque
1667 2958 1697 2980 2ss
1707 2956 1790 2980 deleta
1801 2958 1846 2984 ecl,
1855 2955 1916 2987 quia
1926 2958 2015 2988 postea
2025 2955 2202 2980 abundantius

1297 2992 1331 3016 de
1343 2992 1430 3016 eodem
1443 2993 1540 3025 agunt.
