2632 3464
0 3371 4 3425 κων
0 3194 7 3360 ,,,,..,-,..,,ὴ«,ψ,,,.
0 3175 3 3180 v

898 462 1169 490 MEMORABILIA
1189 462 1274 489 NAT.
1294 463 1542 490 ANGLICANAE
2103 475 2190 491 xxxnx

257 540 420 578 haberet
440 539 650 583 scholares,
668 539 771 590 quod
791 538 993 576 commode
1013 551 1091 575 non
1113 546 1274 588 possent
1290 538 1426 575 sedere
1444 540 1482 574 in
1502 539 1644 574 scholis
1668 538 1741 574 sibi
1762 539 1970 589 deputatis,
1993 548 2031 576 et
2052 540 2189 590 aliquis

265 610 442 653 aliorum,
468 611 506 645 in
530 610 639 658 cujus
662 609 804 646 scholis
831 608 1028 644 scholares
1052 607 1144 644 dicti
1167 607 1326 643 Marsilii
1351 607 1553 644 commode
1573 609 1714 644 intrare
1738 616 1912 657 possent,
1937 610 1989 645 ita
2017 609 2190 646 modicos

258 679 419 716 haberet
435 678 643 722 scholares,
664 678 767 728 quod
782 677 985 714 commode
997 678 1140 714 intrare
1153 683 1313 726 possent
1327 677 1365 712 in
1382 676 1534 713 scholas
1547 678 1599 714 W
1602 676 1764 726 adenoy,
1785 691 1802 711 »
1822 677 1909 713 illae
1925 678 2080 714 scholae
2096 680 2192 714 Mar-

259 748 347 786 silio
363 747 669 785 concederentur
694 748 791 794 (459,
824 748 867 783 12
891 746 1008 796 sqq.).
1042 748 1146 783 Inter
1170 748 1377 795 magistros
1402 749 1467 796 qui
1490 760 1667 796 magnam
1687 747 1941 797 frequentiam
1958 748 2187 789 habuerunt,

260 816 487 854 numerandi
508 824 598 853 sunt
617 816 807 853 Jordanus
829 816 878 853 de
904 816 1034 859 Chvis,
1062 815 1252 852 Gerardus
1272 816 1428 858 KaHzar,
1453 817 1645 854 Johannes
1671 816 1720 853 de
1742 817 1927 854 Hokelem
1951 825 1990 854 et
2010 819 2119 866 Hugo
2141 818 2191 854 de

264 889 461 928 Hervorst,
479 887 544 935 qui
563 899 584 921 a
604 885 732 936 longis
749 885 989 936 temporibus
1010 887 1049 921 in
1069 885 1205 922 iisdem
1221 885 1364 922 scholis
1378 884 1593 921 docuerunt
1607 885 1705 932 (526,
1723 884 1790 927 4ος
1812 885 1896 927 563,
1923 886 1963 921 11
1984 888 2098 935 sqq).

311 956 482 1006 Magistri
498 955 546 991 ad
559 957 881 1005 congregationes
898 956 1064 992 nationis
1079 954 1126 991 ad
1141 955 1340 991 tractanda
1354 961 1438 991 acta
1454 955 1634 997 nationis,
1657 955 1811 1003 saepius
1828 967 1897 1004 per
1913 955 2185 1004 juramentum,

257 1026 385 1066 vocati
406 1025 633 1075 invitatique
655 1024 821 1061 fuerunt.
842 1024 1039 1061 Formulas
1060 1024 1200 1074 quibus
1221 1023 1482 1060 invitabantur
1501 1025 1654 1059 Parisiis
1668 1036 1745 1059 non
1767 1031 1984 1073 supersunt,
2005 1031 2042 1060 at
2058 1037 2189 1061 exem-

261 1094 369 1144 plum
387 1107 433 1131 ex
453 1095 711 1131 Universitate
730 1095 914 1143 Pragensi
933 1093 1158 1131 afferemus¹
1184 1107 1191 1128 ε

303 1183 500 1216 Reverende
530 1183 702 1228 magister,
730 1183 804 1215 sitis
828 1183 929 1216 hodie
954 1183 1034 1216 hora
1070 1183 1125 1216 17·
1146 1183 1180 1215 in
1208 1182 1470 1227 congregatione
1501 1181 1666 1215 facultatis
1695 1181 1737 1214 ad
1762 1181 1966 1215 audiendum
1988 1182 2186 1227 petitionem

260 1242 425 1274 Johannis
447 1243 592 1286 Tostorp
618 1241 660 1274 de
685 1242 835 1274 Embeck
855 1241 999 1274 volentis
1025 1248 1139 1286 petere
1160 1241 1393 1274 dimissionem
1414 1241 1515 1273 burse
1531 1239 1697 1272 facultatis
1719 1239 1761 1273 ad
1777 1240 1989 1285 pinguiorem
2006 1241 2185 1280 fortunam,

257 1300 320 1332 sub
341 1311 427 1344 pena
442 1299 709 1333 contradicendi.

306 1386 348 1420 ln
366 1384 733 1434 congregationibus
755 1385 1028 1433 magistrorum
1049 1397 1127 1420 non
1151 1397 1237 1420 raro
1258 1383 1361 1426 lites,
1382 1384 1520 1432 jurgia,
1546 1382 1692 1432 brigae‚
1725 1382 2002 1426 dissensiones,
2023 1385 2126 1420 rixae
2147 1392 2185 1421 et

257 1453 446 1490 clamores
485 1453 693 1490 inordinati
727 1453 962 1497 oriebantur,
994 1454 1047 1489 ita
1080 1461 1122 1490 ut
1159 1453 1392 1490 valentiores
1427 1453 1600 1502 magistri
1630 1452 1996 1502 congregationibus
2031 1455 2186 1503 penitus

264 1522 521 1559 abstinuerint
544 1529 583 1559 et
606 1524 839 1560 recesserint
857 1523 956 1569 (361,
982 1523 1054 1569 36).
1083 1524 1222 1560 Notum
1239 1530 1298 1560 est
1318 1522 1512 1572 quomodo
1533 1522 1773 1560 bachalarius
1797 1524 1982 1559 Henricus
2006 1524 2186 1560 Poelman

261 1593 584 1640 congregationes
599 1591 812 1628 turbaverit
823 1591 921 1639 (621,
939 1592 986 1628 28
1003 1594 1117 1642 sqq).

311 1662 368 1698 De
388 1662 480 1697 rixis
500 1662 600 1698 inter
615 1662 821 1710 magistros
844 1674 1119 1711 nonnunquam
1136 1663 1174 1697 in
1191 1662 1373 1698 Auctario
1392 1662 1529 1711 agitur.
1549 1663 1621 1698 Per
1634 1661 1799 1698 arbitros
1822 1674 1844 1698 e
1863 1663 2018 1699 natione
2039 1662 2185 1699 electos

252 1729 411 1767 sedatae
427 1737 516 1767 sunt
532 1729 621 1776 (vid.
639 1742 724 1779 cap.
751 1730 820 1776 14).

301 1800 385 1836 Non
401 1799 484 1835 sine
501 1798 793 1836 difficultatibus
811 1800 985 1851 magistri
1001 1799 1160 1836 aliarum
1175 1800 1476 1836 Universitatum
1492 1801 1530 1836 in
1545 1801 1802 1837 Universitate
1818 1801 1936 1837 Paris.
1953 1801 2013 1837 vel
2028 1803 2184 1839 natione

254 1867 466 1918 Anglicana
491 1867 806 1905 admittebantur.
831 1868 1016 1918 Exemplo
1039 1868 1179 1906 adsunt
1199 1869 1385 1906 Henricus
1410 1868 1458 1906 de
1478 1869 1604 1919 Oytha
1623 1877 1661 1906 et
1676 1869 1842 1906 Jacobus
1857 1869 1905 1906 de
1919 1872 2100 1908 Cracovia
2118 1874 2182 1922 qui

253 1937 420 1974 Parisios
440 1949 486 1974 ex
504 1938 762 1974 Universitate
782 1939 965 1987 Pragensi
985 1945 1170 1975 venerant
1190 1939 1286 1984 (527,
1308 1938 1382 1985 40).

731 2093 767 2129 9.
802 2094 898 2140 Quo
933 2093 1200 2131 devenerint
1238 2095 1473 2144 supposita
1511 2096 1736 2132 nationis.

301 2209 508 2258 Supposita
530 2211 699 2246 nationis
719 2210 955 2260 Anglicanae
976 2212 1077 2247 sicut
1097 2213 1297 2261 supposita
1322 2213 1479 2250 aliarum
1500 2214 1698 2250 nationum
1726 2215 1891 2263 primum
1914 2215 2072 2258 artibus,
2095 2217 2119 2252 i.
2143 2229 2178 2252 e.

250 2277 517 2328 philosophiae
537 2279 768 2316 studuerunt
781 2279 1021 2329 proindeque
1033 2280 1323 2318 fundamentum
1338 2281 1496 2318 aliarum
1513 2283 1761 2320 scientiarum
1778 2292 2003 2333 posuerunt.
2025 2286 2183 2321 Verum-

251 2354 380 2383 tamen
411 2347 586 2384 nonnulli
623 2349 868 2385 inveniuntur
901 2350 966 2398 qui
990 2350 1066 2398 juri
1094 2357 1296 2400 antequam
1329 2351 1472 2400 gradus
1508 2352 1546 2387 in
1581 2352 1727 2388 artibus
1757 2354 1996 2403 recepissent
2025 2367 2180 2404 operam

250 2415 406 2453 dabant.
431 2418 506 2453 Nec
530 2425 657 2454 tamen
675 2430 809 2454 omnes
828 2419 893 2468 qui
913 2419 950 2454 in
970 2418 1116 2455 artibus
1138 2419 1500 2463 determinaverunt,
1523 2422 1560 2457 in
1583 2421 1719 2458 iisdem
1746 2424 1861 2458 etiam
1883 2423 2068 2460 licentiati
2092 2431 2182 2460 sunt

249 2484 310 2522 vel
331 2486 570 2535 inceperunt,
590 2500 716 2536 neque
736 2500 871 2524 omnes
891 2489 956 2538 qui
977 2489 1150 2538 magistri
1169 2490 1307 2526 artium
1328 2497 1450 2535 erant,
1470 2491 1508 2526 in
1525 2490 1597 2526 alia
1618 2492 1779 2528 scientia
1794 2491 1970 2540 graduati
1992 2500 2092 2528 sunt.

297 2554 462 2602 Quidam
484 2555 595 2592 titulo
611 2557 783 2606 magistri
801 2558 938 2594 artium
955 2565 1035 2594 tota
1051 2559 1127 2594 vita
1143 2571 1211 2594 sua
1225 2561 1398 2596 contenti
1419 2567 1528 2596 erant
1545 2568 1583 2597 et
1605 2561 1641 2596 in
1659 2560 1805 2597 artibus
1826 2574 1895 2610 per
1910 2563 2002 2598 satis
2020 2562 2176 2611 longum

249 2625 434 2673 temporis
455 2625 622 2674 spatium
640 2625 891 2669 docuerunt²‚
910 2640 980 2663 nec
1009 2628 1047 2663 in
1074 2627 1145 2664 alia
1175 2629 1335 2665 scicntia
1356 2629 1403 2665 ad
1422 2629 1581 2679 gradum
1606 2630 1894 2668 baccalareatus
1916 2631 1974 2668 vel
1999 2631 2179 2669 licentiae

250 2701 519 2742 pervenerunt.
541 2693 673 2730 Plures
698 2707 830 2731 eorum
857 2697 1010 2732 Parisiis
1037 2706 1315 2742 remanserunt,
1339 2699 1456 2735 immo
1482 2699 1605 2743 multi,
1627 2707 1704 2736 tam
1725 2701 1897 2750 magistri
1922 2714 2034 2750 quam
2063 2701 2176 2737 scho-

250 2761 363 2807 lares,
382 2762 523 2799 ibidem
543 2765 682 2800 mortui
703 2771 804 2807 sunt,
829 2772 870 2801 ut
892 2765 929 2800 in
951 2765 1141 2815 epidemia
1158 2780 1218 2802 an.
1245 2768 1338 2803 1399
1354 2769 1452 2815 (819,
1471 2769 1543 2815 31),
1567 2768 1657 2805 dum
1675 2769 1751 2812 alii,
1773 2777 1814 2806 ut
1833 2770 1929 2806 infra
1945 2770 2173 2808 videbimus.

249 2830 298 2868 ad
313 2831 406 2867 alias
423 2833 702 2869 Universitates
721 2841 976 2870 recesserunt.

291 2934 319 2963 1.
362 2937 493 2963 Manum.
506 2935 575 2964 hist.
594 2937 726 2965 Univers.
740 2938 846 2976 Prag.‚
861 2937 884 2972 Ι,
900 2939 926 2973 1,
941 2948 971 2977 p.
985 2938 1044 2967 280
1057 2939 1092 2968 ad
1105 2948 1154 2968 an.
1266 2940 1347 2970 citiis
1365 2951 1530 2980 parvorum
1544 2941 1719 2982 logicalium
1737 2954 1764 2970 n.

251 2983 338 3012 1393.
356 2982 425 3012 Vid.
444 2994 474 3023 p.
492 2985 550 3014 278
565 2985 603 3013 ad
617 2995 665 3014 an.
685 2986 772 3020 1392,
790 2985 842 3015 ubi
855 2986 958 3026 agitur
975 2988 1012 3017 de
1033 2999 1045 3015 α
1067 2998 1156 3017 exer·
1305 2989 1334 3018 2.
1381 2989 1450 3019 Vid.
1471 3000 1538 3030 cap.
1554 2990 1571 3019 4
1588 2997 1618 3020 et
1634 2993 1663 3021 8.
1683 2992 1781 3031 Saepe
1798 2991 1886 3021 etiam
1903 3003 1915 3019 α
1940 2992 1969 3021 in
1989 2993 2129 3032 partibus
2145 3006 2171 3023 ιο.

329 3037 442 3056 Aumatium
455 3037 579 3057 cummiani
589 3037 676 3059 vasnn.
688 3039 754 3059 Paris.
765 3050 790 3054 -
801 3038 816 3058 1.
