2632 3464
451 405 504 431 299
979 400 1200 427 AUCTARIUM
1221 399 1480 426 CHARTULARII
1499 399 1674 426 UNIVERS.
1696 400 1814 427 PARIS.
2305 403 2359 431 300

445 480 556 520 signati
573 481 609 509 ab
623 479 749 509 Urbano
762 479 793 507 in
807 478 854 507 sui
867 477 1038 512 creacione,
1054 476 1140 515 cujus
1155 475 1345 516 supplicacio

446 529 501 558 fuit
515 538 673 558 concessa.

485 578 559 607 Item
574 576 759 616 supplicavit
776 576 923 616 magister
941 575 1093 604 Henricus
1112 575 1149 603 de
1170 574 1270 603 Beesd
1288 583 1344 612 pro

444 626 532 656 litera
551 625 758 660 testimoniali,
784 626 866 664 quod
892 631 956 653 erat
977 634 1089 663 regens
1116 630 1253 662 tempore
1276 623 1344 652 date

443 675 535 704 rotuli
549 674 692 714 predicti,
710 673 796 712 cujus
812 673 1001 712 supplicacio
1020 672 1075 701 suit
1091 681 1246 700 concessa.

484 724 557 753 Item
575 722 758 762 supplicavit
777 728 957 761 procurator
973 721 1129 760 predictus
1147 722 1229 759 quod
1245 720 1344 760 magi-

443 779 506 802 ster
524 772 733 801 Theodericus
750 772 787 799 de
805 770 959 800 Heeswiic
978 769 1104 798 haberet
1123 769 1240 798 literam
1259 769 1342 798 testi-

442 821 603 850 monialem
617 821 698 860 quod
712 826 776 848 erat
791 829 903 858 regens
917 825 1053 858 tempore
1071 819 1139 847 date
1158 818 1251 847 rotuli
1274 828 1342 857 pre-

442 870 515 899 dicti
537 870 627 898 modo
647 875 676 898 et
697 870 791 897 forma
814 868 925 907 quibus
948 878 1012 896 eam
1040 867 1172 896 obtinuit
1196 867 1342 906 magister

442 918 649 947 Theodericus
668 917 797 951 Nellinc‚
815 923 843 945 et
862 916 1050 956 supplicacio
1068 915 1122 945 fuit
1138 926 1296 951 concessa,
1313 922 1342 945 et

441 967 555 996 minuta
573 967 628 995 suit
645 966 735 995 michi
753 967 790 994 de
806 965 897 994 archa
911 965 1031 999 tradita,
1051 971 1107 994 etc.

480 1016 553 1044 Item
574 1016 685 1044 ibidem
711 1025 767 1054 per
791 1015 912 1043 modum
936 1014 1059 1043 concilii
1089 1014 1144 1043 suit
1167 1014 1339 1043 ordinatum

440 1066 521 1104 quod
564 1065 645 1093 natio
685 1063 842 1092 ordinaret
886 1063 1038 1102 duplicem
1080 1063 1339 1102 supplicacionem

440 1114 601 1153 sigillatam
637 1112 741 1152 sigillo
779 1122 888 1152 magno
924 1112 1056 1141 nationis
1096 1113 1133 1140 ad
1164 1122 1274 1151 papam
1301 1113 1338 1140 ad

439 1163 654 1191 removendum
674 1162 783 1190 dictam
803 1161 976 1200 regenciam
994 1167 1024 1189 et
1039 1162 1121 1200 quod
1135 1162 1171 1190 ad
1190 1161 1248 1190 hoc
1263 1171 1339 1200 sup-

439 1211 566 1249 plicaret
590 1211 620 1238 in
648 1210 854 1239 Universitate
879 1220 936 1249 pro
963 1210 1266 1239 recommendacione
1290 1210 1338 1239 vel

438 1259 665 1298 supplicacione
684 1260 720 1287 ad
736 1269 844 1298 papam
859 1265 888 1288 et
899 1260 981 1298 quod
997 1260 1191 1288 traderentur
1206 1258 1309 1288 michi.

841 1352 939 1381 1364

457 1423 532 1463 (F'ol.
551 1422 625 1463 521³)
663 1423 883 1452 Procuratio
913 1423 1092 1452 Johannis
1121 1424 1163 1452 de
1202 1423 1312 1453 Udem

659 1471 901 1501 Coloniensis
929 1471 1109 1501 diocesis.

474 1552 564 1581 Anno
587 1552 709 1581 Domini
730 1552 890 1581 millesimo
905 1552 1120 1582 trecentesimo
1142 1554 1335 1592 sexagesimo

435 1607 554 1639 quarto,
572 1600 738 1630 indictione
752 1602 896 1636 secunda,
909 1602 1023 1630 mensis
1036 1601 1154 1640 Aprilis
1171 1602 1220 1630 die
1236 1609 1333 1638 sexta,

435 1650 510 1678 hora
524 1650 703 1689 primarum,
722 1650 798 1678 facta
814 1650 1059 1689 congregacione
1074 1650 1206 1680 nationis
1223 1651 1334 1691 Angli-

434 1708 507 1727 cane
521 1699 558 1727 ad
571 1698 745 1738 eligendum
758 1705 998 1738 procuratorem,
1009 1699 1124 1728 electus
1136 1700 1191 1729 fuit
1203 1710 1334 1729 concor-

433 1747 513 1776 diter
525 1748 561 1776 ab
579 1748 720 1776 omnibus
741 1748 824 1776 nullo
847 1748 970 1787 penitus
986 1749 1168 1777 reclamante
1186 1750 1334 1789 magister

432 1796 586 1825 Johannes
600 1797 638 1825 de
656 1796 752 1825 Udem
770 1797 801 1825 in
818 1803 1059 1835 procuratorem,
1077 1797 1108 1826 in
1119 1797 1205 1837 cujus
1219 1809 1333 1837 procu-

432 1845 549 1874 ratione
568 1846 643 1874 sacta
662 1852 732 1874 sunt
745 1856 804 1884 que
822 1852 1003 1885 sequuntur.

473 1893 576 1922 Primo
594 1895 762 1933 resignavit
784 1895 930 1934 magister
948 1886 1157 1925 Theodericus
1175 1896 1274 1925 Distel
1294 1897 1331 1926 de

432 1942 522 1971 Unna
541 1943 670 1972 officium
691 1943 862 1982 receptoris
880 1944 1012 1973 nationis
1035 1945 1184 1983 predicte,
1203 1946 1331 1984 cupiens

432 1991 522 2020 alium
547 1992 744 2027 substituere,
769 1993 851 2031 quod
873 1999 1015 2032 negatum
1044 1993 1172 2028 fuerat⁴‚
1195 1995 1250 2023 sed
1268 2002 1332 2024 erat

431 2041 468 2068 ab
490 2041 632 2069 omnibus
656 2041 775 2070 noviter
798 2041 912 2070 electus
939 2042 1084 2081 magister
1109 2043 1267 2072 Marcilius
1293 2045 1330 2073 de

432 2089 527 2128 Ingen
548 2090 584 2117 ad
605 2091 807 2118 exercendum
828 2090 957 2119 officium
980 2092 1151 2129 predictum
1171 2102 1269 2131 usque
1293 2094 1331 2122 ad

432 2138 539 2166 festum
558 2137 672 2167 Mathie
684 2138 695 2155 ²
713 2139 852 2177 proximo
869 2140 1011 2168 futurum.

472 2186 544 2215 ltem
575 2187 789 2226 supplicabant
813 2188 959 2227 magister
987 2188 1197 2219 Theodericus
1231 2191 1330 2220 Distel

430 2235 587 2273 predictus
607 2242 637 2264 et
656 2236 802 2275 magister
822 2237 974 2266 Henricus
995 2239 1031 2266 de
1058 2238 1159 2267 Beesd
1183 2240 1264 2278 quod
1284 2241 1329 2269 eis

430 2284 536 2312 fierent
550 2284 637 2313 litere
656 2285 876 2314 testimoniales
894 2287 931 2314 de
952 2286 1009 2315 hoc
1025 2288 1105 2325 quod
1127 2288 1248 2317 suerunt
1265 2289 1329 2318 veri

430 2339 458 2361 et
478 2339 545 2361 actu
563 2340 705 2372 regentes
724 2340 860 2373 tempore
881 2335 1089 2364 ordinacionis
1109 2337 1200 2365 rotuli
1219 2343 1248 2366 et
1260 2344 1329 2367 ante

429 2387 458 2409 et
474 2388 554 2420 post,
573 2392 631 2420 que
647 2382 734 2411 litere
753 2383 797 2411 eis
812 2393 957 2412 concesse
973 2385 1103 2413 fuerunt.

469 2430 541 2459 Item
562 2430 752 2460 intraverunt
772 2432 910 2470 magistri
932 2434 1086 2462 tabernam
1105 2435 1210 2463 eodem
1227 2435 1275 2464 die
1290 2437 1329 2464 ad

426 2481 593 2517 ymaginem
604 2487 700 2508 nostre
713 2480 829 2508 domine
838 2481 868 2509 in
877 2482 944 2510 vico
960 2482 1084 2511 Husseti
1094 2493 1191 2522 prope
1201 2494 1327 2522 parvum

427 2534 562 2565 pontem,
577 2534 606 2557 et
621 2529 834 2567 expendebant
849 2530 960 2559 ibidem
974 2532 1012 2559 38
1023 2531 1151 2566 solidos,
1165 2533 1201 2561 de
1215 2533 1326 2571 quibus

428 2586 485 2614 ego
500 2576 654 2605 ,lohannes
667 2578 823 2615 predictus
836 2588 892 2617 pro
904 2579 1012 2607 beanio
1024 2590 1089 2608 meo
1105 2587 1219 2609 tantum
1233 2592 1325 2620 quan-

428 2630 488 2652 tum
502 2635 518 2652 a
532 2635 577 2653 me
590 2626 774 2664 petiverunt,
790 2626 938 2666 reliquam
953 2635 1068 2666 partem
1081 2629 1173 2658 solvit
1185 2631 1326 2660 dominus

427 2680 568 2711 receptor
589 2674 641 2712 qui
664 2684 720 2713 pro
742 2681 879 2714 tempore
903 2676 968 2711 fuit,
996 2683 1025 2706 et
1046 2678 1219 2716 petiverunt
1241 2689 1257 2707 a
1278 2690 1325 2708 me

426 2731 517 2750 unum
537 2722 694 2758 florenum,
715 2734 804 2762 quem
823 2724 867 2753 eis
883 2725 965 2754 dedi.

457 2839 477 2861 ¹l.
513 2841 532 2862 l.
544 2848 563 2862 e.
582 2841 741 2864 substitutio.

457 2875 479 2896 2.
513 2876 557 2897 Mx.
569 2876 654 2906 potins
667 2877 771 2900 Muthci.

457 2910 478 2932 3.
514 2912 559 2933 Ms.
572 2911 650 2934 XHII.

1399 676 1415 701 5

1379 920 1412 946 10

1377 1164 1410 1191 15

1374 1409 1408 1435 20

1372 1655 1405 1681 25

1369 1900 1403 1926 30

1367 2145 1401 2171 35

1367 2392 1400 2417 40

1363 2635 1396 2661 45

1494 475 1569 504 Item
1607 476 1802 516 supplicabat
1831 478 1974 507 dominus
2003 478 2161 510 Gerardus
2193 480 2356 512 Swechten

1454 525 1535 563 quod
1551 526 1644 555 burse
1660 535 1717 565 pro
1736 526 1916 566 incepcione
1934 527 1994 556 sibi
2012 528 2240 560 dimitterentur
2257 541 2357 571 usque

1453 574 1536 613 quod
1550 575 1727 613 pervenerit
1739 575 1776 604 ad
1791 576 1942 605 fortunam
1958 577 2164 616 pinguiorem.

1493 623 1567 652 Item
1588 623 1637 652 die
1653 623 1735 659 lune,
1754 624 1810 653 XV
1821 623 1833 642 ³
1849 625 1964 654 mensis
1979 625 2110 665 Aprilis,
2129 627 2206 657 facta
2222 638 2357 668 congre-

1452 671 1580 711 gacione
1595 672 1735 702 nacionis
1752 674 1833 713 apud
1848 673 1991 703 Sanctum
2004 674 2158 704 sulianum
2177 686 2354 716 pauperem,

1451 721 1599 760 magister
1617 721 1772 751 Henricus
1797 723 1834 752 de
1855 722 1957 752 Beesd
1977 723 2050 753 emit
2071 723 2176 754 literas
2201 726 2277 755 duas
2298 737 2356 766 pro

1451 780 1512 798 uno
1531 770 1636 799 franco
1659 780 1719 810 que
1739 771 1800 800 sibi
1821 778 1893 801 sunt
1912 772 2034 808 tradite,
2054 779 2084 802 et
2100 774 2232 813 amplius
2252 785 2354 805 coram

1450 828 1497 847 me
1520 826 1720 858 procuratore
1744 826 1887 860 tanquam
1913 822 2033 851 notario
2054 822 2180 861 publico
2204 824 2357 854 dederunt

1450 868 1510 897 sibi
1527 878 1616 897 omne
1630 867 1684 908 jus
1703 870 1787 908 quod
1804 870 1842 899 de
1861 871 2019 910 personis,
2041 881 2118 911 quas
2137 871 2226 901 litere
2246 879 2355 912 tange-

1449 917 1532 952 bant,
1552 916 1735 953 hahuerunt‚
1755 924 1785 947 et
1806 928 1901 958 super
1915 919 1973 949 hoc
1990 930 2007 949 a
2027 930 2074 949 me
2090 921 2211 950 notario
2228 922 2354 961 publico

1449 965 1509 995 sibi
1534 966 1628 1005 peciit
1651 966 1718 996 fieri
1744 967 1900 1006 publicum
1925 968 2172 998 instrumentum.
2209 970 2248 1000 Et
2276 971 2354 1001 facta

1449 1014 1607 1054 empcione
1626 1022 1655 1045 et
1671 1016 1853 1046 vendicione
1870 1017 2010 1057 magistri
2026 1018 2181 1048 intrabant
2195 1020 2353 1050 tabernam

1448 1063 1479 1092 in
1490 1070 1578 1103 parte
1589 1065 1744 1104 superiori
1753 1065 1813 1095 vici
1822 1065 1926 1095 Sancti
1937 1066 1952 1096 J
1957 1067 2044 1096 acobi
2054 1073 2084 1096 et
2093 1076 2354 1108 consumpserunt

1447 1112 1560 1142 ibidem
1572 1112 1622 1142 ⁴...
1653 1114 1758 1149 solid„
1791 1114 1823 1143 in
1858 1125 1988 1154 quorum
2019 1117 2234 1157 adventagium
2246 1117 2258 1136 ³
2288 1125 2354 1148 erat

1447 1161 1583 1197 francus,
1600 1162 1749 1202 reliquam
1764 1169 1883 1202 partem
1899 1164 1991 1194 solvit
2005 1172 2158 1204 receptor.

1487 1211 1562 1240 ltem
1572 1211 1693 1241 fuerunt
1701 1212 1777 1241 facte
1786 1212 1892 1251 plures
1903 1214 2165 1254 congregaciones
2176 1216 2350 1255 generales,

1446 1266 1477 1288 et
1498 1260 1571 1299 quid
1597 1260 1706 1290 factum
1729 1261 1785 1290 suit
1807 1261 1878 1290 hinc
1901 1261 1973 1291 inde
1994 1263 2072 1292 bene
2096 1263 2204 1299 scitur,
2229 1271 2259 1294 et
2279 1265 2352 1304 quia

1445 1308 1514 1338 aliis
1530 1309 1697 1348 impeditus
1713 1310 1814 1339 omnia
1832 1310 1970 1340 scrihere
1987 1321 2050 1340 non
2064 1312 2175 1351 potuit.

1485 1358 1560 1388 Item
1592 1359 1647 1388 fuit
1671 1368 1740 1388 sera
1764 1360 1858 1388 fracta
1887 1360 1968 1399 apud
2001 1360 2180 1397 Naverram,
2204 1368 2234 1391 et
2258 1363 2352 1393 solvit

1444 1407 1601 1437 Johannes
1618 1408 1760 1437 budellus
1776 1408 1844 1437 XVI
1860 1408 2006 1438 denarios
2024 1419 2080 1448 pro
2097 1411 2308 1450 reparacione.

1852 1501 1950 1531 1364

1475 1571 1695 1602 Procuratio
1729 1572 1907 1602 Aernesti
1939 1575 1981 1603 de
2011 1574 2144 1604 leen
2176 1577 2252 1606 nati
2278 1577 2320 1607 de

1643 1621 1741 1657 Delf,
1775 1622 2010 1662 Trajectens.
2038 1623 2146 1663 dyoc.

1481 1701 1572 1731 Anno
1590 1702 1712 1731 Domini
1725 1702 1770 1731 Μο
1781 1702 1875 1732 CCC⁰
1889 1704 2082 1743 sexagesimo
2094 1712 2215 1744 quarto,
2231 1706 2348 1736 mensis

1441 1750 1523 1790 Mayi
1540 1751 1589 1779 die
1606 1751 1723 1790 quinta,
1743 1751 1819 1780 hora
1831 1751 1998 1791 primarum
2017 1753 2095 1782 facta
2107 1755 2349 1795 congregatione

1440 1799 1574 1829 nationis
1585 1799 1755 1839 Anglicane
1768 1801 1806 1829 ad
1818 1800 1993 1840 eligendum
2006 1809 2250 1841 procuratorem,
2265 1804 2348 1834 elec-

1440 1854 1489 1878 tus
1518 1849 1574 1877 fuit
1596 1849 1793 1878 concorditer
1821 1850 1858 1878 ab
1887 1850 2030 1880 omnihus
2056 1851 2086 1879 in
2115 1859 2346 1890 procuratorem

1440 1897 1574 1927 nationis
1594 1898 1732 1937 predicte
1751 1897 1835 1927 nullo
1855 1899 1979 1938 penitus
1997 1900 2147 1939 magistro
2162 1901 2347 1932 reclamante

1440 1946 1586 1986 magister
1609 1947 1781 1976 Aernestus
1807 1948 1844 1976 de
1874 1947 1999 1983 leen‚
2035 1955 2123 1978 natus
2150 1950 2188 1979 de
2218 1950 2293 1980 Delf
2313 1951 2346 1980 in

1439 1995 1615 2031 Holhndia,
1632 1996 1663 2025 in
1683 1995 1770 2036 cujus
1788 1997 2004 2035 procuratione
2026 1998 2102 2027 sacta
2123 2005 2194 2028 sunt
2214 1999 2269 2029 hec
2285 2009 2346 2039 que

1439 2051 1621 2084 sequuntur.

1478 2093 1583 2122 Primo
1614 2094 1785 2133 comparuit
1820 2095 1961 2124 dominus
2002 2095 2156 2125 Henricus
2189 2097 2226 2126 de
2258 2097 2346 2128 Rene

1438 2142 1554 2171 nationi
1584 2148 1702 2178 nostre,
1740 2143 1817 2172 facta
1851 2145 2091 2184 congregatione
2125 2146 2164 2174 ad
2199 2145 2344 2176 Sanctum

1438 2191 1640 2221 Mattellinum
1663 2192 1700 2220 ad
1722 2192 1975 2232 supplicandum,
2002 2194 2055 2233 qui
2079 2194 2136 2223 sub
2161 2195 2218 2223 ista
2248 2196 2346 2225 forma

1438 2241 1634 2280 supplicavit,
1655 2247 1688 2270 ut
1705 2241 1766 2270 sibi
1785 2242 1872 2271 fieret
1892 2242 1997 2271 dilatio
2019 2243 2051 2272 in
2073 2243 2178 2273 bursis
2200 2245 2265 2273 suis
2283 2245 2343 2274 sol-

1438 2290 1546 2319 vendis
1566 2299 1623 2329 pro
1645 2290 1820 2330 inceptione
1838 2290 1870 2319 in
1888 2291 2028 2321 facultate
2048 2292 2163 2321 arcium
2181 2303 2343 2332 quousque

1437 2338 1567 2368 valuerit
1593 2340 1714 2368 easdem
1743 2339 1864 2369 solvere
1890 2350 1949 2369 una
1976 2350 2042 2370 cum
2067 2341 2136 2370 aliis
2167 2341 2283 2378 bursis,
2310 2342 2344 2371 in

1437 2388 1549 2426 quibus
1568 2388 1722 2427 obligatus
1745 2388 1800 2417 fuit
1817 2389 1932 2418 nationi
1953 2396 2058 2418 nostre
2076 2399 2133 2428 pro
2150 2389 2285 2425 licentia,
2304 2391 2343 2420 de

1437 2436 1550 2476 quibus
1566 2437 1708 2466 similiter
1721 2447 1782 2466 non
1795 2437 1849 2466 fuit
1864 2437 2038 2474 absolutus;
2056 2437 2143 2478 cujus
2157 2439 2343 2478 supplicatio

1436 2492 1501 2514 erat
1525 2485 1660 2515 admissa
1682 2487 1739 2515 sub
1762 2486 1820 2515 ista
1841 2487 1946 2521 forma,
1975 2493 2007 2516 ut
2025 2486 2145 2526 juraret
2168 2498 2258 2527 quam
2280 2488 2342 2518 cito

1436 2534 1526 2563 fuerit
1561 2535 1620 2563 sibi
1656 2535 1815 2574 provisum
1850 2541 1883 2564 ut
1915 2535 2047 2565 valuerit
2083 2536 2151 2565 illas
2184 2537 2341 2575 predictas

1434 2593 1540 2612 omnes
1557 2583 1688 2619 solvere,
1706 2585 1787 2623 quod
1804 2583 1935 2623 amplius
1947 2594 2008 2614 non
2022 2584 2161 2614 differret
2176 2585 2342 2616 solutionis

1434 2639 1571 2671 tempus;
1587 2632 1638 2661 tali
1654 2633 1743 2662 etiam
1759 2633 1935 2662 conditione
1946 2634 2098 2672 apposita,
2113 2640 2146 2663 ut
2163 2644 2257 2673 super
2270 2644 2340 2674 pre-

1433 2681 1537 2710 missis
1564 2682 1664 2710 tradat
1701 2682 1855 2721 receptori
1895 2688 2000 2711 nostre
2030 2683 2170 2721 predicte
2206 2683 2340 2712 nationis

1434 2730 1538 2758 literas
1550 2730 1791 2760 assecuratorias
1803 2730 1919 2759 domini
1932 2731 2080 2760 officialis.
2098 2731 2229 2770 Insuper
2246 2733 2341 2761 bursa

1465 2849 1487 2871 [Δ.
1523 2850 1549 2871 ln
1564 2857 1609 2871 7118.
1626 2849 1745 2880 spatium.

1465 2886 1487 2907 5.
1525 2886 1562 2915 (s.
1583 2884 1881 2913 ovenses-nmmum,
1897 2885 1915 2913 1,
1927 2886 1966 2913 97,
1978 2885 2174 2916 adventagium,
2188 2891 2216 2909 ’ν’
2232 2886 2255 2909 2.

2624 3192 2632 3214 Α..
2624 2962 2632 3172 —;.a..=....*.=-.-2..
2624 2914 2632 2941 ..·,.
2624 2859 2632 2894 ..ψ
