2632 3464
418 427 467 452 891
958 425 1182 452 AUCTARIUM
1203 425 1462 452 CHARTULARII
1481 425 1655 452 UNIVERS.
1676 425 1795 452 PARIS.
2284 427 2340 454 892

417 508 503 532 erant
520 502 596 531 male
615 501 750 531 contenti
765 502 803 531 de
824 501 1034 531 Universitate
1057 508 1129 537 etc.‚
1151 502 1223 541 quia
1241 512 1323 531 nun-

416 551 482 580 cius
499 550 729 587 Universitatis,
747 551 801 591 qui
818 551 949 581 accessit
964 561 1031 580 cum
1045 550 1144 580 literis
1158 550 1323 580 Universi-

414 600 485 629 tatis
500 600 539 629 ad
556 599 671 629 curiam
687 600 855 629 Romanam
867 599 890 636 ⁴,
912 600 1049 639 portavit
1066 600 1218 639 quendam
1236 606 1323 629 rotu-

415 648 477 678 lum
490 649 629 678 nacionis
646 648 760 688 Anglie
777 659 880 678 secum
895 649 933 677 ad
948 649 1188 688 presentandum
1204 658 1322 678 summo

414 697 552 736 pontifici
567 697 707 727 Romano
723 704 782 727 etc.
798 697 959 727 Secundus
978 698 1034 727 fuit
1054 707 1148 737 super
1165 697 1323 737 supplica-

415 746 558 775 cionibus
574 753 604 775 et
619 745 751 786 injuriis.
773 747 881 784 Quoad
895 747 1029 786 primum
1049 746 1209 776 articulum
1226 746 1324 775 voluit

415 795 504 824 nacio
519 796 603 834 quod
622 801 705 824 esset
720 795 902 834 sollempnis
918 805 1109 834 proponens,
1123 795 1176 834 qui
1196 794 1324 823 haberet

416 844 526 873 factum
550 844 689 873 nacionis
709 843 879 884 justificare
902 850 930 873 et
958 843 1127 878 declarare,
1151 843 1229 872 illud
1253 853 1323 872 esse

414 892 523 922 salsum
539 894 622 932 quod
639 893 762 922 nacioni
775 893 1001 932 imponebatur,
1020 892 1140 921 scilicet
1154 893 1192 921 de
1208 892 1320 921 rotulo.

415 941 455 970 Et
467 942 582 971 electus
598 942 654 971 suit
669 941 815 981 magister
827 941 986 970 Arnoldus
1002 941 1144 976 Wtwiic‚
1161 947 1194 970 ut
1208 950 1322 980 propo-

415 997 503 1020 neret
517 991 548 1020 in
559 991 608 1020 die
625 991 766 1030 sequenti
779 991 811 1020 in
827 990 1037 1020 Universitate
1053 990 1085 1019 in
1099 990 1212 1019 Sancto
1225 989 1322 1019 Matu-

415 1040 496 1068 rino.

457 1089 565 1126 Quoad
583 1089 623 1117 2¹¹¹
638 1088 799 1118 articulum
813 1088 920 1117 nichil.

455 1137 546 1167 Facta
557 1138 802 1177 congregacione
814 1137 1035 1167 Universitatis
1045 1137 1095 1166 die
1109 1137 1183 1166 11112
1196 1137 1323 1166 Decem·

415 1187 480 1216 bris
498 1187 662 1226 proposuit
685 1187 835 1226 magister
848 1186 1007 1216 Arnoldus
1027 1196 1064 1215 ex
1079 1192 1167 1226 parte
1182 1186 1323 1215 nacionis

414 1236 445 1264 in
462 1235 682 1270 Universitate‚
699 1242 729 1264 et
745 1241 808 1264 tota
829 1235 918 1265 nacio
934 1235 993 1264 sibi
1010 1236 1128 1264 astabat
1145 1241 1175 1264 et
1192 1235 1321 1270 favebat,

415 1291 445 1314 et
455 1285 674 1324 proposicione
691 1285 768 1314 sacta
782 1284 889 1314 habuit
906 1285 995 1313 nacio
1010 1284 1191 1324 magistrum
1207 1283 1324 1313 Arnol-

417 1335 488 1363 dum
507 1340 638 1373 gratum,
662 1339 801 1363 avoatum
824 1340 854 1362 et
874 1334 1154 1362 recommendatum
1181 1333 1219 1362 de
1243 1334 1324 1362 bona

415 1383 635 1422 proposicione
667 1389 697 1412 et
719 1381 815 1422 justa,
848 1382 920 1422 quia
949 1382 1156 1412 intencionem
1183 1382 1323 1411 nacionis

416 1432 598 1472 simpliciter
611 1438 640 1461 et
654 1432 776 1471 precise
789 1432 867 1461 dixit
884 1438 942 1461 etc.

823 1526 922 1554 1404

521 1596 611 1626 Acta
654 1597 688 1626 in
736 1597 1000 1636 procuratoria
1044 1596 1214 1636 magistri

645 1646 804 1675 Gerardi
831 1647 873 1675 de
902 1646 1091 1675 Mekeren.

457 1727 548 1756 Facta
563 1727 807 1766 congregacione
823 1727 961 1756 nacionis
976 1728 1057 1766 apud
1072 1727 1215 1756 Sanctum
1231 1727 1323 1756 Julia-

416 1786 487 1805 num
515 1786 680 1815 pauperem
707 1787 787 1805 anno
807 1776 932 1805 Domini
957 1776 1045 1811 1404,
1065 1777 1113 1805 16ει
1136 1776 1185 1805 die
1206 1776 1323 1805 mensis

417 1826 609 1860 Decembris,
634 1825 664 1854 in
680 1825 791 1864 primis
817 1825 931 1855 Nostre
955 1825 1098 1860 Domine,
1114 1835 1209 1864 super
1223 1825 1323 1854 tribus

416 1874 564 1903 articulis.
582 1875 705 1903 Primus
719 1881 784 1903 erat
797 1875 835 1903 ad
851 1875 1028 1914 eligendum
1044 1884 1156 1903 novum
1172 1884 1324 1913 procura-

416 1930 525 1952 torem.
544 1924 590 1951 2¹¹⁵
609 1924 647 1952 ad
669 1923 853 1952 audiendum
875 1929 1050 1962 compotum
1069 1923 1253 1962 receptoris.
1278 1924 1324 1952 3¹¹³

418 1973 472 2002 suit
485 1982 579 2012 super
590 1972 874 2012 supplicacionibus
886 1979 915 2001 et
924 1971 1056 2012 injuriis.
1071 1972 1180 2009 Quoad
1190 1972 1323 2011 primum

416 2022 531 2051 electus
566 2021 622 2050 fuit
654 2021 850 2050 concorditer
890 2028 920 2051 et
953 2021 1139 2050 unanimiter
1176 2021 1324 2060 magister

418 2070 575 2100 Gerardus
598 2071 635 2099 de
659 2070 818 2100 Mekeren.
842 2070 950 2107 Quoad
973 2071 1141 2099 secundum
1161 2070 1323 2099 articulum

418 2120 529 2149 dilatus
541 2119 553 2138 ²
589 2120 645 2149 suit
681 2126 852 2159 compotus.
890 2119 929 2148 Et
957 2120 1058 2158 quoad
1085 2120 1124 2148 3¹¹¹
1162 2119 1323 2148 articulum

418 2169 602 2208 supplicavit
623 2169 768 2208 antiquus
790 2174 984 2207 procurator,
1010 2168 1153 2197 videlicet
1177 2169 1325 2207 magister

416 2218 572 2247 ,lohannes
586 2219 624 2247 de
639 2217 765 2252 Arnem,
786 2224 819 2247 ut
836 2217 1002 2246 haberetur
1019 2223 1137 2257 gratus,
1153 2223 1279 2246 avoatus
1295 2223 1325 2246 et

417 2268 683 2296 recommendatus
697 2267 728 2295 in
746 2267 821 2295 actis
836 2276 893 2305 per
909 2267 1011 2305 ipsum
1025 2272 1162 2305 tempore
1177 2275 1323 2305 procura-

418 2316 517 2345 cionis
539 2326 603 2345 sue.
627 2314 722 2355 Cujus
746 2315 936 2354 supplicacio
955 2316 992 2343 ab
1013 2315 1155 2344 omnibus
1175 2315 1230 2344 fuit
1249 2325 1324 2344 con-

418 2375 516 2394 cessa.

450 2524 471 2547 1.
507 2525 612 2547 Romam
640 2523 676 2546 ad
698 2523 873 2547 Innocentium
900 2524 950 2545 VII.
975 2522 1131 2546 Uniuersitas
1154 2522 1237 2546 Paris.
1260 2523 1325 2546 dua-2

419 2559 552 2591 epistolas,
569 2561 583 2582 9
599 2563 623 2583 et
639 2561 668 2583 26
682 2559 801 2583 Novemb.
816 2558 907 2586 datas,
925 2560 1030 2582 Romam
1047 2558 1199 2587 dcatinamt,
1217 2567 1325 2590 quarum

419 2595 486 2618 lator
494 2595 545 2626 fuit
553 2596 645 2619 Petrus
657 2596 687 2618 de
702 2596 831 2623 Bruxelle,
843 2597 897 2618 nat.
910 2594 1023 2622 Vicat-d„
1034 2603 1100 2625 mag.
1113 2594 1138 2617 in
1150 2597 1210 2623 art„
1220 2597 1244 2617 et
1254 2594 1323 2617 bace.

419 2631 444 2653 in
460 2631 546 2658 theol.y
564 2635 587 2655 et
602 2632 706 2662 insuper
718 2630 852 2654 bursarius
864 2630 954 2652 domus
972 2630 1111 2653 Sorbonae.
1127 2630 1287 2653 Innocentius
1303 2632 1326 2653 et

419 2666 566 2689 cardinales
579 2667 650 2689 Febr.
665 2667 703 2695 17,
713 2674 754 2689 an.
766 2666 835 2693 1405,
845 2673 991 2696 responsum
1002 2665 1126 2688 dederunt
1136 2664 1196 2695 (vid.
1206 2665 1325 2688 Chartul.

420 2702 478 2732 lv);
499 2702 544 2724 scd
562 2701 629 2724 lator
652 2701 774 2732 responsi,
792 2701 858 2724 idem
876 2701 969 2724 Petrus
984 2700 1016 2723 de
1034 2700 1170 2728 Bruxellu,
1191 2700 1279 2722 Martii
1299 2701 1326 2723 10

420 2739 517 2759 tantum
532 2739 626 2760 Romae
640 2736 738 2760 litteras
752 2735 964 2759 salviconductus
980 2735 1013 2758 ab
1026 2735 1174 2758 Innocentio
1187 2735 1288 2766 recepit,
1302 2738 1326 2758 et

420 2771 521 2802 quidem
534 2772 580 2794 sub
594 2772 678 2802 forma
693 2780 700 2795 :
715 2771 914 2795 Venerabilibus
934 2772 1008 2794 fratr.
1022 2770 1181 2802 patriarchis
1195 2774 1243 2795 etc.
1261 2770 1325 2794 Cum

420 2807 465 2831 dil.
487 2807 571 2830 filium
590 2815 659 2838 mag.
679 2808 785 2831 Petrum
803 2807 834 2830 de
858 2806 980 2830 Bruxella
999 2806 1026 2829 in
1043 2814 1063 2829 s,
1084 2806 1219 2837 theologia
1235 2806 1325 2829 bacal-

420 2842 524 2869 larium,
546 2843 712 2873 capellanum
738 2846 867 2870 nostrum,
886 2842 918 2865 ad
945 2842 1078 2865 civitatem
1104 2841 1278 2865 Parisiensem
1301 2845 1327 2865 et

421 2878 548 2909 quasdam
573 2879 637 2901 alias
658 2882 757 2910 purten,
780 2879 848 2901 unde
866 2878 899 2901 ad
923 2886 970 2901 nos
985 2880 1100 2905 venerat,
1122 2885 1171 2908 pro
1193 2877 1325 2901 nonnullis

420 2914 518 2937 nostris
532 2917 556 2937 et
572 2914 634 2937 eccl.
656 2915 727 2938 Rom.
747 2914 863 2945 negociis
880 2913 1079 2945 presencialiter
1092 2913 1266 2941 remittamus,
1278 2921 1325 2936 nos

420 2950 537 2973 volentes
551 2958 619 2978 eum,
634 2950 677 2981 qui
695 2950 777 2973 eciam
792 2958 862 2981 mag.
883 2949 909 2972 in
927 2949 1029 2972 artibus
1047 2948 1142 2976 existit,
1161 2957 1220 2972 cum
1236 2948 1326 2972 decem

1361 946 1394 972 10

1361 1191 1394 1217 15

1361 1438 1395 1463 20

1361 1683 1395 1709 25

1361 1929 1395 1955 30

1361 2175 1395 2200 35

1362 2420 1396 2445 40

1837 515 1934 544 1405

1472 599 1563 629 Facta
1576 599 1823 639 congregacione
1840 599 1979 629 nacionis
1999 600 2080 639 apud
2098 599 2242 631 Sanctum
2256 600 2338 630 Ber-

1430 649 1560 678 nardum
1587 649 1637 677 11·
1665 649 1714 677 die
1741 648 1857 678 mensis
1891 648 2028 678 Januarii
2056 659 2151 688 super
2179 650 2340 689 supplica·-

1431 697 1549 726 cionem
1573 696 1732 736 cujusdam
1751 697 1898 726 bacularii
1920 697 2054 727 nominis
2069 697 2218 728 Johannis
2235 699 2340 728 Rose-

1431 745 1529 775 busch
1540 745 1564 781 ³,
1597 746 1650 785 qui
1681 746 1868 786 supplicavit
1890 756 1948 786 pro
1974 746 2063 776 litera
2086 747 2284 777 testimoniali
2305 747 2338 777 in

1431 795 1584 824 communi
1594 795 1690 824 forma
1701 796 1739 824 de
1750 796 1849 835 gradu
1859 795 2064 825 baculariatus
2074 795 2107 825 in
2122 796 2257 832 artibus;
2277 806 2341 836 que

1432 843 1623 883 supplicacio
1638 844 1694 873 fuit
1707 845 1745 873 ab
1762 844 1905 874 omnihus
1921 854 2081 874 concessa.

1837 938 1934 967 1405

1432 1007 1675 1038 Continuacio
1699 1009 1870 1048 magistri
1896 1008 2054 1038 Gerardi
2081 1010 2123 1039 de
2150 1009 2338 1040 Mekeren-

1473 1088 1563 1117 Facta
1575 1088 1823 1128 congregacione
1838 1089 1978 1119 nacionis
1988 1091 2071 1129 apud
2083 1089 2227 1119 Sanctum
2241 1090 2340 1120 Matu-

1431 1136 1534 1166 rinum
1557 1147 1637 1166 anno
1661 1137 1783 1166 Domini
1808 1147 1869 1176 quo
1894 1147 1999 1177 supra,
2024 1139 2191 1168 secundum
2213 1140 2337 1169 modum

1432 1186 1590 1215 scribendi
1603 1186 1805 1222 Gallicanum,
1822 1187 1872 1216 132
1883 1187 1933 1215 die
1949 1187 2064 1216 mensis
2078 1187 2227 1223 Januarii,
2243 1198 2343 1227 super

1431 1235 1531 1264 tribus
1555 1235 1704 1265 articulis.
1732 1236 1856 1265 Primus
1879 1242 1945 1265 erat
1966 1236 2005 1265 ad
2028 1235 2203 1276 eligendum
2225 1247 2339 1267 novum

1431 1290 1663 1324 procuratorem
1694 1284 1743 1314 vel
1773 1285 1812 1314 ad
1839 1285 2094 1321 continuandum;
2127 1286 2173 1315 2¹¹·
2203 1292 2269 1316 erat
2299 1287 2339 1316 ad

1432 1333 1616 1363 audiendum
1650 1340 1826 1373 compotum
1857 1333 2046 1374 receptoris;
2079 1335 2126 1364 3¹¹·
2161 1335 2216 1365 fuit
2244 1345 2345 1375 super

1432 1382 1717 1422 supplicacionibus
1743 1389 1774 1412 et
1801 1382 1934 1423 injuriis.
1966 1383 2119 1421 Quantum
2144 1385 2183 1413 ad
2206 1384 2339 1423 primum

1432 1431 1627 1461 continuatus
1657 1431 1714 1461 fuit
1741 1431 1889 1472 magister
1917 1431 2076 1462 Gerardus
2108 1432 2146 1462 de
2178 1432 2336 1463 Mekeren.

1433 1480 1586 1518 Quantum
1601 1481 1640 1509 ad
1658 1481 1698 1509 2¹¹³
1713 1480 1856 1510 dilatatus
1872 1480 1928 1511 fuit
1942 1487 2114 1521 compotus.
2135 1481 2174 1511 Et
2191 1489 2339 1522 quantum

1432 1530 1470 1558 ad
1484 1530 1541 1559 3¹¹m
1561 1530 1722 1559 articulum
1743 1529 1930 1570 supplicavit
1945 1537 2127 1569 procurator
2144 1531 2288 1571 antiquus
2305 1538 2343 1563 ut

1432 1578 1597 1608 haberetur
1610 1585 1728 1619 gratus,
1745 1585 1830 1608 ratus
1845 1585 1876 1608 et
1888 1585 2014 1609 avoatus
2029 1579 2061 1609 in
2075 1580 2152 1610 actis
2166 1590 2224 1620 per
2235 1580 2340 1620 ipsum

1432 1628 1464 1657 in
1481 1628 1695 1667 procurator-ia
1707 1638 1777 1663 sua;
1796 1638 1855 1668 que
1871 1628 2062 1668 supplicacio
2077 1629 2133 1659 fuit
2145 1630 2182 1658 ab
2195 1630 2343 1660 omnibus

1432 1687 1590 1706 concessa.

1473 1726 1547 1755 Item
1569 1726 1710 1765 proxima
1729 1726 1780 1755 die
1799 1726 1941 1766 sequenti
1961 1726 2017 1756 suit
2037 1727 2114 1756 facta
2133 1728 2340 1767 congregacio

1433 1775 1583 1804 facultatis
1618 1775 1649 1804 in
1685 1775 1797 1805 Sancto
1831 1775 1992 1804 Bernardo
2024 1776 2055 1805 in
2086 1777 2117 1806 7²
2142 1776 2219 1806 hora
2245 1786 2345 1816 super

1432 1825 1553 1853 duobus
1569 1824 1718 1854 articulis.
1740 1824 1863 1853 Primus
1879 1831 1944 1854 erat
1962 1825 2000 1854 ad
2015 1825 2257 1864 dispensandum
2270 1836 2338 1855 cum

1432 1873 1680 1903 determinaturis
1704 1879 1777 1913 post
1795 1873 1905 1902 festum
1932 1873 2060 1903 Natalis.
2083 1875 2129 1903 2¹¹·
2153 1881 2219 1904 erat
2245 1885 2344 1914 super

1433 1922 1536 1962 suppli
1550 1921 1626 1962 (Fal.
1650 1922 1696 1962 79)
1710 1922 1888 1951 cacionibus
1911 1929 1941 1952 et
1966 1922 2101 1962 injuriis.
2126 1923 2279 1961 Quantum
2300 1924 2340 1953 ad

1431 1972 1563 2011 primum
1588 1971 1800 2010 dispensatum
1825 1970 1881 2000 fuit
1907 1981 1975 2001 cum
1997 1971 2174 2002 volentibus
2192 1973 2341 2002 determi-

1431 2030 1516 2049 nare.
1537 2020 1689 2057 Quantum
1715 2021 1753 2049 ad
1775 2021 1833 2049 2¹¹¹m
1856 2020 2043 2060 supplicavit
2067 2021 2266 2051 subbedellus
2286 2031 2338 2051 na-

1433 2069 1531 2098 cionis
1547 2069 1676 2098 Francie
1692 2078 1751 2108 pro
1767 2068 1892 2098 sellario
1909 2079 1965 2098 suo
1981 2079 2039 2109 pro
2057 2070 2110 2099 illo
2128 2071 2211 2109 quod
2226 2070 2341 2100 claudit

1433 2118 1533 2147 scolas
1549 2124 1578 2147 et
1594 2119 1700 2147 barras
1714 2124 1782 2147 ante
1794 2117 1896 2148 vicum
1912 2118 2075 2148 Straminis
2087 2130 2095 2154 ;
2113 2118 2200 2159 cujus
2217 2119 2344 2159 suppli—

1433 2167 1517 2196 cacio
1533 2167 1588 2196 fuit
1601 2177 1759 2196 concessa.

1474 2216 1566 2245 Facta
1609 2216 1855 2256 congregacione
1895 2216 2035 2246 nacionis
2080 2215 2220 2246 Almanie
2266 2223 2340 2257 aput

1434 2265 1577 2294 Sanctum
1600 2264 1787 2295 Maturinum
1812 2266 1862 2294 17³
1878 2265 1928 2294 die
1955 2265 2070 2295 mensis
2091 2265 2239 2301 Januarii,
2259 2276 2344 2295 anno

1435 2314 1557 2343 Domini
1584 2320 1617 2343 ut
1641 2323 1745 2353 supra,
1771 2314 1803 2342 in
1829 2320 1936 2343 octava
1959 2313 2036 2343 hora
2063 2320 2133 2344 ante
2163 2315 2336 2354 prandium,

1433 2373 1528 2402 super
1553 2363 1652 2392 tribus
1681 2362 1830 2392 articulis.
1857 2363 1982 2392 Primus
2009 2369 2085 2399 erat,
2111 2363 2184 2403 quia
2206 2369 2340 2403 protunc

1434 2411 1488 2441 suit
1515 2412 1693 2441 conclusum
1726 2412 1757 2440 in
1793 2411 2001 2442 Universitate
2033 2412 2116 2452 quod
2146 2412 2345 2442 mitterentur

1433 2522 1565 2554 equitibus
1583 2522 1743 2554 totidemque
1764 2522 1898 2554 peditibus
1919 2530 2061 2554 eorumque
2081 2522 2202 2551 arnesiis,
2225 2522 2342 2552 valisiis,

1434 2558 1518 2586 bonis,
1530 2558 1618 2587 rebus,
1630 2561 1676 2582 etc.
1691 2561 1718 2582 ut
1733 2558 1759 2581 in
1774 2557 1865 2581 litteris
1877 2557 2092 2581 saluiconductus.
2106 2558 2163 2582 Dat,
2176 2559 2255 2582 Rome
2268 2558 2340 2590 apud

1434 2594 1558 2617 Sanctum
1577 2594 1684 2617 Petrum
1710 2597 1781 2617 sexto
1799 2593 1859 2617 idus
1883 2593 1973 2617 Marcii
1999 2593 2167 2624 pontificatus
2192 2593 2276 2617 nostri
2294 2602 2338 2617 an.

1433 2629 1519 2660 primo
1540 2628 1610 2660 (Reg.
1635 2631 1689 2652 Vat.
1707 2628 1850 2652 Innocentti
1862 2629 1917 2657 vn,
1936 2633 1964 2652 n·
1985 2629 2040 2658 333,
2057 2628 2102 2660 sol.
2123 2628 2187 2660 197).
2209 2628 2345 2660 Epiotolar

1430 2672 1516 2696 papae
1524 2667 1547 2687 et
1555 2664 1727 2688 cardinalium
1736 2665 1823 2688 Petrus
1832 2664 1858 2688 in
1866 2664 2062 2696 congregatione
2073 2663 2249 2689 Univeraitatis
2254 2664 2343 2696 April„

1434 2700 1461 2723 21
1475 2700 1651 2731 praesentavit
1668 2699 1754 2731 (Arch.
1773 2702 1828 2724 nat.
1841 2699 1925 2723 Paris.
1941 2699 1968 2723 L.
1985 2699 2040 2727 316,
2060 2704 2088 2723 n⁰
2099 2700 2114 2723 4
2131 2699 2177 2729 bis,
2191 2703 2215 2723 et
2225 2700 2290 2724 But.
2307 2700 2342 2728 V,

1435 2735 1499 2767 114).
1512 2735 1592 2766 April.
1607 2737 1637 2758 24
1651 2736 1728 2759 etiam
1745 2736 1771 2759 in
1790 2734 1954 2759 Parlamento
1968 2737 2072 2766 propter
2089 2735 2151 2759 istas
2164 2736 2338 2760 tractabatur.

1439 2771 1493 2794 Vid.
1502 2771 1612 2795 Journal
1623 2771 1654 2794 de
1669 2771 1773 2794 Nicolas
1785 2770 1817 2794 de
1829 2771 1900 2802 Baye
1907 2771 1996 2802 parA.
2010 2770 2130 2800 Tuxux,
2143 2771 2162 2799 1,
2175 2771 2229 2795 134.
2243 2768 2246 2771 “

1465 2807 1487 2829 2.
1522 2808 1570 2829 Me.
1583 2807 1718 2830 dilatatus.

1465 2843 1488 2865 3.
1521 2842 1654 2866 ‚Iohannes
1671 2841 1856 2866 Rosenbusche
1871 2841 1903 2865 de
1918 2841 2124 2873 Langhenherch
2139 2850 2181 2866 an.
2198 2842 2260 2866 1400
2276 2842 2339 2866 inu-

1434 2877 1531 2901 tulatua
1541 2880 1597 2901 erat
1613 2877 1640 2901 in
1654 2877 1821 2901 Uniueraeitate
1839 2876 2052 2910 Heldelbergensi.
2073 2877 2191 2909 Tonrmz,
2208 2877 2342 2906 Matrikel„

1434 2913 1454 2942 1,
1473 2914 1512 2938 73.

2624 2959 2632 3032 mm—
2622 2878 2632 2943 „Aah
2622 2838 2632 2868 -ω,
2626 2775 2632 2815 .-.;.
2628 2748 2632 2764 ..,
