2632 3464
441 442 490 467 587

438 517 620 556 receptoris‚
656 523 685 545 et
716 517 754 544 ad
785 514 1035 554 supplicandum,
1065 512 1250 552 prorogacio
1288 511 1344 541 fuit

439 568 515 595 facta
537 576 631 605 super
654 571 796 604 compoto
821 564 986 597 audiendo,
1012 568 1041 591 et
1065 561 1259 590 continuatus
1286 560 1343 590 fuit

437 622 631 655 procurator,
659 614 778 644 scilicet
803 613 950 652 magister
978 611 1131 640 Hem-icus
1167 610 1273 649 Magni
1304 610 1342 639 de

439 664 558 694 Suecia.
577 664 611 693 In
625 662 711 703 cujus
728 662 942 703 procuratoria
956 667 1022 690 acta
1037 666 1109 690 sunt
1126 669 1185 699 que
1205 669 1343 698 sequun-

436 720 497 743 tur.

478 763 582 792 Primo
602 761 780 791 licenciatus
800 760 856 789 fuit
877 759 1018 788 dominus
1038 758 1172 787 Thomas
1195 758 1233 787 de
1254 757 1342 787 Stra-

437 812 545 851 miglot
564 812 621 840 sub
639 810 787 850 magistro
809 809 947 838 Johanne
964 807 1123 842 Luberti⁴‚
1141 805 1228 847 cujus
1247 807 1343 836 bursa

437 860 494 890 VII
513 860 605 889 solidi
623 866 652 888 et
664 859 705 888 VI
721 858 851 887 denarii.
872 857 980 886 Solvit.

479 910 553 938 Item
575 910 606 937 2⁰
628 908 806 937 licenciatus
831 906 886 935 fuit
905 906 1047 935 dominus
1069 904 1226 934 ,lohannes
1246 903 1341 934 Lethe

439 959 496 987 sub
516 957 663 997 magistro
678 956 816 986 Johanne
834 955 972 990 Luberti‚
989 953 1076 994 cujus
1096 955 1190 983 bursa
1204 953 1262 983 Vll
1281 953 1339 983 sol.

440 1007 548 1036 Solvit.

478 1056 552 1085 Item
576 1054 753 1084 licenciatus
775 1054 831 1082 suit
856 1053 999 1082 dominus
1025 1052 1106 1081 Bero
1131 1051 1278 1091 Gregorii
1303 1052 1340 1080 de

438 1105 547 1134 Suecia
565 1105 621 1133 sub
642 1103 790 1142 magistro
811 1102 950 1131 Johanne
978 1101 1116 1136 Luberti,
1138 1100 1225 1140 eujus
1247 1101 1342 1130 bursa

436 1154 492 1182 VII
511 1154 600 1183 solidi
619 1159 648 1182 et
659 1153 699 1181 Vl
719 1152 847 1181 denarii.

476 1203 550 1231 Item
566 1202 682 1241 incepit
695 1202 838 1230 dominus
857 1200 938 1229 Bero
957 1201 1015 1229 sub
1033 1199 1181 1239 magistro
1200 1199 1339 1228 Johanne

435 1251 573 1285 Luberti‚
589 1249 674 1289 cujus
690 1251 784 1279 bursa
798 1249 854 1278 VII
875 1248 967 1278 solidi
986 1254 1016 1277 et
1029 1248 1070 1277 VI
1087 1248 1217 1277 denarii.

476 1300 595 1329 Deinde
630 1300 706 1328 facta
732 1298 977 1338 congregacione
1003 1297 1142 1326 nacionis
1166 1297 1197 1325 in
1225 1296 1338 1326 Sancto

434 1349 555 1378 «Iuliano
568 1348 636 1378 XX²
649 1348 697 1377 die
714 1347 830 1377 mensis
845 1347 964 1386 Aprilis
980 1347 1018 1376 ad
1031 1346 1207 1386 eligendum
1224 1345 1340 1375 exami-

434 1404 571 1427 natorem
589 1397 831 1426 bachalariorum
847 1396 878 1425 in
897 1396 1008 1425 Sancta
1026 1395 1184 1425 Genovefa
1202 1405 1259 1434 pro
1275 1401 1339 1424 ter-

435 1447 482 1476 cio
498 1457 614 1482 mense,
629 1453 658 1475 et
673 1447 710 1475 ad
726 1446 973 1485 supplicandum,
990 1444 1176 1484 supplicavit
1193 1444 1340 1483 magister

436 1496 590 1525 Hem-icus
625 1496 746 1534 Magni,
789 1501 920 1534 protunc
955 1500 1156 1534 procurator,
1192 1503 1251 1533 pro
1279 1503 1340 1522 una

434 1545 523 1574 litera
540 1544 834 1574 recommendatoria
851 1545 889 1573 ad
906 1543 1174 1582 archiepiscopum
1188 1542 1339 1582 Upsalen-

436 1594 533 1629 sem²‚
551 1601 580 1623 et
595 1594 653 1623 alia
669 1594 707 1622 ad
721 1593 885 1632 capitulum
901 1593 1027 1627 ibidem,
1046 1591 1132 1631 cujus
1148 1591 1339 1631 supplicacio

435 1645 473 1672 ab
486 1643 628 1672 omnibus
643 1642 839 1672 concorditer
854 1649 900 1671 est
915 1652 1073 1671 concessa.
1090 1641 1214 1670 Primus
1229 1641 1340 1670 articu-

435 1693 499 1728 lus,
524 1693 668 1722 videlicet
693 1693 730 1720 de
752 1692 900 1720 electione
925 1690 1159 1726 examinatoris,
1190 1700 1252 1719 non
1284 1689 1341 1719 suit

436 1742 609 1781 expeditus,
626 1741 697 1780 quia
714 1751 774 1770 non
792 1741 848 1769 fuit
864 1740 1039 1769 concordia.

475 1790 550 1819 Item
575 1789 753 1818 licenciatus
779 1789 834 1818 fuit
858 1789 1053 1818 Hermannus
1075 1789 1113 1817 de
1138 1787 1257 1827 Treysa
1282 1788 1338 1817 sub

435 1839 583 1878 magistro
598 1839 746 1873 Jordano,
766 1837 853 1878 cujus
869 1839 963 1867 bursa
977 1837 1018 1866 VI
1033 1836 1137 1866 solidi.

476 1888 550 1916 Item
564 1887 741 1916 licenciatus
758 1887 813 1916 suit
828 1887 970 1916 dominus
985 1886 1141 1916 ‚Iohannes
1157 1887 1195 1915 de
1209 1886 1337 1924 Bles[ia]

437 1937 493 1966 sub
509 1937 656 1976 magistro
673 1936 812 1965 Gerardo
833 1936 958 1971 Kalker‚
975 1934 1060 1974 cujus
1076 1937 1168 1964 bursa
1185 1935 1258 1964 VIII
1279 1934 1337 1964 sol.

476 1986 551 2015 Item
567 1985 745 2014 licenciatus
762 1986 818 2014 suit
837 1985 990 2014 Hem-icus
1006 1985 1095 2014 VVise
1114 1985 1171 2013 sub
1190 1984 1339 2023 magistro

436 2035 574 2064 Johanne
590 2034 727 2069 Luberti‚
746 2033 832 2074 cujus
846 2035 941 2063 bursa
958 2034 997 2062 VI
1013 2033 1116 2062 solidi.

478 2084 551 2112 Item
571 2084 748 2112 licenciatus
768 2084 823 2112 fuit
841 2083 983 2112 dominus
1007 2082 1163 2111 Johannes
1188 2082 1340 2111 Menteler

437 2134 494 2161 sub
510 2133 658 2172 magistro
672 2132 811 2161 Gerardo
828 2132 951 2167 Kalker,
970 2130 1055 2171 cujus
1067 2133 1161 2161 bursa
1173 2131 1229 2160 VII
1247 2131 1338 2160 solidi

437 2188 467 2210 et
480 2182 521 2210 Vl
538 2182 666 2210 denarii.

477 2230 550 2259 Item
574 2230 751 2259 licenciatus
774 2230 830 2259 fuit
853 2230 996 2259 dominus
1023 2230 1218 2259 Hermannus
1245 2229 1339 2259 Ewe-

436 2280 519 2308 rardi
539 2280 576 2308 de
600 2279 709 2308 Suecia
728 2280 784 2308 sub
806 2279 953 2319 magistro
970 2279 1117 2314 Jordano,
1137 2277 1223 2318 cujus
1244 2279 1339 2308 bursa

437 2328 493 2357 Vll
512 2328 614 2357 solidi.

842 2381 937 2410 1380

504 2448 772 2478 Procurator-ia
802 2449 971 2488 magistri
1002 2448 1203 2477 Hermanni
1230 2449 1272 2477 de

748 2497 1020 2536 Warendorpe.

479 2572 568 2601 Anno
587 2572 709 2602 Domini
733 2573 777 2602 M⁰
794 2573 908 2602 CCC¹¹¹⁰
923 2573 1132 2612 octuagesimo
1143 2572 1167 2608 ³,
1186 2573 1236 2601 die
1254 2578 1340 2601 sexta

439 2622 553 2650 mensis
564 2622 648 2656 Maii,
664 2623 739 2650 facta
755 2622 999 2661 congregacione
1015 2622 1153 2650 nacionis
1169 2621 1338 2661 Anglicane

440 2670 469 2698 in
488 2671 576 2699 domo
595 2671 754 2709 capitulari
770 2672 850 2709 apud
866 2671 1008 2699 Sanctum
1026 2671 1212 2699 Maturinum
1228 2671 1265 2699 ad
1281 2670 1339 2698 eli-

438 2720 569 2757 gendum
588 2726 818 2758 procuratorem
836 2719 1071 2758 officiariosque‚
1087 2719 1205 2748 scilicet
1222 2719 1338 2748 exami-

437 2774 572 2796 natorem
586 2768 857 2797 determinancium
873 2779 906 2798 ac
919 2769 1178 2798 licenciandorum
1190 2768 1221 2797 in
1233 2768 1339 2807 quinta

469 2891 490 2913 1.
524 2892 571 2913 Ms.
583 2891 623 2914 laic
632 2894 655 2914 et
666 2894 754 2922 postea
765 2892 880 2922 Lyberti.

467 2927 490 2948 2.
524 2926 625 2957 Birger,
639 2927 671 2949 ab
685 2935 728 2950 an.
742 2927 809 2955 1367,
822 2927 885 2950 Iulii
897 2928 934 2950 23.

467 2962 489 2984 3.
523 2962 696 2992 Imprudentia
706 2962 836 2993 scriptoria
847 2971 871 2986 m
884 2964 938 2986 ms¹⁰
950 2971 957 2986 .·
971 2962 1166 2994 septuagesimo
1177 2970 1254 2986 nono.

976 435 1198 462 AUCTARIUM
1218 433 1477 461 CHARTULARII
1496 435 1669 461 UNIVERS.
1691 434 1808 461 PARIS.

1380 957 1414 983 10

1378 1202 1412 1228 15

1377 1448 1411 1474 20

1377 1693 1411 1719 25

1377 1939 1411 1965 30

1376 2184 1410 2210 35

1376 2428 1410 2455 40

1376 2672 1410 2699 45

2305 435 2358 462 588

1451 517 1481 540 et
1502 517 1588 540 sexta
1609 512 1823 541 audicionibus
1843 512 1992 542 examinis
2011 511 2122 542 Sancte
2138 512 2306 549 Genovese,
2326 520 2358 544 et

1450 560 1490 589 ad
1516 561 1700 590 audiendum
1726 567 1900 600 computum
1933 561 2122 600 receptoris‚
2150 561 2262 592 dilatus
2289 569 2355 594 erat

1451 615 1612 649 computus
1641 610 1824 650 receptoris.
1852 610 1977 640 Electus
2008 617 2073 640 erat
2097 611 2292 641 concorditer
2323 611 2355 641 in

1450 665 1683 698 procuratorem
1698 659 1783 688 nullo
1797 659 1982 689 reclamante
1996 659 2146 700 magister
2159 660 2357 690 Hei-mannus

1451 708 1489 736 de
1521 707 1755 748 Warendorpe,
1788 715 1818 738 et
1852 708 1884 738 in
1916 709 2154 738 examinatorem
2186 709 2357 749 supradicti

1450 757 1599 796 magister
1607 757 1623 786 J
1627 757 1764 787 ohannes
1780 757 1918 787 Luberti.

1773 838 2030 877 [Licenciati.]

1490 904 1683 934 Licenciatus
1705 905 1761 934 fuit
1783 906 1926 935 dominus
1943 906 2077 935 Thomas
2094 906 2132 935 de
2150 906 2279 936 Foresta
2298 907 2358 936 sub

1450 953 1599 993 magistro
1612 953 1783 993 Meynardo
1798 955 1835 984 de
1851 954 1956 994 Tyela,
1974 954 2061 995 cujus
2073 956 2169 984 bursa
2186 954 2243 984 VII
2262 955 2355 984 solidi

1451 1007 1481 1031 et
1496 1002 1537 1031 Vl
1553 1003 1683 1032 denarii.
1702 1003 1811 1033 Solvit.

1491 1051 1566 1080 Item
1590 1052 1768 1081 licenciatus
1794 1052 1849 1082 fuit
1872 1053 2014 1082 dominus
2037 1053 2195 1083 Iohannes
2213 1053 2298 1083 Petri
2317 1053 2358 1083 de

1451 1099 1643 1130 Scoenhovia
1667 1102 1724 1130 sub
1744 1101 1892 1141 magistro
1908 1102 2044 1142 Nycolao
2061 1103 2099 1132 de
2122 1101 2355 1138 Morancuria⁴,

1450 1148 1537 1188 cujus
1552 1150 1647 1179 bursa
1662 1150 1706 1179 111
1721 1150 1824 1179 solidi.
1844 1150 1953 1180 Solvit.

1490 1197 1565 1227 Item
1580 1198 1759 1228 licenciatus
1776 1199 1831 1228 suit
1847 1199 1990 1229 dominus
2012 1200 2168 1239 Nycolaus
2189 1200 2355 1239 Freynstat

1449 1248 1507 1276 sub
1522 1247 1671 1287 magistro
1686 1248 1822 1278 Jordano
1835 1249 1872 1277 de
1887 1248 1997 1284 Clivis,
2013 1247 2099 1288 cujus
2112 1250 2206 1279 bursa
2220 1249 2278 1279 vlt
2294 1249 2353 1279 sol.

1450 1295 1560 1326 Solvit.

1490 1345 1565 1374 Item
1591 1346 1770 1376 licenciatus
1788 1346 1844 1376 suit
1862 1346 2006 1376 dominus
2026 1347 2228 1387 Brunulphus
2247 1347 2355 1377 Karoli

1449 1395 1506 1424 sub
1524 1395 1673 1434 magistro
1687 1395 1824 1425 Jordano
1842 1396 1879 1425 de
1898 1395 2007 1432 Clivis,
2023 1395 2110 1436 cujus
2127 1397 2223 1426 bursa
2234 1396 2308 1427 VIII
2325 1407 2352 1426 s.

1450 1443 1559 1473 Solvit.

1489 1492 1564 1522 Item
1579 1492 1759 1522 licenciatus
1774 1493 1831 1523 suit
1842 1493 1986 1523 dominus
2000 1494 2156 1524 Johannes
2173 1495 2210 1524 de
2227 1494 2356 1525 Austria

1449 1543 1506 1571 sub
1518 1542 1667 1582 magistro
1678 1543 1814 1572 Jordano
1832 1542 1895 1584 [de]
1908 1543 2018 1578 Clivis,
2038 1542 2125 1583 cujus
2135 1544 2229 1574 bursa
2245 1543 2354 1580 nichil,

1449 1591 1520 1630 quia
1530 1590 1647 1631 juravit
1664 1597 1808 1621 statutum
1826 1593 2030 1631 paupertatis.

1490 1640 1564 1669 Item
1583 1640 1762 1670 licenciatus
1785 1640 1840 1670 fuit
1859 1641 2002 1671 dominus
2024 1641 2179 1672 Henricus
2193 1641 2276 1672 Mole
2297 1643 2356 1672 sub

1448 1690 1598 1729 magistro
1607 1690 1622 1719 J
1627 1689 1746 1719 ohanne
1757 1690 1930 1719 Pertusone
1940 1690 1964 1726 ³,
1978 1689 2065 1731 cujus
2080 1692 2174 1720 bursa
2186 1691 2228 1721 VI
2247 1691 2351 1721 solidi.

1449 1738 1558 1768 Solvit.

1758 1806 2039 1846 [incipientes.]

1489 1886 1561 1926 (Ποῖ.
1593 1889 1630 1916 25
1645 1886 1669 1927 h)
1699 1887 1817 1926 Incepit
1843 1887 1985 1917 dominus
2014 1887 2147 1917 Thomas
2174 1887 2356 1928 Stramiglot

1449 1936 1560 1965 Scotus
1582 1937 1639 1965 sub
1662 1936 1810 1976 magistro
1832 1936 1971 1965 Johanne
1994 1937 2133 1972 Luberti,
2156 1935 2242 1977 cujus
2259 1939 2354 1967 bursa

1448 1984 1505 2014 VII
1519 1985 1611 2014 solidi
1627 1992 1657 2014 et
1670 1985 1713 2015 VI
1727 1985 1856 2014 denarii.
1875 1985 1986 2015 Solvit.

1489 2034 1564 2063 Item
1581 2034 1724 2064 dominus
1741 2034 1898 2064 Johannes
1918 2034 2013 2064 Lethe
2030 2035 2141 2064 Scotus
2160 2035 2277 2075 incepit
2295 2036 2354 2065 sub

1448 2084 1555 2113 eodem
1571 2084 1731 2123 magistro,
1747 2082 1833 2123 cujus
1846 2084 1941 2113 bursa
1954 2083 2011 2113 VII
2027 2083 2130 2113 solidi.
2149 2084 2258 2114 Solvit.

1488 2132 1563 2162 Item
1583 2133 1698 2172 incepit
1719 2133 1862 2162 dominus
1887 2132 2083 2162 Hermannus
2104 2134 2141 2162 de
2159 2133 2278 2173 Treysa
2294 2134 2352 2164 sub

1447 2182 1596 2221 magistro
1616 2181 1760 2211 Conrado
1776 2182 1813 2210 de
1828 2182 1967 2221 Hagnoia
1978 2180 2002 2217 θ,
2022 2180 2108 2222 cujus
2125 2182 2220 2211 bursa
2237 2181 2277 2212 Vl
2293 2182 2352 2212 sol.

1449 2230 1559 2260 Solvit.

1488 2279 1563 2309 Item
1594 2279 1710 2319 incepit
1744 2279 1886 2308 dominus
1919 2279 2076 2309 ,Iohannes
2111 2279 2262 2309 Menteler
2295 2281 2354 2310 sub

1448 2329 1566 2364 eodem,
1583 2328 1670 2368 cujus
1683 2329 1777 2358 bursa
1789 2328 1845 2357 V11
1860 2328 1951 2358 solidi
1963 2334 1992 2357 et
2001 2328 2042 2357 VI
2052 2328 2181 2358 denarii.
2202 2328 2310 2358 Solvit.

1488 2378 1563 2407 Item
1578 2377 1693 2416 incepit
1705 2378 1848 2406 dominus
1865 2377 2021 2407 Johannes
2037 2377 2122 2406 Petri
2139 2378 2177 2406 de
2193 2377 2354 2407 Scoenho-

1446 2427 1495 2456 via
1509 2428 1566 2456 sub
1581 2427 1729 2466 magistro
1739 2426 1876 2466 Nycolao
1891 2427 1928 2455 de
1940 2426 2146 2462 Morancuria‚
2159 2425 2246 2465 cujus
2258 2427 2354 2456 bursa

1449 2475 1493 2504 111
1510 2475 1613 2505 solidi.

1488 2524 1563 2554 Item
1593 2525 1708 2564 incepit
1729 2524 1871 2554 dominus
1899 2524 2094 2553 Hermannus
2115 2523 2287 2553 Everhardi
2314 2525 2353 2554 de

1449 2573 1569 2603 Swecia
1589 2575 1646 2603 sub
1668 2573 1817 2613 magistro
1835 2573 1974 2602 Johanne
1994 2573 2132 2608 Luberti‚
2150 2572 2236 2613 cujus
2256 2574 2352 2602 bursa

1447 2622 1504 2652 Vll
1521 2622 1624 2652 solidi.
1639 2623 1747 2652 Solvit.

1488 2671 1563 2701 Item
1591 2671 1707 2710 incepit
1734 2671 1876 2700 dominus
1913 2670 2114 2710 Brunulphus
2154 2670 2260 2700 Karoli
2293 2671 2353 2700 sub

1448 2721 1554 2749 eodem
1565 2721 1714 2760 magistro
1729 2720 1866 2749 Johanne
1879 2719 2017 2755 Luberti,
2032 2718 2118 2759 cujus
2129 2720 2224 2749 bursa
2235 2719 2308 2749 VIII
2323 2729 2350 2749 s.

1448 2769 1556 2799 Solvit.

1476 2890 1500 2913 4.
1533 2889 1591 2913 Fuit
1603 2891 1655 2913 nal.
1668 2888 1801 2918 Franciae,
1812 2897 1884 2920 prov.
1900 2889 2015 2912 Remem.

1476 2927 1499 2949 5.
1532 2927 1592 2949 Nat.
1606 2926 1747 2948 Nor-mann.

1477 2963 1500 2985 6.
1533 2962 1580 2986 Ms.
1599 2960 1729 2991 hagneya.
