2632 3464
302 433 356 460 625

298 509 388 539 -modi
406 509 563 548 requestis
580 514 611 538 et
628 508 703 538 velit
722 507 919 537 dissimulare
934 512 964 535 et
981 516 1043 535 non
1063 504 1212 544 conqueri

307 558 347 588 de
374 557 504 587 nacione
529 567 632 587 coram
659 556 763 597 aliquo
791 566 847 586 seu
873 555 1044 595 aliquibus,
1075 561 1106 584 et
1129 554 1213 594 quod

303 607 392 637 nacio
406 607 530 636 volebat
548 606 651 646 ipsum
665 605 845 646 permittere
864 605 896 634 in
911 603 1212 644 congregacionibus

304 656 425 690 sedere,
439 655 606 685 dummodo
613 654 734 694 juraret
748 654 831 694 quod
848 663 911 682 non
929 653 1080 682 revelaret
1095 658 1214 682 secreta

307 705 458 734 nacionis.
481 705 615 735 Tandem
637 704 738 733 dictus
758 702 934 742 Heynricus
957 702 1013 731 fuit
1028 708 1166 736 vocatus,
1184 707 1215 730 et

306 754 430 784 fuerunt
452 753 514 783 sibi
539 753 621 783 dicta
648 752 790 792 exposita
813 761 870 791 per
899 757 1144 791 procuratorem.
1175 750 1215 779 Et

305 809 379 832 tunc
399 802 501 832 dictus
518 802 662 832 dominus
682 801 838 830 Henricus
859 800 1021 830 consensit
1039 806 1069 829 et
1089 799 1215 828 admisit

303 851 416 881 dictam
444 850 706 890 supplicacionem
730 850 886 884 nacionis,
913 855 942 879 et
961 849 1105 888 promisit
1130 849 1214 888 quod

302 899 400 930 nollet
422 900 570 929 infestare
589 899 749 928 necionem
771 899 810 928 de
829 898 1043 928 consimilibus
1064 907 1123 938 per
1144 907 1213 926 eum

301 948 366 989 jam
381 954 488 978 contra
502 948 663 978 necionem
676 947 826 988 peractis,
842 953 872 977 et
889 947 947 976 hoc
964 948 1066 987 quoad
1078 953 1212 987 tempus,

305 997 425 1028 scilicet
438 998 476 1027 ad
489 1007 583 1027 unum
597 1007 711 1026 annum
727 996 776 1026 vel
791 996 885 1032 circa,
902 997 958 1026 sed
976 1006 1037 1026 non
1052 995 1084 1025 in
1099 1005 1214 1035 perpe-

303 1053 405 1082 tuum3
433 1053 464 1076 et
487 1045 603 1086 juravit
629 1045 750 1075 nacioni
776 1046 861 1085 quod
883 1055 1039 1085 nunquam
1066 1044 1215 1074 revelabit

305 1101 424 1125 secreta
442 1095 583 1124 nacionis
601 1105 656 1124 seu
673 1093 803 1134 alicujus
825 1094 980 1134 suppositi
1001 1093 1153 1129 nacionis,
1176 1094 1213 1123 ad

307 1154 532 1184 quemcumque
545 1150 657 1174 statum
670 1143 840 1174 devenerit.

345 1193 421 1223 Item
436 1193 468 1223 iu
480 1194 586 1223 eadem
597 1192 845 1234 congregacione
861 1192 1048 1232 supplicavit
1057 1192 1072 1222 J
1076 1192 1214 1222 ohannes

305 1242 446 1272 bedellus
460 1249 568 1272 noster
580 1252 638 1282 pro
651 1241 764 1272 salario
778 1251 833 1271 seu
845 1251 904 1282 pro
917 1240 1086 1281 juvamine,
1100 1247 1131 1271 et
1142 1247 1215 1271 tunc

305 1292 429 1322 fuerunt
449 1291 511 1320 sibi
529 1291 591 1320 dati
611 1297 680 1320 octo
703 1290 799 1320 franci
822 1301 879 1330 per
898 1290 1070 1325 unionem,
1090 1296 1121 1320 et
1139 1290 1215 1320 sub-

305 1339 428 1370 bedello
442 1346 585 1380 quatuor,
603 1339 724 1370 scilicet
738 1339 872 1369 Matheo.

719 1432 816 1463 1382

423 1504 691 1535 Procuratoria
716 1504 888 1544 magistri
918 1504 1099 1534 Stanislai

623 1554 684 1592 [de
710 1553 904 1594 Polonia.]

347 1633 439 1663 Anno
462 1633 588 1663 Domini
607 1633 653 1663 Μο
675 1633 770 1663 CCC⁰
793 1633 903 1663 LXXX
927 1634 1076 1668 secundo,
1100 1634 1217 1663 mensis

302 1682 441 1722 Augusti
456 1682 509 1712 die
519 1681 642 1718 xxvl-,
658 1683 698 1711 ad
715 1681 860 1712 Sanctum
877 1682 1031 1712 Julianum
1051 1693 1216 1722 pauperem

307 1731 384 1762 hora
401 1731 570 1771 primarum
582 1731 696 1761 Nostre
713 1731 844 1761 Domine
862 1741 958 1771 super
975 1731 1126 1761 electione
1141 1742 1217 1772 pro-

308 1781 461 1811 curatoris
482 1786 512 1810 et
532 1780 686 1810 audiendo
708 1786 852 1820 computo
876 1781 1061 1820 receptoris,
1091 1787 1121 1810 et
1144 1787 1216 1811 tunc

308 1829 364 1860 fuit
378 1829 494 1860 electus
509 1829 658 1870 magister
673 1829 846 1859 Stanislaus
858 1830 897 1859 de
911 1829 1041 1859 Polonia
1058 1830 1089 1859 in
1103 1840 1218 1870 procu-

309 1884 443 1908 ratorem
453 1878 604 1914 nacionis,
620 1884 651 1908 et
663 1885 826 1918 computus
841 1879 1013 1918 receptoris
1029 1879 1085 1908 suit
1095 1879 1217 1909 auditus

308 1933 339 1957 et
352 1926 554 1961 examinatus,
568 1933 599 1956 et
614 1933 688 1957 tunc
705 1927 848 1957 dominus
864 1934 1008 1967 receptor
1022 1929 1171 1958 remansit
1186 1929 1217 1958 in

308 1976 414 2006 debito
426 1976 548 2006 nacioni
562 1977 593 2006 in
605 1986 723 2006 summa
737 1977 847 2017 viginti
862 1977 1022 2012 librarum,
1037 1977 1128 2007 trium
1145 1978 1217 2007 soli-

308 2025 418 2055 dorum
447 2031 477 2054 et
502 2031 572 2055 octo
599 2025 809 2055 denariorum.
837 2026 878 2055 Et
906 2033 1069 2066 computus
1096 2026 1218 2056 nacioni

308 2074 436 2114 placuit.

350 2122 425 2152 item
441 2122 491 2152 die
508 2122 655 2152 vicesima
673 2122 773 2162 prima
792 2123 909 2153 mensis
929 2123 1122 2164 Septembris
1142 2125 1219 2154 facta

309 2171 367 2201 suit
374 2172 583 2211 congregacio
591 2171 731 2201 nacionis
743 2182 799 2211 per
805 2170 1011 2212 juramentum
1023 2174 1060 2202 ad
1073 2173 1217 2203 Sanctum

310 2219 497 2251 Maturinum
519 2221 557 2250 ad
577 2220 762 2250 audiendum
786 2228 963 2261 compotum
983 2223 1167 2262 receptoris,
1189 2229 1219 2252 et

309 2270 347 2299 ad
372 2269 547 2310 eligendum
572 2275 781 2309 receptorem,
811 2277 841 2300 et
864 2270 902 2300 ad
931 2271 1158 2310 providendum
1190 2278 1220 2301 et

305 2318 515 2349 ordinandum
531 2319 568 2348 de
587 2319 682 2348 scolis
699 2329 758 2358 pro
774 2319 968 2359 regentibus,
992 2326 1022 2349 et
1041 2321 1079 2349 ad
1101 2321 1218 2361 suppli-

310 2368 452 2402 candum,
485 2374 515 2398 et
546 2369 624 2397 facto
657 2373 802 2408 compoto
834 2369 982 2398 remansit
1013 2376 1156 2409 receptor
1188 2370 1218 2399 in

305 2417 416 2448 ‚debito
435 2417 540 2446 decem
565 2423 595 2446 et
615 2422 686 2446 octo
708 2416 855 2446 librarum
873 2423 904 2446 et
922 2417 1029 2447 decem
1049 2418 1218 2448 solidorum

311 2471 343 2496 et
357 2466 378 2495 8
394 2465 604 2495 denariorum.

352 2514 443 2544 Scole
469 2515 592 2544 fuerunt
622 2514 667 2544 sic
689 2514 866 2545 distribute.
891 2514 1042 2555 Magister
1063 2516 1220 2546 soi-danus

312 2562 404 2593 babet
418 2563 520 2593 scolas
531 2573 626 2593 novas
642 2563 806 2593 inferiores
821 2564 1055 2600 Almannorum,
1071 2565 1220 2605 magister

311 2611 468 2642 «lohannes
487 2612 647 2651 [HJoklem
667 2613 859 2652 superiores,
882 2613 1030 2654 magister
1050 2613 1164 2644 Paulus
1182 2615 1219 2644 de

313 2659 419 2691 thria
439 2660 503 2700 (sic)
521 2668 631 2700 neptem
653 2663 781 2697 arcium,
809 2662 957 2702 magister
987 2662 1160 2694 Stanislaus
1181 2666 1220 2693 de

313 2708 443 2739 Polonis
458 2709 535 2740 alias
548 2719 626 2750 quas
645 2710 737 2741 vellet
753 2710 870 2751 eligere
887 2712 926 2740 de
945 2711 1049 2751 parvis
1064 2717 1094 2741 et
1108 2712 1220 2742 deinde

312 2757 460 2798 magister
473 2758 631 2789 lohannes
643 2760 681 2788 de
696 2760 822 2790 Austrin
839 2759 948 2790 habeat
962 2760 1038 2790 alias
1052 2771 1129 2800 quas
1143 2761 1219 2796 vult,

346 2850 370 2875 1.
405 2851 452 2875 Mn.
466 2851 574 2876 Arinen.

344 2886 368 2910 2.
402 2887 451 2910 He.
463 2886 609 2919 chunis-512.

344 2922 368 2946 3.
401 2922 421 2945 Α
439 2921 598 2946 lectionibu-
618 2922 674 2947 ecil.
695 2924 780 2947 Cauca
808 2923 900 2948 harum
925 2925 1094 2949 causationum
1116 2926 1220 2957 suerunt

313 2954 404 2980 “Hine
425 2964 491 2988 φησι
501 2965 548 2981 ra·
559 2957 684 2987 omnibu,
696 2959 834 2991 capp-uitia
846 2959 1023 2985 vnivaernicati·
1035 2968 1085 2985 non
1098 2961 1219 2993 exceptis.

393 3002 508 3022 atet-eina
520 3002 643 3023 cmuhn'c'
653 3002 741 3024 Um'un.
752 3004 818 3025 Paria.
830 3015 855 3020 —
867 3003 883 3025 l.

819 430 932 458 LIBER
952 428 1267 456 PROCURATORUM
1286 428 1467 455 NATIONIS
1485 428 1730 454 ANGLICANAE

1252 951 1285 976 10

1253 1196 1286 1222 15

1253 1441 1288 1467 20

1254 1686 1288 1714 25

1255 1933 1289 1959 30

1256 2179 1290 2206 35

1257 2425 1291 2452 40

1258 2669 1292 2696 45

2181 429 2235 454 626

1322 511 1352 534 et
1367 505 1479 534 deinde
1492 505 1640 544 magister
1656 505 1810 533 Heni-icus
1824 505 1946 534 NVisen.
1961 505 2023 534 Alii
2038 516 2111 534 vero
2130 506 2231 544 provi-

1322 554 1414 583 deant
1429 553 1501 589 sibi,
1518 560 1548 582 et
1566 553 1654 582 nacio
1669 553 1767 582 solvet
1778 554 1865 593 juxta
1877 553 2000 593 jussum
2015 554 2159 583 racionis.

1362 602 1514 642 Magister
1530 602 1690 631 Arnoldus
1708 603 1745 631 de
1770 602 1928 631 Arnhem'
1948 603 2134 642 supplicavit
2149 605 2231 643 quod

1322 651 1486 681 rehaberet
1516 652 1648 680 medium
1679 653 1815 680 francum
1842 652 1913 690 (11‘01.
1941 652 2002 690 36),
2037 662 2127 691 quem
2156 652 2232 681 alias

1322 701 1467 740 exposuit
1494 711 1551 740 pro
1578 700 1707 730 nacione
1739 701 1797 730 sub
1827 711 1882 740 spe
1909 701 2033 730 essendi
2068 707 2233 740 temptator

1323 750 1434 779 Sancte
1463 749 1622 784 Genosese,
1651 756 1680 779 et
1704 759 1761 789 pro
1785 750 1893 778 eodem
1916 750 2103 789 supplicavit
2134 751 2233 790 magi-

1323 805 1424 828 ster...
1434 798 1508 838 (sic).
1520 799 1560 828 Et
1572 799 1694 828 fuerunt
1706 798 1956 838 supplicaciones
1967 809 2071 828 eorum
2084 799 2229 828 admisse.

1325 847 1363 885 Et
1384 854 1456 877 tunc
1478 848 1574 877 eciam
1593 847 1780 887 supplicavit
1796 847 1953 877 Johannes
1974 848 2125 882 bedellus,
2150 849 2232 887 quod

1322 897 1532 926 venderentur
1547 898 1638 926 vadia
1658 896 1932 926 determinancium
1950 897 1980 925 in
2004 897 2132 926 nacione
2152 897 2233 926 obli-

1322 953 1403 986 gata,
1419 952 1449 975 et
1462 946 1522 975 sibi
1536 946 1710 975 solveretur
1723 945 1867 975 salarium
1879 945 1956 985 ejus.
1971 946 2009 975 Et
2022 946 2078 975 suit
2090 946 2233 975 determi-

1323 1001 1425 1024 natum
1449 995 1532 1034 quod
1549 995 1648 1024 adhuc
1668 996 1707 1023 ad
1726 1005 1819 1024 unum
1842 1004 1978 1024 mensem
2001 1001 2231 1034 expectaretur,

1323 1050 1353 1073 et
1365 1044 1391 1073 si
1403 1044 1485 1074 dicta
1497 1044 1585 1073 vadia
1596 1044 1718 1073 interim
1733 1054 1794 1073 non
1806 1044 2050 1079 exsolverentur,
2064 1045 2147 1083 quod
2162 1051 2233 1075 tunc

1323 1093 1499 1122 vendicioni
1517 1099 1757 1133 exponerentur.
1779 1093 1817 1122 Et
1835 1093 1936 1122 statim
1957 1100 2028 1133 post
2048 1094 2103 1122 suit
2118 1104 2235 1133 perpo-

1324 1148 1405 1173 tatus
1421 1143 1544 1172 francus
1562 1152 1580 1171 a
1592 1148 1755 1181 receptore
1768 1149 1924 1182 receptus.

1732 1235 1829 1265 1382

1325 1307 1414 1337 Acta
1440 1307 1476 1336 in
1507 1307 1875 1347 congregacionibus
1905 1307 2075 1336 nacionis
2104 1307 2234 1347 Angli-

1394 1367 1498 1391 cane,
1531 1363 1779 1396 procuratore
1812 1356 1994 1396 magistro
2025 1356 2160 1386 Ottone

1480 1405 1623 1446 Boecij‚
1651 1405 1745 1435 alias
1774 1407 1817 1435 de
1846 1405 2047 1445 Thuningh
2063 1405 2087 1435 ².

1630 1465 1643 1478 0
1733 1466 1746 1478 0

1364 1486 1455 1515 Anno
1475 1486 1599 1515 Domini
1616 1486 1647 1515 M
1666 1486 1746 1516 CCC
1764 1485 1916 1521 LXXXll,
1937 1486 2036 1516 xxua
2051 1486 2101 1515 die
2119 1486 2236 1515 mensis

1326 1535 1530 1575 Septembris,
1550 1537 1626 1565 facta
1645 1536 1892 1575 congregacione
1915 1535 2078 1575 sollempni
2097 1535 2236 1565 nacionis

1324 1584 1496 1624 Anglicane
1508 1584 1776 1625 perjuramentum
1792 1586 1873 1624 apud
1888 1585 2033 1614 Sanctum
2048 1584 2234 1614 Maturinum

1325 1634 1363 1663 ad
1379 1634 1553 1674 eligendum
1570 1641 1816 1674 procuratorem,
1832 1633 1948 1663 electus
1967 1634 2023 1663 suit
2041 1634 2071 1662 in
2089 1644 2235 1673 procura-

1325 1689 1424 1712 torem
1453 1683 1592 1712 nacionis
1617 1683 1756 1722 predicte
1783 1683 1930 1722 magister
1959 1683 2032 1712 Otto
2058 1681 2174 1722 Boccij,
2205 1689 2236 1711 et

1325 1732 1496 1772 acceptavit
1509 1732 1638 1761 officium
1656 1738 1686 1761 et
1697 1731 1812 1772 juravit
1828 1738 1860 1761 ut
1875 1732 1972 1761 moris
1988 1738 2045 1761 est.

1367 1781 1442 1811 Item
1458 1781 1508 1810 die
1530 1781 1675 1810 vicesima
1695 1791 1775 1810 nona
1793 1781 1909 1810 mensis
1929 1780 2065 1820 ejusdcm
2086 1781 2162 1810 sacta
2182 1781 2238 1810 fuit

1326 1830 1532 1870 congregacio
1555 1830 1711 1870 generalis
1734 1830 1954 1860 Universitatis
1979 1831 2060 1869 apud
2091 1830 2235 1859 Sanctum

1326 1879 1514 1909 Maturinum
1541 1889 1599 1919 per
1618 1879 1825 1919 juramentum
1851 1890 1946 1919 super
1975 1880 2053 1908 sacto
2082 1879 2238 1908 cessacio-

1326 1939 1398 1959 num
1410 1927 1434 1963 ³,
1451 1930 1489 1958 ad
1505 1929 1691 1958 audiendum
1710 1929 1830 1958 scilicet
1846 1929 1976 1958 nuncios
2002 1928 2232 1963 Universitatis‚

1327 1979 1380 2018 qui
1398 1978 1485 2008 missi
1502 1984 1590 2007 erant
1603 1979 1641 2007 ad
1662 1988 1777 2018 regem.
1804 1977 1842 2007 Et
1865 1978 1937 2017 quia
1955 1988 2015 2006 non
2037 1978 2237 2016 reportabant

1327 2029 1440 2057 bonum
1467 2037 1664 2067 responsum,
1689 2027 1865 2056 continuate
1886 2028 2008 2056 fuerunt
2026 2027 2234 2055 cessaciones.

1368 2076 1443 2106 Item
1461 2077 1538 2106 facta
1556 2076 1611 2105 fuit
1624 2077 1830 2116 congregacio
1848 2075 2067 2105 Universitatis
2085 2085 2141 2114 per
2151 2074 2237 2114 jura-

1327 2132 1461 2155 mentum
1484 2126 1566 2166 apud
1590 2125 1735 2155 Sanctum
1766 2125 1968 2159 Maturinum,
2000 2135 2061 2164 quo
2098 2131 2237 2163 tempore

1328 2175 1383 2204 fuit
1397 2175 1492 2204 eciam
1511 2175 1717 2214 congregacio
1731 2174 1882 2209 nacionis,
1900 2175 1938 2203 ad
1955 2174 2127 2203 babendum
2147 2184 2237 2212 pecu-

1327 2224 1395 2254 nias
1419 2224 1540 2253 debitas
1564 2224 1686 2253 nunciis
1718 2223 1948 2258 Universitatis,
1975 2223 2027 2262 qui
2054 2223 2174 2252 iverunt
2199 2223 2235 2251 ad

1327 2283 1444 2313 regem,
1469 2279 1498 2303 et
1515 2273 1713 2303 concorditer
1734 2273 1935 2302 deliberatum
1959 2272 2025 2306 fuit,
2045 2272 2127 2311 quod
2150 2271 2238 2300 nario

1328 2322 1462 2352 solveret
1504 2322 1785 2361 proporcionaliter
1823 2328 1938 2351 tantum
1985 2327 2130 2360 quantum
2179 2319 2237 2349 alie

1328 2371 1486 2406 naciones,
1503 2371 1668 2400 dummodo
1690 2371 1776 2405 alias,
1795 2371 1821 2399 si
1843 2381 1901 2410 que
1924 2376 2029 2399 essent
2044 2369 2235 2408 recipienda,

1328 2426 1444 2450 tantum
1457 2419 1622 2460 reciperet,
1638 2419 1726 2449 sicud
1741 2419 1842 2459 aliqua
1860 2419 1987 2448 aliarum
2006 2418 2177 2447 nacionum.
2198 2417 2237 2447 Et

1328 2469 1384 2499 hec
1408 2469 1615 2509 congregacio
1639 2469 1778 2508 predicta
1801 2468 2019 2499 Universitatis
2044 2467 2099 2496 suit
2123 2466 2164 2495 ΙΙ·
2186 2467 2236 2495 ‹lie

1329 2518 1444 2547 mensis
1461 2518 1619 2548 Octobris.

1369 2566 1444 2596 ltem
1469 2567 1518 2596 die
1545 2567 1601 2596 ΙΙΙ·
1626 2567 1741 2596 mensis
1763 2566 1911 2606 ejusdem,
1938 2566 2008 2605 quia
2036 2565 2237 2594 deliberatum

1328 2622 1394 2645 erat
1413 2615 1444 2645 in
1467 2616 1714 2656 congregacione
1733 2615 1873 2655 predicta
1893 2614 1953 2643 (lici
1976 2614 2002 2643 ΙΙ
2028 2613 2143 2642 mensis
2163 2623 2238 2653 pre—

1328 2664 1415 2699 dicti,
1436 2666 1519 2704 quod
1541 2666 1628 2694 lieret
1646 2665 1852 2704 congregacio
1875 2663 2077 2702 sollempnior
2097 2669 2127 2692 et
2143 2672 2237 2692 voca-

1329 2720 1436 2744 rentur
1455 2724 1562 2743 omnes
1578 2714 1717 2753 magistri
1732 2713 1838 2752 jurati,
1861 2714 1935 2741 sacta
1955 2712 2010 2741 fuit
2029 2711 2236 2751 congregacio

1329 2762 1512 2802 sollempnis
1534 2763 1615 2802 apud
1637 2763 1779 2792 Sanctum
1798 2762 1988 2791 liei-nardum
2010 2760 2187 2800 regcncium
2209 2767 2238 2789 et

1329 2854 1483 2887 imponebat.
1504 2857 1528 2878 et
1549 2854 1673 2881 dez-imae,
1689 2862 1754 2886 quan
1772 2855 1925 2877 Francorum
1941 2861 1986 2876 rea:
2005 2852 2130 2877 (wer-enen·
2152 2853 2194 2876 ΙῚΙ
2211 2852 2237 2876 in

1329 2898 1407 2923 regno
1426 2890 1550 2914 Francia«
1571 2890 1672 2921 esim-re
1693 2889 1817 2921 permisit.
1843 2889 1896 2913 rid.
1918 2888 2014 2913 Chi-on.
2040 2888 2074 2912 du
2103 2888 2180 2920 relig.
2206 2887 2239 2912 ‹lc

1329 2926 1354 2949 S.
1370 2926 1465 2957 Denyu,
1477 2926 1518 2949 ed.
1534 2926 1704 2953 ΒιιιΛουετ,
1720 2925 1738 2953 Ι,
1751 2933 1777 2956 p.
1789 2925 1827 2953 ³2,
1841 2928 1865 2948 et
1875 2932 1952 2956 :upra
1963 2932 1988 2956 p.
2001 2924 2056 2951 Gir».
2069 2924 2108 2948 ⁸5.

2120 3004 2145 3023 0⁰
