2632 3464
405 437 456 462 907

405 522 485 541 anno
500 522 560 551 quo
576 521 681 550 supra,
699 510 748 540 die
763 510 879 540 Xxllla
898 510 1102 550 Septembris,
1118 510 1194 539 hora
1209 516 1315 539 octava

405 571 500 600 super
527 560 628 590 tribus
652 559 802 589 articulis.
831 559 956 589 Primus
985 565 1051 588 erat
1073 559 1111 588 ad
1138 558 1315 598 eligendum

403 620 516 639 novum
539 615 772 649 procuratorem
801 609 850 639 vel
879 608 1117 638 continuandum
1141 608 1310 647 antiquum.

405 659 445 688 Et
458 659 512 688 fuit
522 658 718 688 continuatus
732 658 877 697 antiquus
889 664 1083 697 procurator.
1094 658 1140 685 2¹¹²3
1152 657 1207 686 fuit
1220 666 1315 696 super

404 714 548 747 computo
563 707 736 747 receptoris
753 707 870 746 antiqui
886 713 916 736 et
926 706 1101 746 juramento
1117 706 1189 735 novi
1204 716 1315 744 recep-

403 758 491 786 toris.
509 757 549 786 Et
567 757 669 796 quoad
688 757 727 785 1¹¹¹
744 756 904 785 articulum
919 755 1037 795 juravit
1053 765 1153 784 novus
1171 761 1316 794 receptor

951 433 1174 460 AUCTARIUM
1195 432 1455 459 CHARTULARII
1475 433 1649 459 UNIVERS.
1669 433 1789 473 PARIS.

404 816 489 835 more
507 806 612 835 solito.
632 805 672 835 Et
686 805 831 845 antiquus
849 811 993 844 receptor
1013 805 1163 833 reddebat
1187 814 1315 843 compu-
1350 833 1353 834 a

403 862 478 885 tum.
510 857 556 884 3¹¹⁹
582 855 729 884 articulus
761 854 817 883 suit
842 864 937 893 super
971 853 1256 893 supplicacionibus
1286 859 1316 882 et

404 903 538 944 injuriis.
559 904 599 933 Et
617 903 803 943 supplicavit
819 909 1002 942 procurator
1015 909 1048 931 ut
1063 902 1228 931 haberetur
1245 912 1314 941 gra-

403 960 454 983 tus
472 953 504 982 in
517 953 592 982 actis
606 963 663 992 per
678 962 757 981 eum,
776 952 816 981 Et
828 952 931 991 quoad
948 951 1007 980 hoc
1020 951 1107 980 nacio
1124 950 1231 980 habuit
1245 960 1314 980 eum

404 1009 539 1042 gratum,
570 1008 710 1031 avoatum
738 1007 767 1030 et
800 1001 1090 1030 recommendatum.
1123 999 1316 1039 Supplicavit

404 1052 500 1081 eciam
525 1061 583 1090 pro
609 1052 740 1090 quodam
766 1050 846 1079 libro
867 1049 1020 1085 Alberti⁴‚
1042 1059 1132 1088 quem
1156 1048 1316 1088 provincia

403 1100 543 1130 Almanie
582 1100 731 1139 obligavit
763 1099 885 1128 nacioni
918 1109 985 1128 cum
1024 1098 1209 1137 quibusdam
1246 1098 1314 1126 aliis

403 1150 527 1179 racione
557 1148 714 1188 cujusdam
741 1158 858 1177 summe
889 1148 1020 1187 pecunie
1048 1156 1138 1187 quam
1167 1147 1315 1176 mutuavit

403 1199 491 1228 nacio
507 1198 678 1237 provincie.
699 1198 738 1227 Et
756 1197 947 1236 supplicacio
966 1196 1022 1225 fuit
1043 1206 1203 1232 concessa,
1226 1196 1315 1225 vide-

403 1248 474 1277 licet
490 1248 573 1287 quod
591 1247 718 1276 haberet
740 1257 796 1285 per
821 1247 899 1275 duos
921 1255 1056 1274 menses.
1079 1245 1155 1274 Item
1171 1245 1314 1274 reiterata

403 1297 459 1326 fuit
485 1296 675 1336 supplicacio
702 1295 822 1334 antiqui
848 1294 1032 1334 receptoris‚
1064 1304 1155 1334 quam
1183 1294 1254 1323 fecit
1282 1294 1314 1322 in

403 1345 649 1385 congregacione
673 1344 869 1384 precedenti,
896 1343 1041 1373 videlicet
1062 1349 1095 1372 ut
1120 1343 1248 1372 haberet
1272 1344 1315 1372 4⁰¹·

402 1395 498 1424 libras
514 1405 571 1434 pro
585 1394 708 1429 salario,
724 1404 783 1432 que
795 1393 986 1432 supplicacio
997 1403 1059 1421 non
1075 1393 1216 1421 obstante
1230 1392 1314 1431 quod

402 1445 478 1473 alias
497 1444 588 1473 fuerit
605 1443 799 1482 interempta,
821 1449 923 1471 tamen
944 1448 1076 1481 protunc
1095 1441 1151 1470 fuit
1166 1451 1315 1470 concessa

402 1504 460 1533 pro
479 1504 512 1522 se
529 1499 559 1522 et
574 1493 639 1522 suis
658 1491 905 1521 successoribus.
924 1491 999 1520 Item
1019 1491 1135 1530 placuit
1153 1496 1313 1529 compotus

402 1542 575 1581 receptoris
596 1541 730 1570 nacioni.

445 1591 516 1631 (Vol.
548 1590 617 1630 83)⁴
650 1590 742 1619 Facta
774 1589 1022 1629 congregacione
1051 1589 1132 1628 apud
1169 1589 1314 1618 Sanctum

404 1640 591 1670 Maturinum
607 1650 687 1669 anno
698 1649 759 1679 quo
777 1649 882 1678 supra,
902 1639 951 1667 die
963 1644 1071 1678 quarta
1084 1638 1199 1667 mensis
1218 1637 1314 1667 Octo-

403 1691 469 1719 bris
487 1690 563 1718 hora
580 1696 698 1724 octava,
716 1699 810 1728 super
825 1688 924 1717 tribus
940 1687 1089 1717 articulis.
1112 1687 1236 1716 Primus
1250 1693 1316 1716 erat

403 1741 441 1768 ad
466 1739 650 1768 audiendum
675 1744 931 1777 apunctuamenta
955 1743 985 1766 et
1008 1737 1195 1766 avisamenta
1220 1746 1315 1776 super

403 1788 546 1817 domibus
559 1789 603 1816 ad
614 1798 705 1816 cornu
720 1788 799 1815 cet-vi
809 1793 838 1816 et
849 1787 891 1815 ad
899 1787 1070 1825 ymaginem
1083 1793 1181 1814 nostre
1189 1787 1314 1814 Domine

403 1848 460 1877 per
484 1838 647 1876 deputatos
669 1837 837 1865 secundum
861 1836 984 1864 modum
1011 1835 1099 1874 prius
1122 1834 1311 1864 conclusum.

404 1887 509 1915 Eciam
521 1896 579 1925 pro
595 1885 850 1925 reparacionibus
862 1884 955 1914 hostii
971 1894 1151 1923 magnarum
1164 1886 1314 1912 scolarum

404 1943 433 1965 et
450 1935 599 1975 pulputri.
617 1935 778 1975 Secundus
796 1940 861 1963 erat
877 1934 915 1962 ad
933 1933 1108 1962 habendum
1124 1932 1314 1962 declaracio-

403 1995 472 2014 nem
484 1984 641 2024 cujusdam
652 1983 862 2013 conclusionis
874 1982 961 2022 prius
978 1982 1080 2011 habite
1091 1983 1129 2011 de
1142 1981 1314 2011 mutacione

403 2034 586 2073 receptoris,
602 2033 746 2073 quoniam
762 2033 891 2062 condam
912 2032 1055 2071 magistri
1073 2031 1217 2060 dicebant
1232 2032 1315 2070 quod

403 2084 491 2112 nacio
505 2083 579 2112 alias
595 2082 778 2112 deliberavit
794 2082 878 2121 quod
890 2087 1059 2110 mutaretur
1076 2080 1209 2120 singulis
1225 2080 1315 2109 annis

404 2139 433 2162 et
450 2133 615 2161 haberetur
630 2142 740 2167 novus,
759 2137 788 2160 et
806 2131 889 2170 quod
902 2136 1097 2170 procurator,
1113 2130 1166 2169 qui
1182 2129 1316 2169 signavit

404 2181 634 2211 conclusionem
652 2191 812 2219 apponens
835 2192 848 2207 t<
866 2179 915 2209 vel
933 2189 990 2218 per
1007 2179 1174 2218 byennium
1195 2191 1221 2213 n,
1237 2178 1314 2207 hanc

404 2231 571 2260 clausulam
595 2229 776 2269 apposuerit
802 2229 902 2258 minus
923 2229 1088 2257 advertens
1111 2227 1315 2256 deliberacio-

405 2291 473 2309 nem
485 2279 623 2308 nacionis
635 2291 642 2314 ;
660 2278 778 2307 idcirco
792 2278 1024 2317 requisiverunt
1036 2287 1084 2306 me
1098 2277 1129 2305 in
1145 2287 1314 2316 congrega-

405 2330 492 2358 cione
515 2328 655 2357 nacionis
679 2328 866 2367 precedente
889 2332 921 2356 ut
939 2336 997 2366 ego
1016 2332 1152 2365 peterem
1176 2325 1316 2354 declara-

406 2379 524 2407 cionem
541 2387 635 2416 super
650 2377 707 2406 hoc
725 2387 740 2405 a
760 2376 898 2406 nacione.
918 2377 964 2404 3¹¹⁵
981 2375 1129 2404 articulus
1149 2375 1204 2404 fuit
1221 2384 1316 2414 super

407 2426 691 2466 supplicacionihus
706 2431 735 2454 et
750 2424 883 2464 injuriis.

446 2476 597 2512 Quantum
613 2476 651 2504 ad
666 2475 799 2513 primum
820 2473 980 2502 articulum
997 2473 1179 2512 placuerunt
1193 2472 1315 2501 nacioni

405 2525 519 2554 avisata
536 2535 592 2563 per
608 2525 771 2563 deputatos
796 2523 827 2551 in
854 2522 934 2552 hunc
958 2522 1091 2550 modum.
1113 2522 1219 2550 Primo
1233 2522 1316 2560 quod

406 2575 442 2602 ad
462 2574 670 2602 habitudinem
687 2574 797 2601 domus
813 2572 854 2600 ad
864 2581 956 2600 cornu
971 2572 1051 2599 cervi
1065 2577 1094 2599 et
1109 2571 1211 2609 quoad
1228 2580 1315 2609 repa-

405 2623 558 2657 raciones,
577 2622 690 2661 placuit
708 2622 790 2661 quod
814 2620 897 2650 nulle
915 2620 1133 2659 reparaciones
1151 2620 1260 2648 fierent
1277 2620 1315 2648 de

405 2678 507 2700 cetero
528 2681 583 2700 nec
601 2682 710 2710 magne
731 2681 787 2699 nec
810 2680 902 2709 parve
917 2679 974 2709 per
997 2668 1233 2697 inhabitatorem
1249 2668 1316 2697 sine

407 2730 560 2749 consensu
585 2727 615 2749 et
643 2720 721 2749 scitu
749 2719 906 2754 nacionis;
934 2724 964 2747 et
988 2718 1070 2757 quod
1097 2717 1316 2756 reparaciones

406 2770 581 2798 scribantur
603 2770 641 2798 de
661 2776 763 2798 cetero
786 2778 842 2807 per
863 2773 1055 2806 receptorem
1074 2767 1104 2795 in
1127 2766 1207 2795 hunc
1226 2767 1316 2795 finem

407 2824 449 2853 ut,
470 2819 592 2857 quando
610 2818 796 2846 inhabitator
812 2818 921 2846 domus
945 2817 1080 2851 recedat,
1103 2816 1212 2844 reddet
1232 2825 1316 2844 com-

405 2873 510 2906 potum
522 2868 558 2896 de
566 2867 831 2906 reparacionibus,
842 2872 871 2895 et
881 2865 1030 2905 precipue
1041 2865 1182 2894 restituat
1194 2863 1316 2893 nacioni

438 2965 461 2987 1.
494 2966 542 2987 Ma.
556 2964 684 2987 Alberhti.

1352 952 1386 978 10

1353 1198 1385 1223 15

1352 1443 1386 1469 20

1352 1689 1385 1715 25

1352 1935 1386 1960 30

1352 2181 1386 2206 35

1354 2676 1386 2701 45

2280 432 2337 460 908

1423 519 1583 539 numerum
1604 509 1733 539 clavium
1758 516 1787 538 et
1810 519 1948 539 serarum
1968 515 1998 538 et
2020 508 2207 549 hujusmodi,
2231 509 2280 539 vel
2302 510 2330 539 si

1422 558 1606 598 perdiderit,
1616 559 1759 588 refundat
1773 558 1906 587 nacioni.
1919 558 1980 587 Sed
1992 559 2030 588 de
2041 557 2198 598 preteritis
2209 568 2332 598 repara-

1423 607 1565 637 cionibus
1579 607 1742 637 videbatur
1752 607 1874 636 nacioni
1892 608 1974 646 quod
1991 617 2097 637 murus
2113 606 2237 647 quidam
2249 608 2337 647 posi—

1422 662 1472 686 tus
1491 666 1587 696 super
1603 656 1822 696 pavimentum,
1841 657 1933 685 credo
1954 657 2098 696 coquine,
2115 657 2259 696 superius
2277 657 2334 686 fuit

1424 705 1619 744 culpabiliter
1633 706 1754 745 positus
1763 706 1835 745 quia
1847 715 1909 734 non
1920 705 2026 735 habuit
2034 705 2163 735 inferius
2178 706 2338 735 sufficiens

1423 754 1692 794 appodiamentum
1708 761 1738 784 et
1750 761 2043 791 sustentamentum;
2061 760 2091 784 et
2105 754 2223 784 idcirco
2237 755 2337 785 voluit

1424 804 1507 843 quod
1527 803 1756 843 supplicaretur
1777 804 1838 833 sibi
1859 810 1893 833 ut
1911 810 2083 843 apponeret
2103 803 2284 840 remedium,
2301 810 2335 834 ut

1423 853 1511 881 nacio
1528 863 1583 891 per
1594 851 1768 892 hujusmodi
1780 859 1965 882 structuram
1975 862 2038 882 non
2051 853 2333 892 dampnificaretur,

1423 901 1498 931 alias
1512 902 1599 930 nacio
1615 902 1742 931 haberet
1758 912 1919 931 recursum
1937 902 1975 931 ad
1990 911 2070 937 eum,
2095 901 2214 931 scilicet
2235 901 2338 942 magi-

1424 957 1520 980 strum
1558 950 1744 980 Gilhelmum
1779 950 1874 987 Blok,
1910 952 2044 990 petendo
2077 950 2265 980 refusionem
2305 957 2335 980 et

1423 999 1655 1029 restitucionem
1676 1000 1714 1029 de
1742 1000 1890 1039 dampno,
1913 1006 2028 1029 attento
2051 1000 2134 1039 quod
2157 999 2335 1039 hujusmodi

1424 1059 1543 1078 murum
1570 1049 1651 1078 sicut
1677 1055 1707 1078 et
1733 1048 1808 1078 alias
1829 1049 2048 1088 reparaciones
2072 1049 2143 1078 fecit
2165 1049 2232 1078 sine
2255 1049 2335 1079 scitu

1423 1098 1573 1127 nacionis.
1591 1097 1667 1127 Item
1684 1097 1801 1137 placuit
1821 1098 1904 1137 quod
1919 1098 1997 1127 alius
2015 1098 2164 1138 magister
2175 1099 2338 1128 accederet

1423 1146 1494 1176 illos
1513 1147 1566 1186 qui
1585 1147 1700 1176 habent
1715 1147 1842 1176 visitare
1863 1147 1989 1176 fundum
2006 1157 2197 1177 communem
2213 1147 2336 1177 vicino-

1423 1206 1490 1225 rum
1513 1203 1543 1225 et
1561 1196 1782 1236 repar-aciones
1799 1196 1928 1231 fiendas,
1950 1196 2002 1235 qui
2019 1196 2138 1225 scilicet
2149 1195 2245 1236 jurati
2264 1202 2340 1226 sunt

1423 1246 1462 1274 ad
1478 1245 1547 1280 hoc,
1563 1252 1597 1275 ut
1612 1245 1776 1275 visitarent
1791 1245 1920 1284 (incuria
1940 1245 2080 1285 magistri
2095 1244 2212 1274 Thome
2231 1245 2335 1286 Fabri)

1423 1295 1576 1334 quendam
1593 1294 1727 1334 lapidem
1745 1294 1880 1334 positum
1903 1304 1998 1334 supra
2016 1304 2107 1324 unam
2128 1295 2257 1330 foveam,
2275 1304 2339 1335 que

1423 1344 1535 1383 recipit
1547 1353 1666 1383 aquam,
1684 1354 1743 1383 que
1763 1353 1842 1383 aqua
1857 1343 1951 1373 intrat
1966 1350 2196 1383 consequenter
2212 1353 2334 1373 caveam

1423 1394 1533 1422 domus
1554 1394 1596 1421 ad
1613 1403 1703 1421 cornu
1721 1394 1810 1422 cervi.
1833 1392 1943 1430 Quoad
1963 1393 2086 1422 domum
2109 1393 2140 1422 in
2164 1403 2197 1423 se
2219 1391 2340 1433 placuit

1423 1442 1558 1477 nacioni,
1583 1443 1667 1481 quod
1693 1442 1842 1482 magister
1867 1441 2040 1471 Gilhelmus
2066 1442 2146 1471 Blok
2170 1452 2269 1482 usque
2296 1440 2335 1472 ad

1425 1492 1533 1521 festum
1552 1492 1650 1520 sancti
1673 1491 1823 1521 Johannis
1844 1491 1984 1531 proxime
2007 1492 2142 1520 futurum
2162 1497 2339 1521 remaneret

1424 1541 1455 1570 in
1474 1541 1566 1570 domo
1593 1551 1651 1580 pro
1673 1541 1781 1570 eodem
1806 1540 1907 1580 pretio
1933 1550 1994 1580 quo
2019 1540 2179 1580 hucusque
2203 1541 2332 1576 mansit,

1423 1590 1543 1619 scilicet
1569 1590 1626 1619 XX
1652 1590 1760 1619 scutis.
1791 1589 1852 1619 Sed
1874 1600 1931 1629 per
1952 1589 2084 1629 amplius
2109 1589 2136 1619 si
2161 1589 2337 1619 inhabitare

1422 1639 1526 1675 vellet,
1558 1640 1595 1668 de
1627 1639 1746 1678 locagio
1772 1638 1906 1668 solveret
1929 1637 2048 1668 XXIIII
2076 1644 2178 1674 scuta,
2204 1648 2336 1678 quorum

1424 1687 1557 1728 singulis
1575 1688 1664 1718 annis
1682 1689 1770 1717 daret
1791 1687 1914 1717 nacioni
1935 1687 2017 1723 XVI,
2039 1693 2068 1717 et
2088 1688 2125 1716 de
2146 1693 2215 1717 octo
2237 1688 2333 1718 scutis

1423 1738 1613 1767 restantibus
1631 1738 1741 1766 fierent
1758 1737 1975 1776 repar-aciones
1997 1736 2028 1765 in
2049 1737 2209 1772 domo‚·et
2228 1736 2286 1766 hoc
2306 1737 2333 1766 si

1423 1786 1633 1816 necessarium
1658 1792 1742 1816 esset
1762 1786 1829 1815 fieri
1847 1786 1983 1825 aliquas;
2006 1786 2033 1815 si
2053 1795 2129 1815 vero
2146 1795 2220 1821 non,
2243 1785 2333 1815 nacio

1423 1836 1550 1865 haberet
1579 1842 1673 1865 totam
1701 1845 1859 1865 summam.
1885 1834 2125 1874 Verumptamen
2157 1833 2335 1874 hujusmodi

1423 1885 1642 1925 reparaciones
1670 1894 1793 1924 semper
1816 1885 1890 1913 fiant
1914 1894 1982 1913 cum
2010 1883 2090 1913 scitu
2118 1890 2150 1913 et
2180 1893 2335 1914 consensu

1424 1934 1573 1964 nacionis.
1592 1935 1667 1963 Item
1687 1934 1787 1963 dictus
1807 1933 1956 1973 magister
1975 1933 2146 1963 Gilhelmus
2163 1932 2244 1962 Blok
2264 1939 2339 1963 ante

1425 1985 1534 2013 festum
1548 1983 1668 2012 Pasche
1685 1983 1734 2012 vel
1752 1983 1783 2012 in
1802 1983 1957 2022 quindena
1974 1982 2149 2011 immediate
2164 1988 2237 2022 post
2252 1981 2347 2020 noti-K

1423 2034 1494 2062 ficet
1521 2032 1656 2067 nacioni,
1686 2038 1787 2061 utrum
1817 2031 1948 2071 amplius
1975 2031 2050 2060 velit
2080 2037 2186 2060 tenere
2212 2032 2337 2060 domum

1424 2083 1593 2111 secundum
1618 2082 1745 2110 formam
1773 2080 1989 2120 prescriptam,
2007 2080 2079 2120 quia
2103 2079 2130 2110 si
2154 2090 2228 2115 non,
2247 2080 2341 2110 nacio

1424 2131 1512 2160 alteri
1530 2131 1632 2160 locare
1649 2127 1752 2160 debet.

1466 2181 1511 2209 De
1527 2180 1618 2209 domo
1634 2180 1678 2208 ad
1692 2180 1862 2218 ymaginem
1876 2186 1973 2207 nostre
1987 2179 2124 2214 Domine,
2141 2178 2338 2208 considerata

1424 2229 1607 2259 ruinositate
1630 2227 1768 2269 ejusdem
1796 2228 1917 2263 domus,
1946 2227 2063 2267 placuit
2088 2228 2172 2267 quod
2197 2227 2340 2257 Bumun-

1424 2280 1482 2308 dus
1508 2287 1638 2318 magnus
1658 2277 1798 2307 bedellus
1822 2277 1962 2306 nacionis
1989 2276 2116 2306 haberet
2141 2276 2335 2305 medietatem

1424 2327 1561 2367 ejusdem
1597 2328 1717 2362 domus,
1751 2337 1811 2365 que
1847 2336 1920 2365 pars
1958 2331 2006 2355 est
2039 2335 2150 2355 versus
2191 2324 2334 2354 Sanctam

1425 2376 1623 2406 Genowefam
1650 2386 1718 2405 cum
1745 2375 1908 2404 medietate
1932 2385 2022 2404 cavee
2049 2380 2078 2404 et
2106 2380 2186 2409 orto,
2211 2373 2263 2413 qui
2288 2380 2340 2403 est

1424 2432 1519 2461 retro,
1537 2425 1632 2455 eciam
1648 2435 1716 2454 cum
1737 2424 1869 2460 stabulo,
1886 2434 1985 2464 usque
2002 2424 2041 2452 ad
2053 2423 2145 2453 vitam
2163 2433 2262 2458 suam,
2276 2423 2337 2452 sub

1424 2475 1480 2504 hac
1496 2476 1593 2504 forma
1607 2481 1640 2504 ut
1652 2480 1747 2513 ponat
1762 2473 1985 2513 quinquaginta
2001 2471 2186 2502 francosrvel
2201 2471 2335 2512 amplius

1425 2524 1456 2553 in
1483 2523 1683 2563 reparacione
1705 2521 1842 2563 ejusdem
1868 2522 1966 2562 partis
1995 2521 2133 2561 predicte
2161 2522 2271 2550 domus
2296 2521 2335 2550 ad

1425 2574 1573 2602 honorem
1593 2572 1733 2601 nacionis
1756 2578 1786 2601 et
1806 2571 1966 2601 utilitatem
1989 2580 2074 2600 suam
2094 2570 2271 2610 propriam;
2295 2570 2341 2599 ita,

1425 2623 1508 2662 quod
1537 2621 1669 2661 singulis
1701 2621 1790 2650 annis
1817 2620 1849 2649 in
1877 2620 1960 2650 dicta
1988 2629 2106 2649 summa
2134 2619 2278 2658 apposita
2303 2618 2336 2648 in

1424 2671 1624 2710 reparacione
1644 2671 1753 2699 domus
1771 2669 1962 2699 defalcentur
1981 2674 2114 2708 quatuor
2127 2667 2176 2697 vel
2198 2668 2341 2707 quinque

1426 2721 1521 2749 franci
1539 2730 1597 2759 pro
1612 2719 1733 2758 locagio
1751 2717 1886 2758 ejusdem
1901 2718 2020 2747 domus.
2039 2717 2079 2746 Et
2091 2723 2254 2756 postquam
2272 2722 2340 2746 tota

1426 2779 1543 2798 summa
1552 2779 1641 2808 quam
1656 2769 1687 2797 in
1702 2767 1902 2806 reparacione
1917 2768 2026 2795 domus
2042 2766 2158 2805 posuit,
2174 2766 2233 2795 erit
2243 2765 2339 2794 defal—

1426 2825 1507 2853 cata,
1530 2818 1628 2847 adhuc
1650 2827 1706 2856 per
1730 2816 1862 2856 amplius
1889 2825 1988 2855 usque
2018 2816 2054 2844 ad
2079 2815 2168 2844 finem
2193 2815 2255 2844 vite
2281 2824 2339 2843 sue

1426 2873 1529 2906 potest
1548 2866 1720 2895 inhabitare
1743 2866 1878 2895 eamdem
1901 2865 2035 2899 domum,
2059 2874 2120 2893 non
2141 2863 2211 2903 plus
2233 2864 2338 2892 dando

1461 2965 1484 2988 2.
1517 2965 1545 2987 In
1561 2972 1628 2995 mag.
1640 2962 1767 2994 mperiori
1778 2962 1854 2994 huju-5
1860 2961 1921 2993 solii
1934 2961 2027 2993 legitur
2042 2961 2151 2992 Spelink
2162 2960 2276 2992 scripsit.
