2632 3464
273 442 326 469 337

273 518 520 559 congregacione
549 517 688 548 nacionis
722 516 892 556 Anglicane
919 516 958 545 ad
990 515 1174 545 audiendum

272 574 447 607 compotum
467 566 639 607 receptoria
663 572 694 596 et
711 566 749 595 ad
769 565 943 605 eligendum
962 564 1176 604 principaliter

271 622 504 656 procuratorem
536 615 690 650 nacionis,
718 614 913 644 continuatus
943 613 1000 643 suit
1029 613 1176 653 magister

272 664 448 694 Hartwicus
463 665 502 694 de
519 664 656 694 flammis
671 663 821 693 oriundus
836 663 874 692 de
889 662 1004 692 Sundis
1017 662 1049 691 in
1064 672 1174 701 procu-

270 719 403 743 ratorem
412 713 551 743 nacionis
559 712 735 752 supradicte
745 711 830 741 nullo
840 711 964 751 penitus
974 710 1170 741 reclamante.

311 762 425 792 Eadem
445 762 496 792 die
519 761 575 792 suit
592 762 682 791 datus
703 761 853 790 terminus
877 760 1025 800 magistro
1046 759 1174 789 Alsardo

269 811 308 841 de
324 810 362 846 A,
382 817 412 841 et
424 811 572 851 magistro
583 809 779 840 Wolbrando
790 809 888 839 Cesar
900 810 937 839 de
950 809 1062 838 debitis
1074 819 1173 848 usque

268 860 306 889 ad
320 860 488 900 proximam
503 858 779 899 congregacionem
795 858 946 888 nacionis.

310 908 384 938 Item
413 907 470 938 VH
494 908 544 937 die
565 908 681 937 mensis
702 907 798 947 Magii
825 908 902 936 facta
925 906 1171 947 congregacione

267 957 407 987 nacionis
427 957 507 997 apud
531 956 675 986 Sanctum
695 956 881 986 Maturinum
898 956 930 985 in
948 956 1040 986 nonis
1057 956 1171 985 Nostre

266 1005 399 1036 Domine
425 1016 520 1046 super
549 1005 644 1035 scolis
669 1004 726 1034 Vll
757 1005 884 1040 arcium,
912 1004 1098 1045 adjudicavit
1119 1015 1171 1034 eas

266 1055 356 1085 nscio
367 1054 517 1095 magistro
529 1054 677 1090 Jordano,
695 1063 756 1083 non
771 1055 914 1084 obstante
927 1055 1010 1094 quod
1023 1054 1171 1094 magister

267 1103 426 1133 Mal-cilius
458 1104 507 1133 cui
540 1113 688 1133 concesse
718 1109 805 1132 erant
836 1113 894 1142 per
928 1103 1087 1132 nacionem
1118 1113 1170 1132 eas

264 1152 413 1193 magistro
436 1151 576 1182 Arnoldo
599 1152 704 1182 Neven
731 1158 927 1181 concesserat
950 1158 981 1182 et
1004 1152 1104 1192 ipsum
1132 1153 1170 1181 ad

264 1201 427 1242 legendum
440 1201 472 1230 in
487 1201 532 1231 eis
549 1211 608 1241 pro
622 1201 691 1241 ipso
706 1201 892 1236 instituerat,
908 1201 995 1230 sicud
1006 1201 1171 1240 proposuit

264 1259 302 1280 ex
317 1256 404 1290 parte
422 1260 488 1280 sua.

304 1298 379 1328 Item
410 1299 558 1339 magister
591 1299 768 1329 Hartwicus
795 1299 939 1339 exposuit
971 1299 990 1328 4
1018 1298 1106 1328 albos
1137 1299 1169 1328 in

261 1347 390 1378 taberna
406 1358 474 1378 cum
488 1348 613 1378 lattomo
628 1354 767 1388 tempore
781 1347 981 1388 sigillationis
997 1347 1166 1383 literarum,

262 1406 340 1437 quas
353 1397 562 1427 accomodavit
578 1397 638 1427 sibi
653 1397 802 1437 magister
817 1396 985 1426 Arnoldus.

303 1445 378 1475 Item
402 1445 518 1485 incepit
541 1446 683 1475 dominus
710 1445 920 1475 Theodericus
940 1446 978 1475 de
999 1445 1166 1485 Yselsteyn

261 1495 320 1524 sub
335 1495 484 1534 magistro
502 1494 642 1524 Arnoldo
661 1494 780 1530 Neven,
796 1493 884 1534 cujus
904 1495 998 1524 bursa
1016 1493 1057 1524 Vl
1074 1494 1166 1524 solidi

261 1553 328 1573 cum
344 1543 363 1572 4
376 1543 524 1578 denariis,
542 1549 572 1573 et
585 1543 652 1583 ipse
663 1543 767 1583 posuit
781 1543 924 1584 pignora.

302 1591 376 1622 ltem
395 1591 570 1622 licentiatus
592 1592 648 1622 fuit
665 1592 807 1622 dominus
828 1592 987 1622 Walter-us
1005 1593 1042 1622 de
1059 1593 1166 1622 Renen

259 1641 318 1671 sub
331 1641 480 1681 magistro
495 1641 652 1671 Hartwico
672 1641 710 1670 de
731 1640 858 1676 Sundis,
877 1640 965 1681 cujus
985 1642 1076 1671 burse
1091 1641 1164 1671 Vlll

258 1689 362 1725 solidi,
378 1696 409 1719 et
425 1690 530 1730 posuit
545 1690 690 1730 pignora.

296 1741 371 1775 (801.
397 1739 426 1777 8)
458 1738 533 1768 ltem
556 1738 729 1769 licentiatus
760 1739 815 1768 suit
845 1739 1000 1769 Robertus
1028 1740 1066 1769 de
1093 1739 1164 1769 Don

256 1787 315 1818 sub
327 1788 476 1828 magistro
490 1787 608 1818 Thoma
622 1788 660 1817 de
676 1787 776 1823 Duns,
792 1786 879 1828 cujus
894 1789 989 1818 bursa
1000 1787 1041 1818 Vl
1058 1788 1162 1818 solidi.

298 1836 373 1866 Item
391 1836 461 1866 xvl
484 1837 534 1866 die
549 1836 644 1877 Magii
666 1838 743 1867 facta
760 1837 1006 1877 congregacione
1025 1837 1163 1867 nacionis

254 1885 426 1926 Anglicane
442 1886 524 1926 apud
545 1885 690 1916 Sanctum
710 1885 907 1922 Matulinum,
928 1896 1077 1916 concesse
1096 1886 1163 1916 fue-

255 1940 328 1964 runt
349 1934 520 1964 dilaciones
540 1935 703 1965 bursarum
723 1934 851 1964 licencie
870 1941 900 1965 et
914 1935 1084 1975 magisterii
1104 1936 1162 1965 do-

257 1983 340 2013 mino
357 1983 501 2014 Waltero
513 1993 571 2023 per
584 1990 649 2014 tres
663 1993 797 2014 menses.

298 2031 372 2062 item
391 2033 430 2062 de
451 2032 541 2062 litera
560 2033 635 2062 sacta
655 2042 711 2072 per
729 2033 893 2073 deputatos
911 2043 973 2062 non
996 2033 1112 2072 placuit
1129 2041 1162 2064 ut

256 2081 415 2116 transiret,
442 2081 621 2121 priusquam
646 2091 704 2121 ego
726 2081 874 2122 magister
897 2081 1072 2112 Hartwicus
1099 2082 1161 2123 legi

257 2129 389 2170 copiam,
404 2130 459 2159 sed
472 2129 588 2170 placuit
603 2130 630 2160 si
646 2130 734 2160 fleret
747 2131 779 2160 in
794 2130 896 2171 aliqua
909 2131 1005 2160 forma
1019 2132 1109 2161 bona.

295 2178 371 2208 ltem
383 2178 563 2208 licenciatus
577 2178 633 2208 suit
644 2179 788 2209 dominus
802 2179 1008 2210 Wenemarus
1020 2181 1058 2210 de
1072 2180 1159 2220 Goye

253 2228 311 2257 sub
339 2228 487 2267 magistro
516 2227 644 2258 Nicolao
671 2229 710 2257 de
733 2227 923 2264 Crucenaco,
952 2227 1039 2269 cujus
1066 2230 1159 2260 burse

254 2275 326 2306 V111
343 2276 447 2306 solidi.

294 2324 369 2355 ltem
378 2324 479 2355 xxm
493 2325 543 2355 die
556 2325 672 2356 mensis
686 2325 779 2365 Magii
793 2326 1038 2366 congregacione
1053 2327 1159 2357 nacio-

252 2373 302 2404 nis
314 2373 484 2414 Anglicane
498 2375 574 2404 facta
584 2375 665 2414 apud
678 2374 821 2404 Sanctum
835 2375 1031 2410 Maturinum,
1044 2376 1157 2405 delibe-

252 2428 350 2452 ratum
376 2423 432 2453 suit
454 2423 485 2453 in
503 2422 666 2463 proximo⁴
692 2423 742 2453 die
761 2424 874 2453 debere
898 2424 964 2454 fieri
988 2434 1157 2465 congrega-

253 2471 371 2501 cionem
408 2481 465 2511 pro
494 2471 633 2502 ulteriori
662 2472 862 2512 expedicione
893 2479 922 2502 et
958 2474 1156 2513 deposicione

253 2529 348 2560 super
366 2520 507 2560 pecuniis
526 2526 557 2550 et
575 2521 688 2551 debitis
711 2521 860 2556 nacionis,
881 2528 911 2551 et
929 2522 956 2552 si
973 2522 1061 2552 aliter
1078 2522 1156 2553 solvi

252 2578 315 2599 non
326 2575 435 2610 posset
446 2570 575 2610 pecunia
586 2579 643 2609 pro
659 2569 766 2606 scolis,
780 2577 1006 2601 consenserunt
1017 2571 1156 2612 magistri

252 2617 336 2657 quod
353 2617 483 2658 quilibet
498 2618 537 2648 de
550 2625 655 2658 parata
667 2619 796 2659 pecunia
809 2620 1022 2650 accomodaret
1035 2621 1156 2650 nacioni

252 2665 400 2696 francum.

294 2714 367 2744 ltem
381 2715 431 2746 die
441 2716 596 2746 dominica
607 2716 748 2756 sequenti
759 2716 782 2752 ²,
795 2717 913 2747 scilicet
922 2717 953 2747 in
963 2717 1012 2747 die
1023 2717 1154 2748 Trinita-

251 2763 303 2799 tis,
317 2764 395 2794 facta
404 2765 650 2805 congregacione
661 2766 794 2796 nationis
810 2766 934 2802 ibidem,
953 2766 1153 2797 deliberatum

282 2887 302 2910 1,
338 2888 385 2911 ³10.
397 2886 459 2911 add.
471 2887 522 2912 di«.

282 2923 305 2946 2.
338 2922 367 2946 27
381 2923 454 2947 unii.

279 2958 305 2982 8.
338 2959 385 2982 Ha.
399 2958 539 2983 edificatol.

329 3003 442 3023 Aua-cnm·
454 3003 578 3025 ohan-lm?
587 3004 676 3025 Unt'nn.
688 3005 755 3027 Puris.
767 3017 792 3022 —
806 3005 822 3026 l.

775 440 888 467 LIBER
908 439 1220 466 PROCURATORUM
1239 438 1419 466 NATIONIS
1437 439 1680 466 ANGLICANAE

1209 959 1243 985 10

1208 1204 1240 1231 15

1204 1454 1238 1481 20

1202 1698 1236 1725 25

1199 1942 1233 1969 30

1196 2187 1230 2214 35

1194 2433 1228 2459 40

1192 2677 1226 2703 4⁵

2137 441 2188 467 338

1284 515 1339 544 suit
1354 515 1436 554 quod
1454 515 1593 555 magistri
1613 522 1642 544 et
1662 515 1826 544 bachelarii
1842 516 2084 554 requirerentur,
2106 518 2188 556 quod

1283 564 1407 604 quinon
1420 570 1590 603 posuerunt
1599 564 1742 604 pignora,
1753 571 1878 603 ponant,
1891 571 1921 593 et
1934 565 1986 603 qui
2000 572 2188 604 possuerunt

1283 622 1319 642 ea
1333 612 1516 647 deliberent,
1531 613 1607 642 alias
1623 620 1851 652 exponerentur
1866 613 2052 642 vendicioni.

1325 662 1399 691 ltem
1430 662 1544 702 incepit
1575 662 1717 691 dominus
1745 662 1904 692 Walterus
1933 663 1971 691 de
1996 662 2102 691 Renen
2130 664 2186 692 sub

1282 711 1432 750 magistro
1458 711 1615 740 Hartwico
1641 712 1678 740 de
1709 710 1858 746 flammis,
1884 710 1970 750 cujus
1996 712 2090 741 burse
2118 718 2186 740 octo

1283 759 1384 789 solidi.
1401 760 1510 789 Posuit
1524 760 1666 800 pignora.

1322 808 1396 839 Item
1426 809 1541 848 incepit
1564 809 1707 838 dominus
1736 809 1882 839 Nicolaus
1907 810 1944 838 de
1968 808 2105 848 Grynlau
2128 810 2184 838 sub

1281 858 1429 898 magistro
1445 857 1562 887 Thoma
1577 859 1614 887 de
1632 859 1732 893 Duns,
1748 857 1835 897 cujus
1853 859 1947 887 burse
1964 859 1983 886 6
2002 858 2103 887 solidi.

1321 906 1396 936 Item
1429 907 1544 946 incepit
1571 907 1714 936 dominus
1747 907 1903 936 Johannes
1935 906 2091 947 Sinneghe
2127 906 2184 936 sub

1280 956 1428 996 magistro
1444 955 1598 985 Hernesto
1616 957 1653 985 de
1670 955 1845 991 Hollandia,
1865 955 1951 996 cujus
1966 957 2059 985 burse
2078 955 2137 985 llll
2156 966 2181 985 s.

1320 1005 1394 1034 Item
1409 1005 1649 1045 congregatione
1662 1005 1800 1034 nacionis
1816 1006 1891 1034 facta
1902 1005 1932 1034 in
1946 1005 1996 1034 die
2010 1004 2073 1044 (sic)
2089 1005 2184 1034 domi-

1278 1064 1337 1083 nus
1361 1060 1504 1093 receptor
1523 1054 1619 1084 voluit
1638 1054 1759 1083 nacioni
1784 1054 1819 1083 12
1842 1055 1963 1083 francos
1984 1055 2182 1083 accomodare

1278 1112 1373 1143 super
1389 1103 1522 1142 pignora
1539 1113 1595 1142 per
1611 1103 1795 1142 quindenas.

1318 1151 1393 1181 Item
1418 1152 1480 1181 dati
1503 1158 1591 1181 erant
1616 1152 1839 1192 quinquaginta
1865 1152 1960 1180 franci
1985 1151 2180 1181 edificator-1³

1278 1201 1430 1230 scolarum
1441 1201 1580 1230 nacionis
1593 1201 1732 1240 proxima
1743 1201 1791 1230 die
1803 1200 1814 1219 ⁴
1826 1207 1897 1240 post
1907 1201 2016 1230 festum
2030 1200 2181 1240 Corporis

1277 1249 1407 1279 Christi.

1318 1298 1392 1328 ltem
1413 1299 1490 1328 facta
1510 1299 1756 1338 congregacione
1779 1298 1931 1333 nacionis,
1956 1299 1973 1327 2
1993 1299 2042 1327 die
2064 1298 2179 1328 mensis

1277 1346 1396 1388 [Junii],
1412 1348 1493 1387 apud
1510 1347 1653 1376 Sanctum
1670 1347 1823 1377 Julianum
1841 1348 1878 1376 ad
1896 1347 2079 1376 audiendum
2095 1357 2180 1376 com-

1275 1402 1380 1436 potum
1395 1396 1568 1436 receptoris
1586 1402 1616 1426 et
1630 1396 1860 1426 deliberandum
1875 1396 1913 1425 de
1931 1396 2060 1435 pecunia
2074 1396 2179 1425 nacio-

1275 1445 1340 1480 nis,
1366 1445 1485 1475 scilicet
1507 1445 1650 1485 qualiter,
1673 1445 1726 1485 qui
1750 1455 1811 1474 non
1836 1451 2007 1485 posuerunt
2034 1445 2177 1485 pignora,

1275 1494 1388 1523 debent
1412 1494 1542 1534 requiri,
1568 1495 1655 1523 etad
1676 1494 1851 1534 eligendum
1876 1500 2106 1533 procuratorem
2130 1494 2177 1523 vel

1275 1542 1525 1578 continuandum,
1553 1549 1696 1583 receptor
1719 1542 1830 1572 mansit
1854 1542 1974 1572 nacioni
1999 1543 2121 1572 debitus
2146 1542 2177 1572 in

1273 1591 1372 1621 XXIX
1388 1591 1497 1621 solidis
1512 1598 1542 1621 et
1556 1591 1583 1620 V
1595 1591 1741 1621 denariis.

1678 1685 1775 1715 1369

1273 1757 1513 1787 Continuatio
1540 1757 1709 1797 magistri
1737 1756 1916 1786 Hartwici
1947 1757 1989 1786 de
2016 1756 2173 1786 Hammis

1542 1806 1577 1835 in
1606 1812 1902 1846 procuratorem.

1310 1886 1401 1916 Anno
1430 1886 1554 1915 Domini
1582 1886 1626 1915 M⁰
1660 1886 1779 1916 C⁰C⁰C⁰
1813 1885 1925 1921 LXIX,
1963 1887 2097 1915 secunda
2125 1886 2173 1915 die

1270 1935 1386 1965 mensis
1405 1935 1500 1970 Junii,
1520 1935 1638 1964 scilicet
1655 1935 1686 1964 in
1704 1935 1832 1964 sabbato
1848 1941 1918 1974 post
1934 1935 2044 1964 festum
2064 1935 2174 1965 Sacra-

1270 1984 1363 2014 menti
1395 1990 1426 2014 et
1453 1984 1624 2019 Trinitatis,
1659 1984 1736 2013 sacta
1763 1984 2009 2024 congregacione
2036 1985 2173 2014 nacionis

1269 2032 1438 2073 Anglicane
1451 2034 1533 2072 apud
1549 2032 1693 2062 Sanctum
1707 2033 1860 2063 Julianum
1876 2043 2042 2072 pauperem
2061 2034 2098 2062 ad
2116 2033 2173 2062 eli-

1268 2083 1401 2122 gendum
1421 2088 1652 2121 procuratorem
1671 2082 1809 2111 nacionis
1830 2082 1993 2118 antedicte,
2012 2082 2173 2112 continua-

1267 2137 1317 2161 tus
1333 2131 1389 2161 suit
1402 2131 1551 2170 magister
1567 2130 1742 2160 Hartwicus
1755 2132 1793 2160 de
1807 2131 1944 2160 Hammis
1963 2131 2171 2161 Swerinensis

1267 2180 1411 2219 dyocesis
1428 2180 1570 2214 clericus,
1585 2179 1735 2209 oriundus
1750 2180 1788 2209 de
1802 2179 1928 2215 Sundis‚
1948 2180 1979 2209 in
1995 2187 2171 2219 procurato-

1266 2238 1331 2258 rem
1355 2228 1494 2259 nacionis
1518 2228 1690 2269 Anglicane
1714 2239 1730 2258 a
1754 2228 1861 2268 majori
1886 2235 1972 2268 parte
1995 2235 2025 2258 et
2043 2228 2170 2258 firmiori

1267 2278 1365 2308 tocius
1381 2278 1531 2312 nacionis,
1547 2277 1635 2317 cujus
1656 2277 1868 2317 procurator-ie
1882 2284 1948 2307 acta
1966 2284 2037 2307 sunt
2051 2277 2117 2306 hec.

1306 2326 1380 2356 ltem
1405 2327 1490 2356 dedit
1516 2326 1663 2367 magister
1690 2325 1859 2356 Goswinus
1888 2326 2020 2355 Johanni
2050 2326 2169 2355 bedello

1266 2385 1358 2405 unum
1373 2375 1509 2405 francum
1528 2385 1585 2415 pro
1598 2374 1735 2414 jocundo
1749 2375 1877 2405 introitu
1894 2386 1960 2405 suo.

1305 2424 1377 2463 (Vol.
1393 2424 1448 2463 8¹³)
1463 2424 1568 2454 Primo
1584 2425 1662 2454 sacta
1671 2425 1917 2464 congregacione
1932 2424 2070 2453 nacionis
2087 2424 2168 2463 apud

1266 2472 1409 2503 Sanctum
1432 2473 1617 2503 Maturinum
1640 2473 1730 2503 tertia
1752 2473 1801 2503 die
1828 2473 1943 2502 mensis
1966 2473 2049 2502 Junii
2075 2482 2169 2512 super

1264 2522 1431 2552 concordia
1450 2522 1587 2552 facienda
1609 2522 1690 2551 inter
1716 2522 1899 2562 magistros,
1926 2521 2043 2551 scilicet
2071 2521 2169 2561 magi-

1264 2577 1360 2601 strum
1386 2570 1546 2601 Hinricum
1570 2570 1702 2600 Lanhals
1724 2577 1753 2600 et
1773 2570 1952 2610 magistrum
1973 2570 2167 2599 Gherardum

1264 2619 1388 2655 Kalkar,
1411 2619 1496 2650 dati⁸
1521 2626 1608 2650 erant
1628 2620 1748 2655 arbitri,
1771 2620 1824 2659 qui
1846 2629 1900 2649 eos
1920 2619 1961 2648 xl
1982 2619 2031 2648 die
2052 2619 2166 2648 mensis

1263 2667 1399 2709 ejusdem
1426 2675 1683 2710 composuerunt;
1713 2669 1770 2698 sub
1799 2679 1879 2708 pena
1910 2668 1962 2697 XL
1994 2669 2166 2698 {raucorum

1262 2717 1392 2758 quilibet
1403 2718 1491 2748 alteri
1507 2717 1648 2758 injuriam
1667 2718 1823 2747 remittere
1839 2723 2005 2747 teneretur.

1303 2767 1376 2797 ltem
1400 2768 1438 2797 10
1458 2767 1508 2797 die
1531 2767 1646 2797 mensis
1665 2765 1800 2807 ejusdem
1823 2766 1899 2796 sacta
1921 2765 2164 2806 congregacione

1291 2892 1314 2915 4.
1350 2891 1454 2915 ilum'i.

1291 2929 1313 2950 δ.
1348 2928 1395 2951 Me.
1409 2927 1477 2951 date.
