2632 3464
429 417 480 442 375

430 492 572 521 Sanctum
598 490 782 519 Maturinum
810 489 847 518 ad
874 488 1122 527 supplicandum,
1146 487 1333 526 supplicavit

428 539 766 580 magisterWilhelmus
780 539 817 567 de
829 537 959 566 Bavaria
974 537 1068 575 quod,
1079 547 1145 565 cum
1160 536 1211 565 diu
1223 536 1332 564 fuisset

427 590 459 618 in
474 589 523 618 via
536 598 645 618 versus
662 587 800 616 Parisius
814 592 942 626 propter
956 585 1054 625 patrie
1071 595 1125 614 sue
1143 584 1330 620 distantiam,

427 645 458 667 et
481 638 647 667 secundum
673 636 896 666 ordinationem
923 634 1057 663 nationis
1084 634 1200 673 imponi
1226 639 1333 672 posset

427 687 528 716 rotulo
551 686 648 715 solum
671 692 704 714 ut
726 686 849 718 absens,
872 690 1021 723 quatenus
1042 683 1124 712 natio
1149 683 1333 711 concederet

428 736 487 765 sibi
513 736 594 775 quod
619 741 726 774 posset
752 733 868 772 imponi
894 739 1046 771 tamquam
1073 741 1215 770 presens,
1244 729 1331 770 cujus

427 784 611 824 supplicatio
623 783 857 812 concedebatur.
871 782 944 810 ltem
954 781 1033 810 idem
1046 781 1193 820 magister
1201 779 1331 809 Wilhel-

427 844 494 862 mus
509 833 600 862 solvit
616 843 707 861 unum
722 832 857 860 francum
870 840 928 870 pro
939 829 1075 869 jocundo
1090 829 1216 858 introitu
1233 838 1289 857 suo
1301 829 1331 857 in

426 883 555 922 primam
579 880 860 921 congregationem,
895 879 947 918 qui
974 885 1155 918 perpotatus
1181 883 1246 906 erat
1276 886 1333 916 per

427 931 592 970 magistros
619 930 661 958 ibi
689 935 852 968 presentes
878 928 908 956 in
938 928 1066 957 taberna
1095 928 1137 955 ad
1161 928 1331 965 ymaginem

426 980 690 1008 sancti.lol1annis.

467 1033 540 1061 Item
564 1033 593 1060 in
614 1032 748 1060 crastino
770 1031 855 1059 beate
875 1030 1041 1058 Katherine
1061 1029 1093 1058 in
1109 1029 1199 1057 nonis
1218 1029 1331 1058 Nostre

426 1082 556 1110 Domine
570 1081 644 1109 sacta
660 1079 899 1119 congregatione
913 1078 1047 1107 nationis
1063 1077 1331 1117 perjuramentum

425 1131 506 1170 apud
523 1130 665 1158 Sanctum
684 1129 869 1157 Maturinum
887 1129 925 1156 ad
943 1127 1146 1156 ordinandum
1165 1133 1194 1156 et
1210 1126 1332 1166 suppli-

426 1180 566 1213 candum,
588 1178 761 1207 ordinatum
783 1177 839 1206 suit
859 1176 1054 1206 concorditer
1075 1177 1158 1215 quod
1180 1175 1332 1205 distribu-

424 1229 524 1257 tiones
542 1227 607 1256 fieri
631 1233 776 1255 consuete
796 1226 827 1254 in
845 1226 949 1255 missis
972 1232 1002 1254 et
1022 1225 1164 1265 vesperis
1184 1225 1330 1260 nationis,

425 1277 495 1316 quia
511 1276 593 1305 natio
609 1275 708 1304 nullas
727 1275 857 1304 habebat
872 1274 1019 1313 pecunias
1041 1280 1071 1303 et
1090 1280 1174 1303 esset
1189 1274 1331 1313 pluribus

425 1326 536 1354 debitis
561 1331 696 1359 onerata,
720 1325 984 1363 suspenderentur
1011 1333 1109 1362 usque
1136 1323 1195 1361 [ad]
1222 1324 1331 1352 festum

425 1374 682 1403 Annunciationis
710 1374 797 1402 beate
824 1372 921 1401 Marie
945 1373 993 1402 vel
1015 1372 1101 1407 alias,
1128 1373 1226 1401 donec
1248 1372 1331 1401 natio

425 1424 552 1452 haberet
575 1423 721 1461 pecunias
747 1428 776 1451 et
797 1422 937 1450 absoluta
959 1427 1042 1451 esset
1063 1432 1079 1450 a
1100 1421 1225 1450 debitis.
1254 1421 1330 1450 Item

424 1473 624 1501 ordinabatur
637 1472 720 1511 quod
738 1481 861 1510 semper
876 1471 907 1499 in
921 1471 1063 1510 vesperis
1084 1476 1114 1499 et
1131 1470 1226 1499 missa
1243 1476 1332 1499 nota-

425 1528 531 1550 rentur
555 1531 609 1550 seu
631 1521 842 1549 scriberentur
863 1521 1018 1555 absentes,
1045 1525 1075 1548 et
1097 1520 1180 1558 quod
1202 1519 1332 1559 quilibet

424 1571 537 1599 absens
561 1570 694 1598 solveret
712 1569 784 1597 VIII
806 1569 962 1603 denarios,
983 1569 1009 1597 si
1028 1569 1173 1597 deficeret
1193 1568 1284 1597 simul
1300 1569 1331 1597 in

424 1619 565 1658 vesperis
590 1624 619 1647 et
639 1618 744 1653 missa,
766 1624 795 1646 et
818 1618 843 1647 si
869 1618 899 1646 in
920 1617 1016 1647 altero
1039 1624 1153 1647 tantum
1174 1618 1329 1652 deficeret,

426 1668 560 1697 solveret
579 1667 638 1696 IIII
657 1666 812 1702 denarios,
830 1673 860 1695 et
875 1667 956 1705 quod
976 1667 1031 1695 hec
1051 1667 1180 1706 pecunia
1198 1666 1332 1695 defalca-

426 1723 510 1745 retur
532 1716 576 1745 eis
601 1717 639 1745 de
660 1716 786 1744 dimidio
815 1716 918 1744 franco
949 1725 1098 1745 concesso
1127 1715 1243 1744 nationi
1273 1725 1331 1754 pro

426 1766 503 1794 festo
520 1765 598 1793 beati
617 1765 781 1798 Edmundi,
806 1771 836 1793 et
855 1765 938 1803 quod
957 1765 993 1793 de
1009 1764 1070 1793 illis
1087 1765 1139 1804 qui
1156 1774 1218 1793 non
1234 1765 1331 1793 inter-

426 1815 547 1843 fuerunt
570 1815 658 1849 festo,
682 1820 825 1853 receptor
849 1814 988 1853 exigeret
1017 1819 1046 1842 et
1073 1820 1197 1852 caperet
1219 1813 1330 1842 dictam

426 1874 544 1902 penam.

467 1913 540 1942 Item
559 1912 759 1941 deliberatum
775 1918 840 1940 erat
856 1912 938 1951 quod
957 1912 983 1940 si
1002 1912 1168 1951 quidquam
1187 1912 1332 1941 deficeret

426 1962 533 1990 nuntio
556 1962 593 1990 de
614 1971 732 1990 summa
759 1971 852 1999 supra
874 1967 973 1989 taxata
999 1961 1132 1999 receptis
1151 1961 1292 2000 pecuniis
1315 1972 1331 1990 a

425 2010 557 2049 singulis
583 2010 767 2044 inrotulatis,
792 2016 936 2048 receptor
955 2009 1013 2038 hoc
1029 2009 1190 2049 suppleret
1214 2010 1329 2039 nationi

427 2060 633 2088 concedendo.
665 2059 704 2087 Et
735 2059 877 2087 omnihus
912 2059 1047 2098 receptis
1084 2065 1113 2087 et
1146 2059 1330 2098 computatis

425 2109 602 2137 defecerunt
615 2107 713 2136 solum
732 2118 788 2146 pro
802 2107 924 2136 bedello
944 2107 970 2136 11
990 2108 1086 2136 franci
1104 2118 1172 2136 cum
1189 2108 1329 2143 dimidio,

426 2167 503 2195 quos
522 2163 664 2195 receptor
679 2157 863 2195 exponebat.
884 2156 957 2185 Item
977 2156 1163 2195 supplicavit
1183 2157 1331 2196 magister

427 2205 579 2234 Henricus
609 2206 646 2234 de
674 2205 783 2234 Hassia
810 2215 867 2244 pro
894 2206 1014 2234 duobus
1045 2205 1217 2234 scolaribus
1247 2206 1330 2244 quod

426 2261 554 2293 possent
569 2254 772 2282 determinare
791 2254 847 2282 sub
867 2264 913 2288 eo,
932 2254 1004 2282 lieet
1022 2264 1083 2283 non
1102 2261 1184 2283 esset
1203 2264 1328 2294 regens,

425 2309 455 2331 et
470 2304 550 2342 quod
566 2303 648 2331 natio
666 2303 863 2341 dispensaret
877 2303 913 2331 de
926 2302 1100 2342 juramento
1114 2313 1175 2342 quo
1187 2304 1330 2332 determi-

426 2358 532 2380 nantes
546 2358 772 2381 consueverunt
784 2350 901 2391 jurare,
929 2353 1011 2391 quod
1034 2352 1158 2380 nonnisi
1181 2353 1238 2381 sul)
1261 2359 1329 2382 actu

425 2407 550 2439 regente
574 2400 861 2429 determinassem‘.
881 2399 977 2440 Cujus
990 2401 1174 2439 supplicatio
1189 2402 1244 2430 suit
1255 2411 1330 2430 con-

426 2460 523 2478 cessa.

466 2498 537 2526 Item
554 2498 683 2536 quadam
699 2497 757 2526 alia
774 2498 823 2526 die
840 2498 916 2527 facta
936 2499 1176 2537 congregatione
1195 2499 1329 2528 nationis

426 2547 456 2574 in
477 2547 588 2575 Sancto
609 2547 762 2575 Maturino
793 2553 954 2586 postquam
970 2546 1153 2585 juraverunt
1177 2548 1275 2577 nuntii
1299 2548 1329 2577 in

427 2595 644 2630 Universitate,
668 2596 705 2623 ad
724 2595 890 2624 videndum
916 2597 953 2624 de
977 2596 1203 2625 committendis
1222 2597 1328 2626 nuntio

425 2644 506 2672 eirca
520 2645 627 2673 factum
640 2644 773 2673 nationis
785 2654 879 2683 super
895 2654 1020 2673 examen
1037 2645 1147 2673 Sancte
1160 2645 1327 2681 Genovese,

426 2692 651 2721 deliberabatur
667 2694 748 2731 quod
765 2693 852 2722 litere
869 2693 943 2721 alias
963 2693 1102 2722 ordinate
1120 2694 1158 2722 ad
1174 2704 1283 2733 papam
1301 2701 1330 2723 et

426 2741 596 2769 cardinales
620 2752 713 2780 super
737 2742 796 2770 isto
820 2752 876 2781 per
899 2742 1077 2781 magistrum
1099 2742 1268 2771 Johannem
1291 2744 1328 2772 de

428 2788 549 2817 Pavone
566 2790 662 2818 cidem
682 2790 829 2829 magistro
845 2790 977 2819 Johanni
996 2791 1190 2820 traderentur
1208 2792 1245 2820 ad
1259 2801 1330 2820 cor-

459 2899 480 2921 1.
505 2898 557 2921 Vid.
570 2899 697 2927 Chnrtul„
712 2901 744 2927 II,
759 2908 783 2931 p.
798 2901 853 2928 673,
866 2905 892 2923 η’
903 2901 925 2923 3.

973 411 1195 438 AUCTARIUM
1216 410 1474 437 CHARTULARII
1494 411 1667 439 UNIVERS.
1689 413 1807 440 PARIS.

1387 690 1403 716 5

1370 936 1403 961 10

1369 1180 1403 1206 15

1369 1426 1403 1451 20

1369 1671 1403 1697 25

1368 1917 1402 1942 30

1368 2161 1401 2187 35

1368 2408 1401 2433 40

1368 2653 1400 2679 45

2296 416 2349 443 376

1440 487 1615 527 rigendum,
1644 489 1816 519 addendum
1850 489 1899 519 vel
1923 490 2171 526 diminuendam.
2205 491 2233 521 si
2267 502 2347 532 opus

1441 536 1542 572 suerit,
1561 543 1591 566 et
1605 537 1658 566 illo
1667 538 1745 568 facto
1756 538 2012 578 ingrossarentur
2026 545 2055 569 et
2067 540 2215 570 darentur
2226 540 2346 571 nuntio.

1441 584 1481 614 Et
1494 591 1657 625 postquam
1673 587 1743 616 misi
1762 587 1908 617 minutam
1924 587 2072 627 magistro
2086 588 2219 619 Johanni
2235 599 2348 619 secun-

1441 634 1512 664 dum
1525 634 1637 664 dictam
1650 636 1875 666 ordinationem
1889 636 2024 666 nationis
2038 647 2105 666 cum
2121 638 2242 668 duobus
2253 639 2348 679 magi-

1441 683 1515 713 stris
1533 683 1668 714 nationis
1684 685 1933 725 supplicantibus
1944 685 2005 715 sibi
2016 686 2140 716 nomine
2155 687 2301 722 nationis,
2315 693 2349 717 ut

1441 742 1506 761 eam
1522 733 1694 773 corrigeret
1707 745 1713 763 :
1730 734 1811 763 idem
1824 734 1972 774 magister
1982 735 1997 764 J
2002 734 2139 764 ohannes
2154 742 2226 775 post
2242 746 2349 766 reces-

1441 791 1508 810 sum
1532 782 1750 822 magistrorum
1772 783 1893 812 remisit
1912 783 2004 813 michi
2024 783 2169 814 minutam
2189 785 2350 815 incorrec-

1440 836 1512 866 tam,
1537 837 1568 860 et
1587 831 1714 870 scripsit
1733 831 1824 861 michi
1846 842 1936 862 unam
1959 833 2109 869 cedulam,
2129 833 2161 862 in
2184 833 2270 873 cujus
2288 834 2348 864 fine

1441 879 1656 909 continebatur
1679 881 1763 920 quod
1788 891 1851 910 non
1873 881 1966 911 vellet
1989 882 2110 921 aperire
2139 882 2261 912 oculum
2289 892 2348 923 pro

1440 929 1563 958 natione
1584 929 1663 958 ultra
1685 939 1775 969 quam
1793 935 1962 960 teneretur.
1987 931 2056 969 Quo
2074 930 2143 961 viso
2160 938 2305 971 receptor
2319 938 2350 962 et

1441 988 1499 1017 ego
1519 978 1646 1007 fecimus
1665 988 1721 1017 per
1737 988 1795 1008 nos
1816 979 1903 1018 ipsos
1925 979 2006 1009 sicut
2025 980 2135 1009 melius
2157 987 2347 1020 poteramus,

1441 1027 1513 1066 quia
1537 1027 1664 1056 fecimus
1686 1027 1792 1057 literas
1816 1028 1912 1057 scribi
1937 1029 1974 1058 de
2002 1030 2082 1058 bona
2101 1029 2190 1059 litera
2214 1036 2244 1059 et
2262 1030 2348 1069 ipsas

1441 1076 1645 1116 sigillavimus
1679 1077 1716 1105 de
1747 1086 1859 1116 magno
1884 1077 1989 1117 sigillo
2018 1078 2162 1108 nationis.
2195 1080 2234 1108 Et
2264 1078 2350 1108 dedit

1440 1131 1585 1165 receptor
1604 1135 1662 1165 pro
1681 1135 1752 1155 cera
1772 1125 1830 1155 XII
1851 1127 2006 1156 denarios.
2030 1127 2107 1157 Post
2129 1127 2348 1167 sigillationem

1440 1180 1540 1203 autem
1556 1174 1714 1203 literarum
1727 1175 1917 1213 portavimus
1931 1175 2037 1205 literas
2054 1176 2167 1205 nuncio
2185 1177 2217 1206 in
2239 1176 2349 1216 hospi-

1441 1223 1484 1252 tio
1513 1224 1556 1252 ad
1578 1224 1694 1262 signum
1722 1225 1818 1258 stelle,
1853 1230 1883 1254 et
1913 1224 1956 1253 ibi
1982 1234 2050 1254 cum
2074 1225 2196 1255 duobus
2217 1225 2349 1255 bedellis

1441 1272 1643 1312 expendimus
1669 1272 1766 1302 XLVI
1791 1273 1947 1308 denarios,
1980 1283 2059 1313 quos
2085 1274 2171 1303 dedit
2192 1281 2346 1314 receptor.

1442 1321 1516 1350 Item
1536 1321 1683 1361 scriptori
1699 1321 1857 1351 literarum
1870 1322 1955 1351 dedit
1969 1329 2113 1362 receptor
2127 1323 2154 1352 X
2168 1322 2297 1353 solidos.

1481 1370 1516 1399 In
1530 1371 1634 1400 eadem
1650 1370 1741 1400 etiam
1757 1371 1997 1410 congregatione
2015 1371 2125 1411 petivit
2142 1372 2268 1402 nuntius
2288 1372 2349 1402 sibi

1441 1419 1507 1448 dari
1523 1419 1767 1459 supplicationes
1784 1420 2014 1449 reformatorias
2033 1421 2070 1450 ab
2082 1421 2145 1450 illis
2157 1421 2210 1461 qui
2225 1421 2349 1461 indige-

1440 1475 1520 1503 rent,
1540 1475 1570 1498 et
1584 1469 1698 1498 vellent
1711 1469 1784 1508 poni
1801 1469 1832 1498 in
1845 1469 1947 1499 rotulo
1962 1470 2191 1499 reformationis
2202 1469 2225 1499 ².

1480 1518 1555 1547 Item
1574 1518 1760 1558 supplicavit
1771 1518 1909 1553 nuntius,
1926 1519 2010 1557 quod
2025 1525 2098 1558 post
2108 1519 2240 1548 reditum
2256 1529 2344 1549 suum

1441 1577 1458 1596 a
1479 1567 1618 1607 quolibet
1639 1567 1757 1596 utiliter
1778 1567 1901 1607 signato
1921 1568 2046 1597 daretur
2068 1568 2128 1597 sibi
2152 1578 2212 1597 una
2232 1578 2348 1598 summa

1440 1616 1582 1656 pecunie,
1611 1616 1730 1645 scilicet
1748 1626 1828 1645 unus
1853 1617 1975 1646 francus
2002 1616 2051 1646 vel
2075 1616 2152 1646 alias
2179 1618 2348 1647 secundum

1440 1665 1681 1694 moderationem
1697 1665 1831 1695 nationis
1842 1671 1915 1694 tunc
1931 1666 2115 1701 faciendam3
2128 1664 2215 1705 cujus
2230 1666 2348 1706 suppli-

1441 1714 1519 1743 catio
1542 1720 1607 1743 erat
1622 1724 1781 1749 concessa,
1800 1714 1826 1743 si
1843 1714 1977 1754 diligens
1992 1721 2135 1754 repertus
2151 1715 2253 1744 fuerit.
2273 1715 2347 1744 Item

1441 1763 1627 1803 supplicavit
1661 1763 1810 1803 magister
1849 1763 2005 1792 Johannes
2038 1763 2150 1793 Amers
2196 1770 2348 1803 quatenus

1441 1812 1577 1852 placeret
1591 1812 1720 1847 nationi,
1730 1813 1814 1852 quod
1823 1812 1949 1842 nuntius
1967 1819 2098 1852 poneret
2114 1823 2182 1842 eum
2199 1812 2231 1841 in
2246 1813 2348 1843 rotulo

1440 1861 1680 1896 reformationis,
1705 1861 1845 1900 quamvis
1867 1871 1929 1890 non
1951 1868 2035 1891 esset
2056 1861 2087 1890 in
2106 1861 2207 1891 rotulo
2232 1861 2347 1902 princi-

1440 1909 1513 1950 pali,
1540 1911 1624 1950 quod
1651 1910 1735 1939 natio
1762 1910 1918 1940 concessit
1940 1910 1972 1939 in
2005 1916 2150 1949 quantum
2174 1916 2294 1949 poterat
2318 1915 2348 1940 et

1435 1959 1620 1999 juramentis
1638 1959 1738 1988 nuntii
1753 1969 1814 1988 non
1829 1966 2030 1999 repugnaret.

1481 2008 1556 2038 Item
1571 2008 1655 2038 xvln
1672 2008 1722 2037 die
1739 2008 1856 2037 mensis
1877 2008 2060 2037 Decembris
2077 2008 2156 2037 sacta
2174 2018 2348 2048 congrega-

1439 2058 1523 2087 tione
1534 2057 1667 2086 nationis
1681 2057 1757 2086 hora
1769 2057 1867 2097 prime
1883 2058 1963 2096 apud
1983 2057 2127 2086 Sanctum
2141 2057 2295 2086 Julianum
2309 2058 2347 2086 ad

1440 2107 1616 2146 eligendum
1633 2113 1866 2146 procuratorem
1879 2112 1909 2135 et
1924 2107 1962 2135 ad
1975 2106 2160 2135 audiendum
2172 2112 2347 2145 compotum

1439 2155 1622 2195 receptoris,
1639 2155 1827 2194 computavit
1845 2161 1989 2194 receptor
2011 2161 2040 2184 et
2058 2154 2169 2184 mansit
2184 2154 2244 2184 sibi
2264 2155 2347 2184 natio

1439 2204 1575 2244 obligata
1594 2204 1625 2233 in
1643 2204 1703 2233 1111
1726 2203 1828 2239 libris,
1851 2203 1907 2233 XV
1927 2204 2037 2233 solidis
2058 2210 2088 2233 et
2104 2203 2131 2232 V
2149 2204 2301 2239 denariis,
2318 2210 2348 2234 et

1439 2254 1495 2283 fuit
1509 2259 1671 2292 computus
1687 2254 1724 2282 ab
1742 2253 1886 2282 omnibus
1904 2253 2105 2292 approbatus.
2297 2255 2299 2258 ⁴

1845 2346 1941 2390 1370

1507 2418 1578 2459 (Fol.
1604 2421 1641 2448 20
1656 2418 1679 2458 b)
1702 2418 1792 2448 Acta
1825 2418 2085 2458 procuratorie
2114 2418 2286 2458 magistri

1552 2467 1710 2497 Arnoldi
1741 2469 1783 2497 de
1813 2467 1954 2501 Tricht‚
1989 2466 2245 2507 Trajectensis

1796 2516 1988 2556 dyocesis.

1478 2596 1569 2626 Anno
1600 2596 1726 2626 Domini
1756 2596 2018 2631 M⁰.CCC⁰.LXX,
2037 2595 2120 2625 XV1=
2146 2595 2196 2625 die
2230 2595 2346 2626 mensis

1440 2646 1621 2675 Decembris
1643 2646 1719 2675 hora
1734 2645 1832 2685 prime
1850 2646 1927 2675 facta
1945 2645 2191 2684 congregacione
2207 2644 2346 2675 nacionis

1438 2694 1608 2735 Anglicane
1635 2695 1716 2734 apud
1749 2694 1893 2724 Sanctum
1922 2693 2077 2723 Julianum
2106 2694 2144 2723 ad
2168 2693 2345 2734 eligendum

1439 2750 1670 2783 procuratorem
1693 2750 1723 2772 et
1747 2744 1785 2773 ad
1808 2743 1993 2772 audiendum
2020 2749 2196 2782 computum
2227 2742 2345 2772 domini

1438 2793 1622 2832 receptoris,
1657 2793 1772 2822 electus
1811 2792 1867 2821 fuit
1899 2791 2084 2821 unanimiter
2117 2791 2276 2821 Arnoldus
2307 2792 2345 2821 de

1469 2902 1674 2961 21.308Eoeemplum
1700 2902 1780 2927 rotuli
1805 2901 1996 2934 reformationis
2025 2901 2076 2925 uid.
2104 2901 2129 2925 in
2155 2901 2274 2926 chartul.
2298 2901 2344 2930 111,

1437 2942 1465 2961 n·
1541 2956 1546 2962 .
