2632 3464
431 413 486 438 139

431 487 603 527 Anglicane
623 488 705 526 apud
725 486 870 516 Sanctum
890 487 1044 516 Julianum
1063 496 1232 526 pauperem
1250 496 1345 526 super

432 537 582 565 electione
595 536 809 576 procuratoris
826 536 975 571 facienda,
989 536 1104 565 electus
1117 535 1172 565 fuit
1189 535 1221 564 in
1234 545 1344 575 procu-

431 592 565 615 ratorem
594 584 732 625 ejusdem
762 585 903 614 nacionis
939 585 1087 625 magister
1119 585 1277 614 Jhoannes
1306 585 1344 613 de

431 635 569 664 Lovanio
593 635 827 670 Hollandrinus,
851 635 936 664 nullo
954 635 1078 674 penitus
1098 634 1294 669 reclamante,
1313 634 1343 662 in

431 683 518 723 cujus
534 690 737 724 procuratura
752 690 819 713 acta
836 690 908 712 sunt
926 694 985 723 que
1002 690 1163 723 sequntur.

472 733 578 762 Primo
603 734 680 762 sacta
703 732 951 772 congregacione
972 732 1112 761 nacionis
1133 732 1214 772 apud
1235 731 1344 772 Augu-

431 783 587 811 stinenses
604 792 699 821 super
711 782 860 811 electione
875 781 1061 816 subbedelli,
1079 781 1194 810 electus
1208 781 1263 810 suit
1272 791 1344 810 con-

431 832 568 860 corditer
579 831 759 860 WVillelmus
774 830 886 860 Scotus
899 831 930 859 in
944 830 1169 860 subbedellum.
1188 830 1343 865 Secundo,

432 881 538 916 nichil,
555 881 627 920 quia
643 891 706 909 non
718 880 770 909 diu
783 880 896 909 mansit
909 886 1110 919 procurator,
1125 879 1270 909 videlicet
1283 879 1344 909 nisi

431 940 489 970 per
506 931 584 959 duos
600 930 679 964 dies,
693 929 768 969 pro⁴
786 940 846 959 uno
864 929 993 958 floreno.

843 1024 861 1051 1
866 1022 941 1052 349

523 1094 759 1132 [Procuratio
790 1094 962 1133 magistri
990 1093 1184 1123 Thiderici
1213 1094 1255 1122 de

801 1143 981 1181 Hamme.]

472 1223 563 1253 Anno
602 1224 727 1252 Domini
764 1223 1044 1253 M⁰.CCC⁰.XL1X⁰
1080 1223 1111 1252 in
1143 1224 1221 1252 festo
1263 1222 1343 1251 beati

427 1273 596 1312 Augustini
607 1272 619 1291 ²
633 1273 824 1302 confessoris
842 1273 920 1302 sacta
933 1272 1181 1313 congregacione
1203 1271 1343 1301 nacionis

428 1322 599 1362 Anglicane
619 1328 692 1362 post
711 1332 886 1351 sermonem
908 1321 940 1351 in
960 1321 1029 1351 loco
1052 1321 1214 1361 capitulari
1234 1320 1343 1361 Augu-

429 1371 626 1406 stinencium‚
645 1371 824 1411 regencium
840 1378 870 1400 et
879 1381 942 1400 non
955 1371 1146 1411 regencium,
1160 1371 1276 1400 electus
1288 1370 1344 1399 fuit

428 1418 460 1447 in
475 1425 708 1458 procuratorem
724 1417 861 1458 ejusdem
877 1418 1016 1448 nacionis
1034 1418 1182 1458 magister
1197 1417 1343 1447 Thideri-

429 1477 483 1496 cus
508 1468 546 1496 de
572 1467 700 1496 Hamme
725 1467 924 1497 concorditer
944 1468 982 1496 ab
1008 1467 1152 1496 omnibus
1162 1489 1168 1500 ‚
1195 1467 1226 1496 in
1256 1466 1342 1506 cujus

429 1516 652 1555 procuracione
670 1516 870 1546 subbedellus
889 1517 996 1546 eodem
1017 1516 1067 1545 die
1087 1523 1118 1545 et
1132 1516 1246 1545 ibidem
1261 1516 1343 1545 elec-

428 1572 478 1595 tus
494 1566 602 1605 paucis
621 1565 731 1595 diebus
747 1565 863 1604 elapsis
877 1566 957 1594 diem
973 1565 1084 1595 clausit
1099 1572 1279 1595 extremum.

469 1615 544 1644 Item
557 1616 633 1644 sacta
644 1615 892 1655 congregacione
904 1616 985 1654 apud
997 1615 1142 1644 Sanctum
1154 1614 1341 1644 Maturinum

428 1664 477 1693 die
486 1663 571 1704 jovis
581 1663 593 1681 3
607 1670 680 1703 post
693 1665 803 1693 festum
817 1664 991 1694 Nativitatis
1012 1665 1099 1693 beate
1116 1663 1212 1693 Marie
1226 1664 1341 1693 electus

429 1714 484 1742 suit
498 1714 695 1742 concorditer
707 1713 880 1742 Mensridus
898 1713 1069 1747 Almannus
1083 1713 1115 1742 in
1128 1712 1341 1742 subbedellum

427 1763 509 1792 dicte
525 1762 675 1791 nacionis.

840 1857 858 1884 1
863 1856 937 1885 349

475 1928 717 1966 [Procuratio
742 1928 915 1968 magistri
945 1928 1094 1958 Alberti
1130 1928 1290 1967 Boemi.]

468 2008 540 2048 (Fol.
572 2010 609 2038 12
624 2008 647 2048 ¹³)
676 2008 768 2038 Anno
793 2008 918 2038 Domini
940 2008 1103 2038 millesimo
1126 2009 1343 2038 trecentesimo

427 2058 548 2093 XLlX⁰‚
576 2058 626 2086 die
648 2057 796 2087 veneris⁴
816 2065 885 2087 ante
907 2059 1016 2087 festum
1040 2058 1137 2087 sancti
1167 2058 1340 2094 Michaelis,

428 2107 506 2136 facta
522 2107 770 2147 congregacione
788 2107 928 2136 nacionis
948 2107 1121 2146 Anglicane
1139 2108 1177 2136 ad
1197 2107 1342 2137 Sanctum

426 2156 593 2191 sulianum,
617 2156 836 2196 magistrorum
864 2162 923 2185 tam
948 2156 1126 2195 regencium
1160 2167 1250 2195 quam
1280 2167 1342 2186 non

428 2205 618 2245 regencium,
653 2205 769 2234 electus
808 2205 864 2235 suit
893 2205 1090 2234 concorditer
1123 2207 1161 2234 ab
1199 2206 1342 2235 omnibus

429 2254 589 2294 magistris
612 2253 750 2293 ejusdem
768 2255 908 2284 nacionis
929 2254 1077 2294 magister
1094 2254 1241 2284 Albertus
1260 2255 1342 2284 Boe-

431 2314 498 2332 mus
512 2304 550 2332 de
562 2303 679 2343 Praga‚
701 2303 861 2332 familiaris
873 2304 1006 2333 clericus
1019 2303 1213 2333 serenissimi
1223 2304 1343 2344 princi-

430 2353 478 2391 pis
509 2358 538 2381 et
570 2352 687 2381 domini
721 2353 837 2381 domini
876 2353 981 2382 Karoli
1012 2353 1222 2382 Romanorum
1257 2353 1342 2393 regis

430 2411 554 2441 semper
575 2401 698 2441 augusti
720 2408 750 2430 et
777 2402 902 2431 Boemie
927 2402 1024 2441 regis,
1055 2402 1086 2430 in
1111 2409 1342 2442 procuratorem

429 2450 569 2480 nacionis
589 2451 733 2490 superius
750 2451 914 2480 nominate.
932 2451 1023 2480 Facta
1039 2458 1111 2480 sunt
1125 2458 1225 2481 autem
1239 2451 1270 2480 in
1288 2463 1343 2481 sua

430 2500 652 2539 procuracione
672 2500 730 2529 ista
749 2510 807 2539 que
824 2506 982 2529 secuntur.

470 2549 576 2578 Primo
601 2549 774 2578 immediate
807 2550 949 2588 sequenti
979 2550 1028 2578 die
1059 2550 1181 2579 fuerunt
1212 2551 1342 2589 quedam

430 2608 509 2627 nova
525 2598 562 2626 de
582 2598 676 2627 Curia
690 2598 895 2627 Avinionensi
914 2609 971 2638 per
988 2599 1145 2628 nunctium
1162 2599 1226 2628 sive
1241 2599 1342 2628 bedel-

428 2647 491 2676 lum
530 2647 719 2676 Imbertum⁵
753 2654 916 2687 apportata
954 2649 991 2677 de
1030 2648 1162 2688 pecunia
1196 2648 1342 2678 mittenda

429 2696 578 2731 nunctiis,
596 2703 625 2725 et
641 2697 762 2726 bedello
779 2697 887 2726 iterum
901 2698 939 2726 ad
957 2697 1072 2726 curiam
1088 2697 1293 2736 expediendo.

517 2807 578 2830 Alio
591 2807 750 2833 charactere.

519 2844 548 2866 28
558 2844 676 2874 Augusti.

519 2879 548 2901 10
562 2879 724 2910 Septembris.

521 2915 550 2937 25
564 2915 724 2945 Septembris.

520 2950 666 2981 Burgundi.
678 2950 735 2973 Fuit
747 2951 909 2974 subbedeclua
922 2954 976 2974 nat.
993 2950 1083 2974 Gallie.

460 2807 486 2973 ’mgis—:0303—

976 410 1200 437 AUCTARIUM
1227 409 1487 438 CHARTULARH
1512 411 1686 438 UNIVERS.
1707 411 1826 438 PARIS.

1400 686 1415 712 5

1383 933 1416 958 10

1383 1179 1415 1204 15

1381 1424 1414 1449 20

1379 1670 1413 1695 25

1380 1915 1414 1940 30

1380 2161 1414 2186 35

1380 2407 1414 2432 40

1380 2654 1413 2679 45

2314 415 2366 441 14⁰

1862 505 1961 540 1349

1547 594 1785 632 [Procuratio
1819 595 1991 635 magistri
2017 595 2198 626 Johannis
2227 597 2270 626 de

1813 644 2008 683 Lovanio.]

1494 731 1584 761 Anno
1608 732 1733 762 Domini
1753 732 1798 762 M⁰
1817 733 1898 763 CCC
1917 733 2040 769 XL1X0‚
2061 734 2110 763 die
2124 733 2271 764 veneris⁶
2294 741 2364 764 ante

1454 781 1564 810 festum
1593 787 1770 811 sanctorum
1804 782 1949 821 Symonis
1981 788 2011 812 et
2026 795 2027 798 ¹
2041 782 2120 812 Jude
2153 783 2365 823 apostolorum

1454 831 1531 859 facta
1550 831 1791 870 congregatione
1811 831 1951 861 nacionis
1969 831 2141 872 Anglicane
2159 833 2197 862 ad
2219 833 2364 863 Sanctum

1453 879 1608 909 Julianum
1642 890 1807 919 pauperem
1840 891 1935 920 super
1967 881 2118 911 electione
2149 882 2364 921 procuratoris

1454 928 1603 964 facienda,
1634 929 1750 958 electus
1775 936 1823 959 est
1846 930 2044 960 concorditer
2069 930 2102 960 in
2130 937 2364 970 procuratorem

1454 977 1594 1007 nacionis
1624 977 1762 1018 ejusdem
1790 979 1938 1018 magister
1964 979 2122 1009 Johannes
2154 981 2192 1010 de
2226 980 2364 1014 Lovauio

1455 1026 1690 1061 Hollandrinus,
1706 1026 1790 1056 nullo
1801 1027 1925 1066 penitus
1934 1028 2130 1063 reclamante,
2143 1028 2174 1057 in
2188 1027 2275 1068 cujus
2289 1039 2365 1068 pro-

1453 1076 1617 1105 curacione
1635 1082 1701 1105 acta
1717 1082 1789 1105 sunt
1806 1086 1865 1115 que
1879 1083 2061 1116 sequuntur.

1494 1125 1612 1160 Primo,
1630 1125 1680 1154 die
1693 1125 1801 1154 martis
1814 1125 1826 1143 ⁷
1839 1131 1911 1165 post
1926 1126 2059 1165 [festum]
2071 1127 2219 1157 Omnium
2234 1127 2365 1158 Sancto-

1453 1184 1520 1203 rum
1536 1175 1606 1203 data
1622 1174 1676 1204 fuit
1692 1174 1832 1203 diffinitio
1849 1181 1956 1204 contra
1966 1174 2175 1215 flagellatores
2193 1187 2250 1216 per
2263 1176 2364 1206 domi-

1452 1234 1525 1253 num
1543 1230 1694 1252 rectorem
1713 1229 1743 1252 et
1761 1229 1834 1252 tunc
1854 1224 2018 1263 deputatos
2033 1231 2064 1253 et
2079 1235 2096 1254 a
2115 1230 2180 1254 tota
2199 1225 2365 1256 Universi-

1452 1279 1512 1302 tate
1523 1273 1554 1301 in
1567 1273 1809 1313 congregatione
1822 1273 1959 1313 generali
1975 1273 2147 1303 examinata
2161 1280 2191 1304 et
2203 1284 2363 1304 concessa.

1494 1322 1569 1351 ltem
1593 1321 1682 1351 XIIII
1713 1322 1764 1351 die
1786 1322 1903 1352 mensis
1923 1322 2109 1352 Novembris
2134 1324 2212 1353 sacta
2234 1333 2364 1364 congre·

1452 1370 1574 1411 gatione
1599 1378 1837 1411 procuratorum
1861 1378 1891 1401 et
1914 1377 2111 1411 receptorum
2135 1372 2286 1402 facultatis
2308 1382 2365 1412 per

1451 1421 1608 1450 dominum
1638 1427 1790 1450 rectorem
1819 1431 1915 1460 super
1945 1421 2191 1460 computatione*
2208 1428 2364 1452 sextarum

1452 1471 1616 1499 bursarum
1644 1480 1659 1499 a
1687 1477 1826 1510 tempore
1849 1480 1911 1510 quo
1932 1470 2040 1500 ultimo
2060 1480 2140 1500 anno
2167 1471 2266 1501 fuerat
2287 1471 2366 1501 sacta

1451 1519 1638 1559 computatio
1652 1529 1747 1558 super
1765 1520 1884 1555 eodem,
1902 1520 2090 1559 computavit
2103 1519 2253 1560 magister
2265 1519 2364 1550 Theo—

1452 1569 1577 1598 doricus
1599 1570 1637 1598 de
1659 1568 1825 1604 Alcmana,
1849 1575 1922 1598 tunc
1944 1569 2096 1609 temporis
2125 1569 2265 1598 nacionis
2290 1579 2365 1609 pre-

1451 1618 1532 1647 dicte
1547 1624 1706 1657 receptor‚
1728 1618 1827 1657 primo
1845 1628 1901 1657 pro
1917 1618 2023 1648 bursis
2042 1618 2313 1649 determinantium
2331 1619 2363 1648 in

1452 1677 1570 1697 summa
1601 1667 1718 1697 XLIIII
1753 1667 1871 1697 solidos
1895 1667 1937 1696 Vl
1973 1667 2118 1697 denarios
2128 1680 2136 1704 ;
2170 1668 2243 1697 item
2270 1668 2363 1699 licen-

1451 1717 1594 1746 tiatorum
1608 1717 1640 1746 in
1658 1727 1776 1746 summa
1788 1716 1842 1746 LV
1858 1716 1897 1755 [Ι]
1909 1716 2044 1752 solidos;
2066 1716 2138 1746 item
2150 1717 2363 1757 incipientium

1451 1766 1482 1795 in
1511 1776 1628 1795 summa
1652 1765 1738 1795 XVll
1769 1766 1899 1795 solidos.
1925 1765 2048 1795 Summa
2070 1766 2174 1795 totalis
2201 1779 2207 1796 :
2235 1765 2262 1795 V
2283 1766 2363 1796 libre

1451 1815 1537 1844 XVll
1551 1815 1655 1851 solidi,
1672 1815 1713 1844 Vl
1731 1815 1863 1844 denarii.

1493 1913 1566 1954 (roz.
1597 1914 1644 1954 13)
1671 1914 1762 1943 Anno
1785 1913 1910 1943 Domini
1941 1913 2104 1943 minesimo
2137 1901 2217 1944 ct‘ic
2251 1914 2361 1950 xux,

1452 1964 1527 1993 feria
1540 1963 1580 1993 Vl
1594 1970 1663 1993 ante
1679 1965 1790 1993 festum
1802 1962 1826 1992 ⁸.

1859 2034 1958 2064 1350

1491 2111 1582 2140 Anno
1602 2110 1750 2140 Domini⁹
1778 2097 1905 2140 MCC&
1931 2110 2203 2150 quinquagesimo,
2222 2110 2292 2141 XVI
2311 2111 2361 2141 die

1452 2161 1568 2190 mensis
1609 2160 1781 2194 Februarii,
1821 2158 2005 2199 juraverunt
2044 2160 2284 2190 determinantes
2330 2160 2362 2190 in

1451 2210 1580 2239 nacione
1595 2209 1768 2249 Anglicana
1783 2209 1835 2248 qui
1854 2215 2037 2248 sequuntur.

1492 2258 1598 2288 Primo
1616 2258 1763 2288 Albertus
1781 2259 1819 2287 de
1841 2258 1967 2287 Huesen
1983 2259 2040 2287 sub
2058 2258 2207 2298 magistro
2222 2257 2361 2288 Johanne

1451 2309 1489 2338 de
1504 2308 1655 2342 Wesalia‚
1673 2307 1759 2347 cujus
1776 2308 1869 2336 bursa
1882 2307 1987 2336 nichil.

1493 2357 1567 2387 Item
1587 2357 1745 2386 Hubertus
1758 2357 1796 2385 de
1810 2356 1941 2386 Colonia
1956 2357 2013 2386 sub
2026 2357 2145 2392 eodem,
2162 2355 2250 2396 cujus
2266 2357 2362 2387 bursa

1452 2406 1558 2436 nichil.

1493 2456 1567 2485 Item
1588 2455 1767 2484 Bernardus
1789 2455 1826 2483 de
1847 2454 2037 2484 Monasterio
2056 2455 2120 2484 sub*
2134 2454 2253 2490 eodem,
2273 2453 2360 2494 cujus

1452 2506 1546 2534 bursa
1558 2504 1664 2533 nichil.

1492 2554 1567 2583 Item
1586 2553 1741 2582 Henricus
1765 2554 1803 2582 de
1822 2553 1921 2582 Hallis
1939 2553 1997 2582 sub
2015 2553 2122 2582 eodem
2131 2548 2141 2588 ,Δ
2158 2551 2246 2592 cujus
2266 2553 2362 2583 bursa

1451 2603 1556 2632 nichil.
1946 2604 1947 2608 ¹

1492 2652 1566 2681 Item
1582 2651 1738 2681 Johannes
1757 2652 1794 2680 de
1811 2650 1931 2680 Swecia
1950 2651 2007 2680 sub
2026 2651 2145 2686 eodem,
2163 2649 2250 2690 cujus
2266 2652 2361 2681 bursa

1451 2701 1555 2730 nichil.

1480 2814 1503 2836 6.
1539 2813 1569 2836 23
1583 2811 1708 2836 octobris.

1482 2845 1504 2868 7.
1539 2845 1553 2866 3
1576 2843 1732 2866 Novembris.
1750 2844 1786 2866 De
1801 2842 1951 2874 definitione
1966 2842 2050 2865 arium
2066 2841 2115 2865 oid.
2144 2841 2262 2866 Chnrtul.
2280 2841 2358 2865 Univ.

1450 2880 1544 2907 Puris„
1563 2880 1595 2907 ΙΙ,
1609 2883 1653 2901 n¹¹'¹²
1668 2878 1735 2903 1176.

1481 2917 1503 2939 8.
1538 2917 1630 2939 Postea
1644 2914 1755 2946 spatium
1769 2915 1781 2937 7
1793 2914 1831 2937 vel
1844 2915 1858 2937 8
1869 2913 2005 2937 linearum.

1483 2952 1506 2974 9.
1541 2951 1672 2974 Nescimus
1686 2950 1803 2982 quisnam
1815 2949 1895 2981 suerit
1900 2951 2065 2981 procurator.
