2632 3464
410 444 459 470 435

414 521 493 554 rino,
508 518 708 548 deliberatum
727 515 781 545 ruit
798 513 994 543 concorditer
1012 522 1070 551 pro
1086 510 1192 550 majori
1211 516 1311 550 parte,

414 569 497 609 quod
521 567 663 596 haberem
688 574 735 594 me
759 562 962 593 intromittere
987 562 1024 590 de
1048 562 1125 590 sesto
1147 558 1311 594 convivali,

414 628 475 647 non
491 615 683 646 obstantibus
700 612 878 642 deliberatis
892 612 922 640 in
935 610 1039 640 ultima
1055 608 1311 648 congregacione,

416 667 487 706 quia
509 665 622 694 dictum
647 665 744 692 fuerat
762 662 845 701 quod
864 666 947 690 esset
967 659 1169 689 festivandum
1190 657 1313 686 nomine

416 715 564 745 nacionis.

815 763 911 792 1373

448 831 714 863 Procuratoria
743 829 914 869 magistri
941 826 1166 857 Theodorici
1194 825 1286 855 dicti

779 877 945 908 Ruusch.

455 958 546 988 Anno
580 956 702 986 Domini
731 955 775 984 Μ0
806 953 900 984 CCC⁰
930 952 1082 987 LXX1110‚
1116 951 1232 981 XV111⁸
1266 951 1316 980 die

418 1008 534 1037 mensis
561 1004 755 1039 Novembris,
787 1009 894 1033 vocata
924 1002 1052 1031 nacione
1081 1000 1251 1040 Anglicana
1278 1001 1316 1029 ad

417 1057 561 1086 Sanctum
575 1055 727 1084 Julianum
748 1062 912 1092 pauperem
936 1051 967 1080 in
989 1051 1097 1090 primis
1117 1051 1230 1080 Nostre
1250 1049 1317 1078 Do-

416 1106 495 1135 mine
520 1106 556 1134 ad
576 1104 749 1143 eligendum
774 1107 1004 1141 procuratorem
1027 1106 1056 1129 et
1075 1100 1111 1128 ad
1132 1099 1316 1128 audiendum

416 1161 590 1193 computum
614 1151 784 1191 receptoris
814 1157 843 1179 et
873 1150 911 1179 ad
938 1149 1112 1189 eligendum
1136 1148 1316 1188 provisores

419 1204 498 1238 festi,
514 1209 543 1232 et
555 1202 643 1231 electi
659 1202 779 1230 fuerunt
789 1200 820 1228 in
833 1199 1013 1238 provisores
1026 1197 1174 1237 magister
1184 1197 1317 1226 Thomas

418 1259 447 1282 et
463 1252 610 1291 magister
627 1249 784 1278 Gerardus
803 1248 924 1278 Calker.
948 1247 987 1276 Et
1001 1247 1143 1286 apparuit
1161 1252 1315 1285 receptor,

421 1302 473 1341 qui
491 1301 632 1329 omnibus
645 1297 827 1337 computatis
845 1303 875 1326 et
891 1296 1134 1335 recompensatis
1148 1296 1180 1324 in
1200 1302 1317 1335 septem

418 1350 506 1379 libris
531 1355 561 1378 et
584 1358 692 1377 novem
716 1346 851 1376 denariis
875 1346 996 1374 nacioni
1019 1345 1131 1374 mansit
1150 1344 1316 1384 obligatus.

417 1399 455 1428 Et
469 1399 656 1438 approbatus
673 1396 728 1426 suit
745 1402 917 1434 computus.

459 1449 533 1477 Item
553 1453 624 1476 tunc
644 1446 699 1475 suit
720 1444 835 1474 electus
858 1445 889 1473 in
916 1449 1148 1483 procuratorem
1172 1443 1320 1482 magister

418 1496 628 1526 Theodoricus
644 1495 744 1523 dictus
759 1493 885 1523 Ruusch
901 1502 958 1532 per
972 1492 1130 1521 unanimes
1148 1501 1319 1521 consensus

424 1546 640 1585 magistrorum
658 1543 793 1583 ejusdem
812 1542 951 1571 nacionis
972 1542 1085 1570 ibidem
1106 1541 1318 1571 existencium.

418 1595 452 1624 ln
466 1593 551 1633 cujus
568 1592 779 1633 procuratoria
791 1597 856 1620 acta
871 1598 942 1620 sunt
959 1601 1018 1630 que
1033 1597 1215 1630 sequuntur.

459 1644 564 1672 Primo
601 1642 801 1670 deliberatum
836 1641 901 1675 suit,
938 1640 1051 1669 dictum
1087 1646 1319 1679 procuratorem

422 1693 542 1722 noviter
561 1691 701 1726 electum,
723 1690 792 1729 quia
813 1690 948 1718 nondum
968 1689 1056 1729 prius
1079 1688 1210 1717 officium
1231 1698 1321 1718 exer-

423 1747 526 1770 cuerat
540 1739 783 1780 procuracionis,
802 1739 831 1767 in
851 1739 928 1767 sesto
945 1738 1095 1773 nacionis,
1115 1738 1199 1777 quod
1216 1738 1272 1767 fuit
1290 1737 1321 1766 in

423 1789 574 1819 dominica
591 1789 639 1817 die
655 1788 826 1817 immediate
843 1793 1002 1827 sequente,
1022 1787 1086 1816 sore
1104 1787 1218 1815 ibidem
1239 1787 1322 1816 fran-

425 1849 491 1868 cum
508 1839 688 1867 soluturum.
708 1837 747 1865 Et
764 1837 889 1866 intravit
904 1836 992 1865 nacio
1010 1836 1041 1865 in
1060 1837 1177 1875 prefata
1195 1836 1245 1865 die
1257 1838 1322 1864 sal-

423 1899 546 1922 monem,
569 1893 598 1916 et
620 1886 662 1915 ibi
682 1886 781 1915 dictus
802 1896 900 1915 novus
921 1891 1105 1924 procurator
1128 1885 1220 1915 solvit
1238 1885 1323 1914 fran-

422 1947 500 1966 cum.
514 1937 553 1965 Et
563 1937 593 1964 in
605 1937 708 1965 eadem
719 1936 810 1964 domo
823 1935 930 1964 eodem
946 1935 995 1963 die
1008 1935 1155 1974 magister
1165 1934 1323 1964 Johannes

423 1987 460 2015 de
482 1985 584 2014 Berka
610 1990 737 2024 propter
758 1983 926 2024 jocundum
950 1983 1016 2023 ejus
1044 1983 1203 2013 introitum
1231 1983 1324 2013 solvit

423 2036 568 2064 francum.

463 2084 537 2112 Item
552 2084 583 2112 in
603 2083 706 2111 eadem
722 2083 783 2117 die,
803 2082 924 2121 quando
942 2092 1040 2111 novus
1058 2088 1243 2121 procurator
1259 2088 1325 2111 erat

425 2133 551 2167 electus,
578 2133 655 2160 facta
674 2131 918 2170 congregacione
937 2131 1075 2160 nacionis
1094 2130 1264 2170 Anglicane
1286 2132 1324 2160 ad

423 2181 565 2210 Sanctum
573 2180 725 2210 Julianum
734 2190 899 2219 pauperem
913 2180 943 2208 in
954 2179 1045 2209 nonis
1055 2179 1168 2209 Nostre
1180 2180 1322 2215 Domine,

427 2240 520 2270 super
538 2230 659 2258 modum
681 2229 748 2258 sesti
766 2229 916 2264 nacionis,
936 2235 966 2257 et
982 2228 1024 2257 ibi
1047 2228 1248 2258 deliberatum
1270 2229 1326 2258 fuit

425 2289 482 2319 per
506 2289 611 2307 omnes
635 2278 799 2317 magistros
828 2284 900 2307 tunc
926 2283 1102 2316 presentes,
1130 2278 1212 2317 quod
1237 2278 1325 2307 nacio

428 2329 514 2357 daret
542 2338 595 2357 sex
620 2328 757 2362 francos,
790 2333 820 2355 et
843 2327 943 2366 quivis
972 2327 1189 2366 magistrorum
1217 2327 1326 2356 volens

430 2378 581 2406 interesse
598 2377 675 2405 festo
688 2375 825 2404 nacionis
840 2381 970 2414 quatuor
983 2375 1112 2411 solidos,
1130 2386 1219 2414 quam
1235 2386 1326 2415 pecu-

426 2427 505 2455 niam
521 2426 698 2455 levaverunt
715 2425 862 2464 magister
876 2424 1008 2453 Thomas
1023 2425 1060 2453 de
1079 2424 1176 2454 Clivis
1191 2431 1221 2454 et
1233 2425 1326 2464 magi-

428 2482 491 2504 ster
512 2474 669 2503 Gerardus
686 2473 798 2503 Calker
816 2483 883 2502 cum
901 2480 1060 2512 receptore
1078 2474 1157 2502 dicte
1174 2474 1324 2503 nacionis.

466 2524 539 2553 Item
557 2524 606 2552 die
625 2523 776 2551 dominica
792 2522 799 2540 ⁴
819 2529 889 2561 post
907 2521 1043 2562 [festum]
1065 2522 1230 2552 Katherine
1248 2533 1327 2552 anno

429 2579 461 2602 ut
469 2583 572 2611 supra,
582 2573 657 2601 facta
665 2571 908 2611 congregacione
917 2571 1053 2610 generali
1062 2571 1279 2601 Universitatis
1290 2572 1328 2600 ad

427 2622 569 2650 Sanctum
585 2621 768 2650 Maturinum
782 2630 876 2660 super
886 2620 986 2649 rotulo
997 2621 1034 2649 ad
1051 2621 1164 2649 curiam
1180 2621 1328 2650 mittendo

433 2677 462 2699 et
480 2680 573 2709 super
590 2670 688 2699 modis
707 2670 861 2705 currendi,
881 2669 1080 2698 deliberatum
1100 2669 1155 2698 suit
1169 2670 1206 2698 de
1228 2670 1328 2708 primo

431 2730 487 2758 per
512 2729 617 2748 omnes
643 2719 798 2748 facultates
823 2718 1033 2753 concorditer,
1061 2719 1144 2757 quod
1170 2719 1329 2758 expediret

426 2768 494 2797 fieri
513 2774 541 2797 et
557 2768 675 2797 mittere
692 2767 835 2796 rotulum.
855 2767 900 2796 De
917 2767 948 2795 2ο
964 2767 1164 2796 deliberatum
1184 2767 1239 2796 fuit
1253 2778 1328 2797 con-

430 2817 574 2851 corditer,
595 2818 675 2856 quod
694 2816 835 2845 omnibus
851 2816 920 2845 aliis
939 2816 1038 2845 modis
1054 2816 1199 2845 currendi
1211 2817 1328 2845 obmis-

458 2901 480 2923 1.
514 2901 541 2923 27
556 2900 708 2923 Novembris.

458 2936 485 2993 ξ.
519 2935 700 2993 Ραναέίτναρὴαε
713 2938 766 2959 tota
780 2935 805 2959 in
820 2938 876 2959 me¹⁰
886 2935 970 2959 deleta
979 2938 1003 2959 et
1015 2935 1126 2966 difficzlis
1136 2935 1201 2959 lectu
1210 2938 1256 2960 eet.

476 2989 481 2994 .
514 2973 559 2993 Ma.
574 2979 590 3002 p
604 2975 668 2994 uter.

947 435 1170 462 AUCTARIUM
1190 432 1449 460 CHARTULARII
1468 432 1642 460 UNIVERS.
1664 432 1782 459 PAmS.

1354 955 1387 981 10

1355 1200 1388 1227 15

1356 1447 1390 1473 20

1358 1693 1392 1719 25

1359 1940 1394 1967 30

1361 2186 1395 2212 35

1364 2432 1397 2458 40

1365 2675 1398 2702 45

2275 432 2330 459 436

1421 509 1466 539 sis
1477 508 1670 539 solummodo
1686 514 1900 539 reservaretur
1912 508 2022 538 modus
2035 508 2073 538 de
2088 508 2230 544 notariis,
2242 508 2327 538 vide-

1421 558 1494 588 licet
1506 559 1590 598 quod
1601 558 1697 588 tercia
1712 568 1787 598 pars
1804 557 1914 598 precii,
1930 558 2014 598 quod
2026 557 2192 597 recipiunt,
2208 557 2330 587 veniret

1421 609 1459 637 ad
1474 607 1726 637 Universitatem.

1463 655 1562 686 ltem²
1589 657 1694 686 eadem
1721 656 1970 696 congregacione
1995 655 2183 695 supplicavit
2203 655 2235 685 in
2254 655 2329 685 Uni-

1423 706 1569 736 versitate
1586 716 1666 746 mag.
1686 705 1874 736 Wilhelmus
1885 706 1924 734 de
1936 705 2063 740 Marsia,
2077 705 2161 744 quod
2172 704 2331 734 audiretur

1425 761 1587 794 computus
1616 753 1683 794 ejus
1707 755 1746 784 de
1767 754 1898 794 quadam
1918 755 2010 783 domo
2033 759 2132 783 stante
2157 753 2188 783 in
2215 753 2329 794 angulo

1419 802 1560 843 plutei-13³
1577 803 1692 832 Alberti
1708 803 1740 832 in
1754 803 1824 833 vico
1840 803 1906 833 sine
1923 803 2024 843 capite
2038 812 2150 833 versus
2170 802 2329 838 Secanam,

1425 863 1484 892 que
1504 853 1628 892 inquam
1641 853 1750 882 domus
1767 852 1917 882 remansit
1933 852 1994 882 sibi
2011 858 2083 891 post
2096 851 2236 881 obbitum
2248 861 2328 892 mag.

1425 901 1577 932 Johannis
1601 902 1638 931 de
1658 901 1773 931 Max-sia
1802 900 1944 931 avunculi
1963 901 2023 936 sui,
2048 907 2078 930 et
2101 901 2253 931 conducta
2275 900 2332 931 suit

1427 951 1487 981 sibi
1510 952 1547 980 ab
1569 950 1779 981 Universitate
1801 951 1859 980 sub
1883 950 1980 980 forma
2007 950 2160 990 sequenti,
2186 949 2332 980 videlicet

1425 1001 1509 1040 quod
1522 1000 1652 1029 haberet
1665 1000 1788 1029 domum
1803 999 1973 1039 predictam
1988 1009 2045 1038 per
2059 1009 2169 1028 novem
2180 1009 2290 1034 annos,
2302 1005 2334 1029 et

1426 1050 1509 1080 omni
1546 1059 1626 1078 anno
1660 1054 1864 1089 cognosceret
1895 1058 1929 1078 se
1960 1048 2132 1078 soluturum
2166 1048 2332 1078 Universi-

1426 1099 1480 1129 tati
1509 1099 1536 1128 X
1558 1098 1654 1127 libras
1674 1097 1839 1137 parisiens.
1864 1103 1894 1127 et
1919 1096 1998 1137 pro*
2023 1098 2197 1137 reparanda
2218 1098 2256 1127 de
2280 1097 2334 1127 illa

1425 1148 1566 1188 pecunia,
1589 1154 1619 1177 et
1634 1147 1661 1177 si
1676 1147 1707 1176 in
1723 1147 1782 1176 fine
1800 1148 1820 1176 9
1837 1156 1986 1176 annorum
2002 1146 2120 1186 aliquid
2138 1146 2218 1176 ultra
2236 1156 2333 1185 expo-

1429 1198 1537 1232 suerit,
1552 1197 1632 1226 dicte
1645 1197 1755 1226 domus
1765 1202 1961 1225 remanerent
1973 1195 2050 1231 sibi,
2065 1196 2164 1225 donec
2179 1195 2232 1225 illa
2242 1205 2334 1235 pecu-

1428 1247 1478 1276 nia
1505 1252 1590 1276 esset
1610 1245 1784 1286 persoluta,
1804 1244 1853 1274 vel
1877 1245 1961 1284 quod
1981 1244 2177 1274 Universitas
2199 1244 2336 1274 solveret

1427 1296 1486 1326 sibi
1499 1302 1528 1325 et
1541 1295 1707 1324 collocaret
1721 1294 1806 1330 alibi,
1819 1294 1847 1323 si
1859 1300 1978 1333 posset.
1995 1292 2092 1333 Cujus
2104 1299 2266 1333 computus
2279 1293 2335 1323 suit

1425 1346 1466 1375 80
1484 1345 1563 1374 libre
1579 1350 1609 1374 et
1627 1345 1663 1374 17
1681 1343 1760 1373 libre
1786 1353 1854 1372 cum
1867 1341 1930 1372 ³....
1954 1342 1995 1372 Et
2011 1342 2074 1372 dati
2091 1343 2214 1372 fuerunt
2235 1343 2335 1382 depu-

1427 1395 1482 1424 tati
1502 1394 1555 1434 qui
1578 1399 1754 1432 computum
1773 1392 1859 1422 illum
1881 1391 2076 1427 audiverunt,
2100 1397 2130 1421 et
2146 1391 2335 1421 deliberave-

1427 1451 1501 1474 runt
1509 1450 1582 1473 tunc
1593 1443 1714 1482 quod...
1729 1442 1844 1471 vellent
1855 1440 2056 1471 Universitati
2070 1440 2223 1476 intimare,
2234 1446 2292 1470 etc.

1470 1493 1542 1534 (Fol.
1568 1494 1606 1522 37
1621 1491 1645 1531 b)
1675 1491 1750 1521 Item
1785 1491 1835 1520 die
1869 1490 1975 1520 ultima
2007 1489 2194 1519 Novembris
2229 1495 2337 1519 vocata

1429 1543 1557 1572 nacione
1592 1541 1764 1581 Anglicana
1798 1550 1854 1579 per
1879 1539 2086 1580 juramentum
2118 1539 2156 1568 ad
2191 1538 2334 1568 Sanctum

1428 1591 1615 1621 Maturinum
1632 1599 1727 1630 super
1745 1590 1866 1618 duobus
1887 1588 2037 1623 articulis,
2058 1588 2204 1618 videlicet
2221 1588 2260 1617 ad
2279 1587 2337 1617 eli-

1429 1642 1564 1681 gendum
1583 1639 1729 1669 nuncium
1753 1649 1790 1667 ex
1815 1644 1902 1678 parte
1926 1637 2066 1667 nacionis
2094 1637 2276 1666 mittendum
2297 1637 2337 1666 ad

1430 1690 1545 1720 curiam
1559 1695 1589 1719 et
1602 1688 1834 1723 inrotulatores‚
1850 1693 1880 1716 et
1889 1688 1927 1716 de
1940 1687 2032 1716 modo
2044 1686 2179 1715 habendi
2188 1685 2337 1725 pecunias

1431 1749 1489 1779 pro
1513 1738 1638 1773 nuncio,
1669 1737 1871 1766 deliberatum
1900 1736 1956 1765 fuit
1986 1736 2070 1775 quod
2093 1735 2338 1774 suspenderetur

1433 1795 1529 1818 totum
1550 1797 1650 1827 usque
1671 1792 1744 1826 post
1765 1785 1866 1815 audita
1885 1785 1918 1814 in
1937 1784 2183 1824 congregacione
2200 1783 2338 1823 generali

1434 1836 1664 1871 Universitatis,
1680 1835 1752 1875 quia
1767 1835 1873 1864 eadem
1888 1833 1938 1863 die
1958 1833 2111 1863 celebrata
2131 1833 2187 1862 suit
2205 1841 2338 1872 congre-

1433 1887 1522 1927 gacio
1538 1884 1758 1916 Universitatis
1774 1884 1811 1912 ad
1829 1883 1958 1912 eundem
1972 1882 2084 1918 locum,
2104 1888 2134 1911 et
2152 1882 2235 1921 quod
2251 1881 2340 1910 fieret

1432 1942 1541 1976 postea
1554 1945 1615 1965 una
1627 1933 1834 1974 congregacio
1846 1942 1942 1972 super
1952 1931 2091 1961 articulis
2103 1930 2193 1971 prius
2208 1940 2339 1970 expres-

1432 1986 1491 2015 sis'.

1472 2034 1548 2064 Item
1569 2033 1600 2062 4⁸
1615 2033 1665 2062 die
1685 2031 1868 2061 Decembris
1885 2040 1966 2059 anno
1984 2035 2018 2059 ut
2038 2039 2134 2069 supra
2153 2034 2340 2068 congregata

1436 2084 1565 2114 nacione
1580 2081 1752 2122 Anglicana
1768 2081 1806 2109 ad
1822 2079 1966 2109 Sanctum
1984 2078 2170 2108 Matutinum
2185 2087 2242 2117 per
2251 2075 2339 2117 jura-

1433 2139 1570 2163 mentum
1583 2140 1678 2171 super
1695 2129 1850 2169 aliquibus
1865 2128 2015 2163 articulis,
2033 2126 2182 2157 translata
2193 2126 2249 2156 fuit
2263 2135 2340 2155 con-

1436 2181 1583 2223 gregacio
1611 2189 1710 2219 usque
1739 2179 1777 2208 ad
1806 2177 1973 2207 crastinum
2002 2176 2140 2216 Nycolay
2163 2175 2279 2204 mensis
2306 2180 2341 2204 ut

1435 2240 1541 2271 supra,
1562 2235 1693 2270 propter
1717 2227 1996 2267 congregacionem
2022 2224 2253 2259 Universitatis,
2280 2233 2340 2263 que

1439 2287 1511 2310 tunc
1526 2278 1675 2318 temporis
1691 2277 1747 2307 suit
1758 2277 1790 2306 in
1805 2277 1914 2306 eodem
1927 2275 1996 2304 loco
2009 2274 2173 2303 celebrata.

1478 2329 1553 2358 Item
1571 2327 1702 2367 septima
1719 2326 1768 2355 die
1787 2324 1968 2355 Decembris
1983 2333 2064 2352 anno
2080 2329 2115 2352 ut
2128 2330 2222 2362 supra
2233 2327 2342 2351 vocata

1439 2378 1567 2408 nacione
1586 2376 1759 2416 Anglicana
1779 2375 1811 2404 in
1828 2375 1920 2403 domo
1938 2372 2080 2413 predicta
2093 2371 2126 2400 in
2143 2370 2288 2410 capitulo,
2308 2370 2341 2399 in

1437 2427 1548 2467 primis
1575 2426 1689 2456 Nostre
1718 2423 1850 2454 Domine
1877 2432 1972 2462 super
2001 2421 2156 2460 aliquibus
2189 2419 2340 2455 articulis,

1439 2486 1570 2516 quorum
1585 2475 1704 2514 primus
1719 2473 1774 2503 fuit
1793 2473 1831 2501 de
1849 2472 1940 2501 modo
1959 2469 2091 2500 habendi
2110 2468 2271 2508 pecuniam
2283 2477 2342 2507 pro

1440 2525 1565 2560 nuncio,
1582 2530 1613 2553 et
1627 2523 1822 2552 deferebatur
1833 2520 1992 2550 articulus.

1475 2575 1521 2603 2¹¹⁸
1547 2573 1604 2603 suit
1624 2572 1663 2601 ad
1688 2571 1864 2611 eligendum
1887 2568 2033 2598 nuncium
2053 2574 2084 2597 et
2108 2566 2339 2596 inrotulatores.

1436 2623 1559 2653 Electus
1572 2622 1628 2651 suit
1642 2621 1673 2650 in
1688 2619 1832 2649 nuncium
1843 2618 1905 2657 a[b]
1922 2616 2063 2656 ampliori
2079 2622 2165 2655 parte
2181 2614 2342 2655 magistro-

1439 2682 1506 2702 rum
1516 2678 1588 2701 tunc
1598 2669 1793 2710 presencium
1803 2667 1952 2707 magister
1960 2666 2155 2695 Hermannus
2168 2665 2206 2693 de
2217 2664 2342 2693 Botten-

1439 2722 1551 2757 broec;
1577 2726 1608 2749 et
1628 2718 1718 2749 electi
1739 2718 1861 2747 fuerunt
1880 2716 1911 2745 in
1933 2714 2152 2744 inrotulatores
2178 2712 2343 2743 reverendi

1437 2769 1577 2810 magistri
1598 2768 1747 2807 magister
1767 2764 1954 2796 Wilhelmus
1978 2763 2101 2798 Scotus,
2124 2761 2284 2791 Marcilius
2305 2761 2343 2790 de

1441 2819 1559 2859 lnghen
1577 2823 1606 2847 et
1621 2816 1768 2856 magister
1784 2815 1938 2844 Jordanus
1956 2813 1994 2842 de
2012 2812 2121 2842 Clivis.

1467 2904 1491 2927 4.
1526 2901 1646 2933 Sequitur
1663 2898 1770 2931 aliquod
1790 2898 1891 2922 verbum
1914 2897 2057 2920 atramento
2078 2893 2248 2922 maculatum,
2274 2891 2345 2924 quod

1439 2938 1538 2963 videtur
1548 2936 1629 2968 suia-w
1641 2934 1789 2967 reparanda
1803 2933 1841 2957 biae
1852 2932 1981 2964 scriptum.

1469 2976 1491 2998 5.
1525 2972 1640 3005 Spatium
1651 2972 1677 2995 in
1688 2973 1751 2994 m3‘0.
