2632 3464
421 444 472 470 495
964 441 1186 468 AUCTARIUM
1207 439 1466 467 CHARTULARII
1484 440 1658 468 UNIVERS.
1679 442 1798 469 PARIS.
1861 461 1863 463 ι
2285 446 2336 472 496

422 520 559 549 nacionis
583 519 719 558 predicte
748 519 829 558 apud
856 518 1000 547 Sanctum
1032 517 1219 546 Maturinum
1250 517 1325 545 hora

423 569 480 598 111³
511 575 582 607 post
607 568 768 607 prandium
795 568 833 597 ad
864 567 1110 606 supplicandum,
1140 565 1326 605 supplicavit

422 618 565 647 dominus
592 617 763 646 Stanislaus
790 617 828 645 de
855 616 984 645 Polonia
1007 615 1139 650 nacioni‚
1173 621 1324 653 quatenus

423 667 509 695 nacio
526 667 619 696 vellet
633 667 733 705 ipsum
752 666 864 694 habere
883 671 1096 704 supportatum
1113 665 1149 692 de
1168 664 1326 692 solucione

423 717 585 745 bursarum
607 715 734 744 licencie
758 725 824 749 sue,
849 724 916 743 cum
936 714 1002 752 ipse
1023 723 1084 741 non
1100 713 1227 741 haberet
1244 713 1326 741 unde

424 765 568 798 solveret,
590 765 713 803 dempto
736 773 831 803 opere
853 762 995 792 manuali.
1021 761 1116 801 Cujus
1136 761 1326 800 supplicacio

424 814 480 843 fuit
510 823 657 842 concessa
683 823 719 841 ex
749 812 901 841 communi
927 821 1081 840 consensu
1107 810 1325 849 magistrorum

423 863 535 891 ibidem
571 863 602 891 in
635 861 880 901 congregacione
916 860 1126 894 existendum,
1161 859 1326 888 dummodo

423 911 515 940 vellet
524 910 630 950 jurare
646 916 789 939 statutum
802 909 1003 949 paupertatiS,
1019 909 1102 948 quod
1117 907 1192 937 alias
1203 907 1326 948 jurave-

424 967 471 989 rat
498 960 529 988 in
562 959 800 988 determinancia
834 968 898 987 sua.
940 958 1011 997 Ipse
1046 957 1210 996 respondit
1242 957 1326 996 quod

423 1009 515 1038 vellet
532 1008 636 1048 jurare
656 1008 825 1047 predictum
847 1013 990 1036 statutum
998 1018 1006 1042 ;
1029 1007 1112 1046 quod
1129 1005 1244 1045 juravit
1263 1016 1327 1034 non

424 1058 454 1086 in
468 1058 630 1097 presencia
647 1057 759 1086 ibidem
775 1057 925 1091 nacionis,
940 1054 1116 1094 sedjuravit
1131 1055 1327 1094 procuratori

424 1107 454 1135 in
468 1108 558 1135 domo
575 1117 640 1141 sua,
658 1106 729 1145 quia
744 1106 822 1134 liber
834 1106 863 1134 in
875 1115 936 1144 quo
947 1104 1142 1133 continentur
1153 1103 1326 1144 juramenta

423 1166 484 1184 non
498 1162 562 1184 erat
577 1156 619 1183 ibi
636 1155 666 1184 in
678 1155 840 1194 presencia
855 1154 1004 1183 nacionis.

423 1261 494 1301 (Fol.
538 1261 611 1300 52¹³)
658 1261 726 1290 Isti
769 1267 854 1290 sunt
893 1260 1086 1290 licenciati
1120 1261 1156 1289 in
1193 1270 1326 1300 procu-

486 1311 628 1339 ratoria
656 1311 826 1349 magistri
854 1309 1012 1338 Arnoldi
1044 1311 1086 1339 de
1117 1309 1253 1348 Ghyse.

461 1399 566 1428 Primo
588 1400 766 1429 licenciatus
793 1399 849 1428 fuit
872 1399 1052 1428 domicellus
1078 1399 1262 1428 Fredericus
1287 1400 1324 1428 de

420 1449 509 1487 Ropa
531 1450 588 1478 sub
613 1449 761 1488 magistro
785 1448 960 1477 Hermanno
983 1448 1098 1483 Roeve,
1120 1447 1207 1487 cujus
1231 1449 1325 1477 bursa

420 1498 491 1526 VIII
506 1498 608 1526 solidi.
628 1497 735 1527 Solvit.

460 1547 534 1575 Item
557 1547 735 1576 licenciatus
754 1547 809 1575 fuit
825 1547 967 1575 dominus
985 1546 1138 1575 Henricus
1161 1546 1244 1576 Tuve
1265 1547 1322 1576 sub

419 1596 568 1634 magistro
582 1596 738 1634 Liphardo
756 1596 793 1624 de
817 1595 970 1630 Dattelen,
993 1594 1079 1634 cujus
1097 1596 1191 1624 bursa
1205 1595 1278 1624 VIII
1293 1606 1319 1625 s.

461 1645 534 1673 Item
544 1644 721 1673 licenciatus
731 1645 786 1674 fuit
795 1644 937 1673 dominus
944 1643 1024 1673 Mar-

418 1694 500 1722 tinus
514 1693 704 1728 Ghiseberti,
718 1693 805 1732 cujus
819 1694 912 1722 bursa
924 1693 950 1721 V
963 1693 1020 1722 sol.

418 1742 490 1772 VIII
507 1743 636 1771 denarii.
655 1743 763 1771 Solvit.

461 1792 534 1820 Item
572 1792 750 1820 licenciatus
789 1792 844 1820 fuit
881 1791 1022 1820 dominus

419 1841 530 1869 Petrus
542 1839 683 1879 Catwijc,
694 1841 788 1869 bursa
801 1840 826 1869 V
838 1839 1022 1875 solidi,VIll

418 1889 547 1918 denarii.
566 1889 699 1927 [Posuit]
720 1889 845 1928 pignus.

459 1938 532 1967 Item
546 1938 724 1967 licenciatus
738 1938 793 1967 fuit
805 1938 947 1967 dominus
959 1938 1092 1967 Jacobus
1103 1938 1140 1966 de
1152 1937 1252 1976 Praga
1264 1939 1320 1967 sub

418 1987 565 2026 magistro
583 1987 721 2017 Johanne
741 1988 777 2016 de
797 1987 940 2022 Saxonia,
959 1985 1045 2026 cujus
1067 1987 1161 2015 bursa
1183 1987 1242 2015 1111
1260 1987 1319 2016 sol.

419 2035 528 2065 Solvit.

458 2085 532 2113 Item
552 2084 733 2114 licenciatus
756 2084 811 2113 fuit
829 2084 971 2113 dominus
990 2083 1089 2113 Ghiso
1106 2085 1143 2113 de
1166 2084 1320 2124 Ratingen

418 2134 474 2162 sub
493 2134 640 2172 magistro
653 2133 789 2162 Jordano
803 2134 840 2162 de
856 2132 964 2168 Clivis,
981 2132 1067 2172 cujus
1081 2134 1174 2162 bursa
1189 2133 1245 2162 V11
1260 2134 1317 2164 sol.

419 2182 528 2212 Solvit.

458 2231 532 2259 Item
548 2231 725 2260 licenciatus
742 2231 796 2260 fuit
809 2231 950 2260 dominus
967 2230 1099 2260 Thomas
1115 2232 1152 2260 de
1164 2231 1245 2270 Wys
1262 2233 1319 2261 sub

416 2280 563 2319 magistro
589 2279 749 2308 Gherardo
774 2281 811 2308 de
839 2280 962 2315 Calker,
990 2286 1109 2309 rectore
1135 2281 1317 2316 Parisiensi,

418 2328 504 2367 cujus
520 2329 614 2358 bursa
631 2329 670 2357 VI
688 2328 790 2357 solidi.
808 2329 917 2358 Solvit.

456 2378 530 2406 Item
550 2378 728 2406 licenciatus
747 2378 802 2407 suit
822 2378 964 2407 dominus
985 2378 1157 2407 Stanislaus
1172 2379 1209 2407 de
1224 2379 1318 2408 Polo-

416 2426 484 2454 nia¹
508 2427 565 2455 sub
581 2426 729 2466 magistro
744 2426 883 2455 Johanne
903 2428 939 2455 de
958 2427 1097 2462 Polonia,
1118 2426 1205 2466 cujus
1224 2428 1318 2457 bursa

415 2475 520 2510 nichil,
538 2475 610 2514 quia
622 2475 737 2514 juravit
750 2481 893 2504 statutum
910 2476 1110 2514 paupertatis.

456 2523 559 2552 Primo
575 2524 689 2562 incepit
705 2524 884 2553 domicellus
904 2524 1087 2554 Fredericus
1107 2526 1144 2554 de
1160 2525 1249 2564 Ropa
1260 2527 1317 2555 sub

415 2573 562 2611 magistro
573 2573 747 2602 Hermanno
757 2573 872 2608 Roeve,
883 2572 969 2612 cujus
982 2575 1077 2603 bursa
1087 2574 1158 2603 VIII
1169 2585 1194 2603 s.
1207 2574 1315 2604 Solvit.

456 2621 529 2650 Item
545 2621 659 2660 incepit
673 2622 815 2650 dominus
832 2622 984 2651 Henricus
998 2623 1081 2652 Tuve
1096 2624 1152 2652 sub
1169 2623 1317 2662 magistro

416 2669 570 2708 Liphardo
583 2671 620 2698 de
640 2670 774 2705 Dattlen‚
791 2670 878 2710 cujus
892 2672 984 2700 bursa
999 2671 1071 2700 VIII
1086 2672 1189 2701 solidi.
1207 2672 1314 2702 Solvit.

456 2718 529 2746 Item
551 2718 638 2747 Xllla
655 2719 703 2747 die
724 2719 796 2748 Maii
821 2720 898 2748 facta
915 2720 1159 2759 congregacione
1178 2721 1316 2750 nacionis

414 2765 583 2805 Anglicane
601 2769 681 2806 apud
707 2768 850 2797 Sanctum
872 2768 1057 2797 Maturinum
1076 2769 1151 2798 hora
1170 2769 1227 2798 III²
1246 2776 1318 2809 post

1081 1717 1144 1746 Sub
1159 1718 1308 1757 magistro

1131 1766 1256 1796 Galtero

1123 1817 1160 1844 de
1178 1816 1258 1845 Delf.

447 2855 469 2878 1.
504 2857 552 2878 Seu
565 2858 591 2878 ut
604 2856 671 2879 alias
685 2856 805 2880 scribitur
817 2857 847 2880 de
861 2857 999 2888 Mylonow.

446 2890 467 2911 2.
504 2891 574 2920 Quae
583 2890 656 2921 prius
675 2893 778 2914 νοοαιιιν
791 2891 824 2914 ad
839 2889 950 2915 hfisiam.
967 2892 1089 2916 huchiam
1106 2892 1201 2924 Egidii.
1223 2893 1277 2916 Vid.
1293 2901 1314 2916 e.

411 2933 438 2956 g.
453 2933 478 2955 p.
493 2926 546 2953 380,
560 2926 603 2953 40;
616 2927 668 2954 386,
683 2927 711 2954 ιη
726 2928 780 2954 483,
797 2928 834 2950 39.

446 2960 468 2983 3.
507 2962 585 2983 Vacat
595 2961 703 2984 dimidia
712 2962 818 2994 pagina,
834 2965 857 2986 et
869 2963 990 2994 scriptum
1002 2967 1038 2987 eat
1054 2971 1059 2987 :
1073 2964 1154 2987 Vacat
1166 2964 1227 2995 quia
1237 2964 1315 2995 papi-

1364 958 1397 984 10

1364 1203 1398 1229 15

1362 1450 1395 1475 20

1359 1696 1392 1722 25

1358 1942 1392 1967 30

1357 2186 1391 2212 35

1355 2431 1389 2457 40

1354 2676 1387 2701 45

1432 517 1597 556 prandium
1608 518 1644 547 ad
1659 518 1907 558 supplicandum,
1918 519 2103 559 supplicavit
2110 521 2258 561 magister
2267 522 2340 551 Fre-

1434 565 1558 595 dericus
1580 567 1618 596 de
1640 566 1739 607 Ropa,
1764 568 1836 607 quia
1853 569 1920 608 ipse
1939 575 2022 598 esset
2041 569 2227 600 intencionis
2247 571 2338 600 eundi

1434 615 1472 643 ad
1489 615 1617 654 patriam
1638 626 1723 645 suam
1748 623 1778 646 et
1799 618 1949 647 redeundi
1967 618 2108 648 Parisius
2130 625 2223 658 prout
2243 619 2340 650 cicius

1434 664 1559 702 poterit,
1591 665 1736 704 quatinus
1767 666 1854 696 nacio
1879 667 1972 697 vellet
1995 667 2096 706 ipsum
2118 668 2278 698 admittere
2301 669 2341 698 ad

1434 712 1663 752 inrotulandum
1694 720 1838 754 tanquam
1869 722 2062 755 presentem,
2093 717 2125 745 in
2156 727 2230 746 casu
2257 718 2341 757 quod

1434 761 1515 790 infra
1530 772 1617 791 suum
1637 763 1769 792 reditum
1788 764 1826 793 de
1840 765 1941 804 patria
1956 765 2045 795 fieret
2057 766 2178 795 rotulus
2196 772 2226 795 et
2239 767 2341 796 mitte·-

1433 816 1520 839 retur
1531 811 1570 840 ad
1584 811 1699 841 curiam
1713 812 1892 843 Romanam.
1911 813 1951 843 Et
1965 814 2058 843 simili
2073 815 2170 844 forma
2183 815 2341 854 supplica-

1433 859 1478 888 vit
1499 860 1646 899 magister
1667 860 1862 892 Hermannus
1883 862 1998 893 Roeve.
2022 863 2160 900 Quorum
2181 864 2341 904 supplica-

1434 907 1540 937 ciones
1560 909 1683 939 fuerunt
1701 910 1835 940 admisse
1855 921 1872 940 a
1893 912 2033 948 nacione,
2052 913 2218 942 dummodo
2236 913 2339 943 solve-

1433 963 1503 986 rent
1519 957 1676 988 solvenda.

1475 1005 1550 1035 Item
1576 1007 1608 1035 in
1634 1008 1739 1037 eadem
1764 1009 2010 1049 congregacione
2036 1011 2176 1040 nacionis
2198 1011 2337 1051 predicte

1435 1055 1636 1084 deliberatum
1658 1057 1714 1086 fuit
1728 1067 1765 1086 ex
1781 1058 1933 1087 communi
1951 1069 2106 1088 consensu
2121 1060 2339 1099 magistrorum

1435 1103 1550 1133 intrare
1565 1105 1722 1134 tabernam
1733 1107 1770 1134 ad
1781 1108 2005 1146 perpotandum
2015 1118 2127 1137 novum
2141 1109 2321 1148 magistrum
2329 1132 2338 1144 ‚

1435 1159 1465 1182 et
1480 1153 1605 1183 intravit
1619 1154 1706 1183 nacio
1724 1155 1881 1184 tabernam
1899 1163 2103 1196 nuncupatam
2123 1159 2157 1185 al
2171 1159 2198 1186 le
2212 1159 2301 1187 hoeze
2311 1157 2336 1193 ²,

1434 1208 1504 1231 ante
1521 1213 1610 1242 quam
1626 1204 1740 1242 pendet
1755 1204 1877 1243 signum
1893 1205 1931 1233 ad
1946 1206 2069 1235 modum
2085 1206 2224 1246 epytogii
2239 1207 2338 1247 magi-

1435 1258 1581 1287 strorum,
1602 1252 1690 1281 sitam
1709 1253 1740 1281 in
1759 1253 1828 1282 vico
1847 1252 1992 1292 Cythare‚
2011 1254 2064 1284 uhi
2079 1255 2167 1284 nacio
2185 1265 2242 1294 pro
2263 1266 2339 1285 cena

1434 1300 1627 1339 consumpsit
1634 1301 1792 1331 XXXVIII
1802 1302 1932 1338 solidos,
1947 1303 1985 1332 de
2002 1303 2116 1342 quibus
2132 1303 2224 1334 solvit
2240 1305 2338 1344 magi-

1434 1355 1498 1378 ster
1513 1349 1698 1379 Fredericus
1712 1360 1771 1389 pro
1782 1349 1919 1390 jocundo
1934 1352 2062 1381 introitu
2078 1363 2134 1382 suo
2147 1352 2248 1383 XVIII
2267 1354 2339 1382 soli-

1433 1399 1501 1433 dos,
1520 1404 1549 1427 et
1563 1398 1704 1438 magistri
1721 1399 1802 1428 inter
1817 1410 1850 1429 se
1868 1401 2029 1430 solverunt
2042 1401 2212 1437 residuum,
2226 1402 2339 1432 videli-

1433 1453 1481 1476 cet
1495 1447 1626 1487 quilibet
1640 1448 1858 1488 magistrorum
1872 1449 1899 1478 V
1914 1449 2001 1479 albos
2013 1449 2037 1479 ³.

1473 1495 1544 1536 (Fol.
1562 1496 1612 1537 53)
1631 1497 1706 1526 Item
1719 1497 1802 1526 XV1=
1817 1498 1866 1527 die
1884 1499 2000 1528 mensis
2016 1499 2100 1534 Maii,
2115 1499 2193 1529 facta
2207 1510 2336 1540 congre-

1431 1545 1561 1585 gacione
1577 1545 1728 1575 facultatis
1741 1546 1851 1576 artium
1865 1547 1941 1577 hora
1957 1548 2126 1588 primarum
2140 1549 2222 1588 apud
2241 1549 2338 1578 Sanc-

1430 1600 1493 1623 tum
1503 1595 1518 1624 J
1523 1594 1657 1624 ulianum
1668 1605 1834 1634 pauperem
1846 1597 1884 1625 ad
1894 1597 2079 1626 audiendum
2084 1596 2259 1637 juramenta
2269 1608 2337 1628 exa-

1430 1643 1613 1673 minatorum
1628 1643 1733 1683 quinte
1751 1651 1781 1673 et
1798 1651 1883 1674 sexte
1895 1646 2090 1675 audicionum
2106 1646 2216 1676 Sancte
2232 1647 2338 1677 Geno-

1430 1693 1507 1728 feve,
1533 1698 1605 1728 etc.‚
1628 1693 1666 1721 ad
1687 1693 1871 1723 audiendum
1893 1693 2067 1734 juramenta
2087 1695 2337 1726 bachillariorum

1430 1742 1595 1771 earundem
1616 1741 1823 1778 audicionum,
1844 1749 1873 1772 et
1890 1744 1984 1773 eciam
2002 1745 2039 1773 ad
2059 1745 2192 1773 dandum
2207 1745 2338 1784 deputa-

1429 1797 1489 1826 tos,
1506 1791 1559 1830 qui
1574 1790 1717 1820 audirent
1731 1792 1861 1830 quedam
1879 1798 1991 1822 statuta
2009 1793 2160 1823 facultatis
2174 1793 2290 1823 arcium
2306 1800 2336 1823 et

1428 1840 1580 1876 viderent,
1598 1841 1673 1879 quid
1685 1847 1768 1870 esset
1781 1841 1818 1870 de
1833 1841 1946 1870 talibus
1961 1842 2133 1871 faciendum
2150 1849 2180 1872 et
2192 1843 2335 1871 ordinan-

1429 1889 1512 1924 dum,
1530 1895 1601 1925 etc.‚
1621 1890 1816 1930 propositum
1834 1890 1890 1920 fuit
1908 1890 1940 1919 in
1960 1891 2065 1919 eadem
2089 1892 2335 1931 congregacione

1429 1937 1460 1966 in
1481 1938 1708 1968 deliberacione
1732 1939 1895 1974 facultatis,
1920 1949 1988 1968 cum
2009 1940 2170 1979 expediret
2189 1946 2218 1969 et
2237 1940 2335 1970 hone-

1430 1993 1508 2016 stum
1518 1994 1601 2017 esset
1614 1988 1748 2018 facultati
1760 1988 1843 2028 quod
1856 1988 1993 2028 quelibet
2003 1987 2092 2018 nacio
2105 1988 2232 2018 haberet
2244 1999 2334 2018 unam

1429 2046 1534 2075 capam
1549 2036 1720 2072 honestam,
1737 2047 1814 2076 quas
1834 2043 2052 2076 procuratores
2069 2037 2210 2067 nacionis
2223 2038 2334 2068 indue-

1428 2091 1508 2120 rent,
1531 2087 1654 2125 quando
1673 2087 1822 2115 deberent
1843 2086 1928 2115 adire
1951 2096 2057 2126 regem
2077 2086 2127 2116 vel
2149 2087 2332 2122 cardinales,

1429 2134 1606 2174 episcopos,
1626 2136 1720 2164 duces
1744 2135 1792 2164 vel
1814 2134 1935 2174 aliquos
1959 2135 2048 2170 tales,
2069 2141 2099 2164 et
2118 2135 2213 2164 eciam
2240 2146 2335 2175 super

1429 2183 1713 2222 supplicacionibus
1732 2190 1761 2213 et
1778 2183 1911 2223 injuriis.

1468 2233 1508 2261 Et
1520 2233 1551 2261 in
1564 2233 1670 2262 eadem
1687 2233 1935 2273 congregacione
1950 2243 2008 2272 ego
2023 2239 2206 2272 procurator
2220 2243 2333 2272 propo-

1428 2281 1476 2310 sui
1497 2282 1631 2317 nacioni,
1655 2291 1723 2311 cum
1742 2282 1800 2311 iste
1822 2291 1954 2320 presens
1975 2282 2064 2316 liber,
2086 2282 2117 2310 in
2137 2291 2196 2319 quo
2217 2281 2332 2321 scripta

1428 2337 1500 2360 sunt
1521 2337 1586 2360 acta
1608 2337 1637 2360 et
1657 2332 1733 2360 facta
1755 2331 1896 2360 nacionis
1915 2330 2085 2370 Anglicane
2101 2329 2162 2369 jam
2184 2331 2225 2359 sit
2244 2331 2332 2370 quasi

1425 2379 1540 2414 finitus,
1557 2386 1659 2409 utrum
1675 2380 1784 2409 melius
1801 2386 1884 2408 esset
1900 2379 2027 2418 alligare
2047 2378 2098 2408 isti
2119 2379 2200 2408 libro
2223 2389 2332 2409 novam

1425 2428 1579 2468 papirum,
1611 2428 1660 2458 vel
1689 2429 1781 2458 istum
1815 2428 1926 2457 librum
1953 2434 2128 2467 presentem
2161 2438 2276 2466 ponere
2300 2428 2331 2457 in

1425 2477 1518 2506 archa
1537 2477 1677 2506 nacionis
1699 2483 1729 2506 et
1750 2487 1851 2506 emere
1873 2486 1985 2506 novum
2003 2476 2126 2506 librum.
2152 2476 2253 2516 Super
2269 2487 2331 2516 quo

1426 2526 1503 2555 dixit
1519 2526 1606 2555 nacio
1624 2526 1693 2555 viso
1708 2526 1800 2560 libro,
1821 2526 1905 2564 quod
1920 2535 1978 2564 ego
1999 2531 2181 2564 procurator
2199 2525 2275 2554 irem
2293 2527 2329 2555 ad

1425 2581 1617 2614 receptorem
1633 2581 1663 2604 et
1673 2575 1807 2604 dicerem
1821 2574 1892 2609 sibi,
1913 2574 1995 2613 quod
2009 2573 2077 2613 ipse
2089 2580 2203 2603 emeret
2217 2584 2331 2604 novum

1425 2624 1548 2658 librum,
1567 2629 1596 2652 et
1613 2624 1696 2663 quod
1711 2623 1769 2653 iste
1785 2623 1875 2658 liber,
1892 2629 2056 2662 postquam
2072 2629 2234 2662 computus
2255 2633 2330 2653 suus

1425 2679 1508 2701 esset
1524 2683 1541 2701 a
1557 2673 1686 2701 nacione
1705 2672 1827 2701 auditus
1839 2671 1863 2707 ⁴,
1884 2677 2052 2711 poneretur
2067 2672 2099 2700 in
2116 2671 2209 2700 archa
2225 2673 2331 2702 nacio-

1425 2722 1485 2756 nis,
1503 2728 1533 2750 et
1547 2722 1632 2760 quod
1648 2727 1757 2760 postea
1772 2727 1874 2750 cetera
1888 2721 2007 2760 agenda
2025 2720 2056 2749 in
2071 2720 2199 2750 nacione
2215 2721 2328 2750 inscri-

1424 2771 1571 2799 berentur
1587 2770 1646 2799 alio
1664 2769 1744 2798 libro
1765 2779 1857 2799 novo.

1424 2866 1469 2881 rus
1480 2857 1546 2881 fluit.
1560 2859 1588 2881 In
1603 2857 1718 2889 margine
1731 2856 1857 2888 superiori
1869 2856 1916 2888 fol.
1928 2857 1965 2884 53,
1976 2856 2067 2880 iterum
2078 2856 2215 2880 scribitur:
2225 2858 2289 2881 Acta
2300 2857 2328 2880 in

1424 2893 1605 2925 procuratoria
1620 2901 1690 2923 mag.
1703 2892 1810 2916 arnoldi
1821 2892 1852 2916 de
1865 2891 1954 2916 Ghise.

1454 2929 1477 2952 4.
1511 2929 1559 2951 Ma.
1571 2928 1660 2951 iterum
1675 2928 1725 2951 iste
1739 2928 1814 2951 liber.

2629 3233 2632 3236 .
2628 3213 2632 3222 t.
2622 3183 2632 3207 Aa.
2620 3146 2632 3174 «ἢ.
2620 2815 2632 3137 ηὰῄῄᾼ-ηαὲη,;.,ἐι,ωκ-ηιι-
