2632 3464
408 458 459 483 799

407 532 656 562 archidiaconum
676 532 807 562 ecclesie
830 532 1004 567 Scarensis,
1025 532 1078 572 qui
1103 531 1227 571 quidem
1250 537 1316 561 erat

406 581 561 621 obligatus
576 581 699 611 nacioni
715 581 747 610 in
760 581 865 611 multis
881 581 1015 621 punctis.
1028 581 1074 610 3¹²⁸
1084 580 1233 610 articulus
1250 586 1316 609 erat

406 640 502 670 super
528 630 814 670 supplicacionibus
842 636 872 660 et
900 629 1033 670 injuriis.
1060 629 1100 659 Et
1128 629 1315 669 supplicavit

405 685 590 719 procurator
623 679 768 719 quatinus
797 679 963 709 haberetur
993 685 1158 708 excusatus
1189 679 1226 707 de
1257 688 1315 717 per

405 728 507 768 ipsum
523 729 599 758 actis
615 728 646 757 in
667 738 722 758 sua
742 728 977 758 substitucione.
1000 727 1105 757 Eciam
1128 727 1315 766 supplicavit

403 778 541 816 prefatus
557 777 793 806 archidiaconus
810 776 954 816 quatinus
971 776 1060 805 nacio
1080 775 1172 805 vellet
1194 785 1227 804 se
1245 781 1314 805 tan-

403 832 467 855 tum
488 826 648 855 humiliare
667 833 700 856 ut
715 832 919 866 cognosceret
939 836 972 854 se
991 824 1053 864 (sic)
1070 825 1107 854 de
1128 824 1236 854 levatis
1257 834 1314 863 per

403 875 573 904 nacionem.

445 924 546 963 Super
570 923 671 963 primo
693 924 822 953 articulo
848 923 963 952 electus
988 929 1018 952 et
1040 922 1235 952 continuatus
1257 922 1313 952 fuit

403 973 599 1002 concorditer
620 973 768 1012 magister
782 972 940 1002 Johannes
960 973 997 1000 de
1016 971 1187 1011 Egmonda.
1211 971 1312 1010 Super

402 1021 433 1050 2⁰
452 1022 581 1051 articulo
600 1021 782 1050 deliberavit
804 1021 892 1050 nacio
915 1021 997 1060 quod
1016 1021 1043 1049 si
1062 1020 1155 1050 vellet
1174 1030 1208 1049 se
1230 1020 1312 1049 obli-

402 1081 476 1110 gare
494 1070 616 1099 nacioni
632 1071 663 1099 in
682 1070 741 1099 isto
757 1076 884 1109 puncto,
905 1069 1051 1099 videlicet
1068 1070 1106 1098 de
1121 1079 1183 1098 non
1201 1069 1311 1098 domus

400 1119 589 1148 alienacione
615 1119 676 1148 nisi
701 1119 759 1147 hoc
789 1119 881 1148 fuerit
904 1119 941 1147 de
971 1128 1126 1147 consensu
1152 1117 1308 1153 nacionis,

400 1169 478 1197 bene
493 1168 630 1207 placeret
644 1168 704 1197 sibi
722 1168 882 1197 restitucio
897 1167 998 1196 littere
1014 1177 1143 1196 unacum
1158 1177 1310 1206 procura-

399 1217 491 1251 torio,
507 1217 581 1246 alias
600 1227 672 1246 non.
692 1217 793 1256 Super
810 1217 842 1245 3⁰
854 1216 983 1246 articulo
997 1216 1097 1255 primo
1113 1216 1310 1245 concorditer

399 1266 541 1295 exaudita
556 1266 612 1295 fuit
628 1266 819 1305 supplicae-io
833 1265 1061 1304 procuratoris3
1078 1266 1159 1294 unde
1178 1264 1308 1293 habeba-

398 1322 448 1344 tur
465 1321 582 1354 gratus‚
602 1316 868 1344 recommendatus
889 1315 926 1343 de
950 1313 1011 1343 hiis
1029 1324 1089 1353 que
1114 1314 1194 1342 fecit.
1219 1314 1249 1342 2⁰
1270 1314 1308 1343 de

399 1364 630 1404 supplicacione
653 1364 862 1393 archidiaconi
888 1363 997 1402 prefati
1017 1362 1201 1392 deliberavit
1219 1362 1307 1392 nacio

398 1415 481 1453 quod
502 1414 527 1442 si
550 1413 644 1442 vellet
666 1423 700 1442 se
718 1413 898 1442 submittere
917 1412 1039 1441 nacioni
1062 1412 1093 1440 in
1115 1418 1230 1451 puncto
1249 1411 1307 1440 im-

397 1463 527 1492 mediate
541 1469 631 1497 tacto,
640 1463 708 1501 ipsa
718 1462 806 1491 nacio
819 1461 960 1490 obediret
970 1461 1087 1490 racioni
1100 1467 1130 1490 et
1142 1460 1273 1500 liquitati
1282 1460 1290 1479 ⁴
1298 1483 1304 1490 .

396 1512 530 1540 Vocatus
557 1511 719 1550 respondit
745 1511 828 1550 quod
854 1516 992 1540 uteretur
1020 1509 1151 1539 concilio
1180 1520 1305 1539 suorum

397 1561 614 1600 magistrorum
631 1566 660 1589 et
674 1560 804 1589 referret
815 1560 846 1588 in
861 1559 1000 1588 nacione.
1011 1559 1123 1588 Verum
1140 1565 1187 1588 est
1202 1559 1303 1595 etiam,

396 1616 429 1638 ut
448 1609 561 1638 tradidi
579 1609 740 1643 oblivioni,
758 1609 842 1648 quod
858 1609 889 1637 in
906 1609 938 1637 2⁰
955 1608 1084 1637 articulo
1101 1614 1166 1637 erat
1184 1608 1304 1637 mencio

397 1659 474 1687 sacta
489 1659 527 1687 de
542 1658 682 1687 ulteriori
699 1658 896 1687 edificacione
913 1658 1065 1687 scolarum
1079 1658 1212 1696 petendo
1228 1667 1304 1686 con-

396 1708 500 1736 cilium
519 1718 534 1735 a
550 1707 689 1736 nacione.
708 1707 801 1736 Dedit
816 1707 904 1735 nacio
915 1707 1078 1745 deputatos
1094 1706 1137 1735 4⁰¹
1151 1706 1201 1735 vel
1216 1707 1303 1745 quin-

396 1767 467 1796 que,
481 1757 533 1795 qui
547 1756 696 1785 haberent
709 1756 827 1785 avisare
839 1766 932 1785 unum
946 1757 1058 1784 bonum
1070 1756 1192 1784 modum
1209 1765 1305 1794 super

396 1806 630 1835 continuacione
651 1805 803 1834 scolarum
821 1805 1071 1839 edificandarum,
1088 1805 1207 1833 scilicet
1221 1815 1301 1844 mag.

395 1854 564 1884 Johannem
595 1854 775 1889 Forestarii,
803 1854 984 1893 magistrum
1014 1853 1195 1893 Georgium,
1221 1864 1300 1893 mag.

396 1904 570 1943 Hugonem,
590 1914 669 1943 mag.
686 1903 866 1938 Henricum,
882 1909 939 1932 etc.

435 1953 510 1982 Item
530 1953 709 1986 licenciatus
728 1959 775 1981 est
789 1952 932 1981 dominus
948 1951 1055 1981 Navno
1073 1952 1110 1981 de
1130 1952 1225 1981 Dacia
1245 1953 1303 1981 sub

395 2012 474 2041 mag.
500 2001 661 2041 Rutghero
677 2002 714 2030 de
735 2001 866 2036 Zwecia‚
887 2000 973 2040 cujus
1000 2002 1094 2030 bursa
1114 2001 1187 2030 VIII
1206 2001 1263 2030 sol.
1277 2000 1300 2030 ².

436 2051 509 2080 Item
526 2051 640 2089 incepit
655 2050 798 2079 dominus
810 2050 916 2080 Navno
931 2050 969 2079 de
982 2050 1075 2079 Dacia
1086 2049 1098 2067 ³
1114 2051 1171 2079 sub
1182 2051 1301 2085 eodem,

395 2099 481 2140 cujus
501 2101 595 2129 bursa
610 2099 683 2128 VIII
702 2099 760 2129 sol.

435 2150 509 2178 Item
529 2149 708 2178 licenciatus
729 2154 776 2177 est
795 2148 938 2177 dominus
960 2148 1107 2177 Albertus
1130 2149 1166 2177 de
1185 2148 1302 2177 Leder-

394 2199 462 2228 dam
482 2199 538 2227 sub
550 2198 699 2237 magistro
715 2197 864 2227 Nicholao
879 2198 916 2226 de
930 2197 1093 2232 Gameren,
1109 2196 1195 2236 cujus
1208 2198 1303 2226 bursa

394 2248 455 2277 IIII
479 2247 582 2276 solidi.

435 2297 510 2325 Item
535 2296 714 2324 licenciatus
739 2301 787 2324 est
810 2295 954 2324 dominus
975 2294 1100 2324 Ulricus
1119 2294 1228 2324 Basler
1244 2296 1301 2324 sub

394 2345 543 2384 magistro
564 2344 725 2373 Gherardo
749 2344 906 2378 Boutbur,
922 2342 1008 2383 cujus
1028 2345 1122 2373 bursa
1142 2343 1210 2372 XVI
1229 2345 1297 2373 den.

434 2395 509 2423 Item
529 2394 707 2423 licenciatus
726 2399 773 2422 est
793 2393 936 2422 dominus
957 2392 1144 2422 Goeswinus
1160 2394 1198 2422 de
1217 2393 1301 2422 l-Ioe-

393 2454 451 2472 ven
465 2444 522 2472 sub
536 2443 684 2482 magistro
696 2442 836 2471 Johanne
852 2442 889 2471 de
904 2441 1086 2481 Zutphania,
1105 2440 1191 2481 eujus
1207 2443 1301 2471 bursa

395 2492 436 2530 [Il
454 2492 525 2530 sol.]

435 2541 509 2570 Item
534 2541 649 2579 incepit
671 2540 813 2569 dominus
833 2539 979 2568 Albertus
995 2540 1032 2568 de
1048 2539 1219 2568 Lederdam
1242 2540 1300 2568 sub

394 2590 542 2629 magistro
557 2589 705 2619 Nicholao
721 2590 758 2617 de
775 2588 939 2623 Gameren,
956 2587 1042 2627 cujus
1056 2589 1150 2617 bursa
1164 2588 1223 2617 IIII
1240 2588 1298 2617 sol.

435 2638 508 2667 Item
523 2638 637 2677 incepit
653 2638 796 2667 dominus
811 2638 998 2667 Goeswinus
1015 2638 1052 2666 de
1074 2637 1201 2666 Hoeven
1215 2636 1226 2655 ⁴
1243 2638 1300 2666 sub

393 2687 540 2726 magistro
558 2687 697 2716 Johanne
720 2688 757 2716 de
784 2686 966 2726 Zutphania‚
986 2685 1073 2726 cujus
1098 2687 1193 2715 bursa
1220 2686 1247 2715 ΙΙ
1272 2697 1298 2716 s.

423 2802 446 2824 1.
485 2802 538 2826 Vid.
551 2802 620 2833 infra
635 2811 662 2834 p.
675 2803 729 2830 802,
747 2802 769 2825 1.

422 2838 444 2860 2,
479 2839 545 2860 Ilaec
557 2838 668 2865 rubrica,
682 2841 706 2861 ec
720 2837 822 2868 quidem
835 2836 898 2865 sola,
913 2839 998 2860 exstat
1010 2836 1035 2860 in
1054 2839 1118 2865 m³⁸⁶,
1132 2839 1192 2860 ante
1210 2837 1299 2860 Conti-

391 2873 492 2901 nuacio,
507 2875 562 2901 ete..
575 2882 652 2903 supra
660 2882 686 2904 p.
701 2875 754 2902 798,
769 2874 807 2896 41.

422 2909 444 2931 3.
479 2908 538 2931 Sitte
546 2909 624 2931 dubio
633 2912 669 2932 est
678 2909 768 2932 Navno
776 2908 913 2936 Johannis,
922 2910 948 2931 ul
956 2916 981 2939 p.
989 2908 1043 2936 828,
1050 2908 1089 2937 46,
1099 2907 1176 2931 etiam
1185 2910 1298 2936 vocatur,

391 2944 438 2975 qui
446 2952 501 2966 cum
512 2947 574 2967 esset
586 2952 654 2976 mag.
665 2944 758 2967 artium
769 2947 792 2967 et
803 2943 940 2967 canonicus
953 2943 1078 2972 Lundens,
1091 2951 1135 2966 an.
1147 2943 1216 2971 1414,
1229 2945 1297 2974 Sept.

954 456 1178 482 AUCTARIUM
1198 454 1458 482 CHARTULARII
1478 455 1652 483 UNIVERS.
1674 455 1791 483 PARIS.

1369 731 1385 756 5

1349 975 1383 1001 10

1347 1220 1380 1245 15

1344 1465 1378 1491 20

1341 1710 1375 1736 25

1340 1955 1374 1982 30

1339 2200 1372 2226 35

1337 2445 1371 2471 40

1337 2690 1371 2716 45

2281 459 2334 486 800

1465 531 1540 561 Item
1555 532 1734 562 licenciatus
1750 539 1797 562 est
1809 532 1953 562 dominus
1967 532 2122 563 Henricus
2139 534 2177 563 de
2189 533 2333 574 Asperen

1424 581 1481 610 sub
1498 581 1648 621 magistro
1667 581 1803 611 Henrico
1822 581 1999 617 Gorichem,
2019 580 2107 622 cujus
2124 583 2219 612 bursa
2232 583 2260 613 11
2272 584 2331 614 sol.

1464 629 1539 659 Item
1562 630 1679 670 incepit
1697 630 1842 660 dominus
1865 630 2020 660 Henricus
2043 631 2081 660 de
2107 630 2251 671 Asperen
2274 634 2334 662 sub

1423 678 1542 714 eodem,
1557 678 1644 719 cujus
1659 680 1753 708 bursa
1769 679 1797 708 II
1814 679 1917 708 solidi.

1463 727 1538 756 Item
1561 727 1741 757 licenciatus
1766 735 1813 757 est
1832 728 1975 758 dominus
1998 728 2131 758 Michael
2148 728 2272 759 Andree
2294 730 2334 760 de

1423 775 1549 814 Leyden
1571 777 1629 805 sub
1651 777 1801 816 magistro
1823 776 1973 806 Nicholao
1995 778 2033 807 de
2056 777 2220 814 Gameren,
2244 778 2332 819 cujus

1422 825 1516 854 bursa
1528 825 1585 854 VII
1605 825 1707 855 solidi.

1463 874 1538 903 Item
1559 874 1676 914 incepit
1695 875 1839 904 dominus
1857 875 1989 904 Michael
2008 875 2133 905 Andree
2149 876 2187 906 de
2203 876 2329 916 Leyden

1422 923 1479 951 sub
1492 923 1612 958 eodem,
1633 922 1719 963 cujus
1732 924 1827 953 bursa
1840 924 1896 953 VII
1913 924 2017 954 solidi.

1461 971 1533 1010 (Ποῖ.
1559 974 1595 1001 49
1611 971 1634 1011 b)
1652 972 1726 1001 Item
1748 972 1929 1002 licenciatus
1951 979 1999 1002 est
2018 974 2162 1004 dominus
2179 973 2329 1004 Albertus

1421 1019 1539 1059 Pagani
1561 1021 1619 1050 sub
1639 1021 1788 1060 magistro
1803 1021 1942 1051 Johanne
1960 1022 2112 1058 Boutbur,
2130 1022 2216 1063 cujus
2234 1024 2328 1053 bursa

1418 1068 1488 1098 XVI
1504 1069 1633 1098 denarii.

1827 1123 1924 1154 1399

1641 1190 1890 1220 Continuacio
1922 1189 2104 1231 ejusdem.

1459 1265 1550 1295 Facta
1578 1266 1825 1306 congregacione
1854 1267 1994 1296 nacionis
2021 1266 2134 1307 Anglie
2158 1267 2254 1297 XXV¹
2277 1269 2328 1298 die

1417 1315 1533 1343 mensis
1545 1314 1617 1354 Maij
1634 1315 1714 1354 apud
1732 1314 1877 1344 Sanctum
1892 1315 2047 1345 ‚lulianum
2059 1326 2238 1356 pauperem,
2256 1327 2326 1356 pro-

1416 1370 1489 1393 tunc
1507 1364 1754 1404 congregacione
1768 1364 1919 1394 facultatis
1935 1364 2098 1400 celebrata,
2114 1375 2209 1404 super
2225 1366 2326 1396 tribus

1416 1412 1565 1442 articulis.
1584 1412 1708 1442 Primus
1729 1419 1794 1442 erat
1811 1419 1906 1453 super
1920 1413 2069 1443 electione
2086 1414 2159 1444 novi
2174 1425 2326 1454 procura-

1415 1462 1493 1491 toris
1510 1462 1559 1502 vel
1576 1462 1667 1501 primi
1684 1462 1930 1492 continuacione.
1950 1463 1996 1492 2¹¹⁵
2013 1469 2079 1492 erat
2100 1473 2196 1503 super
2212 1464 2326 1503 aliqui-

1414 1511 1473 1540 bus
1482 1511 1640 1540 nacionem
1656 1511 1854 1550 tangentibus
1862 1522 1870 1546 ;
1888 1512 1989 1550 primo
1999 1512 2038 1541 ad
2046 1512 2231 1542 audiendum
2244 1523 2324 1543 com-

1413 1566 1519 1599 potum
1543 1559 1731 1599 receptoris;
1752 1561 1783 1589 2⁰
1802 1561 1841 1589 ad
1860 1560 2046 1590 audiendum
2063 1561 2324 1601 composicionem

1414 1609 1521 1638 factam
1539 1619 1634 1648 super
1655 1609 1746 1638 domo
1769 1611 1798 1638 in
1815 1620 1906 1638 cor-nu
1919 1611 2006 1638 cervi.
2024 1609 2113 1639 Unde
2129 1610 2230 1650 tetigit
2248 1621 2325 1650 pro-

1413 1664 1548 1693 curator,
1568 1658 1723 1697 quomodo
1745 1658 1918 1698 aliquorum
1941 1658 2162 1698 magistrorum
2178 1659 2321 1696 concilio,

1413 1706 1532 1736 scilicet
1547 1707 1719 1747 receptoris
1733 1713 1764 1736 et
1780 1707 1909 1737 aliorum
1926 1707 2032 1743 eciam,
2050 1708 2160 1738 domus
2182 1710 2212 1737 in
2232 1719 2324 1739 corna

1412 1757 1492 1785 cervi
1507 1762 1590 1786 esset
1611 1756 1709 1785 locata
1729 1766 1785 1796 per
1803 1766 1897 1786 unum
1917 1756 2111 1786 lumbardum
2127 1767 2184 1796 pro
2203 1757 2322 1788 XXIIII

1413 1806 1508 1835 scutis
1524 1812 1553 1835 et
1566 1815 1627 1835 uno
1646 1806 1750 1834 franco
1766 1815 1824 1845 pro
1841 1805 2099 1835 immundiciebus
2113 1807 2322 1843 removendis,

1411 1861 1526 1884 attento
1550 1854 1610 1884 isto
1629 1855 1712 1894 quod
1735 1864 1797 1884 non
1820 1854 1981 1894 expediret
2004 1864 2115 1894 capere
2139 1855 2322 1895 magistrum

1412 1904 1559 1933 Thomam
1585 1903 1676 1932 Fabri
1706 1903 1738 1932 in
1768 1903 1853 1932 illius
1881 1904 1991 1933 domus
2019 1904 2136 1943 prefate
2167 1904 2321 1944 locagium

1412 1953 1551 1992 quamvis
1562 1952 1660 1992 prima
1676 1952 1751 1981 facie
1761 1953 1883 1982 tradere
1898 1952 2050 1982 voluisset
2061 1952 2184 1982 nacioni
2200 1960 2320 1983 centum

1412 2009 1498 2031 scuta
1515 2008 1545 2031 et
1562 2002 1622 2031 sibi
1644 2001 1870 2031 desalcarentur
1894 2001 1963 2030 XVI
1986 2002 2083 2031 franci
2105 2011 2164 2041 pro
2186 2002 2320 2043 locagio.

1411 2052 1457 2080 3¹¹⁸
1473 2051 1620 2080 articulus
1638 2057 1703 2079 erat
1718 2060 1814 2090 super
1831 2050 2118 2090 supplicacionibus
2136 2057 2166 2081 et
2184 2050 2319 2091 injuriis.

1412 2100 1452 2129 Et
1466 2099 1653 2139 supplicavit
1667 2105 1850 2138 procurator
1868 2099 2013 2139 quatinus
2026 2099 2192 2129 haberetur
2202 2110 2320 2130 recom—

1411 2150 1572 2178 mendatus
1586 2155 1616 2178 et
1630 2155 1756 2178 avuatus
1774 2149 1812 2177 de
1827 2148 1888 2177 hiis
1902 2158 1961 2188 que
1980 2149 2061 2178 fecit.

1452 2198 1553 2237 Super
1573 2198 1673 2237 primo
1690 2197 1820 2227 articulo
1836 2197 2033 2227 concorditer
2047 2197 2243 2227 continuatus
2264 2198 2320 2228 fuit

1410 2247 1558 2287 magister
1579 2246 1736 2276 Johannes
1760 2246 1798 2275 de
1821 2246 1994 2286 Egmonda,
2014 2246 2066 2286 qui
2088 2252 2220 2286 protunc
2244 2257 2320 2286 pro-

1410 2296 1527 2335 pinavit
1551 2295 1579 2325 X
1603 2295 1721 2325 solidos
1743 2305 1800 2334 pro
1825 2295 1924 2334 prima
1945 2296 2170 2335 procuratoria,
2194 2306 2261 2325 cum
2286 2296 2318 2325 in

1410 2345 1509 2384 prima
1528 2355 1589 2373 non
1610 2344 1749 2374 solverit.
1772 2344 1873 2384 Super
1893 2345 1924 2373 2⁰
1946 2344 2074 2373 articulo
2099 2356 2105 2373 :
2125 2345 2163 2373 ad
2186 2345 2319 2383 primum

1410 2394 1606 2422 concorditer
1627 2394 1823 2422 deferebatur
1842 2399 2003 2432 compotus
2022 2393 2060 2422 ad
2077 2393 2165 2422 aliam
2184 2403 2320 2433 congre-

1410 2443 1584 2482 gacionem;
1602 2443 1640 2471 ad
1656 2442 1824 2471 secundum
1841 2442 1957 2481 placuit
1971 2442 2093 2471 nacioni
2112 2441 2170 2471 hoc
2188 2442 2230 2471 ita
2247 2452 2318 2472 esse

1409 2492 1594 2520 ordinatum.
1615 2491 1716 2531 Super
1739 2492 1770 2520 3⁰
1791 2490 1920 2520 articulo
1943 2500 2091 2520 concessa
2111 2497 2176 2520 erat
2195 2491 2319 2531 suppli-

1409 2541 1493 2569 cacio
1515 2540 1631 2569 domini
1657 2540 1869 2580 procuratoris
1896 2541 1976 2569 unde
2002 2539 2172 2569 habebatur
2195 2546 2314 2579 gratus,

1408 2590 1673 2618 recommendatus
1687 2595 1745 2618 etc.

1449 2638 1524 2667 Item
1542 2638 1720 2667 licenciatus
1737 2644 1784 2667 est
1798 2637 1941 2666 dominus
1953 2637 2110 2667 Johannes
2123 2637 2316 2667 Achirlomin

1409 2688 1466 2716 sub
1483 2687 1630 2726 magistro
1648 2686 1787 2716 Johanne
1809 2686 1962 2722 Boutbur,
1986 2685 2073 2726 cujus
2092 2687 2188 2716 bursa
2207 2686 2266 2716 IIII
2287 2696 2316 2716 s.

1409 2801 1446 2829 12,
1464 2801 1550 2831 sactus
1573 2803 1611 2824 eat
1629 2801 1760 2832 episcopus
1781 2800 1920 2827 Arosiens„
1940 2808 1984 2824 an.
2008 2800 2077 2830 1421,
2105 2800 2156 2824 Iul.
2180 2801 2218 2830 14,
2238 2800 2315 2832 episc.

1409 2835 1554 2860 Othoniens.
1569 2836 1655 2867 (At-ch.
1672 2838 1736 2861 Val..
1751 2844 1813 2859 arm.
1830 2836 1884 2863 ΧΠ,
1898 2835 1962 2867 121).

1438 2872 1460 2894 4.
1495 2873 1542 2894 An.
1558 2872 1694 2895 1412-1413
1708 2871 1733 2894 in
1752 2871 1863 2895 Univera.
1879 2871 1967 2894 Calon.
1982 2873 2008 2894 ut
2027 2874 2076 2895 art.
2093 2874 2118 2894 et
2135 2871 2226 2894 medic.
2246 2880 2315 2904 mag.

1408 2907 1543 2938 inscriptus
1556 2910 1594 2930 eal
1607 2907 1669 2938 (vid.
1682 2915 1760 2938 supra
1772 2915 1797 2938 p.
1813 2907 1867 2934 736,
1882 2909 1934 2930 not.
1945 2906 1979 2939 3),
1993 2908 2040 2930 An.
2055 2906 2194 2930 1418-1419
2212 2906 2238 2930 in
2253 2906 2317 2930 Um·-

1408 2942 1526 3010 ἷεςῖίὲιςιε
1542 2942 1701 2974 Heidelberg.
1713 2942 1842 2973 (Tonpxz,
1858 2942 1903 2966 Die
1917 2942 2038 2966 Matrikel
2053 2942 2078 2966 d.
2093 2942 2171 2966 Univ.
2185 2941 2316 2971 Heidelh„

1422 2996 1427 3007 ,
1500 2996 1506 3002 .
