2632 3464
407 437 459 463 695

412 521 575 549 rectorem,
609 519 732 542 curatus
762 511 942 541 Sanctorum
975 510 1087 539 Cosme
1119 516 1148 538 et
1178 509 1318 538 Damiani

412 564 498 593 venit
514 564 551 592 ad
567 562 726 591 nacionem
742 567 771 590 et
786 560 982 599 supplicavit,
998 559 1142 598 quatinus
1155 558 1244 587 nacio
1259 558 1319 587 sibi

412 613 505 643 vellet
519 611 683 641 subvenire
696 611 727 639 in
740 610 842 649 aliqua
858 609 985 648 pecunia
1002 609 1039 637 ad
1056 607 1319 637 reedificacionem

413 660 542 690 ecclesie
561 669 626 694 sue,
641 657 727 697 cujus
746 657 892 686 medietas
908 662 972 684 erat
988 656 1112 684 omnino
1131 655 1317 693 discoperta.

415 710 516 749 Super
549 718 610 747 quo
639 707 726 736 nacio
753 706 934 735 deliberavit
965 705 1048 734 nullo
1076 703 1318 739 contradicente,

410 759 494 798 quod
519 759 596 786 bene
624 756 759 795 placeret
781 754 840 784 sibi
868 754 1032 783 subvenire
1058 753 1089 781 in
1116 753 1230 791 aliquo.
1259 752 1320 781 Sed

413 808 485 847 quia
501 812 646 846 receptor
667 812 738 834 tunc
758 814 820 833 non
840 803 977 832 interfuit
1001 801 1253 841 congregacioni,
1277 802 1320 830 di-

416 856 502 887 stulit
516 855 603 884 nacio
620 861 748 894 protunc
764 859 867 882 taxare
884 862 1030 881 summam
1042 852 1123 880 dicto
1135 857 1240 880 curato
1258 857 1322 879 tra-

416 907 546 936 dendam
578 914 634 943 pro
666 902 780 931 fabrica
810 902 972 936 antedicta,
1000 910 1161 940 quousque
1190 900 1323 929 sciretur

414 955 568 995 quantitas
581 952 711 992 pecunie
729 951 867 980 nacionis
880 961 895 979 a
912 956 1084 989 receptore.

454 1004 545 1032 Facta
567 1001 812 1041 congregacione
834 999 1055 1029 Universitatis
1074 999 1154 1038 apud
1179 998 1323 1027 Sanctum

412 1053 603 1084 Maturinum
626 1050 769 1080 XXV111=
784 1049 833 1078 die
855 1049 1012 1083 Octobris,
1030 1058 1110 1077 anno
1133 1047 1257 1077 Domini
1280 1044 1325 1076 M⁰

411 1104 434 1134 C
449 1103 536 1133 CC¹¹¹⁰
553 1099 753 1139 nonagesimo
769 1105 889 1137 quarto,
905 1098 956 1127 ubi
975 1104 1004 1127 et
1021 1098 1098 1126 facta
1117 1097 1171 1126 fuit
1190 1107 1324 1136 congre-

411 1152 504 1192 gacio
520 1150 657 1179 nacionis
674 1158 768 1187 super
783 1158 844 1177 uno
860 1147 1000 1181 articulo,
1011 1146 1157 1175 videlicet
1166 1147 1205 1175 ad
1219 1146 1323 1175 viden-

413 1203 484 1230 dum
506 1206 651 1239 quantum
673 1198 810 1237 placeret
829 1196 950 1225 nacioni
972 1197 1094 1225 tradere
1118 1196 1156 1224 ad
1179 1195 1323 1224 fabricam

415 1249 547 1279 ecclesie
561 1254 735 1277 sanctorum
752 1246 864 1275 Cosme
878 1252 907 1274 et
921 1245 1072 1279 Damiani,
1090 1251 1120 1274 et
1134 1244 1249 1284 placuit
1263 1254 1323 1273 ma-

407 1299 471 1339 jori
490 1298 570 1338 parti
589 1296 727 1326 nacionis
749 1302 782 1324 ut
804 1301 947 1334 receptor
966 1295 1102 1323 traderet
1119 1300 1224 1323 curato
1243 1293 1323 1322 dicte

412 1348 547 1378 ecclesie
563 1357 599 1375 ex
618 1352 704 1385 parte
723 1345 861 1374 nacionis
874 1344 1011 1383 quinque
1029 1344 1160 1372 francos.

455 1397 545 1426 Facta
554 1394 799 1434 congregacione
809 1393 947 1422 nacionis
956 1392 1126 1432 Anglicane
1135 1393 1214 1431 apud
1226 1392 1324 1421 Sanc-

412 1454 474 1476 tum
501 1445 687 1474 Maturinum
711 1453 768 1482 per
787 1442 993 1482 juramentum
1017 1442 1105 1470 Xllla
1133 1442 1181 1470 die
1207 1441 1323 1470 mensis

414 1494 611 1527 Novembris,
637 1503 716 1522 anno
742 1503 802 1531 quo
823 1502 928 1530 supra,
948 1501 1042 1530 super
1055 1491 1154 1520 tribus
1172 1490 1321 1519 articulis.

414 1545 537 1574 Primus
556 1549 620 1572 erat
637 1543 674 1571 ad
690 1541 906 1575 ordinandum,
924 1547 953 1569 et
969 1540 994 1569 si
1006 1540 1142 1580 placeret
1156 1541 1254 1568 facere
1271 1550 1323 1569 so-

414 1594 536 1632 lempne
552 1591 714 1632 prandium
735 1591 765 1619 in
787 1591 864 1619 festo
886 1589 967 1619 beati
988 1589 1161 1618 Eadmundi
1181 1595 1214 1618 ut
1228 1589 1323 1618 moris

415 1649 472 1677 est,
493 1649 523 1671 et
540 1641 634 1670 eciam
656 1641 693 1669 ad
715 1640 962 1669 constituendum
984 1638 1165 1678 provisores
1188 1638 1219 1667 in
1237 1648 1322 1674 casu,

414 1702 475 1731 quo
502 1691 637 1730 placeret
660 1689 780 1718 nacioni
807 1688 968 1727 prandium
999 1689 1108 1716 facere.
1135 1688 1180 1716 2¹¹⁸
1198 1694 1263 1717 erat
1286 1688 1325 1716 ad

414 1741 600 1770 audiendum
624 1745 798 1777 compotum
819 1738 1003 1777 receptoris,
1027 1738 1072 1766 3¹¹⁸
1090 1747 1185 1776 super
1202 1737 1324 1776 suppli-

415 1789 596 1819 cacionibus
613 1794 641 1817 et
662 1786 793 1826 injuriis.
815 1787 934 1823 Quibus
955 1787 999 1815 sic
1018 1796 1073 1825 per
1094 1792 1324 1825 procuratorem

415 1840 446 1868 in
469 1837 695 1867 deliberacione
714 1836 835 1875 positis,
858 1836 1005 1875 magister
1023 1835 1179 1865 Johannes
1205 1836 1242 1864 de
1260 1835 1325 1864 Au-

416 1888 492 1917 stria
515 1886 695 1915 monstravit
710 1885 831 1914 nacioni
846 1885 1000 1924 quomodo
1017 1885 1224 1919 considerato,
1242 1885 1324 1923 quod

416 1938 446 1966 in
470 1936 600 1966 ecclesia
620 1936 777 1964 beatorum
801 1934 912 1963 Cosme
935 1940 964 1963 et
985 1934 1124 1962 Damiani
1147 1934 1234 1962 nacio
1251 1943 1324 1972 sepe

417 1986 618 2015 conveniebat
634 1985 670 2013 ad
686 1984 870 2013 audiendum
883 1983 986 2012 divina
1004 1989 1033 2012 et
1050 1983 1144 2011 eciam
1163 1984 1245 2022 quod
1261 1988 1326 2011 erat

416 2035 550 2064 ecclesia
566 2033 741 2072 specialiter
757 2033 852 2061 electa
872 2042 930 2072 per
946 2032 1117 2066 nacionem,
1135 2032 1219 2071 quod
1233 2031 1325 2060 nimis

416 2084 569 2113 modicum
586 2089 651 2112 erat
672 2083 794 2111 tradere
812 2082 927 2110 fabrice
951 2081 1087 2120 ejusdem
1107 2081 1168 2109 nisi
1188 2081 1325 2120 quinque

417 2135 549 2162 francos.
583 2132 691 2168 Quoad
718 2131 848 2170 primum
875 2131 1036 2159 articulum
1064 2130 1178 2169 placuit
1204 2130 1326 2159 nacioni

418 2183 516 2211 facere
536 2182 655 2215 festum,
674 2187 703 2209 et
725 2180 883 2219 solempne
907 2180 1068 2218 prandium
1090 2179 1121 2208 in
1144 2180 1222 2208 festo
1244 2180 1325 2208 beati

417 2230 602 2265 Eadmundi,
618 2236 648 2258 et
666 2229 887 2258 ordinaverunt
902 2235 965 2257 tres
985 2229 1165 2267 provisores
1183 2228 1326 2257 videlicet

417 2280 581 2319 magistros
610 2278 708 2307 David
731 2279 768 2306 de
794 2277 918 2316 Edevy,
939 2277 1107 2306 Johannem
1131 2278 1167 2306 de
1190 2277 1274 2306 Veen
1297 2283 1326 2306 et

416 2330 570 2358 Andream
586 2328 623 2356 de
643 2327 779 2356 Austria.
796 2327 841 2355 De
861 2327 892 2355 2⁰
909 2326 1037 2355 articulo
1054 2332 1254 2365 prorogatum
1271 2326 1326 2355 fuit

417 2384 590 2416 compotum
613 2376 785 2415 receptoris
810 2386 907 2414 usque
932 2382 1002 2414 post
1020 2376 1129 2404 festum
1147 2375 1227 2404 beati
1243 2375 1326 2404 Ead-

418 2426 532 2455 mundi.
569 2426 721 2463 Quantum
748 2426 786 2453 ad
816 2425 1071 2453 contribuendum
1104 2424 1216 2453 fabrice
1245 2424 1326 2453 dicte

418 2475 548 2504 ecclesie
563 2474 678 2514 placuit
691 2473 811 2502 nacioni
828 2474 910 2512 quod
926 2474 1099 2502 traderetur
1114 2473 1194 2502 dicte
1213 2473 1326 2502 fabrice

419 2525 455 2553 de
482 2524 611 2563 pecunia
639 2523 778 2551 nacionis
808 2533 924 2551 summa
948 2522 1109 2551 duodecim
1139 2522 1324 2557 francorum,

419 2584 472 2602 sex
489 2573 633 2602 videlicet
646 2582 738 2606 nunc,
757 2578 785 2600 et
801 2571 877 2600 alios
892 2582 945 2600 sex
960 2571 990 2599 in
1005 2571 1081 2600 festo
1098 2570 1228 2599 Pasche.

460 2622 504 2650 De
532 2622 563 2650 3⁰
580 2620 709 2649 articulo
733 2620 985 2659 supplicaverunt
1006 2619 1111 2647 bidelli
1134 2620 1217 2658 quod
1238 2619 1326 2647 nacio

419 2671 630 2708 con[ce]deret
655 2670 699 2698 eis
723 2669 864 2708 graciose
884 2674 917 2697 ut
937 2668 996 2707 ipsi
1020 2668 1168 2696 haberent
1186 2678 1244 2707 pro
1269 2667 1326 2696 hoc

420 2730 499 2747 anno
513 2719 673 2747 dimidium
691 2719 825 2747 francum
845 2719 881 2746 de
897 2717 1036 2756 quolibet
1053 2717 1285 2752 determinante,
1298 2723 1328 2745 et

420 2769 514 2796 eciam
529 2768 715 2807 supplicavit
730 2767 909 2796 Bomundus
925 2766 1058 2795 bidellus
1079 2765 1175 2804 major
1187 2765 1326 2794 nacionis

451 2860 473 2882 1.
507 2860 635 2882 Nescimus
649 2868 681 2882 an
695 2860 742 2883 iate
756 2859 820 2883 liber
832 2860 864 2882 sil
875 2858 960 2881 adhuc
972 2862 1142 2882 conservatus.
1158 2860 1198 2881 Ex
1209 2858 1326 2882 amnibus

421 2894 494 2917 τηεψ·
517 2904 622 2926 quorum
642 2895 734 2919 notitia
754 2895 789 2917 ad
803 2903 848 2918 nos
861 2894 984 2925 pervenit,
1002 2894 1043 2917 ille
1059 2894 1115 2917 cod.
1134 2894 1159 2917 in
1177 2893 1253 2917 Arch.
1272 2896 1325 2917 nat.

422 2930 512 2957 Parim,
528 2931 551 2953 J.
565 2931 618 2961 518,
631 2931 711 2961 magis
721 2939 797 2961 quam
809 2930 856 2953 alii
868 2930 909 2952 hic
921 2929 1055 2962 designari
1062 2929 1168 2957 videtur,
1179 2932 1264 2952 tamen
1277 2938 1327 2952 non

423 2966 506 2989 omnia
525 2975 602 2997 supra
611 2966 739 2997 pronzissa
755 2966 780 2989 ιή
795 2966 838 2988 illo
853 2965 979 2996 exscripta
996 2968 1063 2994 aunt,
1075 2974 1120 2988 nec
1136 2965 1222 2988 omnia
1235 2964 1328 2988 ibidem

959 433 1181 459 AUCTARIUM
1203 432 1462 459 CHARTULARII
1481 433 1653 460 UNIVERS.
1676 434 1794 461 PARIS.

1361 957 1395 982 10

1362 1202 1395 1227 15

1361 1448 1395 1474 20

1362 1693 1395 1719 25

1362 1939 1396 1965 30

1363 2185 1396 2210 35

1364 2430 1397 2456 40

1364 2675 1397 2701 45

2287 437 2339 464 696

1429 516 1462 539 ut
1478 510 1566 540 nacio
1577 511 1670 540 vellet
1682 511 1714 540 in
1730 511 1832 551 aliquo
1846 512 2011 541 subvenire
2027 512 2083 548 illi,
2101 513 2154 552 qui
2168 513 2238 543 fecit
2248 513 2336 543 forel-

1429 558 1490 588 lum
1518 569 1576 599 pro
1599 560 1687 599 virga
1714 561 1869 596 nacionis,
1897 561 2094 591 considerato
2125 563 2208 601 quod
2233 562 2337 602 primo

1432 607 1503 637 fecit
1526 619 1619 638 unum
1644 609 1784 639 sorellum
1806 616 1836 639 et
1857 619 1919 638 non
1947 610 2060 646 valuit;
2087 617 2117 640 et
2136 611 2246 640 iterum
2267 612 2339 642 fecit

1431 658 1600 687 secundum
1631 658 1706 687 satis
1733 665 1953 698 competenter,
1977 666 2007 689 et
2037 669 2099 689 non
2130 660 2185 690 fuit
2218 660 2338 690 solutus

1428 705 1489 735 nisi
1504 716 1560 746 pro
1575 717 1648 736 uno.

1472 755 1545 785 ltem
1564 756 1644 785 idem
1658 756 1838 786 Bomundus
1854 757 2037 787 monstravit
2051 757 2185 793 micioni,
2203 757 2274 797 (Fbl.
2291 758 2338 799 16)

1430 805 1585 844 quomodo
1603 811 1687 835 esset
1710 806 1878 844 expediens
1902 812 1935 835 ut
1955 806 2042 835 fieret
2064 807 2187 846 quidam
2205 807 2284 836 liber
2307 807 2339 836 iu

1430 863 1629 893 pergameno,
1655 854 1707 883 ubi
1732 855 1932 883 scriberentur
1953 865 2053 883 omnes
2074 856 2158 894 copie
2184 857 2339 885 literarum

1431 904 1617 941 tangent-ium
1634 905 1748 940 factum
1767 905 1884 932 unionis
1899 906 2022 932 ecclesie
2036 905 2195 933 missar-um
2215 906 2339 935 Univer-

1431 952 1515 980 sitati
1523 962 1582 989 per
1596 952 1738 987 diversos,
1756 960 1783 981 et
1797 953 1892 981 eciam
1907 954 2066 981 missarum
2079 964 2138 992 per·
2153 955 2340 984 Universita-

1432 1007 1489 1029 tem
1505 1002 1587 1035 aliis,
1604 1006 1635 1030 et
1651 1002 1734 1040 quod
1749 1001 1799 1030 ille
1813 1001 1892 1030 liber
1906 1007 2074 1041 poneretur
2087 1002 2118 1031 in
2134 1002 2226 1031 archa
2238 1003 2339 1032 nacio-

1433 1049 1481 1078 nis
1499 1055 1529 1078 et
1542 1055 1630 1078 esset
1642 1050 1802 1080 cathenata
1815 1050 1837 1079 ⁴.
2002 1055 2004 1057 ’

1474 1098 1624 1136 Quantum
1639 1099 1676 1127 ad
1688 1099 1817 1138 primam
1831 1099 2092 1139 supplicacionem
2109 1100 2224 1140 placuit
2239 1100 2340 1131 nacio-

1433 1148 1464 1176 ni
1488 1154 1522 1177 ut
1538 1147 1644 1177 bidelli
1670 1158 1728 1187 pro
1749 1158 1830 1177 nunc
1853 1148 2002 1178 haberent
2023 1149 2181 1178 dimidium
2204 1151 2340 1180 francum

1433 1197 1470 1226 de
1486 1196 1624 1236 quolibet
1637 1197 1870 1232 determinante,
1885 1197 1930 1226 sic
1948 1198 2031 1237 quod
2046 1198 2077 1227 in
2092 1198 2144 1227 tali
2158 1199 2340 1238 recepcione

1433 1244 1523 1285 hujus
1545 1245 1617 1274 anni
1644 1256 1706 1275 non
1730 1246 1924 1275 vindicarent
1945 1246 2005 1275 sibi
2027 1246 2080 1286 jus
2102 1247 2191 1276 annis
2217 1248 2338 1278 futuris.

1433 1295 1480 1325 De
1504 1295 1711 1334 compositore
1737 1295 1914 1324 forellorum
1937 1295 2053 1335 placuit
2076 1296 2198 1325 nacioni
2222 1303 2255 1326 ut
2281 1297 2341 1326 sibi

1431 1344 1606 1373 traderetur
1626 1344 1771 1373 dimidius
1796 1344 1930 1380 francus,
1955 1345 1999 1374 sic
2021 1346 2105 1384 quod
2128 1355 2189 1374 non
2216 1345 2341 1375 omnino

1434 1394 1577 1432 perderet
1601 1393 1748 1428 laborem,
1775 1393 1914 1432 quamvis
1948 1394 2115 1423 indiscrete
2147 1394 2218 1424 fecit
2249 1401 2279 1424 et
2308 1395 2341 1424 in

1433 1442 1522 1481 culpa
1540 1443 1678 1481 propria.
1964 1473 1967 1477 ,

1474 1492 1519 1520 De
1544 1492 1576 1521 3⁰
1596 1491 1741 1520 videlicet
1760 1492 1798 1520 de
1820 1491 1900 1520 libro
1925 1492 2027 1521 fiendo
2051 1492 2104 1521 ubi
2126 1499 2183 1522 etc.
2197 1515 2204 1528 ,
2227 1492 2343 1532 placuit

1433 1540 1555 1570 nacioni
1571 1541 1654 1579 quod
1674 1540 1755 1569 idem
1774 1540 1908 1570 bidellus
1930 1551 2110 1580 proponens
2134 1542 2246 1571 faceret
2261 1541 2339 1577 fieri,

1433 1596 1463 1619 et
1477 1590 1564 1619 nacio
1585 1589 1719 1619 solveret
1732 1589 1791 1619 sibi
1805 1600 1958 1629 expensas
1974 1596 2004 1619 et
2020 1589 2169 1620 laborem.

1473 1687 1566 1717 Facta
1600 1688 1847 1728 congregacione
1883 1688 2022 1718 nacionis
2055 1688 2227 1728 Anglicane
2261 1689 2342 1729 apud

1434 1737 1577 1767 Sanctum
1599 1737 1752 1767 Julianum
1772 1747 1936 1776 pauperem
1953 1737 2002 1766 die
2026 1738 2171 1767 mercurii
2186 1738 2271 1767 xlx·
2291 1738 2342 1768 die

1433 1787 1549 1816 mensis
1568 1786 1764 1821 Novembris,
1788 1796 1868 1815 anno
1891 1792 1948 1815 etc.
1972 1797 2033 1826 quo
2056 1797 2160 1826 supra,
2182 1787 2214 1816 in
2232 1786 2342 1826 primis

1434 1836 1547 1865 Nostre
1564 1835 1695 1864 Domine
1711 1845 1806 1874 super
1825 1836 1946 1864 duobus
1968 1835 2118 1865 articulis.
2139 1836 2262 1865 Primus
2278 1842 2343 1866 erat

1434 1885 1472 1914 ad
1490 1885 1664 1924 eligendum
1675 1894 1787 1913 novum
1803 1890 2046 1923 procuratorem.
2060 1884 2100 1913 Et
2114 1894 2171 1924 per
2187 1885 2342 1914 nationem

1435 1933 1632 1963 concorditer
1658 1933 1713 1962 fuit
1734 1933 1928 1962 continuatus
1950 1933 2098 1973 magister
2121 1933 2278 1963 Johannes
2303 1934 2342 1963 de

1434 1982 1657 2022 Edynburghe.

1474 2033 1520 2061 2¹¹⁸
1537 2031 1684 2061 articulus
1707 2031 1762 2060 fuit
1785 2041 1879 2070 super
1898 2031 2192 2070 supplicacionibus.
2213 2031 2252 2060 Et
2267 2041 2344 2071 sup-

1435 2081 1626 2121 plicaverunt
1663 2082 1724 2110 duo
1771 2081 1880 2109 fratres
1923 2081 2061 2110 Minores
2108 2081 2146 2110 de
2183 2080 2344 2120 provincia

1435 2130 1565 2160 Colonie
1583 2129 1595 2147 ²
1611 2136 1761 2169 quatenus
1778 2130 1986 2164 considerato,
2002 2135 2035 2158 ut
2051 2130 2242 2164 asserebant,
2259 2130 2343 2169 quod

1434 2180 1495 2209 duo
1513 2180 1672 2208 studentes
1694 2179 1731 2207 de
1756 2179 1916 2218 provincia
1933 2178 1986 2207 illa
2007 2178 2176 2218 rigo[r0]se
2196 2179 2344 2207 deberent

1435 2239 1557 2258 manere
1581 2229 1612 2257 in
1635 2227 1781 2257 fratribus
1804 2227 1979 2256 Minoribus
2003 2227 2173 2256 Parisiens.
2196 2233 2226 2256 et
2248 2227 2342 2256 eciam

1435 2277 1567 2317 qualiter
1582 2277 1748 2317 gardianus
1773 2282 1803 2305 et
1820 2276 1871 2306 alii
1888 2277 1998 2306 fratres
2019 2268 2156 2316 ejusdem
2174 2282 2343 2306 conventus

1434 2327 1638 2356 molestabant
1652 2336 1705 2355 eos
1725 2332 1758 2354 ut
1776 2325 1933 2355 solverent
1949 2325 2095 2364 pecunias
2116 2331 2223 2354 contra
2237 2334 2343 2354 eorum

1435 2375 1608 2415 privilegia,
1628 2381 1660 2404 ut
1683 2374 1759 2404 alias
1782 2375 1814 2403 in
1838 2374 2046 2404 Universitate
2070 2380 2100 2403 et
2123 2374 2218 2403 eciam
2240 2383 2342 2403 coram

1436 2431 1557 2454 rectore
1575 2430 1605 2453 et
1620 2424 1775 2463 deputatis
1793 2423 1849 2452 suit
1865 2429 1977 2452 tactum
1998 2435 2004 2452 ε
2022 2423 2159 2463 placeret
2173 2423 2294 2452 nacioni
2309 2433 2342 2452 se

1434 2484 1502 2503 cum
1518 2474 1562 2503 eis
1578 2472 1745 2513 adjungere
1765 2473 1795 2501 in
1811 2473 1871 2501 isto
1887 2472 1965 2501 facto
1983 2472 2021 2500 ad
2042 2471 2073 2500 id
2091 2473 2343 2511 prosequendum

1435 2532 1537 2551 coram
1554 2528 1675 2551 rectore
1698 2527 1727 2550 et
1748 2520 1901 2561 deputatis
1921 2520 1969 2550 vel
1989 2519 2209 2555 Universitate‚
2236 2520 2263 2549 si
2284 2530 2343 2560 op-

1434 2577 1582 2610 porteret.
1602 2570 1722 2600 Placuit
1742 2570 1864 2599 nacioni
1883 2579 1916 2598 se
1932 2579 1999 2598 cum
2016 2569 2060 2598 eis
2075 2568 2244 2609 adjungere
2261 2575 2291 2598 et
2311 2569 2343 2598 in

1435 2620 1495 2649 isto
1510 2621 1587 2649 facto
1601 2619 1753 2648 laborare.

1477 2669 1567 2698 Facta
1605 2667 1850 2708 congregacione
1883 2666 2023 2696 nacionis
2056 2666 2227 2706 Anglicane
2262 2667 2343 2706 apud

1436 2717 1596 2747 ecclesiam
1612 2723 1789 2746 sanctorum
1814 2716 1926 2746 Cosme
1951 2722 1981 2745 et
2002 2715 2143 2744 Damiani
2163 2716 2194 2744 in
2213 2714 2343 2755 vigilia³

1435 2767 1516 2795 beati
1539 2766 1689 2805 Nicholay
1708 2765 1880 2795 immediate
1906 2771 1979 2804 post
2001 2775 2151 2804 vesperos
2178 2775 2258 2793 anno
2282 2774 2343 2803 quo

1437 2860 1556 2882 contenta
1575 2858 1610 2881 ad
1619 2857 1749 2889 promissa
1759 2857 1899 2889 pertinent,
1911 2856 2071 2888 proindeque
2088 2856 2155 2880 alius
2171 2856 2251 2880 codex
2267 2863 2344 2887 quae-

1437 2893 1609 2952 r&gibbi-’rimo
1621 2928 1742 2959 scriptum
1752 2930 1808 2951 erat
1820 2927 1980 2951 Alemannie.

1469 2966 1492 2987 3.
1526 2967 1540 2988 5
1554 2963 1705 2987 Decembris.
