2632 3464
464 455 515 480 599

461 530 521 565 via,
539 530 621 569 quod
640 529 765 557 facultas
781 528 895 556 arcium
914 526 1115 556 Universitati
1130 531 1282 554 mutuaret
1298 535 1367 554 cen-

460 586 522 609 tum
547 580 678 612 francos,
706 584 735 606 et
755 577 812 605 alie
836 576 929 605 eciam
957 575 1113 604 facultates
1135 574 1226 603 simul
1246 580 1367 614 sumpte

462 629 556 658 eciam
570 634 696 661 tantum,
713 626 830 655 scilicet
843 626 866 654 C
884 626 1016 658 francos,
1033 623 1235 653 Universitati
1252 630 1367 652 mutua-

461 684 540 712 rent,
560 677 724 706 dummodo
738 682 836 704 tamen
850 674 900 702 illa
917 673 1046 712 pecunia
1059 673 1097 701 de
1110 672 1220 711 primis
1237 672 1367 701 Univer-

462 726 561 755 sitatis
577 725 819 754 obvencionibus
834 723 965 762 singulis
978 721 1171 751 facultatibus
1183 727 1212 750 et
1227 721 1368 750 nacioni-

461 776 518 804 bus
534 773 815 804 acommodantibus
829 772 1054 801 restitueretur.
1073 770 1134 799 Sed
1143 770 1287 799 dominus
1298 780 1368 799 rec-

460 824 525 854 tor⁴
555 830 686 863 protunc
709 822 842 851 ultimam
863 821 941 850 viam
962 820 1123 853 conclusit,
1145 829 1206 848 non
1226 820 1368 848 obstante

464 874 545 912 quoj
569 872 625 901 alia
645 872 694 901 via
716 881 771 910 per
791 880 897 899 omnes
918 869 1075 898 facultates
1094 868 1292 897 concorditer
1314 868 1370 897 fuit

462 923 639 955 deliberata,
660 922 729 949 dum
745 926 845 948 tamen
860 919 917 947 alie
934 925 996 947 tres
1011 918 1169 947 facultates
1183 927 1246 946 non
1264 917 1368 946 trahe-

461 978 531 1001 rent
551 972 588 999 ad
610 969 876 1008 consequenciam,
901 969 983 1007 quod
1005 967 1030 996 si
1056 977 1113 1006 pro
1136 977 1217 996 nunc
1242 966 1368 996 facultas

464 1021 578 1049 arcium
594 1025 743 1048 mutuaret
759 1017 960 1047 Universitati
976 1023 1097 1045 centum
1117 1017 1239 1045 francos
1255 1022 1284 1045 et
1300 1022 1368 1044 tan-

462 1077 524 1099 turn
537 1069 623 1098 sicud
634 1068 690 1096 alie
702 1074 765 1096 tres
778 1067 933 1095 facultates
943 1065 1128 1105 conjunctim
1140 1071 1366 1099 mutuaverunt,

459 1119 540 1158 quod
556 1119 661 1147 eodem
676 1117 765 1145 modo
779 1116 853 1144 alias
869 1116 996 1144 deberet
1007 1114 1084 1143 fieri.

500 1168 600 1206 Super
630 1168 660 1194 2⁰
688 1166 817 1194 articulo
842 1165 1096 1204 supplicaverunt
1122 1165 1182 1193 duo
1213 1163 1366 1203 magistri,

459 1217 557 1256 primo
572 1216 719 1255 magister
731 1215 887 1243 Johannes
901 1213 1043 1243 Gowlein
1054 1212 1067 1231 ²
1081 1214 1175 1242 frater
1187 1212 1263 1242 Ord.
1280 1213 1367 1242 beate

459 1266 554 1295 Marie
580 1266 616 1293 de
644 1263 796 1298 Carmelo,
824 1263 968 1302 quatinus
990 1269 1093 1291 rector
1120 1273 1187 1291 cum
1212 1262 1367 1301 deputatis

458 1315 550 1344 vellet
571 1314 692 1343 cuidam
717 1323 770 1342 sue
788 1313 868 1341 diete
890 1312 989 1351 ipsum
1005 1318 1163 1351 totumque
1184 1317 1367 1340 conventum

458 1374 545 1392 suum
568 1363 708 1402 tangenti
731 1362 761 1390 in
782 1362 972 1401 parlamento
997 1361 1161 1395 interesse,
1186 1370 1253 1389 cum
1278 1360 1365 1395 alias,

459 1412 576 1442 scilicet
593 1422 674 1440 anno
694 1411 854 1450 preterito,
875 1410 1065 1450 supplicacio
1081 1409 1122 1438 ita
1141 1409 1200 1438 sibi
1219 1409 1275 1438 suit
1292 1419 1367 1438 con—

458 1471 554 1490 cessa.
577 1462 608 1489 2⁰
624 1460 808 1499 supplicavit
823 1460 970 1499 magister
988 1459 1155 1488 Bertoldus
1171 1459 1208 1487 de
1225 1458 1366 1487 Mulhou-

459 1521 513 1539 sen
536 1510 674 1538 nacionis
699 1509 868 1548 Anglicane
895 1519 951 1548 pro
978 1508 1077 1537 literis
1108 1507 1366 1537 testimonialibus

459 1559 639 1598 magisterii.
656 1559 792 1595 Quorum
807 1558 1054 1597 supplicaciones
1069 1567 1216 1586 concesse
1231 1557 1364 1591 fuerunt,

459 1609 622 1637 dummodo
645 1608 696 1636 ille
719 1607 806 1636 litere
834 1606 1056 1636 testimoniales
1081 1607 1190 1635 fierent
1211 1606 1242 1634 in
1270 1607 1367 1634 forma

459 1657 623 1691 communi,
642 1663 670 1685 et
686 1656 761 1685 nulli
777 1656 927 1695 singulari
946 1666 1080 1695 persone
1098 1655 1319 1695 dirigerentur.

500 1706 573 1735 Item
590 1716 668 1734 anno
686 1706 809 1734 Domini
821 1705 865 1734 Μο
876 1705 971 1734 CCC⁰
982 1705 1120 1733 LXXX1⁰
1133 1705 1182 1733 die
1198 1704 1367 1743 penultima

459 1755 574 1784 mensis
588 1754 748 1783 Februarii
760 1755 837 1783 sacta
848 1754 1096 1793 congregacione
1106 1754 1247 1782 nacionis
1258 1753 1365 1792 Angli-

460 1814 532 1832 cane
549 1804 579 1832 in
596 1804 685 1832 nonis
702 1804 814 1833 Nostre
831 1803 962 1832 Domine
979 1804 1059 1842 apud
1077 1803 1221 1832 Sanctum
1240 1802 1365 1831 Maturi-

460 1863 530 1881 num
547 1853 577 1881 in
598 1854 688 1881 domo
709 1852 868 1891 capitulari
891 1862 948 1892 per
962 1851 1168 1891 juramentum
1186 1851 1365 1890 regencium

459 1908 488 1930 et
512 1912 572 1930 non
599 1902 776 1941 regencium
800 1911 894 1941 super
924 1902 1015 1930 modo
1042 1901 1175 1929 habendi
1206 1900 1363 1940 pecunias,

459 1951 659 1980 Universitati
682 1961 738 1990 per
761 1951 919 1980 nacionem
944 1951 1136 1985 mutuandas,
1163 1950 1365 1979 deliberatum

460 2000 515 2029 suit
528 2000 724 2028 concorditer
738 2010 795 2039 per
807 2010 914 2028 omnes
926 1999 1092 2038 magistros
1107 2005 1239 2038 protunc
1251 1998 1364 2027 ibidem

461 2049 640 2083 existentes,
658 2050 739 2087 quod
758 2055 884 2088 propter
903 2048 1083 2088 paucitatem
1102 2048 1320 2087 magistrorum
1336 2054 1366 2076 et

460 2098 615 2126 seniorum
643 2098 816 2126 absenciam
844 2098 893 2126 die
919 2104 1066 2136 sequente
1094 2105 1165 2136 post
1191 2107 1364 2126 sermonem

459 2147 545 2175 fieret
567 2147 771 2186 congregacio
792 2147 930 2175 nacionis
954 2157 1009 2185 per
1024 2145 1230 2186 juramentum
1251 2156 1365 2185 regen-

460 2196 537 2224 cium
557 2202 586 2224 et
604 2206 664 2224 non
685 2196 860 2234 regencium
880 2197 937 2224 sub
958 2196 1039 2224 omni
1056 2206 1145 2234 pena,
1169 2206 1257 2234 quam
1277 2195 1364 2224 nacio

462 2251 563 2283 potest
588 2245 632 2273 eis
660 2245 828 2283 imponere,
858 2245 976 2274 scilicet
1002 2245 1059 2274 sub
1086 2255 1164 2283 pena
1183 2244 1362 2283 juramenti,

460 2293 665 2322 resecat-ionis
675 2293 698 2327 ³,
712 2294 900 2332 privacionis
918 2301 974 2323 etc.
986 2295 1023 2322 ad
1037 2294 1201 2323 videndum
1220 2294 1257 2322 de
1273 2294 1364 2322 modo

460 2342 591 2370 habendi
611 2343 684 2371 istas
704 2343 860 2381 pecunias,
880 2354 947 2372 cum
969 2349 1099 2382 protunc
1115 2343 1197 2372 nulle
1214 2344 1314 2371 forent
1334 2343 1364 2371 in

460 2391 586 2420 nacione
611 2392 754 2429 pecunie,
778 2402 849 2430 ymo
875 2392 904 2420 in
932 2393 1060 2431 quadam
1091 2402 1207 2421 summa
1235 2391 1364 2431 pecunie

460 2440 546 2468 nacio
569 2440 766 2479 obligabatur
788 2440 935 2479 magistro
954 2441 1089 2469 Jordano
1108 2442 1145 2469 de
1173 2440 1271 2469 Clivis
1293 2451 1365 2480 pro·

461 2494 532 2517 tunc
548 2489 701 2527 receptori
722 2490 869 2518 nacionis.

500 2537 573 2565 Item
594 2548 673 2566 anno
693 2538 816 2567 Domini
836 2538 880 2567 Μο
903 2538 997 2568 CCC⁰
1022 2539 1170 2573 LXXXP,
1188 2539 1293 2568 ultima
1315 2539 1364 2567 die

462 2586 575 2614 mensis
587 2587 757 2621 Februarii,
767 2588 843 2616 sacta
853 2588 1098 2626 congregacione
1108 2588 1247 2616 nacionis
1254 2587 1365 2627 Angli-

461 2645 533 2663 cane
555 2645 609 2673 per
624 2634 829 2674 juramentum
849 2643 919 2674 post
939 2646 1110 2665 sermonem
1130 2647 1224 2675 super
1244 2637 1364 2665 duobus

461 2684 958 2723 articulisapudS.Maturinumin
968 2686 1058 2714 domo
1067 2685 1364 2724 capitulari,primus

462 2732 515 2760 suit
532 2743 624 2771 super
648 2734 737 2762 modo
761 2733 893 2762 habendi
917 2734 1062 2772 pecunias
1086 2734 1286 2763 Universitati
1309 2745 1365 2773 per

492 2834 527 2890 ‘li'
548 2834 679 2857 ,Iohannes
699 2835 729 2858 de
747 2835 840 2863 Salicc,
853 2838 904 2858 nal.
927 2835 1085 2863 Gallicanae,
1109 2835 1163 2859 Vt'd.
1179 2835 1364 2864 Chartul.,111,

463 2874 489 2891 n⁰
525 2870 574 2892 157.

494 2906 517 2927 2.
553 2907 601 2928 Seu
614 2907 732 2934 Goulein,
744 2908 775 2930 de
786 2916 835 2938 quo
849 2916 923 2939 saepe
936 2907 961 2930 in
975 2907 1103 2935 Chartul.,
1118 2907 1163 2930 HI.

493 2943 514 2963 3.
552 2943 596 2964 ill-v.
617 2943 806 2966 rosit-(meionis.

494 2978 515 2999 si.
550 2980 641 3007 §ymon
655 2979 685 3000 de
697 2978 847 3010 Kelnesjam
855 2987 902 3010 per
912 2978 1013 3010 longum
1023 2978 1142 3009 temporie
1153 2978 1264 3009 spatium
1275 2978 1366 3001 absens

1007 449 1230 475 AUCTARIUM
1251 449 1510 476 CHARTULARII
1530 450 1703 477 UNIVERS.
1726 452 1844 478 PARIS.

1407 973 1439 998 10

1406 1218 1439 1242 215

1405 1462 1438 1487 20

1404 1709 1437 1734 25

1403 1954 1436 1979 30

1402 2200 1435 2224 35

1403 2445 1435 2470 40

1403 2689 1435 2715 45

2333 453 2386 480 600

1475 526 1635 555 nacionem
1664 529 1857 557 mutuandas.
1885 528 1986 568 Super
2018 539 2079 568 quo
2109 528 2306 558 concorditer
2331 529 2386 558 fuit

1476 575 1677 605 deliberatum
1703 578 1797 616 quod,
1835 587 1902 607 cum
1938 577 2133 607 Universitas
2167 577 2386 607 deliberaverit

1477 625 1673 654 concorditer
1690 626 1773 665 quod
1790 627 1920 665 pecunia
1936 628 2067 666 quedam
2081 626 2218 656 existens
2230 626 2260 655 in
2273 626 2384 656 Nostra

1477 672 1608 702 Domina
1617 674 1648 702 in
1657 674 1748 703 archa
1760 674 1979 705 Universitatis
1992 675 2193 704 Universitati
2205 675 2384 714 pertineret,

1477 723 1560 761 quod
1575 729 1720 761 quantum
1736 734 1815 764 opus
1828 731 1912 754 esset
1929 725 1967 754 de
1982 724 2034 753 illa
2047 724 2177 764 pecunia
2192 724 2386 754 Universitas

1477 771 1642 810 acciperet,
1668 772 1766 811 ipsam
1792 779 1892 802 tamen
1917 773 2026 813 primis
2050 773 2115 802 suis
2142 773 2386 803 obvencionibus

1477 820 1686 850 restituendo:
1700 832 1761 850 non
1775 829 1858 851 esset
1869 822 1907 851 de
1919 822 2094 852 intencione
2103 822 2242 851 nacionis
2253 821 2386 862 aliquam

1477 875 1615 899 mutuare
1647 869 1849 900 Universitati
1880 871 2054 911 pecuniam,
2086 870 2147 900 nisi
2173 870 2226 900 illa
2255 871 2386 910 pecunia

1478 918 1565 956 prius
1581 925 1716 957 accepta.
1736 919 1770 948 In
1784 930 1855 949 casu
1874 927 1974 950 tamen
1989 930 2050 959 quo
2064 920 2114 949 via
2130 920 2189 949 ista
2201 919 2308 949 haberi
2323 930 2385 949 non

1477 973 1595 1006 posset,
1610 968 1747 1007 placeret
1762 969 1883 998 nacioni
1897 975 2034 998 mutuare
2051 969 2251 998 Universitati
2269 975 2385 1008 partem

1478 1026 1563 1044 suam
1587 1016 1670 1046 illius
1693 1017 1811 1046 numeri
1831 1018 1999 1047 centenarii
2018 1018 2199 1058 supradicti,
2221 1018 2386 1047 dummodo

1478 1064 1528 1093 illa
1546 1066 1677 1104 pecunia
1690 1067 1859 1095 secundum
1875 1067 2038 1106 supposita
2049 1067 2223 1096 traderetur
2238 1073 2268 1096 et
2282 1066 2385 1096 distri-

1478 1114 1635 1149 bueretur,
1653 1121 1683 1144 et
1698 1125 1758 1145 non
1776 1117 1943 1145 secundum
1959 1116 2117 1145 naciones.

1517 1164 1563 1191 2¹¹⁸
1578 1164 1725 1193 articulus
1742 1165 1797 1193 fuit
1807 1175 1902 1204 super
1914 1165 2209 1205 supplicacionibus,
2227 1171 2256 1194 et
2267 1163 2385 1204 suppli-

1477 1213 1557 1241 cavit
1576 1213 1725 1252 magister
1748 1213 1926 1243 Willelmus
1949 1214 2052 1243 Narne
2074 1224 2111 1243 ex
2133 1220 2221 1253 parte
2244 1213 2385 1253 magistri

1479 1261 1623 1300 Symonis
1644 1263 1682 1291 de
1705 1262 1820 1292 Ketnes
1840 1262 1935 1298 Scoti,
1955 1263 2039 1303 quod
2061 1273 2128 1292 cum
2149 1263 2216 1302 ipse
2238 1262 2386 1302 magister

1478 1311 1593 1349 Symon
1619 1321 1681 1340 non
1709 1318 1792 1341 esset
1819 1312 1960 1341 Parisius
1994 1318 2137 1351 tanquam
2165 1311 2308 1340 residens
2335 1311 2385 1340 vel

1477 1360 1618 1395 scolaris,
1641 1367 1688 1389 set
1709 1366 1851 1400 tanquam
1870 1361 1990 1400 legatus
2010 1361 2059 1390 vel
2078 1360 2277 1400 peregrinus,
2301 1360 2384 1400 quod

1476 1409 1565 1438 nacio
1589 1409 1682 1438 vellet
1708 1410 1809 1448 ipsum
1839 1410 1952 1439 habere
1984 1416 2176 1444 excusatum,
2209 1409 2235 1438 si
2274 1409 2384 1439 futuris

1477 1458 1616 1487 nacionis
1651 1459 1951 1498 congregacionibus
1985 1469 2047 1488 non
2082 1459 2258 1488 interesset.
2288 1457 2384 1497 Cujus

1476 1507 1668 1547 supplicacio
1682 1518 1831 1537 concessa
1843 1507 1910 1543 suit,
1922 1507 1983 1537 nisi
1997 1508 2028 1536 in
2039 1518 2111 1537 casu
2127 1518 2188 1547 quo
2202 1507 2290 1536 nacio
2307 1508 2384 1536 adeo

1475 1566 1617 1595 magnum
1630 1557 1793 1596 negocium
1807 1557 1934 1586 haberet
1947 1563 2148 1596 pertractare,
2163 1557 2286 1585 racione
2298 1555 2384 1595 cujus

1476 1606 1585 1634 merito
1601 1606 1766 1635 interesset
1778 1605 1800 1634 ⁴.
1819 1607 1851 1634 2⁰
1871 1605 2058 1645 supplicavit
2068 1605 2212 1634 dominus
2226 1605 2384 1634 ,lohannes

1475 1654 1631 1689 bedellus,
1651 1661 1683 1684 ut
1700 1655 1788 1684 nacio
1806 1655 1899 1684 vellet
1915 1655 2016 1694 ipsum
2031 1664 2179 1684 excusare
2194 1664 2268 1694 erga
2285 1654 2384 1693 magi-

1476 1710 1572 1732 strum
1592 1703 1746 1733 Simonem
1766 1703 1949 1743 predictum,
1971 1703 2023 1742 qui
2040 1703 2137 1732 iratus
2152 1703 2207 1732 fuit
2225 1713 2300 1742 erga
2314 1712 2382 1732 eum

1474 1759 1605 1792 propter
1628 1753 1698 1787 hoc,
1724 1753 1808 1792 quod
1835 1752 1896 1792 ipsi
1925 1751 2191 1792 congregaciones
2220 1751 2382 1787 intimavit,

1475 1802 1544 1841 ipso
1563 1812 1624 1830 non
1640 1802 1792 1831 existente
1813 1801 1954 1831 Parisius
1971 1810 2028 1841 per
2046 1802 2169 1830 modum
2189 1801 2332 1836 scolaris,
2351 1806 2384 1830 ut

1475 1851 1671 1890 premittitur.
1691 1850 1786 1890 Cujus
1801 1850 1992 1890 supplicacio
2009 1860 2159 1880 concessa
2171 1850 2236 1884 fuit,
2252 1855 2281 1879 et
2293 1850 2383 1879 datus

1476 1900 1532 1930 fuit
1546 1900 1694 1939 magister
1703 1900 1881 1929 Willelmus
1891 1899 1994 1929 Narne
2003 1900 2040 1928 ad
2051 1899 2152 1938 ipsum
2163 1899 2381 1928 excusandum.

1545 1981 1616 2019 (Fol.
1636 1980 1711 2020 291³)
1732 1980 2035 2010 Determinantes
2065 1979 2178 2009 istius
2209 1979 2309 2008 anni.

1515 2049 1620 2078 Primo
1650 2048 1866 2077 determinavit
1889 2047 2032 2076 dominus
2058 2047 2213 2076 Robertus
2238 2046 2383 2086 Kardeny

1475 2099 1586 2127 Scotus
1598 2098 1656 2126 sub
1672 2097 1820 2136 magistro
1836 2096 1996 2125 Willelmo
2013 2095 2166 2129 Trebron,
2184 2094 2270 2135 cujus
2288 2096 2382 2124 bursa

1473 2147 1529 2176 Vll
1546 2146 1650 2181 solidi,
1669 2145 1728 2174 llll
1745 2145 1875 2174 denarii.
1897 2145 2007 2174 Solvit.

1515 2196 1589 2225 ltem
1608 2194 1822 2224 determinavit
1841 2194 1983 2223 dominus
1999 2194 2132 2223 Jacobus
2153 2194 2190 2222 de
2212 2192 2308 2221 Edam
2324 2193 2381 2222 sub

1474 2245 1622 2284 magistro
1637 2244 1776 2273 Johanne
1798 2243 1957 2278 Hokelem,
1978 2241 2065 2282 cujus
2085 2243 2180 2271 bursa
2201 2241 2258 2270 Vll
2276 2241 2379 2270 solidi.

1475 2294 1584 2323 Solvit.

1515 2343 1589 2371 ltem
1625 2341 1840 2371 determinavit
1875 2340 2019 2369 dominus
2050 2339 2206 2369 Johannes
2242 2338 2380 2378 Douglas

1475 2392 1586 2421 Scotus
1602 2392 1659 2420 sub
1672 2391 1822 2430 magistro
1837 2389 1996 2419 Willelmo
2015 2389 2167 2423 Trebron,
2185 2387 2271 2427 cujus
2287 2389 2381 2417 bursa

1473 2441 1513 2470 Vl
1529 2441 1632 2470 solidi.
1654 2440 1763 2469 Solvit.

1515 2490 1588 2519 Item
1605 2488 1821 2518 determinavit
1836 2488 1979 2516 dominus
1996 2486 2179 2516 Guillelmus
2193 2487 2230 2514 de
2247 2485 2381 2525 Stramy-

1473 2539 1539 2579 glot
1563 2538 1672 2567 Scotus
1694 2538 1751 2566 sub
1770 2537 1918 2576 magistro
1938 2535 2095 2565 willelmo
2118 2534 2271 2569 Trebam,
2293 2533 2380 2574 cujus

1474 2589 1567 2617 bursa
1585 2586 1641 2615 Vll
1656 2586 1760 2620 solidi,
1782 2585 1840 2614 llll
1857 2583 1986 2613 denarii.
2005 2583 2115 2612 Posuit
2129 2583 2270 2622 pignora.

1515 2637 1589 2665 Item
1601 2634 1816 2664 determinavit
1833 2633 1975 2662 dominus
1989 2631 2156 2661 Nicholaus
2173 2633 2210 2660 de
2227 2632 2380 2671 Monyke-

1474 2687 1541 2714 dam
1556 2685 1612 2713 sub
1627 2684 1776 2723 magistro
1790 2682 1927 2712 Johanne
1944 2682 1981 2710 de
1998 2680 2146 2710 Hokelem
2157 2703 2163 2715 ‚
2182 2679 2268 2719 cujus
2284 2681 2378 2709 bursa.

1474 2734 1529 2762 Vll
1550 2733 1652 2767 solidi,
1675 2732 1733 2761 llll
1753 2730 1882 2760 denarii.
1902 2730 2010 2759 Solvit.

1475 2835 1533 2867 suit.
1550 2837 1576 2857 ιιι
1590 2843 1621 2857 ex
1638 2834 1684 2857 hoc
1699 2833 1763 2856 libra
1777 2834 1892 2864 apparel,
1909 2834 1932 2854 el
1945 2839 2012 2854 nunc
2026 2831 2106 2854 ¹nolum
2119 2833 2146 2854 ut
2160 2830 2249 2862 hospes
2263 2833 2287 2853 et
2298 2831 2381 2854 uiator

1474 2870 1581 2894 Pari-siis
1592 2869 1749 2893 morabatur.
1759 2867 1930 2892 Nihilominus
1943 2867 2078 2890 membrum
2094 2866 2270 2890 Um'uersitutis
2282 2874 2380 2889 reman-

1473 2907 1513 2929 sit.
1527 2908 1576 2929 An.
1588 2906 1656 2933 1362,
1667 2907 1724 2928 Dec.
1739 2904 1788 2935 suit
1799 2903 1905 2926 scolaris
1914 2902 1966 2934 jur.
1977 2910 2032 2926 can.
2046 2905 2070 2925 et
2081 2910 2164 2933 nuper
2175 2905 2260 2925 rector
2268 2901 2379 2925 Univer-

1475 2942 1568 2968 sitatis,
1589 2940 1726 2964 canonicus
1740 2939 1912 2963 Abel-donem.
1930 2938 1999 2970 (Reg.
2013 2937 2125 2969 Supplic.
2143 2937 2239 2961 L'rbcmi
2257 2938 2280 2965 V,
2295 2945 2337 2960 an.
2354 2937 2378 2966 1,

1474 2985 1500 3008 p.
1515 2977 1537 3004 1,
1553 2977 1597 2999 sol.
1613 2975 1675 3007 73¹³.)
