2632 3464
255 441 309 469 165

298 516 416 552 Primo,
437 516 580 556 proxima
591 516 641 546 die
654 515 797 555 sequenti
818 513 1067 554 congregacione
1092 514 1169 543 facta

255 565 393 607 ejusdem
410 565 553 595 nacionis
570 565 609 594 ad
626 564 812 595 audiendum
830 569 1009 602 compotum
1027 562 1168 603 magistri

255 615 407 646 lobannis
423 615 463 644 de
477 614 617 644 Wesalia
632 620 705 644 tunc
723 618 886 652 receptore
903 612 1044 652 predicte
1061 611 1169 641 nacio-

256 664 318 699 nis,
336 663 495 693 defalcatis
513 661 666 703 expositis
681 672 698 691 a
714 661 850 701 receptis
872 667 902 690 et
918 661 1062 690 omnibus
1082 670 1168 690 com-

254 712 384 753 putatis,
405 712 556 742 remansit
569 711 671 741 dictus
692 710 841 750 magister
855 709 1012 740 Johannes
1028 709 1168 749 predicte

254 762 378 792 nacioni
393 761 424 791 in
441 761 480 790 62
496 759 609 791 solidis
623 759 790 800 obligatus,
807 765 938 799 excepto
953 758 1037 798 quod
1051 760 1069 788 5
1081 765 1168 788 scuta

255 816 443 851 exposuerat
465 818 525 850 pro
546 809 702 849 scriptura
724 815 755 838 et
773 808 974 838 ordinacione
996 807 1106 842 rotuli,
1129 808 1167 837 de

256 860 370 900 quibus
388 859 449 889 sibi
467 858 547 888 dixit
559 868 623 887 non
643 858 739 888 fuisse
755 857 945 887 satisfactum
966 867 1023 896 per
1039 856 1167 886 ordina-

256 914 341 938 tores
354 908 460 943 rotuli,
476 917 607 948 quorum
623 906 718 947 aliqui
737 906 899 946 pecuniam
917 905 1017 935 adhuc
1032 906 1166 935 retinue-

255 963 325 988 rant
356 967 395 987 ex
428 963 516 997 parte
544 956 815 986 inrotulandorum
852 961 987 995 recepta,
1024 954 1167 984 similiter

254 1006 404 1036 remansit
424 1006 563 1046 precium
585 1005 739 1035 scolarum
759 1004 942 1035 solvendum
964 1010 995 1034 et
1016 1013 1168 1043 procura-

255 1055 303 1085 cio
322 1055 519 1085 luminarium
540 1060 646 1084 sancte
664 1054 780 1090 Marie,
804 1060 835 1083 et
854 1053 946 1083 etiam
966 1059 1053 1083 sexta
1071 1053 1167 1082 bursa

255 1110 321 1134 erat
335 1103 476 1144 exposita
493 1109 524 1133 et
539 1109 715 1144 computata
732 1113 791 1143 pro
806 1103 949 1132 nacione.

295 1153 371 1183 Item
400 1153 478 1183 facta
503 1153 750 1193 congregacione
780 1152 916 1182 omnium
946 1151 1166 1192 magistrorum

254 1202 337 1233 dicte
354 1202 494 1232 nacionis
511 1203 592 1242 apud
612 1202 757 1232 Sanctum
774 1201 962 1231 Maturinum
979 1210 1074 1240 super
1088 1200 1166 1229 elec-

253 1251 343 1282 cione
357 1251 543 1291 receptor-is,
561 1250 678 1280 electus
693 1251 749 1280 fuit
762 1250 960 1280 concorditer
971 1249 1056 1279 nullo
1066 1249 1167 1278 recla-

254 1307 356 1331 mante
374 1300 407 1330 in
429 1307 622 1340 receptorem
642 1300 724 1330 dicte
745 1299 886 1329 nacionis
910 1298 1059 1339 magister
1075 1297 1166 1328 Wis-

255 1350 383 1380 sekinus
399 1349 538 1379 Venslai.

664 1442 762 1472 1353

393 1513 466 1554 (Fal.
487 1515 525 1544 20
539 1513 563 1554 ¹²)
580 1513 739 1543 Thomas
768 1514 811 1543 de
845 1513 1027 1543 Harkars.

850 1574 864 1586 0

294 1594 387 1624 Αηηο
419 1594 544 1624 Domini
575 1593 758 1623 millessimo
789 1573 870 1624 CCnC
906 1594 1165 1635 quinquagesimo

253 1643 364 1679 tercio,
377 1643 539 1673 undecima
553 1643 604 1672 die
621 1643 738 1673 mensis
753 1643 838 1679 Maii,
855 1643 1001 1673 videlicet
1013 1644 1044 1673 in
1058 1643 1166 1684 vigilia

253 1692 472 1727 Pentecosten,
494 1693 571 1722 facta
593 1692 648 1722 suit
673 1692 875 1732 congregatio
901 1693 1035 1723 nationis
1053 1693 1166 1733 Angli-

254 1751 329 1772 cane
357 1742 439 1782 apud
468 1741 614 1771 Sanctum
642 1741 797 1771 Julianum
826 1751 1006 1781 pauperem.
1041 1742 1076 1771 ln
1105 1752 1166 1782 qua

253 1790 496 1831 congregatione
518 1790 677 1830 magistris
693 1791 891 1830 presentibus
914 1797 943 1820 et
960 1791 1118 1830 sigillatim
1137 1797 1167 1820 et

253 1839 538 1875 consencientibus,
556 1839 673 1869 electus
692 1839 748 1869 suit
764 1840 962 1870 concorditer
977 1840 1062 1870 nullo
1080 1840 1166 1880 peni-

254 1895 305 1919 tus
337 1889 568 1919 contradicente
596 1889 744 1928 magister
771 1889 906 1918 Thomas
936 1890 974 1918 de
1008 1889 1164 1925 Harkars,

256 1937 360 1968 Sancti
380 1938 504 1967 Andree
526 1938 688 1978 dyocesis,
712 1937 744 1967 in
766 1945 1000 1977 procuratorem
1026 1939 1165 1978 predicte

258 1987 410 2022 nacionis,
428 1987 459 2016 in
477 1986 564 2027 cujus
580 1987 796 2027 procuratoris
814 1987 891 2017 facta
907 1994 978 2017 sunt
996 1988 1062 2017 hec.

295 2035 469 2066 Dominus⁴
489 2035 636 2066 Hinricus
653 2037 692 2066 de
708 2035 848 2076 Kempen
869 2036 1086 2066 determinavit
1108 2038 1166 2066 sub

254 2085 404 2126 magistro
423 2085 553 2115 Hinrico
571 2086 609 2114 de
627 2085 738 2120 olivis,
755 2085 843 2125 cujus
858 2086 953 2115 bursa
969 2087 985 2116 7
1003 2086 1107 2116 solidi.

296 2133 371 2164 Item
388 2134 545 2164 Johannes
563 2135 624 2173 [de]
644 2134 767 2164 Sanctis
787 2135 845 2164 sub
860 2135 1010 2175 magistro
1025 2135 1165 2166 Johanne

254 2183 294 2213 de
309 2183 460 2218 Wesalia,
478 2182 566 2223 cujus
583 2184 678 2213 bursa
691 2184 711 2213 8
727 2183 831 2213 solidi.

675 2277 773 2307 1353

418 2346 627 2389 [lohannes
657 2349 783 2378 dictus
810 2348 996 2388 Resdail.]

294 2426 387 2457 Anno
414 2427 539 2457 Domini
565 2427 820 2462 M⁰.CCC⁰.Llll‚
844 2434 951 2458 octava
975 2429 1024 2458 die
1049 2429 1165 2459 mensis

253 2475 344 2511 sulii,
365 2476 442 2506 facta
464 2477 712 2517 congregacione
732 2477 873 2507 nacionis
894 2477 1066 2518 Anglicane
1084 2479 1166 2518 apud

256 2524 401 2555 Sanctum
418 2525 572 2555 sulianum
587 2536 754 2566 pauperem
773 2536 869 2566 super
883 2526 1039 2556 eleccione
1056 2537 1166 2566 procu-

254 2574 369 2604 ratoris
382 2574 532 2610 facienda,
548 2574 664 2605 electus
678 2575 734 2605 suit
745 2575 776 2604 in
786 2582 1018 2615 procuratorem
1028 2574 1165 2616 ejusdem

254 2623 395 2653 nacionis
413 2623 562 2664 magister
576 2623 734 2654 Johannes
750 2624 853 2654 dictus
868 2625 997 2655 Resdail
1013 2626 1051 2654 de
1066 2625 1166 2666 Aquis

255 2672 454 2702 concorditer
484 2672 570 2702 nullo
602 2674 820 2714 magistrorum
850 2674 975 2714 penitus
1008 2675 1167 2704 contradi-

255 2727 354 2751 cente.
386 2720 421 2751 ln
454 2721 542 2762 cujus
575 2722 790 2762 procuratoria
820 2730 887 2753 acta
917 2729 990 2753 sunt
1021 2723 1076 2753 hec
1107 2734 1167 2764 que

257 2775 441 2810 sequuntur.

297 2818 388 2848 Anno
408 2818 532 2849 Domini
554 2819 809 2857 M⁰.CCC⁰.L111‚
826 2821 857 2850 in
875 2821 925 2851 die
940 2822 1028 2851 beate
1042 2821 1167 2862 Marga-

288 2927 311 2952 1.
347 2929 419 2960 Quae
433 2931 577 2962 aequantur
593 2938 672 2963 tuque
689 2931 726 2955 ad
743 2934 886 2963 aequantem
901 2934 1094 2964 procuratorem
1114 2932 1167 2957 alio

255 2963 415 2988 charactere.

755 439 870 466 LIBER
894 437 1209 465 PROCURATORUM
1235 437 1416 465 NATIONIS
1435 438 1680 465 ANGLICANAE

1204 957 1238 984 10

1203 1203 1238 1229 15

1202 1448 1237 1474 20

1203 1693 1237 1719 25

1203 1939 1237 1966 30

1202 2185 1237 2212 35

1203 2431 1237 2458 40

1203 2676 1238 2703 45

890 0 1238 19 *vv-var=··m0-rr**.=›·³⁷‚-³·⁴⁸=;
1263 4 1265 6 ·
1294 0 1301 3 ⁷

2130 440 2183 466 166

1277 519 1343 543 rete
1365 513 1499 553 virginis
1510 512 1535 549 ²,
1561 514 1638 543 facta
1664 514 1911 554 congregacione
1933 514 2084 544 facultatis
2105 516 2187 554 apud

1278 562 1422 592 Sanctum
1446 562 1600 592 Julianum
1628 572 1806 602 pauperem,
1831 563 2018 602 computavit
2041 564 2186 603 antiquus

1277 617 1380 640 rector
1392 617 1422 640 et
1437 611 1495 640 fuit
1505 618 1668 651 compotus
1684 621 1759 641 suus
1774 612 1812 640 ab
1825 612 1968 641 omnibus
1983 614 2185 651 approbatus,

1276 666 1307 690 et
1327 670 1496 690 concessus
1517 660 1572 690 fuit
1593 661 1719 690 domino
1742 660 1856 690 rectori
1876 671 1932 700 pro
1953 667 2024 690 tunc
2042 662 2187 691 existenti

1275 719 1355 739 unus
1373 709 1584 739 determinans
1603 709 1714 739 solutis
1731 709 1906 745 solvendis,
1923 716 1953 739 et
1967 710 2093 739 cuilibet
2111 721 2188 750 pro-

1275 758 1410 788 curatori
1431 757 1596 798 cujuslibet
1619 759 1760 788 nacionis
1783 769 1874 788 unus.
1899 759 2015 788 Rector
2037 770 2094 798 pro
2116 767 2187 789 tunc

1276 813 1341 837 erat
1358 807 1507 847 magister
1521 807 1669 837 Albertus
1685 809 1722 838 de
1739 807 1885 837 Saxonia.

1317 856 1391 886 Item
1429 867 1510 886 anno
1547 857 1672 886 Domini
1715 857 1807 892 1353,
1839 863 1946 887 octava
1988 858 2037 887 die
2070 858 2186 887 mensis

1274 904 1424 946 Augusti,
1453 907 1531 935 facta
1565 906 1814 946 congregacione
1844 907 1983 936 nacionis
2014 907 2186 946 Anglicane

1274 955 1356 994 apud
1370 954 1515 985 Sanctum
1528 955 1727 990 Maturinum,
1741 956 2081 996 supplicavitmagister
2094 956 2188 985 Hein-

1274 1003 1359 1033 ricus
1376 1005 1413 1033 de
1429 1004 1547 1039 Minda,
1564 1005 1648 1044 quod
1663 1004 1777 1044 viginti
1793 1010 1862 1034 octo
1881 1004 2002 1039 florem,
2018 1015 2096 1044 quos
2112 1015 2186 1044 pre-

1275 1052 1357 1082 dicta
1373 1053 1462 1083 nacio
1479 1053 1539 1083 sibi
1554 1054 1744 1093 promiserat
1759 1054 1883 1093 quando
1899 1054 2015 1083 electus
2038 1054 2136 1084 fuerat
2155 1055 2186 1083 in

1275 1102 1420 1132 nuncium
1431 1102 1578 1138 nationis,
1590 1103 1740 1132 darentur
1751 1103 1817 1132 sive
1828 1103 2025 1133 solverentur
2035 1104 2073 1132 de
2088 1103 2186 1143 prima

1274 1151 1406 1191 pecunia
1421 1152 1562 1181 veniente
1573 1151 1707 1187 nacioni,
1721 1157 1751 1181 et
1764 1162 1946 1182 concessum
1958 1152 2014 1182 suit
2025 1151 2085 1181 sibi
2101 1152 2187 1182 nullo

1275 1201 1494 1240 magistrorum
1519 1201 1645 1241 penitus
1678 1201 1927 1237 contradicente;
1954 1201 2058 1231 addito
2085 1208 2186 1231 tamen

1274 1250 1335 1279 isto
1361 1250 1445 1289 quod
1469 1250 1573 1280 debita
1596 1250 1737 1280 nacionis
1766 1260 1823 1290 pro
1847 1256 1920 1280 tunc
1941 1250 2030 1290 prius
2053 1251 2186 1280 fuissent

1275 1299 1376 1328 soluta
1389 1299 1439 1328 vel
1458 1299 1538 1329 solvi
1553 1300 1715 1329 deberent.

1681 1393 1778 1422 1353

1553 1463 1704 1502 [Themo
1733 1463 1908 1502 Judeus.]

1568 1523 1642 1536 0000

1313 1543 1403 1574 Αηηο
1423 1544 1548 1573 Domini
1568 1545 1656 1579 1353,
1673 1544 1723 1573 die
1742 1544 1781 1573 26
1799 1544 1915 1574 mensis
1933 1544 2083 1584 Augusti,
2107 1545 2183 1575 facta

1274 1593 1522 1633 congregacione
1537 1593 1757 1633 magistrorum
1771 1593 1912 1623 nacionis
1922 1592 2094 1633 Anglicane
2103 1595 2184 1634 apud

1275 1642 1420 1672 Sanctum
1442 1642 1596 1672 Julianum
1621 1652 1790 1682 pauperem
1816 1653 1911 1682 super
1935 1643 2090 1672 eleccione
2113 1653 2187 1683 pro-

1274 1691 1427 1721 curatoris
1445 1691 1594 1726 facienda,
1612 1692 1728 1721 electus
1744 1692 1801 1721 fuit
1818 1692 1850 1720 in
1862 1698 2093 1731 procuratorem
2107 1691 2187 1731 ejus-

1274 1742 1343 1770 dem
1360 1741 1500 1770 nacionis
1516 1741 1665 1781 magister
1682 1740 1799 1770 Themo
1819 1740 1936 1770 Judeus
1957 1741 2090 1771 clericus
2111 1742 2189 1771 civi-

1274 1790 1345 1819 tatis
1363 1789 1622 1820 Monasteriensis
1640 1789 1848 1825 concorditer,
1866 1789 1950 1819 nullo
1966 1790 2185 1830 magistrorum

1274 1839 1398 1879 penitus
1427 1839 1667 1869 contradicente.
1700 1839 1734 1868 ln
1760 1838 1847 1879 cujus
1877 1839 2092 1879 procuratoria
2121 1846 2188 1869 acta

1276 1894 1349 1918 sunt
1365 1888 1417 1918 illa
1433 1899 1492 1928 que
1509 1895 1693 1928 sequuntur.

1491 2020 1493 2022 Ι
1682 1981 1780 2011 1353

1466 2053 1715 2092 [Theodricus
1745 2054 1786 2082 de
1819 2053 1994 2092 Havert.]

1313 2133 1404 2164 Anno
1428 2133 1551 2164 Domini
1578 2133 1755 2164 M⁰.CCC¹¹¹⁰
1784 2134 2043 2174 quinquagesimo
2071 2134 2185 2169 tercio,

1274 2193 1379 2212 mense
1395 2182 1589 2223 Septembris
1605 2183 1655 2212 die
1672 2183 1820 2212 vicesima
1835 2183 1936 2218 tertia,
1957 2184 2034 2212 sacta
2052 2193 2187 2223 congre-

1273 2232 1402 2272 gacione
1418 2233 1637 2272 magistrorum
1653 2232 1792 2261 nacionis
1810 2232 1981 2272 Anglicane
1996 2233 2077 2272 apud
2093 2232 2186 2261 Sanc-

1274 2287 1338 2311 tum
1351 2281 1505 2311 Julianum
1526 2291 1693 2321 pauperem
1711 2291 1807 2321 super
1827 2281 1982 2311 eleccione
2003 2288 2187 2321 procurato-

1274 2330 1319 2360 ris
1334 2330 1484 2365 facienda,
1504 2330 1620 2360 electus
1640 2330 1695 2360 fuit
1710 2330 1908 2360 concorditer
1919 2330 2004 2360 nullo
2018 2330 2186 2370 magistro-

1274 2390 1341 2409 rum
1363 2379 1486 2419 penitus
1509 2379 1741 2409 contradicente
1765 2380 1912 2419 magister
1934 2379 2129 2409 Theodricus
2148 2380 2187 2408 de

1275 2428 1406 2463 Havert,
1429 2428 1504 2458 alias
1526 2435 1653 2458 vocatus
1683 2430 1720 2458 de
1747 2428 1871 2465 Sittert‚
1900 2429 1930 2457 in
1953 2435 2185 2468 procuratorem

1275 2476 1411 2517 ejusdem
1425 2477 1577 2512 nacionis,
1591 2477 1623 2507 in
1636 2476 1723 2518 cujus
1733 2478 1947 2517 procuratoria
1963 2484 2028 2507 acta
2042 2483 2113 2506 sunt
2131 2476 2186 2506 hec

1275 2536 1335 2566 que
1353 2533 1536 2567 sequuntur.

1686 2621 1783 2650 1353

1538 2691 1652 2730 [Bero
1679 2692 1722 2720 de
1751 2691 1928 2729 Swecia.]

1315 2771 1406 2801 Anno
1432 2771 1556 2801 Domini
1577 2751 1746 2801 fitchCL
1770 2771 1873 2805 tertio,
1896 2770 1926 2799 in
1948 2777 2053 2799 octava
2067 2769 2079 2788 ⁸
2101 2770 2186 2799 Mar-

1275 2820 1348 2856 tini,
1365 2821 1480 2850 electus
1501 2820 1557 2850 suit
1572 2821 1720 2860 magister
1738 2820 1818 2849 Bero
1833 2820 1871 2848 de
1890 2819 2010 2848 Swecia
2027 2819 2057 2848 in
2075 2829 2186 2859 procu-

1306 2932 1329 2955 2.
1363 2931 1476 2955 201ιι1ιϊ.

1306 2968 1328 2991 ³.
1364 2967 1393 2991 18
1406 2966 1560 2990 Novembris,
