2632 3464
270 437 304 463 21
778 437 892 464 LIBER
913 437 1229 464 PROCURATORUM
1250 437 1431 464 NATIONIS
1450 438 1696 466 ANGLICANAE
2171 444 2204 469 22

272 518 338 542 stro
357 513 537 548 Chunrado,
552 513 605 553 qui
621 523 669 542 me
687 512 859 553 predictum
878 513 1018 542 Ulricum
1033 523 1190 553 procura-⁴

270 568 370 591 torem
392 561 497 602 elegit.
516 562 591 592 Item
609 562 757 602 magister
770 561 912 591 Andreas
930 562 969 591 de
989 562 1120 591 Polonia
1137 573 1185 592 me

271 611 403 651 elegi[t],
429 621 550 641 necnon
572 611 720 651 magister
742 610 941 640 Wernherus
963 610 1115 640 Woll'ram
1137 622 1185 641 me

271 660 389 700 elegi[t]
396 683 403 689 .
415 661 529 691 Postea
536 670 611 690 vero
622 660 730 690 induxi
739 660 771 689 in
780 660 931 700 magistro
941 660 956 689 J
960 659 1081 690 ohanne
1091 660 1184 690 Scoto

270 709 309 739 de
323 709 456 748 Rathey,
473 709 526 749 qui
545 709 621 739 nulli
638 719 746 739 vocem
765 719 852 738 suam
870 710 943 738 dare
959 709 1094 745 volebat,
1112 710 1184 749 quia

270 758 363 793 dixit,
389 759 472 798 quod
497 767 565 792 non,
583 764 740 788 constaret
764 758 841 792 sibi,
866 764 969 787 utrum
991 758 1103 798 aliqui,
1130 759 1183 798 qui

271 807 441 836 intererant
456 807 616 842 eleccioni,
634 814 740 837 essent
756 807 871 846 ydonei
886 808 925 836 ad
941 807 1118 847 eligendum
1133 808 1182 837 vel

270 866 349 891 non;
383 862 514 896 propter
541 857 625 896 quod
654 855 868 886 indifferenter
897 856 947 886 ille
978 867 1011 886 se
1038 857 1180 887 habebat.

269 904 384 935 Postea
405 915 480 935 vero
501 905 610 935 induxi
633 905 666 934 in
690 906 840 945 magistro
864 906 1004 936 Johanne
1031 907 1070 936 de
1097 907 1183 936 Con-

269 954 400 990 stancia,
422 954 475 994 qui
500 954 682 984 electionem
705 965 802 984 meam
823 955 957 985 finaliter
976 956 1179 986 confirmavit.

268 1002 348 1043 Ego,
363 1003 543 1043 inquantum
557 1003 695 1039 Ulricus,
712 1004 784 1033 dedi
799 1014 906 1034 vocem
921 1015 1017 1034 meam
1031 1006 1181 1045 magistro

266 1051 391 1082 Andree
405 1051 467 1092 jam
481 1053 575 1088 dicto,
593 1063 655 1082 non
670 1059 704 1083 ut
719 1053 876 1093 eligendo,
893 1055 949 1083 sed
965 1060 998 1083 ut
1013 1054 1101 1084 daret
1115 1064 1180 1084 eam

265 1101 448 1141 cuicumque
459 1101 606 1142 placeret,
615 1108 645 1132 et
655 1102 836 1142 inquantum
846 1110 1030 1142 procurator
1041 1103 1180 1134 conclusi

266 1160 314 1179 me
329 1160 387 1190 pro
402 1150 536 1180 electore
552 1161 608 1180 seu
620 1151 766 1187 intrante,
781 1152 976 1182 substituens
988 1163 1063 1182 vero
1077 1153 1180 1182 imme·

265 1199 346 1229 diate
369 1200 550 1240 magistrum
574 1201 731 1230 Sunonem
753 1201 926 1241 predictum
950 1212 1007 1241 pro
1029 1212 1180 1242 procura-

264 1252 332 1276 tore
351 1247 519 1276 substituto
537 1247 606 1277 loco
624 1248 699 1283 mei3
714 1248 794 1277 idem
811 1258 886 1278 vero
905 1249 1064 1278 substituit
1081 1249 1180 1289 magi-

265 1301 362 1325 strum
380 1295 536 1325 Andream
555 1296 624 1326 loco
643 1297 702 1326 sui.

305 1344 414 1374 Statim
429 1351 501 1384 post
514 1351 618 1375 rector
632 1346 754 1375 vocavit
769 1353 901 1386 quatuor
914 1353 1133 1386 procuratores
1147 1354 1180 1377 ut

263 1393 432 1423 redderent
461 1394 707 1424 deliberaciones
741 1405 864 1425 suarum
900 1396 1075 1426 nacionum.
1109 1397 1178 1434 Quo

263 1441 343 1472 sacto
367 1450 578 1479 accesserunt,
611 1450 641 1473 et
667 1444 770 1484 quivis
798 1451 984 1484 procurator
1014 1444 1179 1484 cujuslibet

263 1491 403 1521 nacionis
435 1491 598 1522 electorem
633 1494 842 1532 presentabat.
880 1494 1045 1524 Predictus
1077 1500 1177 1524 autem

263 1546 367 1570 rector
383 1541 477 1570 trium
494 1541 656 1571 nacionum
679 1542 831 1572 electores
853 1544 1047 1583 acceptabat,
1069 1550 1177 1584 spreto

263 1596 373 1628 quarto
391 1590 540 1626 electore,
560 1591 681 1621 scilicet
700 1591 839 1621 nacionis
859 1591 1047 1632 Anglicane,
1067 1593 1176 1622 dicens

262 1639 346 1678 quod
368 1638 436 1678 ipse
462 1639 521 1669 rite
548 1646 579 1669 et
602 1641 834 1670 racionabiliter
856 1651 919 1671 non
945 1642 1036 1671 suerit
1060 1642 1176 1672 electus

261 1693 391 1727 propter
416 1689 610 1727 presenciam
636 1690 828 1729 quarundam
852 1700 1072 1729 personarum,
1099 1701 1176 1731 quas

261 1746 323 1765 non
351 1737 474 1766 dicebat
505 1737 632 1767 idoneas
660 1739 699 1767 ad
732 1739 979 1769 interessendum
1009 1740 1174 1776 eleccioni,

260 1795 361 1825 neque
381 1786 482 1825 ipsum
501 1786 667 1817 electorem
688 1788 826 1827 predicte
845 1788 985 1818 nacionis
1003 1788 1175 1830 Anglicane

259 1834 383 1865 volebat
393 1836 553 1866 admittere
564 1837 602 1866 ad
613 1835 780 1876 jurandum
792 1837 800 1855 ⁴
813 1848 881 1867 cum
893 1837 962 1868 aliis
974 1838 1173 1875 electoribus,

259 1883 374 1924 prout²
395 1891 444 1915 est
455 1892 648 1922 consuetum,
663 1893 794 1927 propter
810 1887 868 1917 hoc
882 1888 953 1928 quia
969 1888 1172 1924 obiciebatur,

259 1934 344 1972 quod
371 1933 472 1964 dictus
498 1935 618 1965 intrans
647 1946 703 1975 per
729 1937 910 1976 magistrum
934 1937 1111 1967 Choradum
1136 1939 1174 1967 de

258 1981 364 2012 Monte
381 1983 557 2013 Puellarum
574 1985 672 2014 suerat
685 1985 813 2021 electus,
831 1986 884 2026 qui
902 1986 1062 2016 Corradus
1080 1998 1097 2016 a
1112 1993 1175 2017 tota

260 2030 469 2062 Universitate
491 2033 547 2063 suit
570 2041 722 2074 perpetuo
745 2035 884 2074 privatus
906 2042 1037 2076 propter
1056 2036 1173 2066 malefi-

258 2080 338 2110 cium
354 2091 454 2111 suum.

298 2129 372 2170 (Ful.
391 2133 430 2161 30
445 2130 468 2171 ²²)
490 2131 565 2161 Item
586 2132 726 2172 proxima
751 2133 802 2163 die
820 2133 947 2164 martis³
968 2141 1040 2174 post
1061 2136 1171 2165 festum

258 2179 356 2208 sancti
385 2179 531 2220 Dionysii
557 2182 734 2212 convocatis
766 2183 910 2213 omnibus
943 2184 1102 2223 magistris
1134 2185 1172 2214 de

257 2228 386 2258 nacione
403 2228 577 2270 Anglicana
594 2237 663 2261 actu
681 2231 862 2271 regentibus
878 2232 954 2262 hora
969 2243 1050 2263 none
1067 2234 1171 2263 Sancti

256 2276 364 2307 Jacobi
377 2278 415 2307 ad
430 2278 575 2309 Sanctum
587 2279 787 2316 Maturinum,
800 2282 837 2310 ad
845 2282 1031 2312 audiendum
1047 2293 1170 2323 compo-

256 2332 320 2356 tum
339 2327 480 2367 magistri
499 2328 650 2359 Johannis
671 2329 756 2360 Scoti
773 2331 811 2360 de
827 2330 948 2371 Rathey
963 2332 1002 2361 de
1021 2332 1170 2371 expensis

256 2376 345 2406 sactis
363 2377 402 2406 ad
424 2378 552 2414 curiam,
575 2378 719 2409 omnibus
740 2378 812 2409 hinc
834 2386 866 2410 et
891 2380 962 2410 inde
984 2381 1169 2421 computatis

255 2435 313 2464 per
321 2435 390 2455 eum
404 2431 434 2455 et
446 2426 616 2462 defalcatis,
633 2428 722 2457 nacio
738 2429 886 2459 remansit
901 2429 961 2459 sibi
979 2435 1050 2460 tunc
1066 2430 1171 2460 debita

254 2473 313 2504 ΧΠ
333 2474 430 2504 libras
451 2482 482 2505 et
502 2475 558 2505 XV
577 2476 696 2506 solidos
720 2477 886 2517 parisiens.
912 2479 1080 2509 Presentes
1103 2480 1169 2509 sue-

255 2529 327 2553 runt
348 2524 489 2564 magistri
516 2535 523 2554 :
548 2526 696 2566 magister
721 2526 847 2557 Ulricus
868 2528 906 2557 de
931 2528 1071 2569 Augusta
1096 2535 1169 2559 tunc

255 2579 449 2612 procurator,
471 2574 629 2604 Johannes
655 2575 767 2605 Scotus
790 2577 828 2605 de
853 2576 985 2617 Rathay,
1010 2577 1169 2608 ,lohannes

254 2620 431 2661 Gasparde‚
458 2622 651 2653 Theodricus
678 2625 716 2653 de
746 2624 904 2665 Trajecto,
932 2625 1095 2656 Conradus
1129 2627 1168 2656 de

254 2669 360 2700 Monte
382 2671 570 2708 Puellarum,
589 2679 619 2702 et
634 2672 777 2703 Andreas
798 2674 836 2704 de
858 2674 999 2711 Polonia,
1020 2682 1051 2705 et
1071 2675 1167 2716 magi-

255 2725 319 2749 ster
332 2720 417 2750 Suno
432 2721 471 2750 de
487 2720 618 2751 Swecia.

341 2828 390 2851 Mu.
401 2828 556 2852 rut-andum.

341 2863 411 2887 lacer
422 2863 511 2888 lineae.

342 2898 371 2922 14
382 2899 504 2924 octobris.

341 2933 372 2957 20
385 2934 508 2959 Octobn'a.

341 2970 388 2993 Mn.
403 2970 558 2995 munimini.

283 2827 308 2992 9'?.⁶³!*'³t‘

1221 960 1254 986 10

1219 1206 1252 1232 15

1217 1452 1250 1477 20

1214 1696 1248 1722 25

1212 1942 1246 1969 30

1210 2188 1244 2214 35

1208 2434 1242 2460 40

1334 513 1426 544 Anno
1443 515 1566 544 Domini
1582 522 1614 544 ut
1630 526 1736 555 supra,
1757 518 1935 546 convocatis
1950 519 2093 548 omnihus
2110 520 2210 559 magi-

1295 563 1371 592 stris
1389 564 1428 592 de
1452 563 1582 593 nacione
1601 564 1805 604 Anglicorum
1829 567 1866 594 ad
1888 566 2032 595 Sanctum
2055 568 2208 598 ,Iulianum

1295 620 1473 649 pauperem,
1498 611 1638 650 proxima
1669 612 1719 641 die
1748 611 1838 641 lune⁸
1868 620 1940 651 post
1970 614 2079 643 festum
2112 617 2210 645 sancti

1294 659 1376 688 Luce
1392 659 1469 689 hora
1483 660 1595 700 prime,
1613 661 1650 689 ad
1667 660 1838 690 faciendum
1849 669 2081 701 procuratorem
2094 664 2124 692 in
2141 675 2209 703 prc-

1294 708 1375 738 dicta
1390 709 1535 745 nacione,
1554 719 1612 749 ego
1632 710 1782 749 magister
1800 710 1926 740 Ulricus
1947 712 1985 740 de
2007 711 2148 752 Augusta
2167 714 2209 742 sui

1293 758 1490 787 continuatus
1513 759 1543 787 in
1566 765 1800 798 procuratorem
1820 766 1850 788 et
1871 761 1909 789 de
1930 771 2010 790 novo
2033 761 2149 791 electus
2172 764 2209 791 ab

1292 806 1437 836 omnibus
1471 807 1629 847 magistris
1665 814 1736 837 tunc
1775 809 1974 848 presentibus
2013 812 2210 841 concorditer

1292 855 1451 885 unanimi⁵
1471 857 1509 886 de
1535 867 1701 893 consensu,
1723 857 1808 887 nullo
1832 868 1938 887 eorum
1958 859 2081 899 penitus
2110 861 2210 890 recla-

1292 911 1403 934 mante.
1441 906 1609 935 Presentes
1644 907 1767 936 suerunt
1805 907 1946 947 magistri
1981 908 2139 938 Johannes
2171 911 2210 939 de

1293 954 1495 990 Constancia,
1522 955 1719 986 Wernherus
1751 956 1964 992 VVolsrammi,
1997 958 2140 987 Andreas
2171 960 2209 988 de

1292 1003 1438 1039 Polonia,
1458 1005 1621 1034 Conradus
1639 1006 1678 1034 de
1698 1005 1804 1035 Monte
1821 1006 1997 1036 Puellarum
2015 1014 2045 1036 et
2065 1007 2150 1037 Suno
2170 1010 2209 1037 de

1292 1052 1422 1082 Swecia.

1329 1102 1408 1132 Acta
1423 1109 1495 1132 sunt
1510 1103 1570 1132 ista
1586 1114 1645 1143 que
1665 1111 1839 1143 sequuntur
1857 1117 1863 1134 2

1331 1151 1407 1180 Item
1438 1151 1579 1191 proxima
1610 1153 1660 1182 die
1688 1153 1816 1182 martis⁶
1846 1161 2007 1193 sequente,
2026 1157 2204 1186 convocatis

1290 1201 1448 1240 magistris
1473 1202 1617 1231 omnibus
1640 1203 1678 1231 de
1705 1203 1833 1232 nacione
1858 1203 2031 1243 Anglicana
2057 1206 2095 1234 ad
2120 1206 2208 1235 ordi-

1289 1251 1435 1286 nandum,
1467 1251 1704 1290 supplicandum
1737 1259 1767 1281 et
1797 1253 2042 1292 dispensandum
2075 1261 2133 1284 etc.
2169 1256 2206 1284 ad

1290 1299 1436 1329 Sanctum
1454 1299 1657 1336 Maturinum,
1678 1301 1709 1330 in
1724 1301 1835 1341 primis
1857 1303 1991 1341 positum
2009 1303 2064 1332 suit
2079 1303 2110 1333 in
2127 1304 2207 1333 deli-

1288 1348 1452 1378 beracione
1471 1355 1501 1378 et
1521 1349 1743 1389 supplicatum,
1763 1357 1796 1380 ut
1815 1351 1964 1391 magister
1983 1353 2148 1382 Conradus
2167 1354 2206 1382 de

1288 1397 1394 1427 Monte
1410 1398 1586 1428 Puellarum
1606 1399 1732 1429 haberet
1747 1402 1997 1439 procuratorium
2016 1412 2083 1431 cum
2100 1402 2205 1442 sigillo

1287 1447 1428 1476 nacionis
1448 1448 1486 1476 ad
1509 1448 1625 1478 curiam
1649 1449 1819 1478 Romanam
1839 1450 1877 1479 de
1901 1450 2108 1491 appellatione
2128 1452 2204 1481 sacta

1288 1506 1345 1535 per
1358 1503 1421 1526 tres
1438 1497 1596 1532 naciones,
1612 1497 1731 1527 scilicet
1747 1498 1960 1534 Picardorum,
1979 1500 2204 1530 Normanorum

1287 1551 1318 1574 et
1337 1545 1556 1585 Anglicorum,
1575 1547 1623 1576 cui
1645 1557 1829 1577 concessum
1848 1549 1919 1582 suit,
1941 1549 2011 1588 quia
2027 1549 2203 1588 rigorosum

1287 1600 1363 1630 erat,
1387 1605 1455 1624 cum
1474 1596 1584 1625 factum
1606 1596 1697 1626 suerit
1717 1597 1867 1626 nacionis.
1893 1597 2062 1627 Presentes
2083 1599 2206 1628 fuerunt

1286 1644 1427 1683 magistri
1444 1656 1450 1673 ε
1466 1645 1614 1684 magister
1630 1645 1722 1685 Hugo
1739 1645 1863 1681 Scotus,
1880 1657 1938 1686 ego
1955 1647 2104 1686 magister
2117 1647 2204 1677 Ulri-

1286 1703 1340 1722 cus
1357 1699 1428 1722 tunc
1448 1701 1644 1733 procurator,
1660 1695 1809 1734 magister
1827 1695 2014 1725 Chunradus
2031 1697 2201 1735 predictus.

1286 1739 1430 1769 Predicta
1447 1751 1522 1770 vero
1544 1741 1633 1770 litera
1652 1743 1860 1781 procuratorii
1882 1743 1981 1772 suerat
2000 1743 2078 1773 lecta
2100 1755 2202 1773 coram

1286 1789 1388 1824 nobis,
1401 1790 1450 1819 cui
1467 1791 1591 1830 quidem
1605 1791 1821 1830 procuratorio
1835 1793 1894 1821 due
1911 1792 2070 1828 naciones,
2084 1793 2203 1823 scilicet

1286 1838 1504 1875 Picardorum,
1536 1840 1778 1876 Normanorum‚
1811 1841 1914 1881 sigilla
1949 1852 2055 1871 eorum
2086 1843 2203 1882 pariter

1285 1889 1512 1927 appendebant.

1325 1937 1401 1966 Item
1427 1938 1476 1967 die
1502 1938 1669 1968 mercurii⁷
1688 1939 1829 1978 proxima
1851 1940 2029 1970 convocatis
2054 1941 2198 1970 omnibus

1283 1987 1443 2026 magistris
1454 1988 1492 2016 ad
1506 1988 1743 2027 supplicandum
1758 1995 1816 2018 etc.
1832 1990 1868 2018 ad
1887 1989 2032 2019 Sanctum
2046 1990 2199 2020 lulianum

1282 2046 1451 2076 pauperem
1467 2037 1616 2076 magister
1627 2037 1819 2067 Theodricus
1833 2039 1871 2068 de
1885 2038 2027 2078 Trajecto
2041 2040 2200 2079 supplica-

1282 2085 1326 2114 vit
1337 2095 1426 2114 unam
1435 2085 1448 2103 ⁸
1469 2085 1588 2115 literam
1600 2086 1854 2126 supplicatoriam
1866 2089 1903 2117 ad
1915 2089 2074 2118 dominum
2089 2099 2197 2129 papam

1282 2140 1312 2164 et
1323 2135 1400 2164 duas
1414 2134 1490 2164 alias
1505 2135 1610 2164 literas
1623 2137 1941 2166 recommendacionis
1956 2138 1995 2166 ad
2017 2139 2095 2167 duos
2105 2138 2116 2156 ⁹
2131 2149 2200 2167 car-

1282 2183 1417 2219 dinales,
1439 2195 1498 2224 que
1519 2184 1607 2214 litere
1628 2185 1688 2214 sibi
1709 2186 1830 2215 fuerant
1849 2196 1998 2216 concesse
2019 2198 2036 2216 a
2056 2188 2196 2217 nacione.

1282 2232 1450 2262 Presentes
1473 2235 1596 2263 suerunt
1620 2234 1760 2274 magistri
1786 2235 1878 2275 Hugo
1901 2235 2029 2271 Scotus‚
2052 2237 2199 2276 magister

1279 2281 1437 2312 Johannes
1454 2283 1491 2312 dc
1509 2283 1680 2322 Kasperde,
1698 2283 1911 2314 Theudoricus
1924 2285 2097 2325 predictus,
2113 2286 2198 2315 Suno

1280 2331 1318 2360 de
1335 2331 1467 2361 Swecia.

1321 2380 1397 2410 ltem
1424 2388 1572 2421 sequente
1595 2382 1667 2420 [die]
1680 2381 1706 2401 ⁴⁰
1727 2389 1866 2412 vocatum
1893 2384 1948 2413 fuit
1963 2385 2001 2413 ad
2023 2394 2197 2424 congrega-

1280 2429 1394 2459 tionem
1413 2430 1443 2459 in
1461 2431 1572 2470 primis
1590 2431 1719 2467 ibidem,
1737 2438 1770 2462 ut
1785 2432 1882 2461 forma
1898 2433 2107 2472 predictarum
2126 2433 2196 2463 lite-

1279 2488 1381 2508 rarum
1405 2479 1575 2510 videretur.
1606 2480 1679 2510 Visa
1704 2481 1759 2511 fuit
1780 2488 1810 2511 et
1831 2493 1992 2517 concessa,
2018 2489 2117 2511 tamen
2144 2482 2195 2512 tali

1278 2528 1461 2558 condicione
1475 2529 1647 2569 prehabita,
1661 2537 1694 2560 ut
1706 2531 1733 2559 si
1750 2531 1781 2560 in
1794 2530 1898 2571 aliquo
1912 2538 2019 2560 contra
2035 2532 2194 2561 nacionem

1278 2586 1364 2606 suam
1382 2578 1586 2615 forefecisset,
1604 2585 1637 2609 ut
1658 2579 1754 2619 aliqui
1780 2581 1973 2615 asserebant,
1989 2581 2072 2620 quod
2089 2580 2146 2610 hoc
2163 2581 2194 2610 in

1278 2627 1458 2656 reversione
1490 2638 1546 2657 sua
1576 2629 1614 2658 de
1649 2629 1734 2658 curia
1760 2630 1798 2658 ad
1832 2630 2018 2659 voluntatem
2053 2630 2194 2660 nacionis

1277 2677 1441 2706 emendare
1459 2678 1597 2712 deberet,
1615 2679 1698 2718 quod
1718 2678 1810 2707 michi
1829 2679 1978 2718 magistro
1998 2678 2105 2708 Ulrico
2122 2685 2193 2709 tunc

1277 2726 1472 2764 procuratori
1486 2733 1516 2756 et
1529 2727 1678 2767 magistro
1692 2727 1825 2757 Johanni
1840 2728 1933 2757 Scoto
1947 2729 1986 2757 de
2000 2727 2120 2768 Rathey
2134 2728 2192 2757 fide

1306 2834 1329 2856 8.
1364 2833 1391 2856 21
1409 2833 1533 2857 Octobr-in.

1306 2869 1328 2891 7.
1364 2869 1394 2892 22
1408 2869 1533 2893 Octobr-ie.

1305 2904 1328 2929 8.
1363 2905 1411 2927 Ms.
1426 2912 1537 2928 unanun.

1304 2942 1327 2963 9.
1362 2941 1410 2963 Me.
1426 2940 1502 2964 duas.

1306 2975 1343 2998 10.
1363 2976 1393 2998 23
1408 2975 1532 3000 octobris.
