2632 3464
437 393 489 418 215

437 468 543 498 debuit
553 478 609 497 nec
628 469 719 497 debet
738 468 823 506 [dici]
841 469 1015 508 possessio,
1034 478 1106 508 ymo
1121 468 1260 498 allectiva
1275 469 1346 497 sub-

416 536 426 549 .
435 518 557 553 tractio,
572 517 733 556 usurpatio
744 523 774 546 et
784 518 946 557 occupatio
958 517 1148 547 fraudulenta
1160 523 1190 546 et
1205 516 1347 546 detencio

434 566 580 597 violenta.

476 615 524 645 Ad
543 615 600 644 Vll
622 622 652 644 et
673 615 746 644 VIII
769 615 916 645 articulos
937 616 1108 655 respondet
1131 615 1274 645 similiter
1290 624 1347 654 per

435 664 709 704 interempcionem
734 670 764 694 et
790 665 899 694 factum
925 664 1125 700 contrarium,
1151 675 1184 693 se
1212 665 1250 693 ad
1272 673 1346 693 suos

434 714 582 743 articulos
597 724 652 753 per
668 713 769 743 omnia
782 714 957 743 referendo.

474 762 524 793 Ad
552 763 783 792 conclusionem
822 763 993 802 respondet
1021 763 1105 801 quod
1137 762 1206 802 ipsa
1238 768 1347 801 peccat

435 812 556 842 notorie
578 818 608 841 et
626 811 787 841 manifeste
808 812 839 840 in
858 811 928 850 jure
949 821 1005 840 nec
1028 811 1169 851 sequitur
1189 811 1257 850 ipsa
1274 821 1346 840 con-

436 861 535 891 clusio
551 871 588 890 ex
601 861 745 890 narratis.

475 910 550 940 Item
573 916 620 939 est
637 910 705 949 ipsa
727 909 841 949 peticio
862 919 899 938 ex
917 909 1076 948 implicitis
1097 909 1200 944 dubia,
1221 919 1300 949 vaga
1317 915 1348 938 et

432 961 576 994 obscura,
601 959 866 998 specificacionem
893 958 1186 987 circonstanciarum
1213 958 1346 987 debitam

433 1015 464 1038 et
493 1008 736 1037 declaracionem
759 1017 926 1046 congruam
951 1007 1126 1036 nullatenus
1151 1007 1347 1046 conprehen-

433 1058 522 1092 dens,
539 1063 569 1086 et
585 1057 655 1085 talis
672 1057 754 1096 quod
776 1057 813 1085 de
830 1055 897 1095 jure
914 1057 1020 1085 eadem
1037 1057 1125 1086 nacio
1143 1056 1346 1096 Anglicorum

433 1107 533 1136 eidem
552 1105 700 1145 peticioni
722 1111 751 1135 et
769 1105 963 1134 conclusioni
981 1116 1018 1134 eo
1037 1106 1129 1135 modo
1149 1112 1179 1134 et
1198 1106 1236 1134 ad
1255 1106 1345 1134 finem

437 1156 550 1195 quibus
569 1155 759 1194 proponitur
771 1165 834 1183 non
852 1160 974 1184 tenetur
989 1155 1192 1194 respondere.

466 1237 583 1274 Copia
610 1236 837 1273 posicionum
863 1242 897 1263 et
931 1236 1169 1264 articulorum
1195 1237 1318 1274 Angli-

498 1295 620 1313 corum
651 1292 776 1312 contra
807 1285 995 1312 nacionem
1022 1285 1274 1314 Picardorum.

470 1351 520 1381 Ad
540 1352 631 1380 finem
656 1351 740 1390 quod
760 1361 818 1390 per
834 1351 1037 1380 reverendam
1059 1357 1187 1380 matrem
1207 1358 1345 1381 nostram

431 1401 662 1431 universitatem
688 1400 908 1440 magistrorum
935 1406 965 1428 et
992 1399 1157 1429 scolarium
1185 1401 1346 1430 Parisien-

432 1451 512 1480 sium
527 1460 583 1489 pro
602 1449 763 1489 magistris
781 1456 811 1478 et
831 1449 1004 1478 scolaribus
1021 1449 1184 1488 (quatenus
1204 1460 1258 1479 eos
1277 1456 1346 1479 tan-

431 1500 486 1540 git)
506 1499 646 1528 nacionis
663 1498 836 1538 Anglicane
854 1499 890 1527 ab
911 1498 983 1527 olim
1005 1498 1036 1527 in
1056 1499 1158 1528 studio
1173 1499 1346 1528 Parisiensi

433 1549 609 1583 constitute,
625 1555 655 1577 et
673 1554 780 1577 contra
796 1548 867 1577 illos
879 1549 916 1576 de
930 1548 1060 1577 nacione
1076 1548 1219 1577 Picardie
1227 1548 1277 1577 vel
1290 1559 1347 1585 per

431 1608 489 1627 nos
508 1608 562 1627 seu
575 1607 633 1637 per
645 1597 723 1626 alios
740 1607 796 1636 per
811 1598 922 1626 dictam
939 1603 1065 1626 matrem
1082 1603 1220 1626 nostram
1236 1598 1273 1626 ad
1287 1597 1346 1626 hoc

431 1647 609 1687 specialiter
632 1648 794 1686 deputatos
817 1646 865 1676 vel
884 1646 974 1675 etiam
995 1647 1190 1686 deputandos
1208 1657 1345 1686 pronun-

431 1697 530 1726 cietur
549 1706 583 1725 ac
606 1696 695 1724 etiam
717 1695 948 1726 sentencialiter
971 1695 1156 1731 declaretur,
1177 1696 1344 1735 magistros

431 1752 462 1775 et
502 1745 638 1774 scolares
675 1746 712 1774 de
749 1744 988 1784 circuminjectis
1031 1744 1144 1774 finibus
1185 1751 1215 1774 et
1251 1746 1344 1775 terris

431 1794 640 1833 infrascriptis
656 1804 691 1823 ac
704 1794 784 1823 intra
800 1800 829 1823 et
844 1794 923 1822 infra
939 1794 1009 1823 illos
1027 1794 1208 1829 existentes,
1228 1805 1262 1824 ac
1274 1793 1346 1834 jura

431 1844 595 1873 scolastica
613 1850 643 1872 et
663 1843 776 1878 debita,
796 1844 834 1872 de
850 1843 963 1882 quibus
982 1843 1063 1872 inter
1079 1843 1176 1872 dictas
1196 1843 1344 1873 naciones

432 1893 554 1933 questio
574 1892 752 1927 ventilatur,
771 1893 808 1921 ad
832 1892 930 1931 ipsam
955 1893 1115 1921 nacionem
1141 1892 1343 1932 Anglicanam

431 1949 460 1972 et
476 1942 642 1982 magistros
657 1940 794 1981 ejusdem
807 1952 865 1981 pro
877 1942 945 1981 ipsa
959 1942 1088 1971 nacione
1099 1948 1129 1971 et
1143 1941 1208 1981 ejus
1220 1942 1343 1972 nomine

432 1992 463 2020 in
486 1992 568 2020 dicto
592 1991 695 2020 studio
716 1991 884 2030 pertinere,
910 2001 943 2019 ac
964 2001 1170 2030 personarum
1193 1998 1223 2020 et
1240 2002 1342 2021 rerum

432 2041 595 2080 petitarum
614 2046 673 2069 tam
694 2040 918 2079 proprietatem
937 2050 1028 2079 quam
1047 2041 1280 2079 possessionem
1295 2040 1343 2078 (ad

432 2090 489 2118 hoc
506 2096 537 2118 ut
550 2090 587 2118 de
602 2090 683 2118 dicta
698 2088 869 2128 Anglicana
884 2089 1012 2118 nacione
1029 2089 1059 2117 in
1077 2090 1218 2129 predicto
1239 2090 1343 2119 studio

433 2139 626 2178 censeantur)
643 2139 741 2167 eidem
758 2138 880 2167 nacioni
895 2137 1110 2177 adjudicando,
1127 2139 1206 2168 dicte
1221 2139 1343 2168 nacioni

433 2187 576 2217 Picardie
593 2198 688 2226 super
699 2187 761 2216 illis
778 2187 939 2216 silencium
954 2194 1137 2226 perpetuum
1154 2188 1341 2227 imponatur,

433 2243 645 2275 statuaturque
668 2237 852 2265 decernatur
868 2242 897 2265 et
914 2236 965 2265 fiat
982 2236 1124 2271 ulterius,
1147 2237 1230 2276 quod
1244 2236 1296 2276 jus
1314 2244 1344 2266 et

433 2286 511 2315 ratio
527 2287 701 2314 suadebunt
719 2298 724 2314 :
744 2286 891 2324 proponit
902 2291 932 2314 et
947 2285 1022 2314 dicit
1036 2284 1143 2325 injure
1159 2286 1241 2315 dicta
1255 2287 1343 2315 nacio

433 2335 603 2375 Anglicana
631 2341 739 2363 contra
763 2335 874 2363 dictam
907 2335 1050 2363 Picardie
1080 2335 1238 2364 nacionem
1267 2336 1343 2365 sacta

433 2385 569 2413 rationes
592 2390 622 2413 et
642 2383 712 2423 jura
738 2394 797 2423 que
821 2390 994 2423 sequuntur
1019 2394 1120 2413 coram
1144 2385 1225 2413 dicta
1247 2391 1343 2414 matre

433 2440 537 2462 nostra
561 2443 615 2462 seu
637 2434 727 2462 nohis
753 2434 885 2462 dominis
912 2439 941 2462 et
967 2434 1124 2473 magistris
1145 2434 1181 2462 ad
1205 2434 1262 2463 hoc
1286 2444 1344 2474 per

433 2483 531 2522 ipsam
550 2482 727 2522 specialiter
741 2483 907 2521 deputatis.

474 2532 651 2561 Positiones
674 2541 747 2561 vero
771 2538 800 2560 et
817 2531 963 2560 articulos
982 2542 1076 2571 super
1098 2532 1225 2561 eiisdem
1246 2533 1343 2562 racio-

434 2581 525 2610 nibus
544 2587 634 2620 atque
658 2581 746 2610 sactis
764 2581 801 2609 ad
824 2581 974 2609 intentum
995 2587 1023 2610 et
1044 2582 1081 2610 ad
1098 2581 1188 2610 finem
1209 2582 1344 2620 premis-

434 2640 537 2658 sorum
559 2631 610 2659 dat
625 2636 655 2658 et
669 2631 803 2669 probare
821 2630 953 2659 intendit
973 2630 1054 2659 dicta
1070 2631 1157 2659 nacio
1173 2630 1344 2671 Anglicana

433 2679 662 2718 infrascriptos,
700 2679 731 2707 in
761 2685 907 2718 quantum
943 2679 1123 2719 posiciones
1158 2686 1187 2708 et
1222 2680 1344 2709 articuli

434 2727 609 2767 hujusmodi
625 2738 682 2767 pro
700 2728 767 2767 ipsa
786 2728 915 2757 nacione
937 2728 1050 2757 faciunt
1068 2735 1097 2757 et
1112 2735 1219 2758 contra
1232 2729 1343 2758 dictam

435 2777 576 2806 Picardie
593 2777 763 2813 nacionem,
782 2784 812 2806 et
828 2787 888 2806 non
906 2777 995 2806 aliter
1005 2788 1061 2806 nec
1075 2777 1217 2812 ulterius,
1232 2778 1344 2817 quibus

465 2856 487 2879 1.
523 2858 614 2879 Postea
628 2859 702 2879 vacat
715 2864 766 2879 una
775 2856 874 2887 pagina
886 2856 962 2887 (361).

466 2893 488 2915 2.
523 2893 590 2915 Haec
604 2892 700 2923 positio
716 2891 843 2915 invenitur
862 2892 898 2915 ad
917 2892 1011 2915 calcem
1029 2892 1199 2924 manuscripti
1215 2893 1240 2916 in
1259 2892 1346 2916 ultimo

433 2927 495 2953 solio
510 2931 633 2951 vetustate
645 2927 767 2955 lacerato,
781 2930 805 2950 et
821 2927 920 2959 quidem
930 2928 987 2959 jam
1001 2930 1112 2959 tempore
1122 2927 1285 2960 Bulaei(1id.
1297 2928 1340 2957 IV,

983 392 1207 418 AUCTARIUM
1227 391 1487 418 CHARTULARII
1506 391 1680 419 UNIVERS.
1702 392 1820 420 PARIS.

1401 667 1417 693 5

1384 913 1417 938 10

1383 1158 1417 1184 15

1383 1404 1417 1430 20

1383 1652 1416 1678 25

1381 1898 1415 1923 30

1380 2143 1414 2169 35

1381 2389 1415 2415 40

1382 2640 1415 2665 45

2311 398 2364 424 216

1455 468 1671 508 posicionibus
1691 475 1721 499 et
1740 470 1878 500 articulis
1900 470 1979 510 petit
1993 481 2051 511 per
2066 478 2187 512 partem
2203 473 2365 504 adversam

1454 518 1658 557 respondere,
1690 524 1751 548 tam
1778 518 1965 559 conjunctim
1989 530 2080 560 quam
2105 521 2247 557 divisim,
2270 528 2301 552 et
2326 524 2365 553 de

1455 565 1595 606 quolibet
1619 577 1676 606 per
1697 568 1833 598 debitum
1849 567 2068 608 juramentum,
2090 580 2125 599 ac
2147 571 2262 610 quibus
2279 571 2365 601 suffi-

1455 614 1574 645 cienter
1584 616 1685 646 visum
1700 627 1763 646 non
1779 617 1881 653 fuerit,
1900 628 1960 658 pro
1973 619 2158 649 confessatis
2173 619 2292 649 haberi.
2308 619 2361 650 Sic

1455 663 1636 694 articulatur
1650 671 1680 695 et
1694 666 1782 705 ponit
1792 666 1815 695 .

1575 745 1731 782 [Positio
1758 747 1906 776 Nicolai
1929 747 1971 775 de
2003 749 2190 776 Almekerc
2206 746 2239 789 ]

1495 810 1567 850 (Fal.
1591 813 1626 840 61
1641 810 1665 851 l>)
1685 810 1936 850 [venerabilibus
1956 813 2090 843 dominis
2107 812 2196 855 m]eis
2214 821 2244 845 et
2265 815 2365 856 magi-

1455 859 1530 888 stris
1561 860 1695 890 nationis
1723 860 1895 901 Anglicane
1927 863 1985 892 sub
2019 863 2212 892 correctione
2240 864 2364 894 notifico

1455 909 1539 948 quod
1561 909 1618 938 sub
1636 908 1811 949 juramento
1831 921 1899 940 meo
1919 907 1985 940 mee
2007 912 2125 941 nationi
2146 913 2263 951 prefate
2282 914 2365 952 [pre-

1455 957 1540 993 stito,
1566 968 1658 988 causa
1681 958 1850 1000 peanente
1870 960 1951 990 inter
1975 961 2130 990 nationem
2151 961 2364 991 Pickardicam

1455 1016 1489 1036 ac
1517 1006 1673 1036 nationem
1705 1018 1802 1037 meam
1835 1011 2037 1039 reverendam
2065 1009 2268 1050 Anglicanam
2293 1011 2365 1041 volo

1455 1056 1667 1091 conscribere,
1684 1056 1715 1085 in
1731 1063 1878 1096 quantum
1893 1057 2028 1098 [potero,
2047 1060 2172 1098 meram]
2191 1059 2363 1090 veritatem.

1496 1104 1536 1134 Et
1549 1105 1651 1145 primo
1669 1106 1707 1135 de
1722 1116 1785 1135 uno
1799 1107 1837 1136 de
1856 1117 1917 1146 quo
1933 1107 2088 1147 Pyckardi
2106 1108 2221 1138 faciunt
2238 1109 2365 1139 difficul-

1455 1159 1558 1189 tatem,
1585 1154 1704 1184 scilicet
1728 1156 1812 1195 quod
1833 1155 1923 1185 Mosa
1949 1157 2094 1196 antiquus
2119 1158 2248 1187 deberet
2271 1158 2365 1196 [divi-

1455 1204 1541 1242 dere]
1565 1204 1719 1233 nationem
1741 1204 1944 1245 Anglicanam
1966 1215 1983 1234 a
2011 1206 2135 1236 natione
2159 1206 2363 1246 Pyckardica,

1455 1253 1539 1293 quod
1561 1263 1624 1282 non
1644 1260 1692 1283 est
1710 1263 1817 1283 verum
1857 1260 1891 1284 ut
1910 1260 2016 1294 postea
2040 1255 2215 1285 declarabo.
2234 1256 2366 1286 Constat

1455 1302 1536 1331 enim
1563 1302 1694 1341 [nationi
1721 1313 1786 1332 mee
1811 1303 1996 1344 reverende]
2016 1303 2199 1344 Anglicane,
2226 1315 2282 1335 nec
2302 1315 2364 1335 non

1455 1351 1548 1380 michi
1571 1352 1653 1391 quod
1676 1352 1792 1392 duplex
1818 1359 1866 1382 est
1890 1352 1990 1388 Mosa,
2021 1353 2140 1383 scilicet
2164 1354 2308 1394 antiquus
2334 1361 2366 1384 et

1454 1411 1566 1436 novus,
1584 1407 1614 1430 et
1627 1402 1717 1430 ambo
1733 1402 1926 1430 descendunt
1943 1403 1981 1430 ab
1999 1412 2060 1431 uno
2072 1401 2156 1442 [loco
2196 1409 2226 1432 et
2240 1403 2364 1442 quidem

1455 1449 1631 1491 antquuus
1658 1451 1703 1479 sic
1728 1451 1812 1490 quod
1837 1450 1961 1490 quando
1985 1450 2038 1480 ille
2065 1451 2155 1481 Mosa
2175 1452 2260 1481 venit
2277 1451 2366 1492 juxta

1455 1509 1546 1528 unam
1570 1499 1722 1529 civitatem
1756 1510 1815 1539 que
1845 1498 1973 1528 Vocatur
2002 1499 2165 1536 Hoesden,
2192 1501 2304 1531 transit
2326 1501 2365 1531 de

1454 1555 1542 1589 parte
1556 1547 1764 1589 meridi[onali
1775 1549 1813 1577 ad
1825 1548 2093 1590 septentrionem],
2107 1556 2137 1579 et
2147 1550 2244 1579 currit
2256 1550 2288 1579 in
2303 1560 2366 1580 uno

1454 1597 1547 1628 fluvio
1563 1598 1615 1637 qui
1632 1604 1761 1627 vocatur
1778 1598 1885 1627 Renus
1896 1597 1985 1637 juxta
1999 1608 2090 1627 unam
2107 1598 2210 1628 villam
2224 1599 2366 1629 nomina-

1454 1653 1514 1676 tam
1537 1647 1773 1682 Woudrichem,
1805 1647 1850 1676 sic
1879 1648 1962 1686 quod
1986 1646 2157 1688 [invenitur
2185 1648 2227 1677 ibi
2251 1647 2364 1689 n]ovus

1454 1696 1543 1726 Mosa
1565 1696 1719 1736 incipiens
1741 1706 1758 1725 a
1783 1696 1930 1725 Hoesden
1953 1707 2052 1736 usque
2075 1696 2312 1732 Woudrichem,
2335 1703 2367 1727 et

1454 1746 1617 1774 continens
1633 1746 1664 1774 in
1677 1745 1871 1785 longitudine
1887 1745 1932 1774 111
1948 1755 2060 1784 parvas
2071 1745 2186 1775 leucas.
2201 1744 2366 1787 [Vocatur]

1453 1805 1553 1824 novus
1567 1794 1667 1830 Mosa,
1685 1794 1756 1834 quia
1769 1794 1890 1824 noviter
1901 1794 1978 1824 citra
1988 1794 2099 1824 LXXX
2113 1805 2223 1830 annos,
2241 1796 2364 1835 quando

1453 1844 1599 1883 antiquus
1619 1846 1706 1873 Mosa
1724 1844 1954 1879 obstruebatur,
1974 1842 2062 1883 juxta
2083 1844 2230 1873 Hoesden
2249 1844 2366 1884 incepit

1452 1893 1571 1933 vigere.
1587 1892 1639 1931 [At
1650 1893 1795 1932 antiquus
1806 1893 1905 1928 Mosa,
1917 1894 2018 1932 quem]
2033 1893 2138 1922 dicunt
2146 1903 2216 1922 esse
2230 1894 2364 1923 medium

1453 1943 1534 1972 inter
1549 1942 1683 1982 prefatas
1700 1942 1856 1977 nationes,
1874 1942 1983 1981 incipit
2001 1942 2031 1970 in
2047 1943 2155 1971 eodem
2168 1943 2312 1978 termino,
2331 1943 2364 1972 in

1453 2002 1515 2031 quo
1543 1991 1653 2030 incipit
1681 1991 1770 2020 Mosa
1796 2001 1907 2026 novus,
1941 1991 2060 2020 scilicet
2078 1990 2166 2031 juxta
2198 1991 2364 2029 [civitatem

1453 2041 1612 2076 Hoesden,
1632 2041 1688 2078 sic]
1707 2041 1791 2080 quod
1806 2040 1902 2070 currit
1917 2051 1932 2068 a
1949 2047 2037 2080 parte
2054 2040 2195 2069 orientali
2209 2040 2364 2080 incipiens

1453 2090 1484 2119 in
1506 2091 1625 2129 prefato
1646 2089 1789 2125 termino,
1816 2090 2011 2118 descendens
2035 2099 2091 2128 per
2112 2089 2223 2118 lineam
2249 2096 2363 2119 rectam

1452 2140 1490 2168 de
1505 2139 1664 2173 Hoesden,
1682 2145 1711 2168 et
1723 2148 1756 2167 se
1767 2138 1921 2178 [dirigens
1934 2138 1965 2167 in
1976 2139 2087 2178 pa]rvo
2097 2138 2192 2178 opido
2207 2139 2364 2168 nominato

1452 2188 1621 2223 Maesdam,
1642 2194 1672 2216 et
1687 2187 1850 2217 continens
1869 2188 1900 2216 in
1915 2187 2110 2227 longitudine
2127 2194 2245 2227 septem
2261 2187 2364 2218 leucas

1451 2247 1563 2267 versus
1587 2243 1706 2276 partem
1733 2237 1967 2266 occidentalem.
1998 2237 2039 2266 Et
2063 2243 2096 2266 ut
2118 2235 2225 2277 [patet,
2250 2236 2364 2278 inclu]-

1452 2285 1552 2316 dunt
1578 2286 1630 2315 isti
1655 2287 1716 2315 duo
1741 2286 1829 2315 Mose
1854 2295 1945 2315 unam
1967 2285 2098 2315 insulam
2128 2285 2207 2314 infra
2234 2296 2279 2320 se,
2304 2296 2364 2325 que

1451 2342 1580 2365 vocatur
1602 2335 1715 2375 Magna
1738 2335 1850 2370 insula,
1877 2345 1936 2374 que
1959 2335 2060 2364 insula
2084 2335 2200 2374 prefata
2228 2335 2365 2364 continet

1452 2391 1571 2425 partem
1598 2385 1714 2423 [unam]
1737 2384 1912 2419 Hollandie,
1937 2384 2127 2413 territorium
2148 2383 2303 2413 domicelli
2325 2385 2364 2413 de

1454 2435 1578 2464 Hoerne
1605 2440 1635 2463 et
1661 2434 1819 2469 Hoesden,
1843 2439 1873 2462 et
1898 2433 2067 2462 dominium
2095 2434 2132 2462 de
2155 2433 2302 2462 Hoesden
2331 2433 2364 2462 in

1453 2489 1550 2523 parte.
1569 2483 1636 2512 Hoc
1657 2484 1694 2512 de
1713 2483 1784 2512 isto.

1491 2531 1676 2573 [Secund]o
1703 2538 1824 2561 constat
1850 2531 1931 2560 enim
1962 2531 2079 2560 nationi
2100 2541 2166 2560 mee
2191 2532 2363 2560 reverende

1452 2581 1636 2621 Anglicane,
1656 2591 1777 2610 necnon
1792 2580 1898 2616 michi,
1916 2581 1999 2620 quod
2014 2590 2187 2619 nuncquam
2201 2579 2365 2619 supposita

1453 2631 1556 2670 aliqua
1580 2630 1670 2659 istius
1696 2630 1814 2669 prefate
1840 2629 1956 2664 insule,
1985 2638 2045 2668 que
2068 2639 2101 2658 se
2125 2628 2276 2668 Parysius
2301 2634 2363 2658 stu-

1453 2680 1562 2709 dentes
1579 2685 1812 2719 reputaverunt
1826 2679 1883 2708 sub
1897 2678 2019 2709 natione
2034 2678 2227 2717 Pyckardica
2242 2678 2365 2708 fuerunt

1454 2729 1620 2764 licentiata,
1644 2727 1832 2768 magistrata,
1855 2733 1906 2756 aut
1928 2737 2060 2766 unquam
2081 2726 2214 2766 aliquem
2234 2727 2364 2767 gradum

1455 2779 1512 2807 sub
1542 2777 1665 2807 natione
1693 2776 1887 2816 Pyckardica
1916 2782 2111 2815 receperunt,
2146 2776 2207 2805 nisi
2241 2775 2363 2815 precise

1454 2858 1519 2889 343),
1538 2857 1584 2889 qui
1598 2861 1684 2881 tamen
1700 2856 1786 2880 adhuc
1799 2856 1879 2888 plura
1897 2864 1974 2888 quam
1991 2864 2046 2885 nos,
2065 2855 2111 2879 aed
2125 2855 2236 2887 forsitan
2254 2863 2286 2879 aa
2302 2863 2364 2878 con-

1453 2893 1560 2923 jectura,
1573 2892 1655 2924 legere
1666 2892 1760 2924 poluit.

1486 2929 1508 2952 3.
1542 2928 1669 2952 BULAEUS
1682 2927 1832 2952 ostendunt.
