2632 3464
451 417 499 442 327
988 414 1210 440 AUCTARIUM
1235 413 1493 439 CHARTULARII
1514 414 1687 440 UNIVERS.
1709 414 1827 442 PARIS.

450 493 530 532 ghen
546 493 602 521 sub
623 491 770 530 magistro
786 490 933 519 wilhelm
952 490 1127 528 Wadenoy,
1150 488 1235 528 cujus
1256 490 1351 518 bursa

451 541 556 575 nichil,
574 540 645 579 quia
656 539 770 579 juravit
788 545 932 568 statutum
947 539 1148 578 paupertatis.

491 590 564 618 Item
580 588 793 618 determinavit
807 588 948 617 dominus
966 587 1059 616 Ector
1069 587 1149 616 Wilt
1160 587 1217 615 sub
1229 587 1347 621 eodem,

450 638 537 678 cujus
559 639 651 667 bursa
678 637 783 672 nichil,
808 637 879 676 quia
901 636 1017 675 juravit
1048 642 1191 665 statutum
1215 645 1350 674 pauper-

450 688 530 717 tatis.

490 737 562 766 Item
578 735 791 765 determinavit
805 735 947 763 dominus
963 734 1116 762 Henricus
1134 734 1171 762 de
1187 733 1351 762 Tremonia

449 787 505 815 sub
519 785 666 824 magistro
680 783 831 818 Mersilio,
849 782 933 822 cujus
950 784 1043 812 bursa
1058 782 1164 817 nichil,
1182 782 1254 821 quia
1266 781 1350 821 jura-

446 835 491 864 vit
504 841 647 863 statutum
663 832 863 872 paupertatis.

488 884 562 912 Item
578 881 792 911 determinavit
806 881 948 910 dominus
961 880 1148 909 Wilhelmus
1164 881 1203 909 de
1220 879 1351 909 Bavaria

448 933 504 961 sub
529 932 676 971 magistro
699 930 834 969 Nycolao
861 930 898 958 de
922 930 1115 964 Crucenaco,
1142 928 1228 968 cujus
1256 930 1350 958 bursa

446 981 552 1015 nichil,
564 979 679 1019 juravit
695 985 837 1008 statutum
852 978 1052 1017 paupertatis.

487 1030 561 1059 Item
584 1029 725 1057 dominus
743 1027 896 1056 Henricus
920 1027 1035 1056 Sesarii
1057 1027 1271 1056 determinavit
1292 1027 1349 1056 sub

446 1079 592 1118 magistro
607 1077 745 1106 Mersilio
765 1077 802 1105 de
819 1076 948 1115 Inghen,
962 1075 1048 1115 cujus
1064 1077 1158 1105 bursa
1171 1076 1227 1104 VII
1244 1076 1346 1104 solidi.

486 1128 558 1156 Item
573 1126 784 1155 determinavit
797 1125 953 1154 Gerardus
972 1126 1009 1154 de
1028 1125 1164 1154 Enteren
1183 1126 1239 1154 sub
1255 1124 1349 1164 magi-

445 1183 510 1205 stro
540 1175 678 1204 Gerardo
705 1175 742 1203 de
770 1174 893 1207 Kalkar,
925 1173 1012 1213 cujus
1037 1175 1130 1202 bursa
1153 1173 1208 1202 VII
1237 1173 1346 1209 solidi;

445 1225 548 1264 posuit
564 1225 711 1263 pignora;
730 1223 822 1252 solvit
840 1223 866 1251 V
881 1222 998 1252 solidos
1018 1223 1058 1251 VI
1074 1223 1230 1251 denarios.

485 1274 558 1302 Item
586 1272 794 1301 determinavit
821 1272 964 1300 dominus
986 1271 1143 1301 Arnoldus
1166 1273 1204 1300 de
1225 1272 1348 1310 Nussya

445 1324 501 1351 sub
530 1323 677 1361 magistro
701 1321 827 1350 Nicolao
857 1322 894 1349 de
922 1321 1105 1355 Crucinaco,
1140 1320 1226 1360 cujus
1254 1322 1348 1349 bursa

444 1371 515 1400 VIII
534 1371 640 1406 solidi;
661 1371 765 1409 posuit
782 1370 923 1409 pignora.

484 1421 557 1449 Item
587 1419 802 1448 determinavit
832 1419 976 1447 dominus
1002 1419 1158 1448 Johannes
1188 1419 1347 1448 Bestelant

443 1470 499 1498 sub
528 1469 676 1507 magistro
701 1468 845 1507 Reynero
871 1468 976 1506 Creyt,
1003 1467 1089 1506 cujus
1114 1469 1208 1496 bursa
1230 1467 1343 1504 nichil3

439 1517 554 1557 juravit
567 1524 711 1546 statutum
726 1517 927 1556 paupertatis.

482 1567 556 1596 Item
583 1566 795 1595 determinavit
814 1566 956 1594 dominus
979 1565 1135 1594 Johannes
1160 1566 1265 1605 Egidii
1287 1567 1344 1595 sub

443 1615 591 1654 magistro
618 1615 761 1653 Reynero
790 1614 896 1653 Creyt,
926 1613 1012 1653 cujus
1038 1615 1132 1643 bursa
1154 1614 1210 1643 VII
1232 1614 1341 1650 solidi;

444 1664 548 1703 posuit
558 1664 698 1702 pignora.

482 1713 554 1741 Item
568 1712 780 1741 determinavit
793 1711 934 1740 dominus
947 1711 1103 1740 Johannes
1115 1713 1152 1740 de
1166 1712 1272 1741 Duren
1286 1713 1343 1741 sub

441 1761 587 1800 magistro
620 1761 758 1789 Mersilio
788 1762 826 1789 de
859 1761 988 1800 Inghen,
1021 1759 1108 1800 cujus
1145 1761 1237 1790 bursa
1269 1761 1342 1790 VIII

442 1810 550 1845 solidi;
569 1810 672 1848 posuit
688 1809 829 1848 pignora.

482 1859 555 1888 Item
572 1859 785 1887 determinavit
801 1859 942 1887 dominus
960 1859 1094 1887 Jacobus
1110 1859 1147 1887 de
1166 1858 1266 1898 Aquis
1285 1860 1342 1888 sub

439 1908 586 1947 magistro
607 1907 757 1943 Mersilio,
785 1907 869 1946 cujus
892 1909 986 1937 bursa
1005 1907 1077 1936 VIII
1101 1907 1209 1943 solidi;
1237 1909 1342 1947 posuit

442 1958 580 1996 pignora.

481 2007 554 2035 Item
581 2006 794 2035 determinavit
818 2006 961 2035 dominus
985 2005 1137 2035 Mertinus
1163 2006 1258 2035 Judas
1284 2008 1340 2035 sub

438 2056 586 2094 magistro
613 2054 751 2083 Gerardo
774 2056 811 2083 de
838 2055 963 2090 Kalkar,
993 2054 1080 2094 cujus
1104 2056 1198 2084 bursa
1226 2055 1338 2092 nichil;

435 2103 548 2143 juravit
563 2110 705 2132 statutum
720 2104 918 2142 paupertatis.

479 2153 552 2181 Item
573 2153 784 2181 determinavit
807 2153 949 2181 dominus
969 2152 1124 2182 Johannes
1142 2153 1280 2192 Philippi
1303 2154 1340 2182 de

438 2202 561 2240 Leyden
585 2202 641 2230 sub
664 2202 811 2240 magistro
835 2201 981 2237 Arnesto,
1003 2201 1089 2240 cujus
1109 2203 1203 2231 bursa
1226 2202 1337 2237 nichil;

433 2249 547 2288 juravit
563 2256 705 2278 statutum
720 2250 918 2288 paupertatis.

479 2299 552 2327 Item
585 2299 798 2327 determinavit
829 2299 972 2328 dominus
1009 2299 1163 2328 Henricus
1197 2300 1272 2338 Elye
1302 2301 1339 2329 de

442 2348 553 2376 Kalkar
574 2349 630 2376 sub
651 2348 797 2386 magistro
816 2348 931 2376 Thoma
949 2349 986 2377 de
1010 2348 1119 2383 Clivis‚
1140 2347 1226 2387 cujus
1246 2350 1340 2378 bursa

439 2396 550 2432 nichil;
564 2395 679 2435 juravit
695 2403 839 2425 statutum
855 2397 1056 2435 paupertatis.

479 2445 552 2474 Item
578 2446 791 2474 determinavit
812 2446 954 2474 dominus
973 2446 1128 2475 Johannes
1154 2446 1339 2476 Theudorici

437 2495 474 2522 de
491 2494 614 2532 Leyden
632 2495 688 2522 sub
704 2494 852 2533 magistro
866 2494 1010 2533 Reynero
1022 2495 1127 2534 Creyt,
1145 2495 1230 2534 cujus
1246 2496 1340 2524 bursa

437 2542 508 2570 VIII
523 2542 630 2577 solidi;
653 2543 755 2581 posuit
772 2543 914 2582 pignora.

479 2591 551 2619 Item
574 2592 788 2620 determinavit
813 2591 956 2620 dominus
980 2592 1137 2621 Gerardus
1165 2593 1337 2622 Kerstancii

438 2640 475 2667 de
495 2640 617 2678 Leydcn
633 2642 688 2669 sub
702 2641 849 2679 magistro
865 2641 1008 2679 Reynero
1023 2642 1127 2680 Creyt,
1141 2641 1227 2681 cujus
1246 2643 1339 2671 bursa

437 2687 492 2716 VII
510 2688 616 2723 solidi;
638 2689 741 2727 posuit
755 2689 897 2728 pignora.

479 2737 551 2764 Item
583 2738 795 2766 determinavit
825 2738 967 2767 dominus
1002 2739 1120 2767 Franco
1146 2739 1275 2768 Gerardi
1300 2741 1337 2769 de

439 2785 562 2823 Leyden
581 2787 637 2814 sub
656 2787 773 2820 eodem,
795 2786 881 2825 cujus
909 2787 999 2816 bursa
1020 2787 1074 2815 VII
1095 2788 1203 2823 solidi;
1234 2789 1338 2827 posuit

441 2843 579 2871 pignora.

469 2938 491 2960 1,
525 2938 667 2965 Quilibet...
679 2941 779 2963 francos
791 2941 855 2963 inter
866 2941 953 2964 lineas.

1388 933 1420 958 10

1386 1177 1419 1202 15

1383 1426 1417 1452 20

1382 1672 1415 1697 25

1379 1917 1413 1942 30

1378 2162 1411 2187 35

1377 2407 1410 2432 40

1376 2651 1409 2676 45

2315 422 2366 449 328

1501 489 1575 518 Item
1598 491 1813 521 determinavit
1836 492 1979 522 dominus
1999 492 2142 524 Andreas
2166 494 2287 535 Craync
2307 499 2365 527 sub

1458 539 1607 578 magistro
1637 539 1764 569 Nicolao
1795 541 1832 570 de
1862 540 2045 578 Crucinaco,
2075 541 2163 582 cujus
2188 544 2282 574 bursa
2307 545 2364 576 vll

1459 586 1550 616 solidi
1566 587 1606 616 VI
1623 588 1741 617 denarii
1754 601 1762 625 ς
1778 587 1883 628 posuit
1897 590 2040 630 pignora.

1500 636 1574 665 Item
1584 637 1798 668 determinavit
1806 639 1949 668 dominus
1959 639 2154 670 Hermannus
2164 642 2202 670 de
2211 642 2365 673 Colberch

1460 686 1516 714 sub
1546 686 1695 725 magistro
1722 686 1862 717 Mersilio
1887 688 1925 716 de
1952 687 2039 728 cujus
2061 689 2156 718 bursa
2180 690 2223 720 111
2250 691 2362 729 solidi;

1459 733 1552 763 solvit
1566 736 1702 764 francum
1720 745 1788 764 cum
1803 735 1846 765 111
1864 736 1985 772 solidis,
2004 747 2062 776 pro
2077 738 2204 769 residuo
2221 739 2362 779 pignora.

1500 783 1574 812 Item
1586 784 1860 814 subdeterminavit
1871 786 2013 815 dominus
2024 786 2039 815 J
2043 786 2180 817 ohannes
2191 788 2364 829 Zinuiughe

1459 833 1516 861 sub
1543 833 1691 872 magistro
1709 833 1848 863 Mersilio
1873 835 1910 863 de
1927 835 2057 874 Inghen,
2081 834 2168 875 cujus
2189 838 2283 867 bursa
2303 838 2363 868 IIII

1459 881 1562 916 solidi,
1578 882 1684 921 posuit
1697 882 1839 922 pignora.

1498 930 1569 970 (Fol.
1603 930 1630 970 5)
1668 931 1742 960 Item
1776 938 1882 961 octava
1910 933 1960 962 die
1992 934 2107 963 mensis
2142 934 2250 964 Marcii
2286 935 2365 965 facta

1457 979 1703 1019 congregacione
1736 980 1875 1010 nacionis
1915 982 1946 1010 in
1980 982 2089 1021 primis
2125 983 2229 1012 Sancti
2257 984 2363 1014 Jacobi

1457 1029 1539 1067 apud
1558 1028 1702 1058 Sanctum
1717 1029 1903 1059 Maturinum
1919 1031 1957 1059 ad
1979 1031 2215 1070 supplicandum
2232 1039 2262 1062 et
2277 1033 2363 1062 ordi-

1457 1078 1590 1106 nandum
1614 1078 1651 1106 de
1668 1078 1800 1117 pecunia
1819 1078 1970 1114 nacionis,
1994 1079 2248 1119 supplicaverunt
2264 1082 2364 1121 magi-

1458 1126 1514 1155 stri
1538 1126 1724 1156 Wilhelmus
1755 1127 1919 1166 Wadenoy
1950 1134 1980 1157 et
2006 1128 2220 1159 Wolbrandus
2253 1130 2361 1167 Cesar,

1457 1181 1489 1204 ut
1506 1175 1666 1214 pecuniam
1682 1186 1772 1214 quam
1789 1176 1909 1205 solvere
1925 1177 2084 1211 deberent,
2098 1178 2228 1217 quilibet
2241 1179 2361 1209 scilicet

1457 1224 1485 1253 ΙΙ
1505 1225 1627 1253 francos
1640 1224 1662 1260 ⁴,
1679 1235 1737 1264 pro
1753 1225 1878 1254 sallario
1901 1225 2005 1255 nuncii
2025 1226 2097 1255 ituri
2115 1237 2183 1256 cum
2205 1228 2307 1258 rotulo
2324 1230 2362 1260 ad

1456 1273 1571 1302 curiam
1587 1273 1767 1308 Romanam,
1787 1280 1819 1303 ut
1832 1274 1919 1303 nacio
1935 1274 1980 1303 eis
1999 1274 2080 1303 illam
2097 1282 2235 1305 mutuare
2251 1277 2362 1316 digna-

1455 1329 1541 1351 retur
1563 1332 1657 1361 super
1686 1323 1776 1351 bonis
1802 1323 1986 1362 pignoribus
2010 1325 2177 1362 predictam
2202 1326 2362 1364 pecuniam

1456 1371 1533 1400 bene
1546 1371 1731 1406 valentibus,
1744 1381 1803 1410 que
1814 1372 1966 1400 redimere
1978 1372 2102 1408 vellent,
2113 1379 2143 1402 et
2153 1374 2363 1413 promiserunt

1455 1420 1535 1449 infra
1557 1421 1666 1449 festum
1684 1421 1889 1449 Ascensionis
1910 1421 2035 1450 Domini
2056 1422 2196 1460 proxime
2214 1423 2360 1460 futurum,

1456 1479 1586 1508 quorum
1603 1469 1793 1508 supplicacio
1810 1469 1863 1498 fuit
1879 1480 2037 1499 concessa.

1495 1518 1619 1547 Summa
1636 1519 1705 1547 data
1727 1519 1851 1554 nuncio,
1875 1519 2024 1558 magistro
2042 1519 2161 1549 scilicet
2178 1520 2329 1557 Mersilio,
2344 1531 2362 1551 a

1454 1574 1615 1607 receptore
1632 1568 1799 1596 secundum
1820 1569 1902 1607 quod
1919 1568 2000 1597 idem
2015 1575 2159 1607 receptor
2174 1569 2362 1608 computavit

1454 1617 1484 1645 in
1501 1623 1644 1656 computo
1661 1617 1802 1656 sequenti
1821 1629 1826 1646 :
1844 1617 1897 1646 XL
1914 1617 2021 1652 franci,
2043 1617 2070 1646 11
2087 1617 2190 1646 solidi.

1494 1666 1568 1695 Item
1582 1666 1698 1695 decima
1714 1666 1763 1694 die
1782 1665 1919 1705 ejusdem
1934 1666 2049 1695 mensis
2066 1666 2174 1695 Marcii
2191 1667 2268 1695 facta
2283 1677 2360 1696 con-

1452 1715 1638 1755 gregacione
1660 1714 1799 1744 nacionis
1823 1714 1854 1743 in
1874 1714 1984 1754 primis
2003 1715 2116 1744 Nostre
2131 1715 2262 1744 Domine
2277 1706 2359 1755 apud

1453 1764 1596 1793 Sanctum
1605 1764 1758 1793 Julianum
1767 1773 1934 1802 pauperem
1943 1764 1980 1792 ad
1989 1764 2173 1792 audiendum
2183 1770 2358 1803 computum

1451 1813 1634 1852 receptoris,
1651 1813 1808 1852 perceptis
1828 1818 1857 1841 et
1872 1812 2022 1851 expositis
2041 1812 2174 1852 singulis
2193 1812 2264 1842 hinc
2286 1813 2358 1843 inde

1451 1861 1620 1896 desaleafis,
1637 1861 1808 1900 permansit
1823 1861 1966 1890 dominus
1981 1867 2125 1900 receptor
2141 1861 2295 1901 obligatus
2305 1872 2357 1891 na—

1450 1910 1532 1940 cioni
1545 1910 1626 1940 XLV
1643 1910 1748 1945 libris,
1768 1909 1823 1939 XV
1839 1909 1959 1945 solidis,
1977 1909 2017 1938 VI
2035 1910 2170 1939 denariis
2189 1910 2352 1949 parisiens.

1856 2004 1952 2033 1369

1520 2076 1745 2105 Procuracio
1777 2075 1947 2115 magistri
1978 2074 2135 2104 Arnoldi
2169 2075 2279 2104 Neve.

1488 2157 1578 2185 Anno
1611 2155 1735 2185 Domini
1770 2166 1830 2194 quo
1864 2165 1969 2194 supra,
2007 2155 2124 2184 decima
2161 2155 2209 2184 die
2239 2155 2354 2185 mensis

1449 2205 1568 2240 Marcii,
1593 2205 1669 2234 facta
1691 2204 1937 2244 congregacione
1962 2204 2100 2233 nacionis
2124 2203 2295 2243 Anglicane
2322 2204 2354 2233 in

1449 2255 1557 2294 primis
1573 2254 1685 2283 Nostre
1702 2254 1833 2282 Domine
1851 2254 1932 2292 apud
1948 2253 2092 2282 Sanctum
2106 2253 2259 2282 ,lulianum
2276 2263 2354 2292 pau-

1448 2314 1552 2343 perem
1564 2304 1601 2332 ad
1616 2303 1791 2342 eligendum
1806 2308 2049 2341 procuratorem,
2067 2301 2182 2330 electus
2195 2302 2250 2331 fuit
2261 2301 2354 2341 magi-

1449 2359 1512 2382 ster
1526 2352 1683 2381 Arnoldus
1701 2352 1796 2386 Neve,
1816 2351 1847 2380 in
1867 2350 1953 2390 cujus
1970 2351 2192 2390 procuracione
2208 2357 2274 2380 acta
2290 2352 2352 2380 fue-

1447 2408 1519 2430 runt
1538 2401 1655 2440 hecque
1670 2407 1830 2440 sequntur.

1488 2451 1593 2480 Primo
1611 2452 1716 2480 eadem
1735 2451 1784 2479 die
1805 2450 1893 2479 nacio
1914 2450 2040 2479 intravit
2062 2451 2218 2479 tabernam
2238 2450 2280 2478 ad
2298 2460 2353 2478 ca-

1446 2502 1563 2528 stellum
1591 2500 1670 2528 infra
1696 2501 1774 2529 duos
1806 2506 1928 2539 pontes,
1958 2505 1987 2528 et
2014 2498 2128 2528 ibidem
2160 2498 2354 2537 consumpsit

1448 2549 1604 2577 XXXVIII
1621 2549 1750 2584 solidos,
1769 2549 1806 2577 de
1825 2549 1937 2587 quibus
1955 2548 2056 2577 dictus
2072 2547 2219 2587 magister
2235 2547 2352 2576 Arnol-

1447 2599 1504 2626 dus
1526 2608 1583 2637 pro
1603 2598 1701 2637 prima
1725 2607 1780 2626 sua
1799 2597 2022 2636 procuracione
2043 2596 2135 2625 solvit
2154 2606 2247 2625 unum
2267 2596 2352 2624 sran—

1447 2657 1526 2682 cum,
1543 2653 1572 2675 et
1590 2646 1737 2685 magister
1749 2646 1946 2680 Herdwicus,
1965 2645 2036 2684 quia
2051 2645 2187 2674 nundum
2201 2650 2266 2673 erat
2275 2654 2352 2683 pro-

1447 2702 1580 2730 curator,
1602 2705 1659 2734 pro
1682 2695 1780 2734 prima
1803 2693 2024 2734 procuracione
2052 2703 2106 2722 sua
2133 2694 2232 2722 futura
2260 2693 2353 2722 solvit

1447 2745 1593 2779 francum,
1602 2744 1759 2773 residuum
1768 2743 1958 2773 videlicetVI
1969 2742 2086 2772 solidos
2096 2742 2188 2771 solvit
2196 2748 2349 2781 receptor.

1487 2794 1560 2822 Item
1589 2793 1630 2822 XI
1659 2793 1707 2821 die
1737 2792 1846 2821 Marcii
1874 2792 1904 2820 in
1937 2791 2183 2831 congregacione
2211 2791 2350 2820 nacionis

1447 2843 1516 2870 data
1532 2848 1597 2870 erat
1611 2842 1722 2870 dilacio
1741 2842 1889 2881 magistro
1904 2840 2098 2870 Wolbrando
2116 2841 2153 2869 de
2167 2849 2227 2869 uno
2246 2841 2350 2869 franco
