2632 3464
272 444 306 469 25
778 444 892 470 LIBER
914 438 1435 471 PROCURATORUM'NAT10NIS
1455 445 1701 471 ANGLICANAE
2176 449 2210 474 26

271 521 310 550 ad
341 520 531 550 diffinitivam
561 521 761 556 sentenciam,
789 530 879 559 quam
909 520 941 548 in
967 520 1027 549 fine
1056 520 1184 549 multum

273 570 368 599 invite
388 576 496 600 contra
510 570 611 599 dictos
627 569 764 599 Gallicos
780 568 1070 608 promulgaverunt,
1088 569 1184 607 o[rdi-

272 619 385 658 nando]
416 619 572 654 videlicet,
602 619 686 658 quod
716 617 791 647 dicti
819 618 930 647 Gallici
961 628 1024 647 non
1055 624 1185 658 possent

272 668 443 707 procedere
462 674 570 698 contra
583 674 648 698 tres
663 667 810 696 naciones
825 667 863 696 de
879 677 951 696 casu
972 667 1184 706 separacionis

272 718 491 757 cognoscendo
515 727 619 747 coram
645 726 840 756 quocumque
859 715 976 756 judice,
1004 716 1067 745 nisi
1096 716 1184 756 prius

272 766 471 796 refunderent
485 775 653 806 expensas,
673 775 750 805 quas
764 771 866 795 tamen
880 771 985 794 taxare
1001 765 1182 800 noluerunt,

272 821 368 844 totum
383 821 513 855 propter
530 815 664 844 favorem
681 814 881 844 Gallicorum.

313 863 387 893 ltem
412 863 565 893 relevatus
586 864 642 893 fuit
662 863 812 903 magister
834 863 998 893 Conradus
1020 864 1058 893 de
1078 863 1184 893 Monte

272 912 447 942 Puellarum
463 923 521 952 per
535 912 789 947 Universitatem‚
804 912 857 952 qui
873 913 911 941 ab
929 913 1034 942 eadem
1049 912 1184 942 Univer-

272 962 361 991 sitate
386 962 528 1002 privatus
558 962 671 997 fuerat,
702 961 775 1001 quia
805 961 1011 1001 privationem
1042 961 1184 1002 magistri

271 1010 459 1046 Christiani,
497 1021 588 1050 quam
624 1010 742 1051 legerat
775 1011 806 1039 in
840 1021 998 1046 sermone,
1036 1020 1184 1040 revocare

271 1059 380 1089 noluit.

280 1122 284 1126 ·
312 1109 386 1138 item
401 1109 506 1149 recepi
521 1109 577 1138 XX
595 1109 713 1139 solidos
729 1120 767 1138 ex
785 1115 873 1149 parte
893 1109 1034 1149 magistri
1053 1109 1184 1148 J[ohan-

271 1157 332 1196 nis]
349 1158 388 1187 de
403 1158 546 1197 Kynnart
563 1168 622 1198 pro
640 1158 817 1198 inceptione
834 1169 899 1188 sua.

311 1207 386 1236 item
408 1206 440 1236 in
464 1217 526 1236 una
546 1208 795 1247 congregacione
815 1208 953 1248 generali
977 1208 1015 1236 ad
1038 1208 1183 1237 Sanctum

270 1255 452 1286 Matulinum
467 1256 615 1286 annullati
634 1257 757 1286 fuerunt
772 1267 880 1286 omnes
895 1267 1064 1296 processus
1080 1267 1183 1286 coram

265 1303 424 1344 judicibus
454 1311 484 1335 et
513 1306 710 1345 privaciones
741 1306 960 1345 magistrorum
994 1306 1131 1336 Conradi
1155 1312 1185 1335 et

269 1354 420 1384 Johannis
445 1355 484 1384 de
511 1354 667 1384 Vimarcio
697 1361 826 1395 propter
850 1356 963 1384 bonum
985 1355 1070 1394 pacis
1093 1361 1123 1384 et
1146 1365 1183 1384 ex

269 1403 424 1433 communi
439 1414 534 1433 sensu
549 1405 706 1433 ambarum
722 1404 866 1443 partium.

311 1452 385 1482 ltem
408 1453 532 1492 quando
553 1453 596 1482 sui
619 1453 650 1482 in
675 1453 844 1483 Castelleto
864 1453 994 1493 exposui
1019 1453 1047 1482 11
1073 1453 1183 1482 obolos

268 1501 367 1531 albos.

309 1550 384 1580 item
403 1551 434 1580 in
451 1552 579 1580 taberna
594 1561 662 1581 cum
676 1551 780 1581 multis
793 1552 954 1592 magistris
967 1552 1108 1581 nacionis
1124 1552 1181 1581 ΧΗ

269 1599 425 1629 denarios.

310 1648 384 1678 item
395 1659 463 1678 cum
475 1650 730 1689 procuratoribus
741 1650 869 1679 aliarum
878 1650 1041 1679 nacionum
1053 1651 1182 1680 durante

268 1698 469 1738 separacione
484 1698 615 1738 exposui
629 1698 686 1728 Xll
703 1698 859 1728 denarios.

310 1747 383 1776 item
400 1747 522 1777 notario
538 1754 646 1777 nostro
662 1748 689 1777 ll
706 1748 837 1778 solidos.

678 1832 777 1862 1338

308 1895 381 1935 (Fal.
399 1895 447 1935 35)
467 1918 527 1924 .....
532 1895 763 1925 deliberabant⁴
783 1896 864 1926 sicut
886 1896 991 1936 prius,
1008 1903 1039 1926 et
1053 1897 1182 1926 facultas

268 1943 423 1984 theologie
436 1944 628 1974 deliberabat
640 1945 823 1985 magistrum
843 1945 1032 1975 Richardum
1041 1945 1054 1964 ²
1068 1946 1182 1975 habere

263 1992 315 2033 jus
340 1993 372 2022 in
394 1993 563 2030 eleccione,
588 1994 641 2034 qui
668 1993 793 2034 quidem
821 1995 971 2035 magister
994 1995 1181 2034 Rychardus

268 2043 439 2082 permansit
466 2049 570 2072 rector
599 2053 658 2083 pro
689 2049 828 2083 tempore
858 2044 942 2074 illius
969 2045 1113 2074 rectorie.
1146 2045 1181 2074 ln

267 2090 355 2131 cujus
383 2090 631 2131 procuracione³
666 2091 782 2132 incepit
812 2093 956 2123 dominus
986 2093 1111 2123 Ulricus
1143 2094 1180 2124 de

269 2139 461 2180 Uberlingen
481 2141 539 2170 sub
557 2141 707 2181 magistro
728 2141 836 2172 Ulrico
856 2143 894 2172 de
915 2142 1073 2182 Augusta,
1093 2141 1180 2183 cujus

267 2189 363 2219 bursa
380 2189 486 2219 nichil.

675 2284 773 2314 1339

287 2354 468 2394 Tempore
504 2356 795 2395 procuracionis
831 2357 1005 2398 magistri
1039 2358 1159 2388 Ulrici

593 2406 635 2435 de
667 2405 849 2446 Augusta.

307 2484 398 2514 Anno
432 2485 557 2515 Domini
591 2486 889 2523 M.CCC0.xxxlx,
920 2487 970 2518 die
1011 2489 1178 2519 mercurii⁴

267 2540 339 2573 post
355 2534 464 2564 festum
486 2534 687 2575 Epyphanie,
709 2537 888 2566 convocatis
912 2538 1056 2567 omnibus
1080 2539 1180 2579 magi-

267 2583 344 2613 stris
373 2590 442 2613 actu
475 2585 657 2624 regentibus
691 2585 721 2614 in
748 2586 878 2615 nacione
908 2586 1080 2627 Anglicana
1106 2595 1180 2628 aput

267 2631 412 2662 Sanctum
427 2633 582 2663 Julianum
598 2644 766 2674 pauperem
782 2641 815 2664 ut
829 2636 925 2665 moris
941 2642 989 2666 est
1003 2638 1041 2666 ad
1059 2637 1179 2678 eligen-

298 2725 322 2748 1.
354 2726 449 2750 Buunt
460 2725 512 2750 tria
522 2725 588 2759 solta
601 2727 627 2751 in
638 2735 683 2752 mn.
693 2736 736 2752 an.
749 2729 810 2752 1³38
822 2728 988 2758 continentia,
999 2733 1025 2754 ot
1034 2730 1071 2754 eie
1082 2735 1180 2756 senten-

267 2760 306 2784 tia
333 2769 425 2785 manca
446 2764 491 2786 ent.
515 2762 610 2794 Agitur
630 2763 662 2787 de
686 2771 755 2788 anno
770 2764 839 2793 1338,
861 2768 923 2797 poet
939 2766 969 2790 15
983 2766 1109 2796 Dece-mh..
1122 2775 1178 2791 eum

266 2803 345 2820 novus
357 2800 440 2821 rector
446 2797 503 2830 jam
516 2797 609 2822 elecem
621 2802 694 2823 unet.

297 2831 320 2856 2.
352 2832 511 2857 nithardum
524 2834 606 2858 Varot
618 2834 807 2860 Normannnm.

297 2869 320 2891 ³.
353 2868 484 2893 ive-cimus
497 2869 615 2902 quisnam
626 2871 707 2902 suerit
715 2874 875 2903 procurator.
890 2873 931 2904 Cf.
942 2875 1001 2897 rmte
1014 2874 1036 2898 2.

297 2903 320 2927 1¹.
355 2903 385 2927 13
398 2905 529 2929 Ianuarii.

297 2941 321 2962 5.
355 2940 402 2963 Me.
415 2947 423 2963 :
434 2939 622 2972 vicegerenten.
639 2942 798 2975 Viceegerem
807 2944 995 2968 conservatoris
1002 2944 1088 2977 (epioe.
1097 2945 1178 2969 Silva-

265 2974 399 3005 nectenda)
415 2975 467 3007 suit
484 2976 634 3008 Stephnnu·
651 2977 683 3002 de
701 2978 839 3010 Lingonit,
856 2980 998 3004 canonieus
1014 2985 1040 3005 et
1056 2981 1178 3006 officialis

1223 967 1256 994 10

1223 1216 1256 1242 15

1222 1463 1255 1488 20

1220 1710 1254 1735 25

1220 1957 1253 1983 30

1219 2203 1252 2230 ³5

1294 522 1366 550 dum
1385 527 1631 560 procuratorem,
1654 521 1770 551 electus
1793 523 1849 551 fuit
1866 523 2014 562 magister
2030 523 2155 553 Uli-icus
2170 525 2209 553 de

1293 570 1436 610 Augusta
1455 570 1486 598 in
1503 577 1737 609 procuratorem
1751 572 1892 610 predicte
1905 573 2056 607 nacionis,
2073 574 2208 602 omnium

1294 619 1512 659 magistrorum
1530 619 1666 648 unanimi
1682 620 1720 649 de
1738 630 1905 656 consensu,
1922 621 1953 650 in
1970 621 2057 661 cujus
2071 629 2209 661 tempore

1294 669 1372 698 facta
1388 675 1460 698 sunt
1475 679 1534 708 que
1551 675 1708 698 secuntur.

1335 717 1441 747 Primo
1471 717 1675 758 vicegerens⁵
1711 720 1941 748 conservatoris
1973 720 2208 760 privilegiorum

1295 767 1516 796 Universitatis
1539 773 1569 796 et
1588 768 1650 797 duo
1672 767 1723 797 alii
1748 768 1885 798 scolares
1909 769 1947 798 de
1974 769 2104 798 nacione
2127 770 2210 799 Nor-

1294 826 1475 846 mannorum
1509 816 1592 845 citati
1628 818 1752 847 suerunt
1781 818 1989 857 personaliter
2023 820 2063 847 ad
2094 820 2209 848 curiam

1295 866 1463 896 Romanam
1483 877 1538 906 per
1557 866 1714 896 dominum
1744 867 1945 896 camerarium
1968 868 2085 897 domini
2108 868 2209 907 pape⁶

1293 917 1457 947 occasione
1480 916 1639 957 cujusdam
1661 916 1903 951 exhortacionis,
1924 927 1984 956 que
2008 918 2046 946 de
2071 918 2209 956 predicta

1294 967 1379 996 curia
1397 966 1627 996 conservatoris
1647 971 1681 995 ut
1695 965 1856 995 dicebatur
1871 967 2045 1002 emanabat,
2067 967 2210 1006 idemque

1292 1016 1476 1056 vicegerens
1497 1026 1534 1045 ex
1556 1014 1785 1044 deliberacione
1806 1014 2027 1044 Universitatis
2044 1026 2106 1044 non
2124 1026 2209 1045 com-

1293 1065 1397 1104 paruit
1412 1065 1633 1105 personaliter,
1654 1070 1684 1093 et
1704 1064 1750 1093 sic
1772 1070 1936 1093 contumax
1957 1065 2013 1094 fuit
2035 1071 2207 1104 reputatus.

1334 1114 1409 1144 Item
1435 1115 1579 1144 dominus
1603 1113 1726 1143 rector⁷
1749 1114 1787 1142 ad
1815 1113 1994 1143 instantiam
2020 1114 2140 1143 abbatis
2171 1116 2209 1143 de

1295 1163 1500 1203 Flavinyaco⁸
1522 1163 1632 1192 citatus
1659 1169 1707 1192 est
1733 1162 1868 1192 Senonis
1893 1174 1931 1192 ex
1963 1164 2106 1192 mandato
2132 1174 2209 1203 apo-

1294 1213 1416 1242 stolico.

1334 1263 1409 1292 Item
1425 1263 1533 1291 eodem
1552 1268 1690 1301 tempore
1706 1261 1910 1291 deliberatum
1925 1267 1973 1291 est
1987 1268 2118 1301 propter
2131 1272 2209 1302 que-

1294 1313 1362 1341 dam
1377 1311 1515 1351 pericula
1533 1321 1592 1351 que
1611 1310 1813 1340 Universitati
1831 1310 1992 1340 imminere
2010 1311 2205 1345 videbantur,

1293 1361 1377 1400 quod
1393 1360 1499 1390 nuncii
1515 1361 1552 1389 de
1572 1359 1781 1389 Universitate
1797 1359 2024 1399 solempniores
2041 1370 2100 1400 pro
2121 1360 2207 1390 factis

1293 1410 1508 1439 communibus
1526 1415 1556 1438 et
1573 1409 1610 1438 de
1629 1415 1710 1438 statu
1727 1409 1881 1438 communi
1900 1408 2121 1438 Universitatis
2139 1416 2208 1439 tan-

1292 1459 1438 1498 gentibus
1454 1469 1514 1487 una
1532 1468 1588 1498 pro
1604 1458 1784 1498 provisione
1800 1468 1970 1497 pauperum
1987 1459 2207 1498 magistrorum

1292 1509 1331 1537 ad
1344 1508 1460 1537 curiam
1476 1507 1680 1536 mitterentur.

1334 1557 1409 1586 Item
1438 1557 1546 1586 eodem
1578 1563 1718 1596 tempore
1751 1557 1868 1596 incepit
1893 1557 2037 1586 dominus
2066 1556 2208 1586 Andreas

1294 1606 1464 1644 Fr[e]ouati
1489 1607 1527 1635 de
1556 1605 1677 1635 Swecia
1702 1607 1759 1635 sub
1781 1606 1930 1645 magistro
1954 1606 2096 1642 Sunone,
2120 1606 2207 1646 cujus

1292 1656 1386 1684 bursa
1404 1655 1517 1684 XXVII
1534 1655 1666 1684 denarii.

1333 1705 1408 1734 Item
1427 1705 1534 1734 eodem
1556 1711 1694 1744 tempore
1714 1705 1832 1744 incepit
1848 1706 1992 1734 dominus
2007 1705 2154 1735 Nicolaus
2169 1707 2207 1734 de

1292 1753 1463 1783 Costseldia
1489 1754 1547 1782 sub
1572 1753 1722 1793 magistro
1746 1753 1886 1782 Johanne
1911 1754 1949 1782 de
1974 1753 2073 1783 Rathe
2099 1753 2203 1789 Scoto,

1292 1802 1379 1843 cujus
1394 1803 1490 1832 bursa
1504 1803 1566 1832 duo
1583 1802 1685 1831 solidi.

1333 1853 1407 1882 ltem
1423 1852 1567 1881 dominus
1583 1851 1731 1881 Nicolaus
1746 1851 1898 1881 Johannis
1914 1853 1951 1881 de
1967 1852 2076 1882 Svecia
2091 1853 2208 1892 incepit

1292 1903 1350 1931 sub
1370 1901 1519 1941 magistro
1537 1901 1678 1930 Johanne
1699 1901 1792 1930 Scoto
1810 1902 1848 1930 de
1872 1901 1986 1936 Rathe,
2006 1901 2094 1942 cujus
2113 1903 2207 1932 bursa

1293 1950 1378 1980 1111⁰=
1393 1950 1497 1980 solidi.

1702 2045 1720 2073 1
1725 2044 1800 2073 339

1293 2116 1466 2156 [Tempus
1508 2116 1797 2156 procuracionis
1835 2117 2008 2157 magistri
2047 2116 2205 2146 Gerardi

1609 2167 1651 2195 de
1686 2165 1886 2205 Mam-tem]

1300 2258 1305 2261 ⁷
1331 2247 1403 2287 (Pol.
1424 2250 1461 2277 35
1477 2247 1501 2286 b)
1523 2247 1616 2276 Anno
1637 2247 1763 2277 Domini
1784 2247 2095 2278 M⁰.CCC⁰.XXX1X⁰
2110 2247 2134 2283 ⁹,
2155 2248 2205 2277 die

1289 2296 1428 2326 cinerum
1438 2295 1473 2332 ⁸⁰,
1491 2297 1669 2326 convocatis
1684 2297 1828 2326 omnibus
1842 2297 2001 2336 magistris
2015 2303 2083 2326 actu
2096 2307 2205 2336 regen-

1290 2345 1372 2375 tibus
1395 2346 1433 2375 de
1456 2346 1586 2375 nacione
1608 2345 1780 2385 Anglicana
1799 2346 1881 2385 apud
1903 2346 2048 2375 Sanctum
2074 2346 2205 2375 Maturi-

1290 2402 1362 2422 num
1386 2393 1425 2421 ad
1450 2392 1626 2432 eligendum
1651 2398 1884 2432 procuratorem
1906 2399 1999 2432 prout
2023 2393 2120 2422 moris
2144 2399 2203 2427 est,

1289 2441 1406 2470 electus
1432 2441 1487 2471 suit
1512 2442 1543 2470 in
1570 2441 1727 2471 discordia
1753 2442 1784 2470 in
1807 2448 2041 2481 procuratorem
2064 2442 2203 2481 predicte

1289 2491 1429 2520 nacionis
1453 2491 1603 2530 magister
1623 2490 1804 2520 Gherardus
1825 2492 1863 2520 de
1881 2490 2036 2526 Maerten‚
2054 2491 2107 2530 qui
2127 2501 2203 2520 con-

1289 2539 1395 2569 cordia
1411 2540 1488 2569 sacta
1504 2540 1535 2568 in
1552 2540 1693 2580 predicta
1709 2540 1837 2569 nacione
1856 2547 2040 2580 procurator
2056 2541 2205 2570 remansit

1289 2588 1415 2628 pacifice
1432 2595 1462 2618 et
1475 2589 1591 2628 quiete.

1331 2638 1365 2667 ln
1383 2636 1471 2678 cujus
1486 2644 1626 2678 tempore
1642 2644 1709 2668 acta
1724 2645 1796 2667 sunt
1811 2648 1871 2678 que
1890 2645 2037 2668 secuntur
2059 2651 2064 2667 :

1287 2730 1370 2762 episc.
1382 2730 1604 2761 Silvanectensiu
1617 2731 1668 2754 duo
1678 2730 1807 2755 achalam
1819 2733 1893 2755 erant
1903 2731 2026 2755 Nieolaus
2038 2731 2070 2755 de
2083 2731 2204 2756 Gromes-

1288 2766 1362 2790 vinio
1377 2769 1403 2790 et
1416 2767 1571 2791 wilhelmus
1589 2767 1621 2791 de
1639 2766 1805 2790 Thonavillu.
1822 2767 1862 2798 (γ’.
1876 2767 1995 2791 Cburtul.
2013 2767 2090 2791 Univ.
2107 2767 2203 2795 Paris„

1289 2803 1322 2831 ll.
1336 2805 1384 2828 „u-
1395 2803 1455 2828 1014
1465 2806 1490 2827 et
1500 2806 1587 2827 notam
1600 2803 1673 2831 ibid..
1686 2807 1710 2827 et
1722 2806 1771 2826 n¹¹=
1786 2803 1856 2827 1021.

1318 2842 1342 2864 6.
1376 2840 1544 2867 Gasbertum,
1559 2839 1716 2871 archiepisc.
1733 2840 1879 2864 Arelatem.

1319 2877 1341 2900 7.
1378 2875 1523 2901 Richardus
1536 2875 1617 2899 Vax-ot
1629 2876 1806 2900 Normannus.

1319 2913 1341 2935 8.
1377 2911 1504 2936 Guidonis
1515 2912 1524 2934 Ρ

1318 2949 1340 2970 9.
1376 2949 1424 2971 Mn.
1439 2947 1613 2971 mcccxmx.

1320 2983 1358 3006 10.
1392 2983 1421 3006 10
1434 2982 1576 3007 Februarii.
