2632 3464
323 466 376 492 713

323 543 547 578 admitteretur,
563 543 635 582 quia
650 543 717 583 ipae
731 549 885 581 suspectus
899 548 966 570 erat
978 540 1018 569 ab
1036 541 1231 571 Universt'eate

323 594 354 621 in
369 593 452 630 faceo
466 592 583 620 maionis
593 593 728 626 ecclesie,
742 598 770 619 ee
783 592 879 620 eciam
891 590 972 629 quod
983 589 1150 618 labor-asset
1163 599 1230 618 con-

327 648 374 670 tra
396 642 587 670 intencionem
610 641 816 671 {luccen-sitatis
836 641 866 668 in
884 639 985 668 eodem
1002 639 1096 676 ficeto,
1116 639 1232 667 scilicet

316 684 317 687 ¹
324 698 428 719 comm
437 691 514 719 viam
521 690 663 719 cessionis
670 690 823 728 utriusque
828 689 968 727 parcium
976 687 1226 716 comendencium.

324 739 523 778 Quapropter
536 748 596 778 ego
610 737 693 767 volui
708 737 871 767 consulere
888 736 1047 766 nacionem
1067 746 1106 766 an
1124 745 1182 776 ego
1197 742 1231 765 ut

323 794 506 828 procurator
520 786 659 817 nacionis
671 785 839 826 adjungere
853 786 997 815 deberem
1010 795 1058 814 me
1072 785 1142 814 aliis
1159 794 1230 824 pro·

323 836 519 867 curatoribus
542 837 580 866 ad
601 835 820 875 requirendum
840 841 991 864 rectorem
1011 844 1106 874 super
1122 835 1229 863 eodem

324 887 403 916 facto
419 885 468 915 vel
486 895 558 915 non.
576 884 738 914 Secundus
755 883 903 914 articulus
920 890 986 913 erat
1005 893 1100 923 super
1113 883 1228 923 suppli·

324 935 513 964 cacionibus.
537 933 578 964 Et
599 939 761 973 antequam
785 943 844 973 ego
868 932 1009 972 processi
1036 933 1073 962 ad
1098 933 1229 972 primum

323 984 484 1014 articulum
500 989 530 1013 et
544 982 610 1023 ejus
627 982 872 1022 expedicionem,
888 981 1068 1021 supervenit
1082 981 1230 1021 magister

323 1031 480 1062 Johannes
504 1033 542 1062 de
563 1031 726 1070 M[oravia]
747 1038 777 1061 et
798 1031 977 1061 intendebat
996 1030 1172 1070 supplicare
1197 1030 1229 1059 in

325 1081 464 1116 nacione,
483 1087 516 1110 ut
533 1080 624 1110 michi
637 1080 841 1120 significatum
854 1086 928 1109 erat.
946 1079 984 1109 Et
1002 1079 1042 1108 ita
1053 1079 1133 1108 fecit.
1151 1079 1229 1119 Sup-

325 1129 451 1170 plicavit
467 1129 547 1159 enim
563 1135 635 1170 post
651 1129 744 1159 multa
764 1129 845 1158 dicta
864 1139 919 1168 per
939 1139 1006 1159 eum
1027 1138 1122 1168 super
1139 1129 1228 1163 sacto,

325 1180 364 1209 de
383 1189 444 1219 quo
466 1185 630 1218 suspectus
649 1185 725 1213 erat,
747 1179 829 1218 quod
854 1178 942 1207 nacio
965 1177 1025 1207 sibi
1047 1177 1140 1207 vellet
1161 1187 1230 1207 esse

325 1227 502 1259 favorabilis
529 1234 559 1257 et
581 1227 640 1257 sibi
665 1219 812 1257 assistere
835 1227 866 1256 in
885 1227 1066 1256 defensione
1081 1226 1230 1256 innocen-

325 1277 372 1307 cie
384 1287 439 1307 sue
454 1286 549 1316 super
560 1275 622 1306 hiis
634 1286 694 1316 que
709 1282 817 1306 contra
829 1285 897 1305 eum
909 1276 1102 1310 dicebantur,
1115 1281 1146 1304 et
1162 1285 1230 1305 eum

322 1325 442 1367 juvare,
461 1331 495 1355 ut
510 1325 562 1355 isti
578 1325 631 1365 qui
646 1335 714 1355 eum
732 1325 778 1354 sic
794 1325 1071 1355 denuuctiaverunt
1085 1324 1230 1364 puniren-

326 1381 387 1405 tur.
415 1374 484 1412 Quo
513 1375 591 1404 sacto
631 1373 811 1414 supervenit
852 1373 1054 1413 Boymundus
1092 1372 1232 1403 bedellus

327 1424 468 1454 nacionis
484 1424 600 1464 prefate
615 1423 790 1463 precipiens
808 1422 900 1452 michi
921 1428 953 1452 ut
970 1422 1176 1462 procuratori,
1193 1432 1232 1451 ne

326 1473 442 1514 aliquid
463 1473 494 1502 in
516 1471 743 1502 deliberacione
762 1471 902 1501 nacionis
927 1481 1072 1511 ponerem
1094 1472 1133 1501 de
1155 1472 1233 1501 facto

326 1522 545 1562 magistrorum
567 1522 606 1551 ab
629 1521 838 1551 Universitate
862 1527 1087 1560 suspectorum.
1113 1520 1232 1557 Quibus

327 1571 415 1601 factis
429 1571 578 1611 magister
590 1570 747 1600 lohannes
764 1570 802 1599 de
819 1569 956 1599 Mon-avia
974 1569 1143 1609 requisitus
1154 1580 1171 1599 a
1185 1579 1232 1599 me

325 1620 468 1650 recessit.
486 1619 562 1649 Post
581 1629 739 1649 recessum
754 1629 842 1648 suum
860 1619 988 1648 dimissa
1003 1629 1057 1648 sua
1075 1618 1234 1658 supplica-

327 1669 415 1699 cione
441 1667 582 1708 processi
605 1669 642 1697 ad
669 1667 900 1707 expedicionem
926 1667 1017 1707 primi
1040 1667 1176 1703 articuli,
1203 1673 1234 1697 et

327 1727 423 1758 super
443 1717 504 1747 isto
526 1717 618 1747 habui
637 1717 720 1757 quod
739 1727 802 1746 non
823 1717 972 1746 debebam
994 1726 1042 1746 me
1065 1715 1232 1756 adjungere

326 1766 396 1797 aliis
431 1765 686 1806 procuratoribus
721 1766 759 1795 ad
791 1765 961 1795 faciendum
1000 1765 1113 1795 rectori
1151 1765 1232 1794 illam

326 1815 525 1856 requiestam.
549 1815 590 1845 Et
612 1815 752 1855 quamvis
777 1814 808 1844 in
834 1814 1116 1844 deliberacionibus
1139 1815 1233 1854 magi·

327 1871 461 1896 strorum
476 1865 583 1905 plures
600 1864 826 1894 deliberassent
841 1864 879 1893 de
894 1863 1123 1903 supplicacione
1139 1863 1233 1904 magi-

327 1914 384 1944 stri
409 1913 561 1944 Johaunis
585 1913 623 1942 de
648 1913 801 1948 Moravia,
824 1919 923 1942 tamen
947 1919 1060 1942 attenta
1084 1912 1233 1943 delibera·

327 1964 416 1993 cione
446 1961 684 1997 Universitatis,
713 1971 773 2002 que
803 1961 896 1991 michi
922 1961 1092 2001 significata
1124 1968 1190 1992 erat
1217 1973 1233 1991 a

327 2012 452 2042 domino
477 2018 598 2041 rectore
621 2021 678 2051 per
706 2010 859 2040 bedellum
884 2011 1052 2050 prefatum,
1079 2020 1174 2051 super
1199 2021 1234 2040 ea

327 2060 422 2091 nichil
438 2060 624 2090 concludere
640 2059 724 2090 volui
736 2058 758 2091 ⁴.

734 2153 831 2183 1395

441 2225 704 2265 [Continuacio
733 2235 826 2266 mag.
858 2225 1051 2254 Frederici
1081 2225 1123 2254 de

662 2274 902 2313 Pritzwalk.]

369 2355 441 2396 (Fal.
458 2357 494 2386 22
505 2355 531 2395 1’)
547 2355 638 2384 Facta
653 2354 900 2395 congregacione
910 2354 1050 2384 nacionis
1063 2353 1233 2394 Anglicane

327 2405 408 2445 apud
431 2405 574 2434 Sanctum
599 2403 752 2433 Julianum
781 2403 855 2433 hora
882 2403 1060 2442 primarum.
1083 2403 1168 2433 xlx·
1184 2402 1233 2432 die

328 2454 444 2484 mensis
460 2453 656 2488 Novembris,
675 2462 771 2492 super
789 2458 920 2492 quatuor
941 2451 1090 2482 articulis.
1110 2451 1234 2481 Primus

329 2509 394 2533 erat
414 2503 452 2532 ad
474 2501 649 2542 eligendum
670 2511 781 2531 novum
807 2507 1053 2541 procuratorem;
1079 2501 1234 2530 secundus

329 2557 396 2582 erat
419 2552 459 2581 ad
487 2551 670 2580 audiendum
697 2556 871 2590 compotum
901 2549 1017 2579 domini
1044 2549 1232 2590 receptoria,

331 2600 439 2630 tertius
456 2606 522 2630 erat
545 2600 583 2629 ad
601 2599 805 2629 ordinandum
831 2598 1001 2638 sollempne
1024 2598 1186 2638 prandium
1203 2598 1234 2627 in

364 2675 386 2699 1.
420 2674 471 2699 Sed
485 2674 540 2708 ejua
554 2682 644 2698 nomen
657 2682 706 2698 non
723 2674 817 2706 (agitur
835 2673 862 2698 in
876 2673 959 2698 Cat-t.
978 2673 1065 2698 licent.
1083 2674 1137 2705 sac.
1156 2672 1233 2697 theol.

335 2710 390 2735 Υἰᾰ,
401 2710 434 2734 dn
445 2710 500 2742 ι’ρω
515 2718 593 2742 upra
605 2718 632 2742 p.
644 2710 699 2738 6³7,
713 2712 766 2733 noe.
778 2709 799 2733 1.

362 2746 385 2770 2.
421 2745 473 2777 Qui
481 2748 572 2777 pudeo
585 2745 611 2769 r‘n
621 2745 790 2770 vniverniaente
800 2744 979 2776 Andegavenet'
990 2744 1088 2768 :tudun
1099 2746 1125 2768 01
1136 2743 1236 2767 ambat-

331 2781 414 2805 u'dor
442 2781 620 2805 Univoru'lah'a
646 2780 683 2804 ad
709 2780 849 2805 Concilium
875 2779 1067 2804 Canetonum-e
1094 2779 1145 2811 sicil
1171 2779 1234 2811 (uid.

333 2816 460 2845 Dtninz.
474 2816 522 2841 Lea
538 2816 701 2841 Universae·
714 2816 867 2846 frenesi-es.
877 2823 902 2848 p.
917 2816 965 2846 17).
979 2816 1028 2839 Aa.
1044 2815 1105 2839 141⁹
1117 2814 1235 2839 mitulo-

331 2851 406 2876 tuu‘a
417 2851 584 2876 tta-innunt·
595 2851 757 2876 Roaetoheenei
767 2852 960 2881 (Ποηιιιτιι,
971 2851 1099 2880 miribel.
1109 2858 1135 2883 p.
1145 2851 1181 2878 ii:
1190 2858 1234 2874 aa.

332 2887 394 2911 1⁴⁴⁶
409 2886 554 2911 famulam
568 2890 605 2911 ent
624 2887 650 2911 ιίι
668 2886 835 2911 vnio-raim·
853 2887 940 2911 Coton.
956 2886 1023 2918 (rid.
1042 2887 1174 2914 Kauana.
1190 2886 1236 2911 Die

332 2922 453 2948 nutriit-1
470 2922 517 2947 der
530 2922 692 2947 Universiut
702 2923 775 2953 itala,
791 2923 810 2950 Ι,
824 2922 888 2955 ³711).
903 2922 949 2946 ubi
961 2922 1043 2946 dioec.
1056 2922 1188 2947 Bremens.

363 2959 387 2982 ³.
421 2959 440 2982 1.
463 2967 485 2982 e.
509 2958 660 2982 monasterii
682 2959 708 2982 S.
727 2958 883 2982 catherinae
893 2976 898 2985 .
920 2957 1174 2982 Valli-scholarium.
1197 2958 1237 2981 Sa·

333 3002 384 3027 qno
402 2993 612 3022 concludendam,
634 2993 776 3022 muricum.
793 2993 878 3018 lime.
897 2993 923 3017 in
939 2992 1016 3017 theol.
1033 3001 1075 3017 on.
1097 2993 1165 3022 ¹8⁸¹,
1185 3001 1234 3016 non

819 465 932 492 LIBER
957 463 1270 491 PROCURATORUM
1296 463 1475 490 NATloxls
1497 464 1741 491 ANGLICANAE

1268 985 1301 1011 10

1268 1231 1301 1257 15

1269 1476 1303 1502 20

1270 1720 1304 1746 25

1270 1965 1304 1992 30

1271 2455 1305 2481 40

2187 466 2239 492 714

1339 541 1418 569 festo
1439 539 1519 569 beati
1544 539 1727 575 Eadmundi,
1749 547 1781 570 ut
1806 542 1900 570 moris
1918 548 1976 575 est,
1993 542 2018 570 si
2043 542 2187 581 placeret,
2212 549 2241 572 et

1337 589 1432 618 eciam
1447 589 1485 617 ad
1500 589 1703 618 ordinandum
1716 590 1896 629 provisores
1911 589 1993 619 illius
2010 591 2094 626 sesti;
2114 598 2241 630 quartus

1338 637 1484 666 articulus
1502 644 1567 666 erat
1586 647 1680 677 super
1700 638 1982 677 supplicacionibus
2003 646 2032 668 et
2050 639 2182 679 injuriis.
2203 640 2241 669 Et

1338 686 1368 715 in
1390 686 1443 715 illo
1461 686 1589 715 articulo
1609 687 1793 726 supplicavit
1807 688 1954 726 magister
1968 688 2123 717 ¹lohannes
2142 689 2240 728 Dorp,

1338 735 1481 775 quatinus
1496 736 1617 764 micioni
1634 736 1768 775 placeret
1782 737 1864 775 quod
1877 736 1970 776 aliqui
1982 737 2117 766 scolares
2133 738 2190 766 sub
2205 748 2242 767 eo

1337 784 1542 814 determinare
1564 791 1707 824 possent,
1737 795 1797 813 non
1820 786 1962 814 obstante
1986 787 2067 824 quod
2093 796 2153 814 non
2178 793 2243 816 erat

1337 839 1404 863 actu
1429 843 1542 873 regens
1566 833 1596 862 in
1622 834 1760 863 facultate
1783 834 1908 863 areium.
1934 835 1965 863 2⁰
1993 834 2243 874 supplicaverunt

1338 882 1449 912 bedelli
1464 883 1614 917 nacionis,
1629 889 1778 922 quatenus
1794 884 1880 912 nacio
1894 883 1939 912 eis
1955 884 2122 913 concedere
2138 884 2240 919 vellet,

1337 932 1422 971 quod
1442 932 1480 961 de
1509 931 1647 971 quolibet
1674 932 1895 962 determinante
1923 932 2006 962 illius
2031 933 2102 962 anni
2133 943 2242 972 capere

1338 987 1467 1020 possent
1480 981 1639 1010 dimidium
1656 981 1801 1011 francum.

1379 1029 1480 1070 Super
1498 1030 1599 1070 primo
1614 1030 1742 1059 articulo
1761 1031 1954 1060 continuatus
1969 1037 2034 1060 erat
2049 1031 2244 1060 concorditer

1338 1079 1486 1118 magister
1506 1079 1683 1108 Fridericus
1701 1080 1738 1108 de
1759 1079 1937 1108 Pritzwalk.
1961 1079 2062 1119 Super
2083 1080 2113 1108 2⁰
2131 1080 2242 1109 dilatus

1339 1127 1394 1157 (uit
1414 1134 1575 1167 compotus
1595 1129 1777 1167 receptoris.
1799 1129 1900 1168 Super
1917 1130 1948 1158 3⁰
1970 1129 2244 1158 consideraverunt

1339 1177 1478 1216 magistri
1496 1177 1646 1212 nacionis,
1663 1178 1744 1217 quod
1761 1178 1848 1207 nacio
1864 1188 1925 1207 non
1941 1178 2070 1207 habebat
2086 1185 2242 1217 promptas

1338 1226 1497 1266 pecunias.
1515 1226 1712 1266 Quapropter
1726 1227 1881 1256 ordinavit
1895 1227 1982 1256 nacio
1993 1228 2076 1266 quod
2092 1238 2108 1256 a
2119 1227 2243 1256 domino

1339 1283 1470 1310 rectore,
1495 1275 1612 1305 scilicet
1636 1276 1784 1315 magistro
1807 1275 1932 1305 Galtero
1955 1276 2133 1310 Forestarii,
2158 1276 2206 1305 vel
2227 1286 2243 1305 a

1340 1325 1487 1365 magistro
1511 1325 1649 1354 Johanne
1674 1326 1712 1354 de
1742 1324 1906 1354 Edenburc
1937 1326 2180 1354 concederentur
2207 1335 2244 1354 ex

1340 1381 1426 1414 parte
1438 1374 1578 1404 nacionis
1593 1373 1650 1403 ΧΗ
1667 1374 1773 1408 franci,
1790 1380 1820 1403 et
1835 1374 1917 1413 quod
1931 1374 2072 1403 dominus
2091 1380 2244 1413 receptor.

1341 1423 1459 1453 scilicet
1479 1423 1626 1463 magister
1644 1423 1773 1463 Egidius
1793 1424 1831 1452 de
1845 1423 1972 1457 Jutsaes.
1990 1433 2022 1452 se
2043 1423 2193 1463 obligaret
2208 1424 2244 1452 ad

1342 1473 1531 1502 reddendum
1550 1472 1620 1502 illos
1639 1472 1716 1501 infra
1731 1472 1904 1512 quindecim
1921 1473 1988 1501 dies
2002 1472 2049 1501 vel
2068 1478 2131 1501 tres
2148 1473 2245 1512 septi-

1342 1532 1457 1557 manas,
1474 1522 1554 1551 sicut
1573 1521 1640 1561 ipse
1660 1522 1771 1561 optulit
1789 1522 1897 1550 facere.
1918 1521 1990 1550 item
2004 1521 2091 1560 juxta
2107 1521 2164 1550 hoc
2181 1521 2244 1550 ele-

1340 1577 1453 1611 gerunt
1468 1570 1649 1610 provisores
1667 1571 1703 1599 ad
1719 1571 1941 1609 providendum
1958 1570 1987 1599 in
2003 1571 2062 1599 isto
2081 1571 2169 1605 festo,
2183 1570 2244 1599 sci-

1341 1620 1412 1649 licet
1421 1620 1600 1660 magistrum
1610 1619 1778 1649 Johannem
1791 1620 1828 1648 de
1837 1619 2054 1658 Mayenberck,
2066 1618 2243 1659 magistrum

1342 1669 1543 1698 Laurencium
1571 1668 1694 1698 Scotum
1718 1675 1747 1698 et
1765 1669 1945 1708 magistrum
1969 1668 2137 1697 Johannem
2161 1668 2245 1697 Bon—

1341 1719 1416 1747 rode
1426 1717 1450 1747 ².
1468 1717 1618 1747 Volebant
1632 1717 1760 1756 insuper
1777 1718 1859 1756 quod
1879 1717 2002 1756 quidam
2020 1717 2158 1756 magistri
2177 1727 2244 1746 cum

1342 1767 1462 1796 bedello
1491 1767 1572 1796 irent
1601 1767 1638 1796 ad
1667 1767 1845 1806 magistrum
1876 1766 2041 1795 Henricum
2071 1767 2108 1795 de
2135 1766 2245 1795 Sancta

1343 1816 1507 1846 Katherina
1519 1815 1532 1834 ³
1548 1817 1585 1845 ad
1603 1815 1837 1855 supplicandum
1856 1815 1926 1850 sibi,
1947 1815 2089 1854 quatinus
2114 1815 2245 1844 interes-

1343 1871 1390 1895 set
1414 1866 1491 1895 sesto
1513 1871 1632 1900 nostro,
1650 1871 1679 1894 et
1697 1865 1790 1894 eciam
1814 1865 1895 1903 quod
1915 1864 2007 1893 vellet
2026 1864 2122 1894 facere
2146 1864 2245 1893 servi-

1341 1914 1420 1944 cium
1450 1914 1481 1944 in
1508 1914 1654 1949 ecclesia,
1691 1914 1808 1943 scilicet
1840 1913 1996 1942 celebrare
2028 1913 2150 1942 missam
2185 1919 2241 1942 etc.

1341 1963 1512 1993 Voluerunt
1526 1963 1620 1992 eciam
1639 1964 1721 2002 quod
1738 1963 1884 2002 magister
1901 1962 2056 1991 Johannes
2069 1963 2107 1991 de
2123 1962 2244 1991 Alman-

1342 2011 1414 2042 nia⁴
1441 2013 1479 2042 de
1503 2013 1594 2042 domo
1622 2012 1845 2051 Augustinens.
1879 2017 2041 2040 vocaretur
2069 2011 2105 2040 ad
2135 2011 2242 2040 festum

1341 2061 1427 2091 illud.

1382 2110 1484 2149 Super
1501 2110 1532 2139 4⁰
1550 2110 1679 2139 articulo
1699 2110 1833 2139 admissa
1855 2116 1919 2138 erat
1941 2109 2130 2148 supplicacio
2151 2109 2243 2148 magi-

1342 2159 1399 2189 stri
1422 2159 1572 2189 Johannis
1597 2159 1700 2198 θοι-ρ,
1729 2159 1754 2188 si
1781 2165 1810 2188 et
1834 2159 1863 2187 in
1889 2164 2033 2197 quantum
2061 2158 2148 2186 nacio
2179 2167 2242 2186 eam

1341 2208 1501 2238 admittere
1528 2208 1636 2247 potuit.
1666 2207 1767 2247 Super
1794 2207 2024 2247 supplicacione
2055 2206 2243 2235 bedenorum

1341 2267 1490 2287 concessa
1504 2263 1567 2286 erat
1582 2267 1687 2286 eorum
1699 2256 1900 2296 supplicacio.
1918 2256 1961 2285 sic
1975 2262 2074 2285 tamen
2087 2256 2168 2295 quod
2183 2266 2243 2284 non

1341 2306 1515 2336 traheretur
1530 2306 1568 2335 ad
1585 2306 1851 2345 consequenciam.

1381 2354 1472 2384 Facta
1507 2355 1752 2395 congregacione
1784 2354 1922 2383 nacionis
1966 2353 2135 2393 Anglicane
2171 2359 2245 2392 aput

1341 2403 1500 2433 ecclesiam
1524 2403 1686 2433 Beatorum
1711 2403 1822 2433 Cosme
1845 2409 1874 2432 et
1897 2403 2034 2432 Damiani
2061 2402 2090 2430 in
2114 2401 2242 2441 vigilia³

1342 2453 1438 2482 sancti
1454 2452 1626 2481 Eadmundi
1643 2458 1713 2491 post
1727 2462 1873 2491 vesperas
1887 2461 1980 2491 super
1995 2451 2115 2479 (luobus
2128 2450 2243 2479 articu-

1342 2501 1391 2531 lis.
1410 2501 1532 2531 Primus
1547 2507 1612 2530 erat
1624 2501 1694 2540 quia
1713 2501 1914 2540 significatum
1931 2506 1996 2528 erat
2011 2499 2100 2528 michi
2117 2509 2172 2538 per
2186 2499 2243 2528 ali-

1342 2560 1420 2590 quos
1456 2549 1621 2589 magistros
1654 2549 1804 2583 nacionis.
1834 2549 1914 2588 quod
1952 2548 2085 2588 Anglici,
2125 2547 2243 2577 scilicet

1342 2598 1595 2638 archiepiscopus
1643 2598 1860 2628 Dunelmensis
1872 2598 1884 2616 ⁸
1924 2603 1953 2626 et
1994 2597 2159 2636 episcopus
2205 2597 2243 2625 de

1341 2674 1420 2706 suisne
1429 2674 1462 2698 de
1473 2675 1610 2701 Cremona.
1621 2676 1648 2697 ul
1657 2674 1681 2697 in
1692 2677 1767 2697 mum
1777 2673 1868 2704 legitur
1882 2673 1915 2702 {in
1926 2675 2000 2695 mnu·
2012 2680 2086 2703 saepe
2096 2671 2243 2700 Cremonis,

1342 2711 1478 2737 Cremona.
1488 2709 1554 2742 eta).
1563 2709 1610 2733 aed
1616 2710 1648 2733 de
1658 2709 1805 2735 Tremonin.
1815 2717 1872 2731 nam
1882 2708 1935 2731 nine
1945 2707 2024 2730 dubio
2035 2707 2154 2739 magistri*
2163 2707 2243 2739 ipsum

1343 2744 1521 2773 invitaverant,
1533 2745 1594 2776 qula
1610 2753 1695 2768 eorum
1705 2743 1838 2776 popularia
1848 2746 1911 2766 crat.
1925 2743 1966 2766 Sic
1981 2742 2057 2765 eliam
2071 2742 2140 2773 infra
2152 2742 2188 2766 ad
2199 2750 2243 2766 an.

1344 2781 1413 2808 1398,
1424 2782 1487 2804 Νον.
1497 2781 1534 2804 18.

1374 2817 1397 2839 fi.
1430 2815 1563 2839 :ohanne-
1578 2815 1609 2839 de
1623 2814 1736 2839 nuxnriu
1751 2814 1865 2845 (illinet,
1881 2813 1960 2837 dioec.
1976 2813 2105 2844 radere).
2118 2820 2162 2836 uu
2177 2812 2245 2836 Use-

1344 2852 1382 2875 ria
1399 2850 1461 2883 (oid.
1475 2850 1604 2879 Cbartul..
1618 2850 1662 2877 ΙΙΙ.
1681 2852 1734 2876 Ἇὶθῦ,
1754 2853 1805 2874 not.
1822 2851 1870 2881 ³⁸),
1890 2850 1936 2880 ψη·
1950 2852 2010 2871 tune
2021 2848 2095 2880 prior
2108 2847 2243 2880 Augustini.

1344 2888 1425 2911 l'arn.
1439 2887 1498 2919 suit.
1511 2889 1536 2910 et
1551 2894 1593 2910 on.
1609 2886 1668 2910 1³88
1679 2886 1703 2909 in
1718 2885 1792 2909 theol.
1804 2885 1949 2909 licentiatus
1961 2886 2006 2907 ent.

1374 2924 1396 2946 5.
1431 2923 1461 2946 20
1475 2922 1629 2946 Nouembris.

1373 2959 1395 2980 6.
1432 2958 1479 2981 Mu.
1493 2957 1611 2981 Dulmen.
1635 2959 1667 2980 A!
1683 2956 1812 2987 episcopua
1831 2955 2003 2979 Dunelmenn'n
2021 2963 2071 2979 non
2088 2954 2139 2986 suit
2156 2954 2243 2978 arelas·—

1346 2992 1486 3025 cpu'ucupm.
1500 2994 1569 3016 Tunc
1586 2992 1714 3016 Wulterus
1726 2991 1863 3019 Skirluwe,
1877 2991 1910 3014 ab
1923 2999 1966 3016 ιυι.
1977 2990 2045 3014 1388.
