2632 3464
824 0 859 18 ρο
866 0 895 18 «323
902 0 1002 22 &axam-
1014 0 1051 15 ελ,

532 23 536 30 .
576 15 595 26 .
615 4 627 27 g
648 0 824 26 fl'twfflssf

522 27 530 36 Α
592 26 602 33 μ
697 29 699 32 ⁴

306 425 364 451 317

350 501 471 531 Deinde
486 501 602 531 xxm·
616 502 666 532 die
682 501 798 531 mensis
817 500 1008 541 Septembris
1028 507 1099 530 tunc
1113 501 1215 530 conti-

309 560 371 580 nue
394 551 554 590 sequentis
583 551 661 580 sacta
689 550 935 590 congregacione
963 549 1103 579 nacionis
1133 550 1215 588 apud

310 598 456 629 Sanctum
483 599 637 630 lulianum
665 599 703 629 ad
731 598 907 639 eligendum
931 605 1161 638 procuratorem
1187 605 1215 628 et

307 649 348 678 ad
388 649 573 678 audiendum
604 654 779 687 compotum
809 648 992 687 recepturis,
1020 648 1214 678 continuatus

309 698 366 727 fuit
391 698 534 728 dominus
560 696 709 737 magister
730 696 885 726 Jordanus
907 696 939 726 in
964 703 1212 736 procuratorem;

309 747 365 776 sed
393 746 487 776 dilata
521 747 618 776 ruerat
647 756 685 776 ex
721 751 792 775 tunc
825 746 1012 785 computatio
1042 745 1214 785 recepturis

309 805 409 836 usque
421 796 459 825 ad
475 794 612 835 primam>
632 794 812 824 electionem
839 794 1053 834 procuratoris
1084 804 1214 834 sequen-

307 850 380 879 tem,
399 844 472 885 quia
487 844 538 874 die
546 842 630 884 jovis
644 849 716 873 tune
729 843 902 873 immediate
919 849 1071 873 transacta
1086 854 1214 884 compu-

307 899 436 923 taverat.

348 941 388 972 Et
409 942 441 972 in
467 941 572 973 eadem
602 941 849 982 congregacione
873 941 1069 981 supplicabat
1091 942 1214 971 nacioni

308 990 453 1021 dominus
477 989 636 1020 Walter-us
659 991 698 1020 de
720 990 922 1020 Wisensteck
945 1000 1013 1020 cum
1042 997 1075 1020 ut
1093 991 1215 1021 dicebat

308 1039 341 1070 in
369 1040 448 1070 festo
472 1038 627 1080 Remigii·
653 1046 725 1069 tunc
750 1039 851 1069 statim
880 1046 1028 1079 sequente
1053 1041 1214 1070 tenebatur

305 1076 428 1118 nacioni
453 1088 574 1118 solvere
598 1089 710 1118 bursas
730 1099 788 1128 pro
813 1088 1053 1118 determinancia
1078 1099 1134 1119 sua
1155 1091 1212 1119 sub

306 1147 386 1178 pena
411 1137 470 1167 late
490 1137 654 1173 sententie,
674 1143 825 1177 quatenus
849 1137 932 1167 natio
950 1138 1010 1167 sibi
1030 1139 1214 1168 concederet

303 1186 485 1227 ampliorem
510 1186 700 1222 dilationem,
723 1186 842 1216 scilicet
863 1196 962 1226 usque
983 1187 1021 1216 ad
1041 1187 1213 1227 carnispri-

305 1236 399 1271 vium,
424 1245 492 1265 cum
514 1245 572 1275 pro
593 1241 665 1265 tunc
687 1245 749 1265 non
773 1241 894 1275 poterat
913 1235 1101 1271 satisfacere,
1125 1235 1212 1276 cujus

305 1284 497 1324 supplicacio
532 1284 630 1314 fuerat
659 1287 819 1319 concessa,
853 1294 921 1314 cum
953 1291 1052 1315 tamen
1082 1292 1212 1326 poneret

305 1333 425 1364 literam
442 1333 580 1363 officialis
593 1333 625 1362 in
641 1333 736 1363 forma
753 1333 863 1373 priori.

346 1382 419 1423 (Fol.
435 1382 493 1421 1⁶¹³)
511 1382 587 1412 ltem
597 1382 667 1422 ipso
682 1382 731 1412 die
743 1382 876 1422 Remigii
890 1383 967 1412 sacta
978 1383 1032 1412 fuit
1042 1393 1211 1424 congrega-

303 1432 354 1462 cio
373 1431 512 1461 nacionis
529 1431 611 1472 apud
629 1431 846 1461 Predicatores
863 1438 936 1471 post
958 1442 1130 1461 sermonem
1142 1431 1155 1451 ²
1173 1433 1210 1462 ad

305 1481 552 1521 supplicandum,
596 1486 626 1509 et
674 1480 868 1520 supplicabat
913 1480 1014 1520 primo
1064 1482 1212 1521 magister

303 1529 462 1559 lohannes
485 1529 563 1563 Red,
585 1535 618 1558 ut
638 1539 706 1558 cum
732 1529 839 1558 eodem
861 1529 911 1558 die
933 1529 1089 1570 obligatus
1115 1531 1212 1560 iuerat

303 1578 426 1609 nacioni
446 1577 641 1618 fidejussorie
660 1588 697 1607 ex
718 1584 804 1617 parte
821 1578 913 1608 unius
930 1578 1013 1608 Scoti
1031 1589 1088 1619 pro
1107 1580 1210 1610 bursis

302 1627 537 1658 determinantie
548 1636 615 1662 sue,
627 1633 660 1656 ut
669 1626 752 1656 natio
765 1626 824 1656 sibi
838 1627 1015 1657 dilationem
1026 1630 1211 1658 concederet

302 1686 402 1717 usque
414 1676 454 1706 ad
467 1681 590 1706 octavas
601 1675 739 1711 Martini,
753 1676 781 1705 ei
797 1675 865 1716 ipse
880 1676 1033 1717 obligaret
1048 1687 1082 1707 se
1094 1677 1210 1708 nationi

302 1731 337 1756 ut
362 1724 544 1766 principalis
570 1724 692 1754 debitor
723 1725 781 1755 sub
807 1725 896 1765 penis
926 1725 1040 1765 quibus
1064 1727 1163 1766 prius,
1180 1733 1210 1756 et

301 1784 451 1805 concessa
465 1774 521 1804 fuit
535 1773 601 1814 ejus
618 1773 814 1814 supplicatio.

342 1823 472 1854 Demum
485 1823 681 1863 supplicabat
698 1823 845 1864 magister
856 1823 1043 1854 Wilhelmus
1054 1824 1207 1862 Trebron,

303 1879 337 1903 ut
355 1883 423 1903 cum
441 1871 517 1902 alias
536 1872 619 1902 natio
634 1872 694 1902 sibi
711 1872 888 1902 dilationem
906 1873 1032 1903 dederat
1049 1884 1107 1914 pro
1123 1874 1209 1904 solu-

301 1922 384 1952 tione
407 1922 570 1952 bursarum
593 1921 685 1951 unius
711 1920 808 1957 Scoti,
832 1932 889 1961 pro
916 1932 977 1962 quo
1002 1922 1206 1962 fidejusserat,

300 1971 384 2000 natio
396 1969 489 2000 vellet
500 1980 569 2000 eum
581 1970 722 2010 recipere
738 1980 794 2010 pro
809 1970 975 2011 principali
993 1972 1133 2002 debitore
1150 1974 1208 2003 sub

301 2019 455 2050 consimili
470 2029 560 2059 pena,
579 2029 647 2049 cum
660 2025 694 2049 ut
706 2019 837 2055 dixerat,
852 2019 883 2049 in
899 2021 1037 2050 absentia
1052 2021 1207 2062 principa-

300 2068 340 2098 lis
361 2067 524 2102 debitoris,
547 2068 579 2097 in
600 2068 686 2098 curia
706 2068 846 2108 episcopi
869 2079 931 2099 non
949 2070 1050 2109 possit
1066 2071 1207 2101 obtinere

299 2117 419 2148 literam
437 2117 574 2147 officialis
596 2116 654 2146 late
678 2117 842 2153 sententie,
863 2117 950 2158 cujus
972 2119 1061 2148 etiam
1085 2120 1207 2160 suppli-

298 2166 379 2196 catio
397 2167 494 2195 fuerat
505 2175 664 2195 concessa.

342 2214 417 2245 item
441 2214 571 2254 quadam
596 2214 646 2244 die
673 2215 750 2244 sacta
775 2215 831 2245 suit
851 2216 982 2255 quedam
1004 2217 1205 2257 congregatio

299 2263 434 2294 nationis
450 2263 531 2303 apud
551 2263 694 2293 Sanctum
715 2263 900 2294 Maturinum
919 2265 958 2294 ad
970 2266 1153 2296 audiendum
1170 2277 1206 2296 ea

298 2321 359 2351 que
383 2316 449 2340 acta
475 2310 597 2340 fuerunt
619 2320 675 2350 per
698 2310 868 2340 Johannem
893 2312 1047 2342 bedellum
1067 2313 1143 2343 alias
1167 2324 1204 2343 ex

296 2365 387 2400 parte
408 2358 544 2388 nationis
566 2359 694 2388 missum
714 2359 751 2388 ad
774 2359 1024 2400 percipiendum,
1048 2363 1203 2401 quomodo

298 2414 429 2448 possent
447 2408 507 2437 emi
528 2407 621 2438 annui
642 2418 754 2438 census
776 2408 870 2438 habiti
893 2419 988 2449 super
1003 2410 1064 2440 illis
1083 2412 1202 2441 duabus

297 2456 394 2487 scolis
410 2466 521 2487 versus
541 2455 700 2492 Secanam.
720 2467 797 2497 quas
816 2457 891 2488 alias
909 2458 992 2488 natio
1011 2469 1112 2490 emere
1127 2470 1203 2501 pro-

296 2506 442 2546 ponebat.
471 2505 511 2535 Et
536 2505 614 2536 dixit
638 2506 779 2536 bedellus
803 2517 837 2536 se
861 2506 995 2537 locutum
1015 2508 1110 2539 fuisse
1136 2510 1200 2546 uni,

297 2554 351 2595 qui
363 2553 459 2584 val
474 2554 592 2584 solidos
611 2555 704 2585 annui
723 2565 836 2585 census
854 2557 892 2585 de
912 2556 1008 2587 scolis
1027 2557 1089 2587 illis
1107 2558 1202 2588 habe-

297 2603 359 2638 bat,
372 2603 424 2643 qui
437 2603 538 2633 dictos
550 2602 645 2634 vat
654 2603 772 2634 solidos
783 2614 902 2635 annuos
912 2606 999 2635 daret
1008 2616 1066 2646 pro
1075 2606 1199 2638 XXXVI

297 2651 411 2682 francis
435 2651 466 2681 in
486 2652 616 2692 pecunia
639 2652 721 2683 sicca
744 2652 804 2683 sibi
822 2652 884 2692 jam
906 2655 1082 2690 tradendis,
1107 2666 1201 2696 super

297 2710 359 2740 quo
389 2700 473 2731 natio
500 2710 557 2741 pro
584 2707 656 2732 tunc
684 2702 881 2733 concorditer
906 2703 1096 2734 deliberabat
1117 2706 1200 2745 quod

327 2801 351 2824 1.
382 2801 397 2824 2
409 2800 534 2826 Octobr-1⁸0.

327 2835 351 2860 2.
385 2836 453 2868 Quia
465 2838 522 2860 crat
533 2836 671 2863 dominica.

327 2871 350 2894 3.
383 2872 403 2895 1.
414 2879 437 2895 e.
446 2871 615 2897 matutinum.

326 2907 350 2930 la.
383 2907 474 2932 Petrus
495 2907 622 2938 Andreae,
638 2908 774 2941 defunctus
793 2909 840 2934 Ιιοι·
865 2910 920 2943 ι’ρεο
938 2920 980 2936 «ιη.
1004 2912 1058 2937 Via.
1078 2913 1198 2939 Chai-tul.

297 2941 429 2970 Univers..
446 2942 491 2971 ΙΙΙ,
506 2947 534 2967 n·
547 2943 618 2968 1³⁴⁸.

810 425 925 452 LIBER
945 425 1258 452 PROCURATORUM
1285 424 1466 452 NATIONIS
1485 426 1728 453 ANGLICANAE

1251 945 1284 970 ¹0

1250 1190 1283 1215 15

1248 1435 1282 1461 20

1247 1680 1281 1706 25

1245 1925 1279 1951 ³0

1243 2169 1276 2196 35

1239 2415 1273 2442 40

1238 2661 1271 2688 45

2175 430 2228 456 318

1325 502 1486 541 expediret
1509 512 1610 532 emere
1636 503 1713 532 istos
1740 514 1864 538 census,
1890 510 1923 533 ut
1946 515 2003 544 per
2028 505 2085 534 hoc
2112 506 2233 536 facilius

1324 550 1425 588 possit
1441 551 1586 580 devenire
1601 552 1639 580 ud
1656 553 1888 591 proprietatem.

1366 598 1440 628 ltem
1467 599 1544 628 sacta
1565 601 1805 640 congregatione
1826 602 1961 631 nationis
1981 604 2063 642 apud
2086 603 2230 633 Sanctum

1323 647 1476 677 Julianum
1496 649 1534 677 ad
1553 648 1729 688 eligendum
1752 657 1983 689 procuratorem
2002 658 2032 681 et
2050 653 2086 680 ad
2107 653 2230 682 audien-

1324 696 1396 725 dum
1429 698 1602 737 receptoria
1641 706 1828 738 computum,
1864 701 2051 740 computavit
2088 702 2230 731 dominus

1326 752 1483 784 receptor,
1517 752 1547 776 et
1580 747 1712 787 singulis
1745 749 1929 788 computatis
1964 750 2076 779 mansit
2115 751 2230 780 nationi

1322 794 1440 823 debens
1454 794 1577 825 LXXXI
1596 795 1692 826 libras
1705 803 1735 826 et
1748 797 1821 826 Xlll
1839 798 1984 827 denarios

1364 843 1439 872 Item
1453 843 1483 872 in
1495 845 1600 874 eadem
1613 846 1854 886 congregatione
1869 847 1952 876 natio
1968 848 2095 877 dederat
2104 849 2229 877 domino

1323 892 1477 932 receptori
1503 893 1530 922 ΙΙ
1555 893 1650 924 libras
1674 895 1840 934 parisiens.
1859 906 1916 935 pro
1936 895 2035 926 officio
2057 898 2229 936 receptoris

1323 940 1383 970 sibi
1413 941 1533 972 debitas
1563 943 1687 972 racione
1713 944 1785 973 anni
1815 945 1961 974 transacti
1994 951 2064 975 ante
2093 947 2228 984 [festum]

1321 989 1447 1020 Mathei.

1728 1047 1826 1076 1368

1360 1111 1451 1141 Acta
1477 1113 1733 1152 procuratorie
1763 1114 1934 1154 magistri
1957 1115 2116 1145 Erhardi
2146 1117 2188 1145 de

1665 1162 1885 1193 Gamundia.

1361 1236 1452 1266 Anno
1484 1237 1609 1266 Domini
1635 1247 1697 1278 quo
1733 1248 1838 1278 supra,
1877 1239 2022 1269 vicesima
2050 1240 2149 1280 prima
2178 1241 2228 1270 die

1321 1285 1436 1315 mensis
1454 1285 1613 1321 Octobris,
1635 1297 1694 1326 que
1714 1287 1769 1317 suit
1786 1288 1945 1317 sabbatum
1967 1289 2139 1328 proximum
2159 1297 2230 1329 post

1320 1334 1431 1363 festum
1465 1335 1546 1364 Luce
1575 1335 1780 1376 evangeliste,
1811 1337 2058 1377 congregacione
2090 1339 2228 1369 nacionis

1319 1382 1490 1422 Anglicane
1513 1385 1589 1414 facta
1611 1385 1691 1424 apud
1715 1385 1859 1415 Sanctum
1881 1386 2034 1416 Julianum
2055 1388 2091 1416 ad
2114 1388 2229 1427 eligen-

1319 1432 1391 1461 dum
1426 1439 1658 1471 procuratorem
1695 1439 1724 1463 et
1758 1434 1796 1463 ad
1832 1435 2016 1464 audiendum
2053 1443 2227 1476 compotum

1321 1481 1505 1520 receptoris,
1524 1481 1641 1511 electus
1656 1482 1712 1512 suit
1729 1482 1759 1511 in
1774 1490 2006 1523 procuratorem
2025 1485 2105 1514 dicte
2121 1486 2227 1514 nacio-

1320 1529 1368 1559 nis
1401 1531 1550 1570 magister
1574 1530 1735 1560 Erbardus
1761 1533 1799 1561 de
1829 1531 2000 1562 Gamundia
2031 1535 2228 1564 concorditer

1321 1579 1406 1608 nullo
1429 1580 1672 1615 contradicente,
1700 1580 1731 1609 in
1757 1580 1844 1620 cujus
1864 1583 2081 1621 procuratione
2106 1584 2228 1613 suerunt

1319 1634 1386 1658 acta
1400 1628 1608 1668 infrascripta.

1360 1677 1435 1706 Item
1451 1678 1556 1707 eadem
1573 1679 1624 1708 die
1640 1679 1696 1708 suit
1712 1680 1909 1709 concorditer
1924 1680 2125 1711 deliberatum
2142 1682 2226 1711 nullo

1319 1726 1549 1756 contradicente
1574 1727 1618 1757 ire
1640 1728 1677 1757 ad
1700 1729 1870 1762 tabernam,
1898 1729 1950 1758 ubi
1976 1731 2225 1770 consumpsimus

1318 1775 1429 1805 XXXX
1449 1776 1579 1812 solidos,
1605 1777 1643 1806 de
1665 1777 1779 1816 quibus
1803 1778 1896 1807 solvit
1919 1780 2054 1818 prefatus
2079 1780 2227 1819 magister

1323 1824 1483 1855 Erhardus
1502 1835 1595 1855 unum
1620 1826 1768 1862 francum,
1793 1827 1950 1857 residuum
1974 1838 2060 1864 vero,
2081 1829 2226 1859 videlicet

1318 1873 1435 1903 XXllll
1452 1874 1584 1910 solidos,
1602 1881 1746 1915 receptor
1760 1876 1900 1906 nacionis
1921 1877 2059 1916 predicte
2077 1877 2226 1918 magister

1315 1923 1476 1953 Ernestus.

1357 1973 1431 2002 ltern
1455 1973 1485 2002 in
1510 1973 1646 2002 crastino
1668 1973 1724 2003 suit
1744 1974 1819 2003 sacta
1840 1976 2047 2015 congregacio
2068 1977 2222 2016 generalis

1315 2022 1397 2061 apud
1419 2021 1563 2051 Sanctum
1590 2022 1820 2053 Martellinum³
1841 2033 1936 2063 super
1961 2025 2155 2054 ordinatione
2181 2027 2224 2055 4⁰¹·

1315 2069 1431 2099 milium
1447 2071 1634 2106 francorum,
1655 2081 1716 2111 que
1730 2072 1873 2101 dominus
1892 2072 2060 2113 episcopus
2077 2074 2222 2103 Camera-

1315 2119 1418 2149 censis
1428 2118 1439 2137 ⁴
1456 2119 1506 2158 pie
1520 2121 1667 2150 memorie
1687 2121 1800 2161 legavit
1815 2120 2016 2152 Universitati
2027 2123 2065 2152 ad
2078 2123 2221 2152 ordinan-

1316 2167 1388 2197 dum
1412 2177 1505 2198 unum
1525 2168 1711 2209 Collegium,
1731 2175 1761 2199 et
1779 2170 1821 2199 ibi
1842 2170 2042 2201 deliberatum
2064 2172 2119 2202 suit
2138 2174 2220 2212 quod

1317 2217 1535 2247 ordinarentur
1550 2218 1687 2258 deputati
1703 2218 1775 2258 (Ποῖ.
1791 2219 1819 2259 2)
1834 2220 1873 2249 ad
1888 2221 2059 2250 adeundum
2076 2221 2221 2261 preposi-

1315 2272 1379 2295 tum
1401 2266 1563 2296 casteleti³
1588 2273 1620 2296 ut
1642 2267 1842 2307 compelleret
1865 2269 2055 2299 detentorem
2083 2271 2220 2309 predicte

1314 2315 1456 2355 pecunie,
1482 2322 1515 2345 ut
1536 2323 1667 2356 poneret
1692 2317 1731 2346 ad
1751 2316 2005 2358 salvamgardiam
2027 2319 2112 2358 regis
2138 2326 2167 2349 et
2188 2320 2218 2349 in

1310 2364 1432 2394 archam
1449 2364 1562 2395 Nosti-e
1585 2365 1748 2395 Domine‘.

1351 2413 1426 2443 Item
1455 2413 1487 2442 in
1520 2415 1626 2443 eadem
1657 2415 1898 2455 congregatione
1934 2423 2122 2456 conquestus
2161 2418 2217 2447 suit

1311 2462 1454 2492 dominus
1469 2469 1654 2502 procurator
1670 2464 1810 2494 nacionis
1823 2464 1988 2494 Normanie
2006 2466 2088 2505 quod
2105 2466 2215 2496 missa-

1309 2511 1380 2552 gius
1399 2512 1516 2552 prefate
1536 2511 1670 2542 nationis
1690 2513 1746 2543 suit
1764 2514 1933 2543 enormiter
1952 2515 2132 2544 verberatus
2148 2516 2214 2545 sine

1309 2570 1405 2590 causa
1414 2570 1471 2600 per
1485 2561 1636 2600 quendam
1648 2568 1787 2591 vocatum
1798 2561 1862 2597 ⁷...‚
1877 2572 1973 2601 super
1990 2573 2051 2602 quo
2066 2563 2119 2593 suit
2136 2564 2215 2594 deli-

1309 2610 1447 2639 beratum
1465 2616 1498 2640 ut
1514 2620 1588 2650 pars
1603 2610 1731 2640 adversa
1748 2618 1920 2645 vocaretur,
1937 2617 1967 2640 et
1983 2611 2048 2651 ipsa
2065 2619 2169 2642 vocata
2185 2621 2214 2643 et

1309 2658 1412 2688 audita
1430 2658 1592 2698 puniretur
1608 2659 1656 2688 vel
1671 2659 1886 2689 absolveretur
1903 2661 2069 2689 secundum
2090 2661 2214 2702 exigen-

1308 2707 1380 2737 tiam
1396 2707 1495 2737 meriti
1511 2707 1559 2737 vel
1575 2708 1726 2738 demeriti.

1337 2810 1361 2832 ὁ.
1396 2807 1531 2839 nugonem
1547 2809 1665 2832 Aubriot.

1337 2845 1361 2867 6.
1396 2845 1506 2868 Exstant
1519 2844 1551 2867 de
1570 2844 1610 2867 hin
1628 2844 1699 2868 varia
1717 2845 1876 2872 documenta.
1895 2844 1927 2868 de
1942 2845 2034 2877 quibua
2048 2846 2074 2870 ιἰι
2093 2846 2211 2871 Cbartul.

1306 2879 1437 2907 Univers..
1453 2881 1488 2903 De
1498 2879 1620 2911 collegiis.

1337 2915 1360 2939 7.
1394 2917 1483 2939 Postea
1497 2915 1617 2946 epatium,
1635 2916 1784 2940 EChurtul.
1799 2916 1930 2944 univers..
1948 2917 1991 2945 m.
2004 2922 2031 2941 n'
2046 2918 2104 2942 ¹³48
2117 2917 2212 2942 edioci-

1307 2958 1371 2978 mue,
1384 2958 1439 2973 eum
1452 2950 1608 2982 familiarem
1618 2951 1729 2983 episcopi
1739 2951 1897 2975 laeaeoviemis
1906 2952 1994 2983 suinae.
