2632 3464
435 421 468 446 47
979 419 1203 446 AUCTARIUM
1225 419 1484 446 CHARTULARII
1504 421 1679 448 UNIVERS.
1702 422 1820 449 PARIS.
2331 425 2365 450 48

845 497 939 525 1341

478 569 553 602 (Fol.
589 568 640 607 41)
670 568 899 598 Procuracio
935 569 1109 608 magistri
1145 568 1267 598 Ulrici
1304 569 1346 597 de

798 617 980 657 Augusta.

475 693 566 722 Anno
592 693 717 722 Domini
737 699 794 722 etc.
819 699 852 722 ut
876 703 970 732 supra
993 693 1169 722 convocatis
1187 692 1346 732 magistris

435 743 473 771 ad
503 743 780 782 congregacionem
810 742 890 771 dicte
920 742 1059 770 nacionis
1088 742 1169 780 apud
1200 741 1345 770 Sanctum

436 791 623 820 Maturinum
647 791 722 820 hora
742 791 856 830 prime,
885 791 933 819 die
953 790 1090 819 sabbati¹
1116 790 1257 830 proxima
1276 797 1345 819 ante

439 842 526 869 Oculi
547 843 616 875 mei,
637 841 675 869 ad
702 840 872 868 faciendum
892 846 1127 879 procuratorem
1149 840 1345 868 continuatus

436 890 491 918 fuit
512 889 660 929 magister
683 889 808 918 Ulricus
831 890 868 917 de
892 888 1034 928 Augusta
1054 889 1085 917 in
1111 895 1344 928 procuratorem

435 939 516 967 dicte
533 939 688 973 nacionis,
708 938 739 966 in
755 937 842 977 cujus
859 938 1081 976 procuracione
1100 938 1176 967 facta
1195 944 1267 967 sunt
1284 948 1343 977 que

436 994 591 1017 secuntur.

476 1037 581 1065 Primo
610 1037 789 1066 licenciatus
817 1036 872 1065 fuit
895 1037 976 1075 apud
1002 1036 1143 1065 Sanctam
1168 1036 1344 1066 Jenovesam

435 1087 577 1115 dominus
601 1086 767 1115 Heinricus
785 1086 823 1114 de
842 1086 971 1115 Colonia
993 1086 1050 1114 sub
1069 1086 1218 1125 magistro
1237 1085 1343 1115 Ulrico

434 1136 471 1164 de
489 1135 641 1174 Augusta,
659 1135 745 1174 cujus
760 1136 855 1164 bursa
869 1135 926 1163 VII
943 1135 1046 1164 solidi.

474 1185 548 1213 Item
567 1184 681 1213 ibidem
701 1184 880 1213 licenciatus
898 1184 952 1213 fuit
967 1183 1110 1213 dominus
1131 1184 1288 1214 Johannes
1306 1185 1343 1214 de

433 1233 634 1273 XVittenberg
651 1235 708 1262 sub
726 1233 875 1273 magistro
897 1234 1042 1263 Conrado
1061 1234 1098 1262 de
1121 1233 1227 1263 Monte
1248 1234 1342 1263 Puel-

433 1283 540 1317 larum,
559 1282 645 1322 cujus
661 1283 756 1311 bursa
772 1282 799 1311 V
814 1282 918 1311 solidi.

475 1333 549 1361 Item
570 1332 686 1361 electus
704 1332 759 1361 fuit
779 1332 810 1360 in
832 1338 984 1360 rectorem
1003 1332 1223 1361 Universitatis
1244 1333 1342 1372 magi-

433 1388 497 1410 ster
512 1381 668 1410 Johannes
685 1381 830 1410 Moradas
847 1381 1019 1420 Pycardus.

474 1431 548 1460 Item
567 1431 683 1460 electus
706 1430 762 1460 suit
781 1441 838 1470 pro
857 1431 953 1459 tercio
973 1441 1078 1459 mense
1103 1432 1140 1459 ad
1164 1431 1342 1460 examinan-

432 1481 503 1509 dum
533 1479 699 1519 superius²
736 1479 884 1519 magister
916 1480 1072 1509 Johannes
1110 1481 1147 1509 de
1186 1481 1342 1510 Kinnarde

433 1530 555 1559 Scotus.

473 1579 547 1608 Item
561 1579 642 1608 dieta
655 1579 742 1608 nacio
758 1578 843 1608 dedit
858 1585 887 1608 et
903 1578 1058 1608 concessit
1072 1579 1220 1618 magistro
1235 1579 1342 1609 Ulrico

431 1629 468 1657 de
486 1628 627 1668 Augusta
645 1629 797 1667 quendam
815 1628 1069 1657 determinantem
1087 1629 1197 1657 solutis
1217 1629 1342 1658 solven—

431 1677 491 1712 dis,
518 1677 570 1717 qui
597 1688 654 1717 per
679 1677 839 1706 nacionem
866 1677 978 1706 dictam
1003 1677 1034 1706 in
1062 1678 1202 1707 facultate
1227 1679 1342 1708 arcium

432 1728 529 1756 fuerat
545 1733 615 1756 tunc
632 1728 786 1755 obtentus.

841 1831 935 1860 1341

432 1915 659 1944 Procuracio
686 1915 856 1954 magistri
886 1915 1068 1944 ,Iohannis
1098 1917 1139 1945 de
1171 1916 1343 1955 Kynnard

826 1965 942 1994 Scoti.

471 2071 562 2100 Anno
582 2071 705 2100 Domini
722 2071 885 2101 M⁰CCC¹¹¹⁰
900 2073 1130 2111 quatragesimo
1142 2073 1253 2111 primo,
1271 2084 1342 2103 con-

431 2121 548 2150 vocatis
569 2121 711 2149 omnibus
732 2121 891 2160 magistris
912 2121 1052 2150 nacionis
1070 2122 1242 2161 Anglicane
1261 2124 1342 2162 apud

433 2170 578 2199 Sanctum
594 2169 793 2205 Maturinum,
811 2171 842 2199 in
857 2170 986 2210 vigilia3
1006 2171 1124 2200 Pasche
1140 2171 1216 2201 hora
1231 2173 1340 2211 prima,

433 2220 470 2247 ad
499 2219 669 2247 faciendum
698 2226 941 2258 procuratorem,
973 2221 1088 2250 electus
1116 2221 1171 2250 suit
1195 2222 1343 2261 magister

432 2268 589 2297 ,lohannes
606 2269 642 2296 de
661 2269 810 2307 Kynnard
832 2269 942 2298 Scotus
959 2269 990 2298 in
1010 2277 1243 2309 procuratorem
1261 2271 1342 2300 dicte

433 2317 583 2351 nacionis,
602 2317 685 2346 nullo
700 2318 822 2356 penitus
838 2319 1034 2354 reclamante,
1052 2319 1083 2348 ln
1097 2319 1183 2359 cujus
1197 2330 1342 2359 procura-

433 2367 515 2395 tione
535 2367 612 2395 facta
629 2373 700 2396 sunt
715 2377 774 2406 que
793 2374 954 2406 sequntur.

474 2416 579 2445 Primo
597 2416 776 2445 licenciatus
796 2417 850 2445 suit
868 2418 949 2456 apud
967 2418 1110 2447 Nostram
1131 2419 1291 2447 Dominam
1312 2420 1342 2448 in

433 2465 531 2504 prima
553 2466 714 2494 addicione
740 2473 769 2494 et
794 2466 825 2494 in
851 2466 949 2505 prima
974 2467 1176 2506 expedicione
1199 2469 1342 2497 dominus

432 2515 628 2544 Normannus
658 2515 695 2544 de
725 2515 818 2554 Lesly
848 2515 959 2544 Scotus
987 2517 1044 2545 sub
1074 2517 1221 2556 magistro
1250 2517 1342 2546 Claro

434 2564 620 2599 Lumbardo,
639 2563 724 2603 cujus
740 2565 834 2593 bursa
850 2565 905 2593 VII
923 2565 1026 2594 solidi.

474 2613 548 2641 Item
578 2613 757 2642 licenciatus
787 2614 842 2642 fuit
872 2615 953 2653 apud
982 2614 1123 2644 Sanctam
1156 2615 1342 2645 Genovefam

433 2662 576 2691 dominus
604 2662 723 2691 Franco
746 2663 782 2691 de
812 2663 962 2692 Turtraco
986 2664 1016 2692 in
1041 2665 1071 2693 4³
1095 2664 1258 2694 addicione
1285 2666 1342 2694 sub

433 2711 582 2750 magistro
599 2711 751 2740 Geirardo
768 2712 926 2751 Pelegrini
937 2735 943 2747 ‚
962 2712 1048 2752 cujus
1063 2714 1158 2742 bursa
1174 2714 1217 2743 111
1237 2715 1340 2743 solidi.

475 2760 549 2788 Item
565 2760 782 2789 reconciIIatus
800 2761 855 2789 suit
872 2761 1018 2800 magister
1036 2762 1151 2800 Symon
1169 2763 1206 2791 de
1225 2762 1343 2802 Mynel-

465 2849 487 2871 1.
521 2849 551 2871 10
565 2849 663 2873 Martii.

465 2884 487 2907 2.
521 2885 538 2907 I.
556 2893 587 2913 ιη,
600 2885 669 2916 apud
681 2887 706 2908 S.
721 2886 884 2917 Genovesam.

465 2921 487 2943 3.
522 2921 535 2943 7
549 2920 653 2951 Aprilis.

464 2956 487 2979 4.
523 2957 562 2987 Cf.
578 2956 706 2984 Chartul„
719 2957 738 2985 I,
753 2957 919 2987 Introduc-tio,
932 2966 959 2989 p.
974 2958 1038 2982 XXV
1048 2967 1096 2990 sq„
1108 2962 1133 2982 el
1143 2959 1174 2987 Π,
1188 2965 1215 2982 n·
1227 2960 1295 2983 1051.

1402 697 1417 723 5

1384 943 1416 968 10

1382 1190 1415 1215 15

1380 1437 1414 1462 20

1381 1684 1414 1710 25

1381 1931 1414 1956 30

1381 2178 1414 2203 35

1381 2424 1414 2450 40

1381 2670 1414 2695 45

1456 498 1522 536 lys,
1558 499 1692 528 decanus
1722 499 1754 527 in
1792 499 1962 539 theologia,
1994 506 2024 529 et
2053 500 2193 529 reunitus
2229 500 2363 530 facultati

1456 547 1571 576 arcium
1591 548 1629 576 ad
1653 548 1799 587 graciam,
1822 548 1848 578 si
1871 549 2010 588 privacio
2031 548 2096 588 ejus
2115 549 2206 579 fuerit
2220 548 2316 589 justa,
2336 556 2365 578 et

1456 597 1494 624 ad
1506 595 1674 635 justiciam,
1690 597 1716 626 si
1733 598 1825 627 fuerit
1837 597 1983 637 injusta⁴.

1495 645 1587 674 Anno
1602 647 1709 675 eodem
1734 647 1764 675 in
1781 647 1910 686 vigilia5
1925 647 2022 677 sancti
2038 647 2189 677 Johannis
2206 653 2276 676 ante
2293 657 2364 687 por-

1455 700 1515 723 tam
1527 694 1677 730 Latinam,
1694 696 1873 725 convocatis
1887 697 2030 726 omnibus
2038 696 2178 726 nacionis
2191 696 2366 736 Anglicane

1455 743 1614 782 magistris
1629 743 1661 772 in
1679 744 1789 774 artium
1808 745 1948 775 facultate
1965 746 2147 785 regentibus
2165 746 2246 784 apud
2267 745 2365 774 Sanc-

1455 798 1518 821 tum
1533 792 1686 822 Julianum
1702 804 1868 833 pauperem
1881 795 1920 824 ad
1931 795 2102 824 faciendum
2117 801 2362 834 procuratorem,

1455 841 1650 871 continuatus
1670 849 1718 871 est
1741 843 1889 883 magister
1907 844 1935 873 J.
1960 844 1998 873 de
2024 844 2174 883 Kynnard
2198 843 2309 873 Scotus
2332 843 2363 872 in

1455 896 1687 928 procuratorem
1714 892 1794 921 dicte
1821 893 1972 928 nacionis,
2001 893 2085 922 nullo
2112 893 2237 932 penitus
2265 892 2384 921 reela--

1454 945 1565 968 mante.
1582 939 1622 968 Et
1638 941 1715 969 facta
1733 947 1804 970 sunt
1817 951 1876 980 que
1895 948 2042 971 secuntur
2061 942 2131 981 ipso
2150 947 2361 981 procuratore.

1495 989 1600 1018 Primo
1613 988 1624 1006 ⁶
1640 990 1758 1019 vocatis
1782 990 1925 1020 omnibus
1945 991 2104 1031 magistris
2126 991 2307 1030 regentibus
2332 991 2364 1020 in

1454 1038 1582 1067 nacione
1601 1039 1638 1067 ad
1654 1039 1839 1068 audiendum
1856 1046 2031 1079 compotum
2046 1040 2229 1079 receptoris‚
2246 1039 2365 1068 scilicet

1454 1088 1594 1127 magistri
1610 1087 1710 1117 Ulrici
1726 1088 1763 1117 de
1784 1087 1939 1127 Augusta,
1958 1088 2034 1117 hora
2051 1089 2151 1128 prima
2165 1089 2247 1128 apud
2267 1089 2364 1118 Sanc-

1454 1143 1516 1165 tum
1533 1137 1699 1172 Julianum,
1718 1137 1906 1176 computavit
1918 1136 2019 1166 dictus
2030 1137 2178 1177 magister
2193 1137 2224 1166 in
2237 1147 2363 1177 presen-

1454 1186 1494 1214 tia
1506 1186 1606 1215 tocius
1619 1186 1759 1215 nacionis
1773 1187 1810 1215 ad
1828 1186 1887 1215 hoc
1899 1192 2006 1215 vocate
2020 1187 2057 1216 de
2070 1186 2214 1216 omnibus
2228 1186 2364 1226 receptis

1454 1235 1519 1264 suis
1555 1242 1584 1264 et
1610 1235 1756 1274 expensis
1790 1235 2038 1275 quibuscunque,
2069 1236 2115 1265 sic
2149 1236 2232 1275 quod
2263 1236 2363 1264 omni·-

1452 1284 1510 1313 bus
1526 1285 1741 1324 computandis
1757 1285 1940 1324 computatis
1956 1291 1986 1313 et
1999 1285 2157 1314 defalcatis
2173 1284 2363 1314 defalcandis

1453 1333 1483 1361 in
1499 1333 1556 1362 hoc
1571 1334 1678 1369 modo,
1692 1333 1837 1362 videlicet
1855 1335 1937 1372 quod
1958 1334 2058 1363 dictus
2078 1333 2227 1373 magister
2245 1333 2364 1373 recepit

1452 1382 1484 1411 in
1502 1383 1632 1421 pecunia
1647 1389 1805 1411 numerata
1824 1382 1908 1411 XVII
1927 1383 2022 1412 libras
2043 1393 2111 1412 cum
2129 1383 2266 1422 quinque
2287 1382 2363 1411 soli-

1452 1431 1516 1467 dis;
1535 1431 1607 1461 item
1623 1432 1654 1460 in
1671 1432 1804 1461 vadiatis
1822 1438 1851 1461 et
1865 1431 2012 1471 plegiatis
2029 1431 2070 1460 Vl
2089 1432 2196 1466 libras,
2212 1431 2270 1460 Vll
2284 1431 2363 1461 soli-

1452 1481 1509 1509 dos
1528 1491 1595 1510 cum
1614 1481 1753 1510 dimidio.

1493 1529 1617 1559 Summa
1642 1530 1744 1559 totalis
1775 1530 1877 1559 XXIII
1903 1530 1981 1559 libre
2011 1540 2080 1559 cum
2104 1530 2162 1559 XII
2193 1529 2303 1559 solidis
2334 1536 2364 1559 et

1451 1578 1491 1607 vl
1511 1579 1662 1614 denariis,
1685 1580 1723 1617 [a]
1741 1590 1802 1618 qua
1819 1579 1943 1618 quidem
1960 1589 2077 1608 summa
2091 1578 2153 1616 jam
2168 1579 2249 1608 dicta
2265 1579 2363 1608 defal-

1452 1629 1548 1657 cande
1570 1635 1642 1657 sunt
1664 1628 1721 1657 VII
1748 1629 1826 1657 libre
1853 1628 1954 1657 minus
1978 1628 2006 1657 II
2030 1628 2132 1662 solidi,
2158 1638 2234 1667 quas
2261 1628 2363 1657 dictus

1451 1683 1595 1716 receptor
1613 1678 1756 1716 exposuit
1771 1677 1802 1705 in
1820 1677 1959 1717 negociis
1977 1677 2190 1706 communibus
2209 1677 2360 1711 nacionis,

1451 1726 1595 1755 videlicet
1616 1726 1647 1754 in
1667 1726 1880 1765 redemptione
1899 1725 2135 1765 privilegiorum
2161 1726 2311 1765 regalium
2334 1732 2363 1758 et

1453 1775 1483 1803 in
1506 1775 1651 1814 expensis
1671 1775 1758 1804 factis
1781 1776 1882 1804 eundo
1901 1776 1939 1804 ad
1960 1785 2065 1815 regem
2083 1785 2140 1814 per
2158 1775 2258 1810 vices,
2279 1781 2309 1804 et
2330 1775 2362 1804 in

1452 1824 1507 1853 XX
1532 1825 1642 1853 solidis
1670 1835 1749 1864 quos
1777 1825 1862 1854 dedit
1896 1824 2032 1853 Henrico
2061 1824 2183 1853 bedello
2213 1824 2362 1853 Norman—

1452 1884 1562 1903 norum
1578 1884 1635 1913 pro
1652 1874 1757 1903 scolis.

1494 1923 1568 1952 Item
1595 1923 1773 1952 defalcande
1795 1924 1832 1952 de
1855 1924 1960 1952 eadem
1985 1933 2102 1952 summa
2123 1922 2209 1951 totali
2234 1922 2260 1950 V
2283 1922 2362 1951 libre

1453 1982 1520 2001 cum
1546 1972 1631 2001 XVII
1658 1972 1768 2001 solidis
1801 1982 1856 2011 pro
1881 1972 2012 2001 bedellis
2039 1978 2068 2001 et
2097 1971 2240 2000 luminari
2267 1971 2362 2001 Beate

1451 2021 1602 2061 Virginis.

1494 2070 1568 2099 Item
1599 2071 1776 2100 defalcande
1811 2077 1882 2099 sunt
1910 2071 1947 2099 de
1975 2080 2092 2099 summa
2121 2069 2278 2109 sepedicta
2301 2069 2363 2099 Vll

1452 2120 1542 2155 libre,
1559 2119 1590 2148 in
1609 2120 1722 2159 quibus
1738 2120 1819 2149 dicta
1836 2120 1924 2148 nacio
1940 2120 2102 2148 tenebatur
2115 2119 2196 2148 dicto
2213 2118 2362 2158 magistro

1452 2169 1559 2198 Ulrico
1582 2169 1735 2208 receptori
1756 2170 1793 2198 de
1816 2179 1895 2198 anno
1929 2175 1986 2198 etc.
2015 2167 2168 2197 ΧΧΧΙΧογ
2195 2168 2226 2196 in
2251 2168 2362 2197 itinere

1453 2229 1508 2247 suo
1541 2219 1578 2247 ad
1613 2218 1727 2247 curiam
1758 2228 1814 2257 pro
1846 2218 1934 2247 factis
1964 2218 2177 2247 communibus
2209 2217 2358 2246 nacionis.

1453 2268 1562 2297 Dictus
1604 2267 1751 2307 magister
1789 2267 1892 2306 itaque
1931 2267 2056 2296 Ulricus
2096 2272 2240 2305 receptor
2271 2266 2362 2295 debet

1452 2317 1574 2346 nacioni
1594 2317 1638 2346 III
1658 2317 1752 2345 libras
1772 2323 1801 2345 et
1818 2316 1903 2345 XVII
1923 2316 2040 2345 solidos
2056 2326 2124 2345 cum
2143 2315 2285 2350 dimidio,
2303 2325 2361 2354 pro

1453 2366 1565 2405 quibus
1589 2366 1702 2395 refudit
1724 2366 1812 2395 vadia
1833 2365 2006 2394 immediate
2031 2375 2090 2404 que
2114 2364 2232 2403 recepit
2254 2374 2271 2392 a
2290 2363 2361 2403 qui-

1452 2416 1581 2444 busdam
1606 2415 1882 2444 determinantibus
1907 2421 1936 2444 et
1961 2413 2134 2443 bacalariis
2163 2413 2203 2442 Et
2229 2412 2286 2441 hoc
2314 2419 2361 2442 est

1453 2465 1562 2494 sactum
1601 2470 1631 2493 et
1664 2464 1874 2493 confirmatum
1908 2463 1958 2492 die
1991 2461 2157 2492 mercuriis
2189 2462 2220 2490 in
2253 2461 2360 2501 vigilia

1451 2513 1655 2543 Ascensionis
1693 2513 1818 2542 Domini
1852 2513 1923 2542 anni
1956 2519 2013 2541 etc.
2047 2511 2131 2547 XLI,
2163 2511 2360 2550 presentibus

1452 2562 1609 2602 magistris
1629 2562 1768 2591 Johanne
1791 2563 1829 2591 de
1850 2562 1998 2601 Kynnard
2018 2561 2125 2595 Scoto,
2143 2566 2357 2599 procuratore,

1453 2611 1560 2641 Ulrico
1595 2613 1632 2640 de
1669 2611 1810 2651 Augusta
1842 2617 2018 2650 receptore,
2052 2609 2200 2649 magistro
2235 2608 2359 2638 Sunone

1454 2661 1559 2690 Karoli
1575 2661 1612 2690 de
1632 2661 1751 2695 Suecia,
1770 2667 1799 2690 et
1816 2660 1946 2689 bedellis
1963 2659 2108 2689 Cunrado
2123 2665 2153 2687 et
2171 2657 2316 2697 Gilkyno.

1494 2709 1568 2749 (Fol.
1598 2712 1632 2739 41
1650 2709 1673 2749 b)
1699 2710 1834 2749 Recepta
1864 2708 2003 2748 magistri
2026 2707 2124 2737 Ulrici
2151 2707 2188 2736 de
2218 2706 2360 2746 Augusta

1453 2766 1591 2798 tempore
1604 2759 1792 2798 receptionis
1810 2769 1874 2788 sue.

1483 2854 1506 2912 εδ).
1540 2854 1763 2919 Ztilti‘glieqtcuntttt·
1776 2895 1854 2918 usque
1866 2886 1901 2909 ad
1914 2887 2033 2917 Recepta,
2047 2886 2072 2909 in
2086 2894 2131 2908 ms.
2142 2887 2201 2908 sunt
2211 2884 2307 2908 deleta,

1484 2925 1504 2948 7.
1541 2926 1558 2947 Ι.
1575 2932 1596 2947 e.
1609 2931 1677 2946 anno
1691 2923 1760 2946 1339.

1483 2961 1506 2983 8.
1542 2961 1570 2983 16
1582 2959 1655 2983 Maii.
