2632 3464
450 430 501 455 415

451 505 650 533 deliberatum
671 503 725 532 fuit
736 502 819 541 quod
834 500 964 540 quilibet
979 500 1105 529 haberet
1121 509 1210 528 unam
1229 498 1356 532 scolam,

453 553 645 582 manentibus
674 558 740 580 actu
774 550 955 589 regentibus
985 549 1016 578 in
1055 548 1148 577 scolis
1186 556 1263 586 quas
1294 545 1357 586 jam

452 603 610 631 haberent.
643 599 835 639 Supplicavit
855 605 955 627 tamen
985 597 1132 637 magister
1158 595 1291 624 Thomas
1320 596 1358 624 de

453 651 560 684 Clivis,
579 650 661 689 quod
676 650 706 678 in
722 659 794 677 casu
805 671 811 682 ,
824 658 885 687 quo
899 648 966 686 ipse
977 647 1103 675 haberet
1113 645 1219 684 plures
1235 643 1358 673 audien-

452 706 498 728 tes
515 709 604 738 quam
620 698 767 737 magister
779 696 967 726 Wilhelmus
982 695 1176 733 Wadenoye,
1189 694 1272 732 quod
1286 699 1358 722 tunc

453 749 520 788 ipse
539 747 684 787 magister
701 746 889 775 Wilhelmus
902 750 1091 784 permutaret
1106 742 1217 776 scolas,
1241 742 1272 770 in
1288 742 1358 781 qui-

453 798 510 826 bus
529 797 645 836 legerat
664 795 810 834 magister
830 793 998 823 Marcilius.
1019 793 1078 821 Sed
1099 792 1136 820 de
1157 791 1214 820 ista
1238 790 1359 830 suppli-

453 846 577 875 cacione
592 844 687 873 nichil
703 850 768 873 erat
780 843 955 872 discussum
969 851 1025 881 per
1040 840 1211 875 necionem,
1231 841 1286 868 sed
1298 839 1358 879 ipsi

454 895 586 923 Thomas
606 900 636 922 et
654 892 840 922 VVilhelmus
856 890 988 930 predicti
1006 889 1217 929 promiserunt
1232 899 1264 917 se
1280 890 1358 917 bene

454 944 484 972 in
507 943 564 972 hoc
591 953 662 971 casu
684 941 885 970 amicabiliter
907 940 1160 968 concordaturos.
1190 938 1264 967 Item
1287 937 1359 976 quia

453 992 600 1030 magister
622 991 776 1019 Jordanus
803 990 840 1018 de
869 988 966 1018 Clivis
996 994 1127 1027 propter
1153 986 1358 1015 infirmitatem

454 1051 537 1070 suam
570 1050 630 1068 non
660 1040 756 1068 fuerat
785 1047 932 1077 presens,
962 1036 1148 1076 supplicavit
1174 1046 1231 1075 pro
1264 1046 1299 1064 eo
1330 1041 1360 1064 et

453 1090 574 1118 nomine
589 1089 687 1127 ipsius
702 1087 829 1117 Jordani
843 1086 991 1126 magister
1003 1085 1156 1114 Henricus
1175 1086 1212 1114 de
1229 1084 1356 1119 Thenis,

453 1139 534 1177 quod
551 1138 633 1166 scole
653 1137 751 1176 ipsius
767 1135 895 1165 Jordani
916 1135 977 1174 ipsi
995 1135 1131 1163 Jordano
1152 1139 1357 1168 remanerent,

452 1188 533 1226 quod
559 1187 614 1215 fuit
643 1195 835 1215 concessum.
863 1185 926 1213 Sed
953 1189 1018 1212 erat
1042 1183 1183 1212 condicio
1205 1182 1357 1222 apposita,

450 1235 592 1264 videlicet
612 1236 692 1274 quod
709 1234 735 1263 si
752 1234 820 1273 ipse
836 1234 990 1262 Jordanus
1008 1238 1138 1271 propter
1154 1232 1358 1261 infirmitatem

450 1295 511 1313 non
534 1291 640 1323 posset
663 1293 772 1323 regere
798 1283 847 1312 vel
869 1282 928 1311 alia
947 1292 1039 1310 causa
1058 1281 1256 1320 impediente,
1276 1281 1360 1319 quod

449 1340 522 1362 tunc
547 1333 705 1362 ordinacio
729 1338 758 1361 et
784 1330 955 1371 disposicio
980 1331 1018 1359 de
1040 1330 1104 1359 illis
1127 1330 1221 1359 scolis
1238 1328 1359 1358 nacioni

449 1388 671 1416 reservaretur,
700 1381 779 1410 sicut
808 1381 846 1409 de
871 1381 949 1409 facto
975 1380 1043 1418 ipsa
1060 1379 1148 1408 nacio
1171 1380 1228 1408 sub
1251 1378 1360 1407 condi-

450 1431 537 1460 cione
556 1431 695 1470 predicta
709 1430 769 1459 sibi
785 1429 967 1458 reservavit.
982 1429 1056 1457 Item
1067 1428 1210 1467 apposita
1225 1434 1272 1456 est
1289 1437 1360 1456 con·

448 1480 529 1508 dicio
543 1490 598 1518 per
610 1479 793 1508 concordem
802 1478 1059 1507 deliberacionem
1069 1477 1152 1506 nullo
1162 1477 1358 1510 reclamante,

449 1530 530 1568 quod
547 1529 608 1568 ipsi
627 1534 771 1567 regentes
791 1537 844 1556 seu
864 1527 920 1561 illi,
936 1526 1048 1566 quibus
1062 1527 1217 1565 assignate
1238 1526 1360 1555 suerunt

449 1578 543 1612 scole,
563 1587 627 1605 non
645 1578 795 1606 deberent
809 1576 942 1615 allegare
952 1574 1004 1614 jus
1021 1575 1187 1614 inquilinii,
1207 1574 1285 1603 etin
1301 1574 1359 1603 hoc

447 1632 674 1656 consenserunt
691 1631 866 1665 presentes,
883 1625 996 1664 quibus
1012 1625 1092 1653 dicte
1114 1623 1197 1653 scole
1215 1623 1358 1663 assigna-

446 1677 567 1704 bantur.
597 1675 636 1704 Et
656 1675 696 1703 ita
720 1675 831 1703 tradite
855 1675 977 1703 fuerunt
999 1674 1044 1702 eis
1064 1674 1158 1708 scole,
1181 1673 1260 1702 sicut
1277 1683 1357 1702 anno

449 1725 586 1763 proxime
605 1724 756 1763 preterito
783 1723 902 1752 fuerant
923 1729 995 1752 tunc
1028 1722 1209 1762 regentibus
1239 1728 1269 1751 et
1287 1731 1356 1751 rec-

447 1773 591 1811 tor[ibus]
609 1772 775 1812 assignate.
800 1771 1019 1811 Supplicantes
1036 1781 1092 1810 pro
1118 1771 1212 1800 scolis
1235 1772 1357 1800 suerunt

448 1821 586 1861 magistri
611 1821 743 1850 Thomas
770 1822 807 1849 de
833 1821 942 1855 Clivis,
967 1820 1148 1849 Gerhardus
1171 1821 1208 1849 de
1229 1820 1354 1854 Kalker,

447 1871 633 1900 VVilhelmus
650 1870 854 1904 Wadenowe,
881 1875 910 1898 et
931 1869 1089 1898 Johannes
1107 1870 1145 1898 de
1164 1869 1309 1903 Saxonia,
1326 1875 1356 1898 et

448 1920 595 1959 magister
608 1919 761 1948 Henricus
775 1920 812 1947 de
828 1918 944 1947 Thenis
955 1918 1022 1947 vice
1032 1924 1062 1947 et
1075 1918 1197 1947 nomine
1213 1918 1353 1958 magistri

448 1968 586 2002 Jordani,
604 1975 636 1997 ut
649 1968 820 2007 predictum
836 1974 893 1996 est.

488 2017 561 2046 Item
575 2017 690 2046 mensis
707 2016 899 2056 Septembris
916 2016 965 2045 die
978 2015 1061 2045 XXI²
1075 2016 1151 2045 facta
1162 2022 1210 2045 est
1226 2026 1352 2056 congre-

448 2066 535 2105 gacio
556 2066 695 2094 nacionis
722 2066 759 2094 ad
779 2066 922 2094 Sanctum
941 2065 1127 2094 Maturinum
1149 2065 1224 2094 hora
1241 2075 1354 2104 vespe-

448 2125 549 2144 rarum
564 2116 601 2143 ad
618 2115 791 2153 eligendum
807 2121 1010 2153 receptorem,
1028 2114 1080 2153 qui
1096 2115 1263 2143 secundum
1278 2124 1354 2143 con-

448 2164 638 2193 suetudinem
654 2163 792 2192 nacionis
811 2163 883 2202 eligi
902 2163 980 2191 solet
999 2162 1051 2191 illo
1070 2163 1130 2192 die.
1149 2163 1352 2192 Continuatus

449 2219 495 2241 est
526 2213 556 2240 in
586 2219 775 2251 receptorem
800 2212 938 2241 nacionis
966 2212 1112 2251 magister
1137 2211 1291 2241 Henricus
1316 2213 1353 2241 de

447 2261 561 2290 Thenis
575 2271 631 2300 per
644 2261 828 2290 voluntatem
844 2267 874 2289 et
896 2271 1079 2289 consensum
1099 2261 1234 2290 omnium
1254 2261 1350 2300 magi-

449 2317 593 2339 strorum.

488 2359 560 2387 Item
582 2359 727 2398 magister
740 2358 898 2387 Marcilius
915 2359 951 2387 de
969 2358 1097 2397 lnghen,
1114 2359 1183 2398 quia
1202 2369 1301 2398 nuper
1322 2359 1352 2388 in

449 2407 657 2446 disposicione
679 2407 830 2436 scolarum
847 2417 908 2435 non
932 2407 987 2436 suit
1007 2417 1148 2445 presens,
1166 2407 1353 2446 supplicavit

449 2456 569 2485 nacioni
602 2462 750 2495 quatenus
779 2456 994 2494 provideretur
1018 2456 1076 2484 sibi
1103 2457 1139 2485 de
1163 2457 1267 2491 scolis,
1283 2457 1353 2495 quia

450 2506 622 2534 intenderet
648 2515 755 2544 regere
782 2511 811 2533 et
843 2504 1021 2533 continuare
1058 2505 1231 2544 regenciam
1259 2505 1352 2534 eciam

450 2555 534 2593 ipse;
555 2554 717 2593 proposuit
732 2554 813 2592 quod
830 2553 885 2582 suit
900 2553 931 2581 in
944 2554 1144 2592 possessione
1163 2556 1352 2592 quarundam

450 2602 617 2637 scolarum,-
628 2602 658 2630 in
671 2603 782 2641 quibus
796 2602 903 2640 hyeme
914 2602 1053 2640 proximo
1063 2602 1210 2641 preterita
1221 2610 1350 2632 rexerat.

451 2651 490 2679 Et
502 2651 545 2679 sic
564 2651 748 2689 significavit
761 2650 806 2679 eis
823 2651 995 2690 regenciam
1013 2651 1152 2679 futuram.

493 2700 565 2728 Item
587 2700 786 2728 deliberatum
813 2700 868 2728 fuit
892 2700 974 2738 quod
998 2706 1141 2739 receptor
1159 2700 1352 2730 continuatus

450 2749 536 2776 daret
559 2749 692 2777 francum
718 2749 754 2776 ad
783 2749 961 2787 potandum.
985 2748 1058 2777 Item
1084 2748 1277 2787 propositum
1298 2750 1352 2778 fuit

450 2798 532 2835 quod
557 2797 670 2825 xxlll=
686 2798 733 2825 die
759 2797 873 2826 mensis
892 2797 981 2826 istius
997 2803 1080 2826 esset
1099 2797 1260 2836 eligendus
1278 2809 1353 2837 pro-

451 2852 573 2874 curator
588 2845 745 2880 nacionis;
775 2852 803 2875 et
831 2845 901 2884 quia
919 2856 997 2874 unus
1017 2846 1138 2874 francus
1159 2847 1277 2875 dandus
1296 2858 1353 2886 per

482 2942 504 2964 1.
538 2943 557 2964 I.
572 2950 592 2964 e.
608 2942 707 2965 Gouda.

998 423 1219 450 AUCTARIUM
1241 420 1499 448 CHARTULARII
1519 421 1693 448 UNIVERS.
1716 422 1832 450 PARIS.

1396 940 1430 966 10

1397 1184 1430 1210 15

1398 1430 1431 1455 20

1395 1676 1428 1702 25

1392 1921 1426 1947 30

1391 2168 1425 2193 35

1391 2407 1424 2433 40

1391 2652 1424 2677 45

2319 425 2371 452 416

1466 503 1658 536 receptorem
1682 499 1834 528 modicum
1857 499 2010 530 sufficeret
2029 500 2110 530 inter
2130 507 2243 537 tantos,
2257 503 2369 532 bonum

1467 552 1550 575 esset
1572 547 1655 586 quod
1680 547 1842 587 eligendus
1865 549 1910 578 sic
1928 549 1959 578 in
1981 556 2213 589 procuratorem
2233 551 2320 580 daret
2341 557 2371 581 et

1467 594 1602 624 solveret
1619 594 1680 635 jam
1707 606 1801 626 unum
1826 598 1973 633 francum,
1997 599 2162 629 dummodo
2188 606 2271 629 esset
2300 600 2370 630 talis

1467 643 1520 682 qui
1540 643 1661 674 solvere
1677 651 1834 675 teneretur
1846 647 1884 676 de
1896 647 1996 686 prima
2013 648 2235 687 procuracione
2251 658 2316 678 sua.
2333 648 2372 679 Et

1466 692 1623 722 inventum
1639 700 1686 723 est
1705 695 1787 733 quod
1806 695 1954 735 magister
1966 696 2098 728 Thomas
2111 698 2150 726 de
2165 697 2264 727 Clivis
2280 697 2372 738 eligi-

1467 741 1540 770 bilis
1555 748 1639 771 esset
1657 742 1688 771 in
1705 750 1936 783 procuratorem
1950 745 2000 775 die
2017 746 2167 785 predicta.
2186 746 2225 776 Et
2242 747 2320 776 dixit
2337 757 2371 776 se

1466 789 1599 819 libenter
1617 791 1696 821 velle
1719 793 1859 832 accipere
1880 793 1911 822 in
1934 804 1967 823 se
1986 804 2065 824 onus
2084 795 2318 834 procuracionis
2340 796 2372 825 in

1465 839 1608 878 proxima
1633 840 1793 871 electione.
1824 842 1863 871 Et
1882 842 1926 872 sic
1954 843 2096 873 similiter
2118 844 2210 874 solvit
2235 845 2372 874 francum

1466 888 1685 926 depotandum.
1720 890 1793 919 Item
1825 890 1941 930 placuit
1963 893 2084 922 nacioni
2112 894 2195 932 quod
2225 893 2373 933 magister

1467 936 1633 967 Nicholaus
1652 939 1689 967 de
1709 938 1861 975 Goulda⁴,
1878 940 1931 980 qui
1953 951 2015 970 non
2037 942 2135 971 fuerat
2151 942 2239 982 prius
2256 952 2372 982 procu-

1467 992 1561 1021 rator,
1583 986 1718 1017 solveret
1738 998 1831 1018 unum
1857 989 2004 1025 francum,
2023 990 2076 1029 qui
2099 990 2302 1021 defalcandus.
2313 992 2373 1021 erit

1467 1033 1499 1062 in
1515 1035 1737 1074 procuracione
1753 1047 1808 1066 sua
1818 1039 1857 1067 ad
1872 1048 1962 1078 quam
1978 1039 2069 1068 fuerit
2083 1047 2271 1080 assumptus.
2282 1041 2322 1070 Et
2332 1041 2372 1070 ita

1467 1083 1694 1114 deliberacione
1717 1086 1877 1124 prehabita
1898 1087 2088 1118 intraverunt
2111 1089 2251 1129 magistri
2272 1090 2371 1119 taber-

1467 1142 1536 1160 nam
1548 1134 1590 1161 ad
1604 1136 1753 1163 mallietos
1768 1145 1835 1164 cum
1853 1136 1922 1166 istis
1932 1137 2031 1166 tribus
2050 1138 2173 1173 francis,
2187 1148 2265 1178 quos
2282 1138 2372 1168 debi-

1467 1182 1579 1211 herunt
1596 1192 1664 1211 cum
1682 1183 1740 1212 XII
1753 1184 1873 1220 solidis,
1891 1195 1970 1224 quos
1987 1186 2044 1215 XII
2068 1186 2186 1216 solidos
2203 1188 2371 1217 secundum

1467 1235 1537 1259 vota
1552 1237 1582 1260 et
1596 1231 1854 1262 deliberacionem
1869 1234 2098 1274 magistrorum,
2108 1245 2238 1275 quorum
2251 1236 2374 1266 fuerunt

1468 1278 1511 1307 ibi
1525 1279 1581 1309 XX
1595 1287 1769 1319 presentes,
1786 1282 1879 1312 solvit
1895 1283 2038 1313 dominus
2055 1290 2199 1324 receptor
2213 1285 2372 1324 predictus

1468 1328 1591 1358 nomine
1603 1330 1743 1360 nacionis
1754 1341 1913 1371 exponens
1926 1332 2013 1372 ipsos
2026 1342 2084 1372 pro
2093 1343 2127 1362 ea
2135 1335 2370 1373 computandos.

1874 1426 1891 1453 1
1896 1424 1970 1455 372

1469 1493 1541 1534 (Fal.
1570 1494 1618 1535 32)
1654 1487 1746 1525 Acta
1782 1503 1868 1526 sunt
1901 1497 1966 1526 hec
1997 1503 2161 1538 tempore
2194 1508 2371 1538 procura-

1669 1544 1795 1575 cionis
1829 1546 2002 1586 magistri
2035 1546 2168 1577 Thome

1816 1595 1857 1624 de
1889 1595 2023 1625 Clivis.

1504 1672 1595 1702 Anno
1607 1673 1732 1703 Domini
1741 1673 1786 1702 Μο
1799 1673 1893 1704 CCC⁰
1904 1675 2039 1710 LXX11⁰‚
2050 1676 2166 1705 mensis
2176 1676 2370 1716 Septembris

1465 1721 1515 1750 die
1527 1722 1656 1757 XX111·‚
1679 1723 1756 1752 facta
1773 1724 2018 1763 congregacione
2035 1725 2174 1754 nacionis
2197 1725 2370 1765 Anglicane

1465 1770 1495 1799 in
1509 1770 1621 1801 Sancto
1635 1771 1650 1800 J
1655 1771 1757 1801 uliano
1774 1773 1813 1801 ad
1824 1773 1998 1812 eligendum
2013 1780 2256 1812 procuratorem,
2276 1774 2369 1815 elige-

1465 1820 1553 1848 batur
1568 1820 1714 1860 magister
1734 1820 1867 1850 Thomas
1883 1822 1920 1850 de
1936 1821 2044 1851 clivis.

1504 1868 1650 1908 Ejusdem
1657 1870 1772 1899 mensis
1782 1870 1968 1900 XXIIII-die
1975 1872 2055 1910 apud
2065 1871 2208 1901 Sanctum
2215 1871 2368 1902 sulianum

1463 1925 1650 1958 congregata
1673 1919 1802 1948 nacione
1828 1919 1904 1948 hora
1924 1920 2092 1959 primarum
2115 1921 2153 1949 ad
2173 1922 2368 1951 concordan-

1463 1968 1533 2003 dum
1553 1967 1732 2007 magistrum
1750 1967 1950 1998 Wilhelmum
1964 1969 2130 2008 Wadenoy
2143 1976 2173 1999 et
2187 1970 2368 2009 magistrum

1462 2015 1609 2045 Thomam
1620 2017 1657 2045 de
1669 2017 1767 2046 Clivis
1779 2026 1874 2057 super
1882 2018 2010 2047 duarum
2019 2018 2172 2047 scolarum
2182 2019 2366 2058 particione,

1463 2071 1492 2094 et
1509 2065 1669 2104 utriusque
1685 2066 1807 2095 motivis
1825 2076 1882 2106 per
1893 2077 1926 2096 se
1944 2067 2076 2096 narratis
2092 2073 2122 2096 et
2139 2068 2273 2103 attentis,
2288 2068 2367 2097 deli-

1462 2115 1588 2143 berabat
1603 2114 1691 2144 nacio
1706 2116 1788 2154 quod
1799 2115 1940 2155 proxima
1950 2115 2104 2145 dominica
2113 2117 2210 2152 fieret,
2220 2116 2283 2156 jam
2295 2123 2368 2157 post

1463 2173 1646 2198 sermonem,
1666 2165 1747 2203 apud
1765 2164 1908 2193 Sanctum
1921 2165 2108 2194 Maturinum
2128 2165 2276 2195 solemnis
2291 2175 2367 2195 con-

1463 2212 1607 2252 gregacio
1626 2212 1764 2242 nacionis
1780 2223 1835 2252 per
1845 2212 2051 2253 juramentum
2066 2215 2104 2243 ad
2119 2215 2366 2244 concordandum

1463 2262 1619 2300 predictos
1645 2262 1810 2301 magistros
1833 2269 1862 2291 et
1885 2262 1976 2302 plene
1994 2263 2074 2292 inter
2095 2273 2148 2292 eos
2163 2264 2365 2293 ordinandum

1463 2320 1557 2349 super
1576 2310 1638 2339 illis
1658 2311 1763 2345 scolis,
1789 2317 1818 2340 et
1839 2312 1921 2350 quod
1944 2312 2082 2341 neutrius
2105 2312 2202 2351 partis
2225 2313 2366 2342 obstante

1462 2359 1682 2388 reclamacione
1695 2359 1743 2388 vel
1756 2360 1967 2399 appellacione
1982 2361 2019 2389 ab
2033 2360 2084 2390 illa
2098 2360 2277 2390 solemniter
2289 2371 2366 2390 con-

1461 2414 1567 2437 vocate
1591 2408 1729 2437 nacionis
1753 2409 1909 2438 sentencia
1934 2409 1981 2438 vel
2009 2410 2108 2448 partis
2132 2409 2269 2448 majoris,
2302 2416 2366 2439 tota

1462 2457 1549 2485 nacio
1568 2467 1652 2486 suam
1667 2464 1870 2496 exequeretur
1881 2458 2067 2487 sentenciam
2081 2468 2149 2487 cum
2163 2458 2282 2493 effectu,
2302 2469 2364 2488 non

1462 2506 1627 2534 deferendo
1647 2505 1825 2546 cujusquam
1841 2517 1945 2536 eorum
1962 2506 2176 2546 appellacioni‚
2193 2517 2259 2536 cum
2277 2508 2364 2537 nacio

1462 2556 1499 2583 de
1527 2555 1591 2583 suis
1613 2555 1708 2584 scolis
1734 2556 1855 2595 plenam
1878 2562 1908 2584 et
1928 2555 2056 2585 liberam
2083 2555 2174 2585 habet
2198 2561 2228 2584 et
2251 2556 2364 2585 habere

1462 2605 1553 2632 debet
1567 2604 1819 2643 disposicionem.

1503 2653 1542 2682 Et
1568 2663 1601 2681 ea
1635 2653 1788 2682 dominica
1799 2652 1811 2671 ²
1838 2653 1914 2682 sacta
1942 2653 1988 2682 sic
2019 2653 2276 2693 congregacione,
2301 2653 2364 2693 jam

1462 2707 1533 2739 post
1552 2711 1736 2735 sermonem,
1760 2701 1792 2730 in
1806 2701 1918 2731 Sancto
1937 2701 2102 2737 Maturino,
2122 2702 2259 2732 decrevit
2275 2702 2364 2731 nacio

1462 2751 1543 2789 quod
1570 2750 1681 2784 neutri,
1704 2750 1822 2779 scilicet
1845 2760 1900 2779 nec
1929 2750 2078 2790 magistro
2105 2750 2274 2780 Wilhelmo
2307 2761 2363 2780 nec

1461 2799 1609 2838 magistro
1630 2799 1757 2834 Thome,
1778 2805 1865 2828 erant
1880 2799 1963 2828 scole
1983 2798 2113 2838 majores
2135 2800 2288 2839 deputate,
2308 2801 2363 2829 sed

1460 2848 1582 2887 utrique
1609 2847 1705 2887 major
1735 2848 1782 2877 vel
1818 2848 1958 2883 brevior,
1991 2854 2020 2877 et
2043 2848 2174 2887 particio
2200 2849 2363 2878 commissa

1491 2944 1515 2967 2.
1548 2945 1578 2967 26
1590 2946 1686 2975 Septem
1690 2944 1749 2967 bria.
