2632 3464
407 422 455 446 171

811 494 910 524 1354

674 556 902 597 [Eglinghus
935 556 1042 593 Bos.]

445 634 520 664 Item
540 635 617 663 facta
638 632 884 673 congregacione
904 631 1044 661 nacionis
1060 630 1141 670 apud
1164 629 1309 659 Sanctum

403 683 557 713 Julianum
577 693 672 723 super
690 682 845 711 eleccione
865 679 1078 721 procuratoris
1100 679 1239 708 facienda
1260 676 1310 706 die

405 733 455 762 10·
484 733 600 762 mensis
631 731 752 766 Marcii,
785 731 900 760 electus
935 730 990 759 fuit
1016 729 1047 758 in
1077 733 1310 767 procuratorem

403 782 543 811 nacionis
565 788 595 811 et
611 781 807 810 continuatus
824 780 1022 810 concorditer
1038 777 1187 817 magister
1201 776 1312 816 Eglin-

403 831 484 871 ghus
509 831 573 860 Bos
598 832 635 860 de
655 829 853 864 Brunswich‚
877 827 964 868 cujus
986 825 1221 867 procuracionis
1246 830 1312 854 acta

404 888 476 910 sunt
489 891 548 920 que
564 886 748 919 sequuntur.

444 929 549 958 Primo
565 929 745 958 licenciatus
761 928 816 957 fuit
832 926 976 956 dominus
991 925 1137 955 Nicolaus
1155 923 1311 953 Hemmin-

403 979 456 1019 ghi
486 980 523 1008 de
552 979 661 1013 Dacia,
690 977 867 1007 Lundensis
894 975 1054 1015 dyocesis,
1080 975 1137 1003 sub
1161 973 1310 1012 magistro

403 1027 538 1062 Berone,
553 1027 640 1067 cujus
653 1028 747 1056 bursa
760 1028 778 1056 5
792 1026 895 1055 solidi.

443 1077 519 1106 Item
539 1077 655 1116 incepit
671 1076 814 1105 dominus
831 1075 988 1105 Johannes
1003 1074 1042 1102 de
1060 1071 1228 1102 Kalchofen
1252 1071 1310 1100 sub

402 1126 552 1166 magistro
570 1126 748 1155 Hermanno
763 1126 801 1154 de
817 1123 944 1159 Rotwil,
962 1122 1049 1163 cujus
1066 1123 1160 1151 bursa
1173 1122 1191 1150 5
1206 1119 1311 1149 solidi.

404 1175 560 1205 Satisfecit
572 1182 605 1204 ut
621 1174 804 1214 predicitur.

444 1225 518 1254 Item
536 1224 716 1254 licenciatus
732 1223 788 1253 fuit
809 1223 952 1252 dominus
971 1222 1153 1251 Lambertus
1171 1220 1209 1249 de
1228 1219 1312 1248 Dor-

403 1275 496 1303 draco
510 1274 567 1303 sub
585 1274 734 1313 magistro
747 1273 761 1302 J
766 1272 886 1302 ohanne
897 1272 934 1300 de
953 1270 1101 1305 Lovanio,
1115 1268 1202 1308 cujus
1215 1270 1310 1297 bursa

402 1324 421 1351 6
440 1323 543 1352 solidi.

445 1373 519 1402 Item
537 1372 716 1401 licenciatus
735 1371 793 1401 suit
812 1371 956 1400 dominus
973 1369 1130 1399 Johannes
1146 1368 1183 1397 de
1201 1366 1310 1396 Xantis

403 1422 461 1451 sub
477 1422 626 1461 magistro
644 1421 784 1450 Johanne
801 1421 839 1449 de
854 1419 1004 1454 Wesulia,
1022 1417 1109 1457 cujus
1127 1418 1221 1447 bursa
1237 1416 1264 1445 V
1281 1426 1307 1445 s.

444 1471 520 1500 Item
533 1470 712 1500 licenciatus
724 1470 779 1500 fuit
792 1470 935 1499 dominus
948 1469 1143 1497 Hermannus
1155 1467 1192 1495 de
1205 1465 1311 1495 Monte

405 1519 487 1549 Solis
501 1521 558 1549 sub
574 1520 723 1559 magistro
733 1519 893 1553 Wiskino‚
909 1516 996 1558 cujus
1012 1517 1105 1546 bursa
1121 1517 1138 1545 5
1154 1515 1258 1545 solidi.

445 1570 519 1598 Item
549 1569 728 1598 licenciatus
758 1568 814 1597 fuit
849 1567 992 1596 dominus
1029 1566 1102 1595 Otto
1136 1565 1219 1594 Punt
1254 1564 1312 1593 sub

403 1619 552 1657 magistro
563 1618 719 1647 Themone
735 1618 836 1652 Judei,
853 1616 941 1656 cujus
958 1617 1053 1645 bursa
1070 1617 1087 1645 5
1105 1614 1209 1644 solidi.

445 1668 519 1697 Item
542 1668 657 1706 incepit
679 1667 821 1696 dominus
839 1667 1034 1695 Hermannus
1054 1665 1091 1693 de
1107 1664 1212 1693 Monte
1230 1662 1312 1692 Solis

404 1718 461 1746 sub
477 1717 626 1757 magistro
642 1716 771 1745 Alberto
787 1717 824 1745 de
843 1715 987 1749 Saxonia,
1002 1713 1089 1753 cujus
1106 1714 1200 1742 bursa
1216 1714 1233 1741 5
1251 1711 1310 1741 sol.

445 1767 519 1796 Item
538 1766 716 1795 licenciatus
735 1766 790 1794 fuit
807 1765 950 1794 dominus
967 1763 1124 1793 Johannes
1145 1762 1233 1801 Wyk
1254 1762 1311 1790 sub

404 1816 552 1855 magistro
568 1815 696 1844 Alberto
710 1815 747 1843 de
767 1814 911 1849 Saxonia,
926 1812 1013 1853 cujus
1027 1814 1120 1842 bursa
1136 1813 1153 1841 5
1168 1812 1270 1841 solidi.

446 1866 520 1894 Item
554 1865 696 1894 dominus
732 1864 866 1892 Thomas
905 1862 1030 1892 Kolarst
1067 1863 1125 1891 sub
1162 1861 1311 1901 magistro

404 1914 560 1944 Themone
575 1914 676 1949 Judei,
693 1912 780 1953 cujus
798 1914 893 1942 bursa
906 1914 923 1941 5
940 1911 1047 1941 solidi.

446 1965 520 1993 Item
555 1964 698 1992 dominus
740 1962 897 1992 Arnoldus
937 1961 1013 1991 Coei
1061 1961 1118 1990 sub
1163 1960 1312 1999 magistro

403 2013 542 2042 Johanne
555 2014 593 2042 de
606 2012 756 2046 Wesalia‚
775 2011 862 2051 cujus
879 2012 972 2040 bursa
988 2012 1005 2039 5
1025 2010 1128 2039 solidi.

445 2063 519 2091 Item
549 2062 692 2091 dominus
723 2061 870 2090 Hinricus
899 2061 936 2089 de
970 2059 1200 2089 Almenkerken
1215 2057 1222 2076 ⁴
1255 2058 1313 2087 sub

404 2113 553 2151 magistro
566 2111 695 2141 Alberto
711 2112 748 2140 de
768 2110 912 2144 Saxonia,
930 2108 1017 2149 cujus
1033 2109 1128 2138 bursa
1143 2107 1250 2137 nichil.

446 2162 520 2190 Item
541 2161 684 2190 dominus
701 2160 857 2189 Johannes
874 2158 1035 2189 Wilhelmi
1049 2157 1061 2176 ²
1083 2158 1140 2187 sub
1163 2157 1312 2197 magistro

403 2211 542 2240 Johanne
558 2211 595 2239 de
611 2210 761 2245 VVesalia,
780 2208 867 2248 cujus
881 2210 975 2237 bursa
988 2209 1005 2237 5
1022 2207 1127 2236 solidi.

830 2303 928 2331 1354

530 2376 760 2405 Hermannus
792 2376 833 2404 de
862 2375 984 2404 Monte
1017 2374 1117 2404 Solis
1147 2375 1190 2403 de

728 2424 987 2453 Bruneswich.

445 2506 535 2535 Anno
550 2505 674 2534 Domini
686 2504 969 2539 M⁰.CCC⁰.LIIII⁰,
986 2504 1035 2533 die
1054 2504 1185 2543 septima
1198 2505 1313 2534 mensis

404 2555 534 2594 Aprilis,
563 2556 637 2583 facta
658 2554 903 2594 congregacione
926 2553 1143 2593 magistrorum
1171 2554 1310 2583 nacionis

404 2604 594 2644 Anglicanae
610 2604 691 2643 apud
708 2603 851 2632 Sanctum
867 2602 1019 2632 Julianum
1036 2612 1203 2642 pauperem
1218 2613 1314 2642 super

404 2653 559 2682 eleccione
570 2652 783 2692 procuratoris
795 2652 943 2686 facienda,
957 2651 1072 2680 electus
1085 2652 1140 2680 suit
1151 2653 1312 2681 concordi-

403 2709 451 2731 ter
463 2703 547 2732 nullo
559 2702 777 2742 magistrorum
788 2701 911 2741 penitus
923 2701 1152 2730 contradicente
1166 2701 1314 2740 magister

405 2751 601 2780 Hermannus
622 2752 659 2780 de
679 2751 784 2780 Monte
803 2750 886 2779 Solis
907 2750 972 2779 sive
992 2750 1029 2778 de
1053 2750 1311 2790 Sunnenberghe,

404 2802 488 2840 quod
512 2801 593 2829 idem
619 2806 680 2835 est,
711 2801 748 2829 de
781 2800 903 2829 civitate
938 2798 1142 2835 Brnfiswich,
1179 2799 1311 2829 clericus

435 2876 456 2899 1.
492 2876 623 2907 Repelitur
634 2884 724 2899 nomen
736 2875 761 2899 in
775 2875 899 2908 margine.

435 2913 458 2935 2.
492 2913 519 2935 In
531 2911 646 2943 margine
659 2912 807 2943 Trajectum
821 2911 952 2943 superius.

436 2949 458 2971 3.
493 2949 522 2971 19
535 2947 638 2979 Aprilis.

948 416 1171 443 AUCTARIUM
1196 414 1455 442 CHARTULARII
1474 414 1649 441 UNIVERS.
1672 414 1794 441 PARIS.

1351 935 1384 960 10

1350 1181 1384 1207 15

1350 1427 1384 1453 20

1350 1673 1384 1699 25

1351 1920 1384 1946 30

1351 2166 1384 2191 35

1351 2411 1385 2438 40

1351 2657 1384 2683 45

2279 415 2339 441 172

1422 490 1691 520 Hildensemensis
1713 490 1860 525 diocesis,
1885 490 1916 519 in
1936 496 2171 530 procuratorem
2190 489 2336 520 nacionis

1422 538 1570 579 ejusdem.
1587 539 1621 569 In
1639 538 1725 579 cujus
1741 539 1957 578 procuratoria
1971 539 2049 568 facta
2064 539 2188 569 fuerunt
2203 538 2260 569 hec
2271 549 2337 580 que

1422 594 1606 628 sequuntur.

1462 637 1581 673 Primo,
1609 637 1659 666 die
1687 635 1808 667 sabati³
1832 637 1973 677 proxima
1997 643 2071 676 post
2085 637 2196 666 festum
2211 636 2337 667 Pasche

1422 686 1500 715 facta
1520 686 1767 726 congregacione
1790 686 1925 716 omnium
1950 685 2170 726 magistrorum
2191 686 2337 716 nacionis

1421 735 1611 775 Anglicanae
1646 736 1728 775 apud
1764 735 1909 765 Sanctum
1944 735 2111 771 Julianum,
2146 734 2334 775 supplicavit

1421 783 1572 824 magister
1589 783 1734 814 Galterus
1750 785 1788 814 de
1805 784 1999 820 Wardelaw,
2014 784 2099 823 quod
2114 784 2204 814 nacio
2219 794 2334 823 proro-

1422 839 1510 873 garet
1526 833 1651 862 domino
1663 832 1834 863 Wilhelmo
1845 834 1883 862 de
1895 833 2081 863 Cheshelme
2091 832 2103 851 ⁴
2115 833 2279 863 terminum
2294 833 2338 863 de

1422 882 1583 911 solucione
1598 883 1774 917 bursarum,
1789 892 1866 922 quas
1877 883 2005 912 deberet
2020 892 2078 922 pro
2092 882 2227 917 licentia,
2242 892 2332 922 quam

1422 931 1685 970 supplicacionem
1705 931 1861 960 concessit
1882 931 1943 960 sibi
1966 931 2067 967 nacio,
2093 930 2206 971 positis
2232 937 2333 960 tamen

1422 981 1504 1019 apud
1516 986 1708 1020 receptorem
1727 979 1867 1009 nacionis
1881 980 2069 1020 pignoribus
2085 980 2338 1020 competentibus

1422 1039 1479 1068 pro
1495 1029 1624 1064 eisdem,
1637 1029 1751 1068 quibus
1762 1029 1850 1058 nacio
1864 1029 1902 1058 de
1912 1029 2053 1069 predicta
2064 1030 2198 1069 pecunia
2209 1030 2339 1069 quando

1421 1078 1592 1118 indiguerit
1608 1084 1718 1118 posset
1734 1088 1768 1107 se
1782 1078 1915 1107 munire.

1462 1127 1538 1156 Item
1560 1127 1668 1156 eodem
1691 1127 1741 1156 die
1769 1127 1867 1156 sabati
1896 1126 1990 1157 solvit
2013 1127 2163 1167 magister
2187 1127 2269 1157 Bero
2294 1128 2338 1157 de

1423 1176 1544 1206 Swecia
1558 1186 1651 1206 unum
1665 1176 1815 1205 florenum
1829 1186 1887 1215 pro
1901 1176 2128 1215 procuratoris.

1462 1225 1538 1255 Item
1553 1225 1701 1265 magister
1716 1224 1875 1255 Johannes
1891 1225 1928 1254 de
1946 1224 2116 1254 Kalchofen
2134 1225 2226 1255 solvit
2239 1235 2337 1255 unum

1420 1275 1570 1304 florenum
1585 1284 1643 1314 pro
1659 1274 1814 1314 principio
1828 1274 2011 1313 magisterii.

1462 1324 1502 1354 Et
1518 1334 1576 1364 ego
1596 1323 1744 1363 magister
1763 1323 1960 1353 Her-mannus
1976 1324 2014 1352 de
2034 1323 2140 1353 Monte
2159 1323 2254 1359 Solis,
2275 1333 2340 1363 pro-

1420 1379 1493 1403 tunc
1505 1379 1689 1413 procurator
1708 1372 1860 1408 nacionis,
1881 1372 1959 1402 solvi
1977 1373 2055 1402 duos
2071 1372 2218 1408 florenos,
2239 1382 2334 1403 unum

1420 1432 1479 1462 pro
1491 1422 1648 1462 principio
1661 1421 1845 1462 magisterii,
1863 1421 2018 1461 reliquum
2027 1431 2103 1451 vero
2114 1431 2172 1461 pro
2185 1431 2333 1461 procura-

1420 1472 1510 1507 toria,
1526 1472 1563 1500 de
1582 1481 1643 1511 qua
1653 1471 1785 1511 pecunia
1798 1471 1926 1500 fecimus
1941 1480 2035 1500 unum
2051 1470 2215 1510 prandium
2233 1471 2340 1500 omni-

1420 1522 1478 1550 bus
1497 1521 1654 1561 magistris
1674 1520 1814 1550 nacionis
1830 1519 2013 1560 Anglicane,
2034 1526 2064 1549 et
2080 1526 2146 1549 erat
2158 1519 2336 1549 convivium

1421 1571 1459 1599 ad
1474 1570 1626 1610 palacium
1646 1571 1676 1598 in
1693 1569 1871 1599 Ter-minis?

1462 1620 1537 1648 Item
1563 1619 1749 1659 supplicavit
1775 1618 1923 1659 magister
1953 1618 2133 1657 [Johannes]
2165 1618 2204 1647 de
2234 1617 2341 1658 Aquis

1421 1679 1479 1708 pro
1497 1668 1656 1698 solucione
1675 1668 1767 1698 unius
1789 1668 1868 1697 libre
1889 1667 2087 1697 denariorum
2110 1666 2279 1707 parisiens.
2301 1667 2334 1696 in

1422 1728 1482 1758 qua
1504 1718 1592 1747 nacio
1610 1717 1670 1747 sibi
1692 1723 1824 1752 tenetur,
1845 1723 1875 1746 et
1895 1717 1950 1746 suit
1966 1716 2025 1745 sibi
2043 1726 2239 1751 concessum,
2260 1716 2333 1745 dum

1422 1774 1522 1797 tamen
1553 1767 1611 1796 alia
1636 1766 1668 1795 in
1696 1766 1809 1806 quibus
1840 1765 1928 1795 nacio
1953 1771 2087 1800 tenetur,
2113 1771 2218 1794 essent
2245 1765 2340 1804 prius-

1422 1816 1591 1856 persoluta.
1613 1815 1753 1845 Solutum
1773 1821 1821 1845 est
1837 1814 1897 1844 sibi
1915 1814 2063 1844 totaliter.

1464 1866 1537 1906 (Fol.
1583 1865 1630 1905 22)
1668 1865 1743 1894 Item
1784 1864 1900 1904 incepit
1931 1864 2075 1893 dominus
2112 1862 2262 1893 Hinricus
2294 1864 2333 1893 de

1424 1916 1562 1955 Kempen
1585 1915 1642 1944 sub
1666 1914 1816 1954 magistro
1838 1913 1978 1943 Johanne
2001 1913 2038 1942 de
2063 1912 2219 1948 Wesalia‚
2244 1911 2339 1952 cujus

1421 1965 1517 1994 bursa
1534 1964 1560 1993 V
1575 1963 1679 1993 solidi.

1463 2014 1538 2043 Item
1562 2013 1678 2052 inc'epit
1702 2012 1846 2041 dominus
1870 2011 2027 2041 Johannes
2055 2011 2093 2040 de
2125 2010 2248 2040 Zanctis
2275 2011 2340 2040 sub

1421 2063 1571 2103 magistro
1581 2062 1720 2092 Johanne
1734 2062 1771 2090 de
1784 2061 1935 2096 Wesalia‚
1951 2059 2037 2100 cujus
2050 2061 2143 2089 bursa
2154 2060 2291 2099 quinque
2305 2069 2331 2089 s.

1462 2112 1537 2142 Item
1567 2111 1683 2151 incepit
1713 2110 1858 2140 dominus
1884 2109 2044 2139 Arnoldus
2069 2109 2145 2138 Coci
2173 2110 2211 2138 de
2234 2108 2340 2138 clivis>

1422 2163 1479 2191 sub
1496 2161 1644 2201 magistro
1659 2160 1798 2190 Johanne
1812 2160 1850 2188 de
1862 2158 2013 2193 Wesalia,
2032 2157 2119 2197 cujus
2133 2159 2228 2187 bursa
2242 2158 2259 2187 5
2273 2157 2331 2187 sol.

1461 2211 1537 2240 Item
1560 2209 1676 2249 incepit
1695 2209 1838 2238 dominus
1863 2207 2034 2237 Gobelinus
2056 2208 2094 2236 de
2116 2207 2255 2246 Kempen
2276 2207 2340 2236 sul>

1422 2260 1570 2300 magistro
1585 2259 1715 2288 Alherto
1730 2259 1768 2287 de
1787 2257 1932 2292 Saxonia‚
1950 2257 2037 2296 cujus
2050 2257 2146 2286 bursa
2160 2255 2267 2285 nichil.

1463 2309 1538 2339 Item
1562 2308 1678 2348 incepit
1699 2307 1843 2336 dominus
1867 2306 2015 2335 Hinricus
2041 2306 2079 2335 de
2105 2304 2335 2334 Almenkerken

1423 2359 1480 2388 sub
1492 2358 1642 2398 magistro
1658 2356 1786 2386 Alberto
1802 2356 1839 2385 de
1857 2355 2002 2390 Saxonia,
2022 2354 2109 2395 cujus
2120 2355 2215 2383 bursa
2225 2353 2332 2383 nichil.

1421 2408 1608 2438 Juraverunt
1635 2412 1736 2435 tamen
1763 2405 1907 2434 dominus
1935 2404 2106 2433 Gobelinus
2131 2413 2164 2432 ac
2191 2402 2341 2432 dominus

1423 2456 1571 2486 Hinricus
1587 2456 1670 2495 quod
1691 2465 1780 2494 quam
1801 2454 1862 2483 cito
1882 2453 1970 2493 ipsos
1988 2459 2104 2482 tantum
2126 2452 2239 2481 habere
2258 2461 2335 2480 con-

1421 2506 1566 2545 tingeret,
1582 2505 1664 2544 quod
1682 2503 1802 2533 solvere
1815 2509 1956 2542 possent,
1970 2502 2085 2532 vellent
2097 2501 2230 2530 libenter
2245 2500 2339 2530 satis—v

1423 2556 1522 2584 facere
1541 2553 1674 2583 nacioni.

1463 2604 1538 2633 Item
1573 2603 1752 2632 licenciatus
1791 2602 1846 2631 fuit
1886 2601 2031 2631 dominus
2066 2598 2256 2630 Wilhelmus
2295 2598 2336 2628 de

1424 2652 1643 2692 Dalghernoch
1669 2652 1727 2681 sub
1755 2651 1904 2691 magistro
1933 2649 2058 2679 Galtero
2089 2649 2126 2677 de
2153 2647 2334 2677 Wardelaw

1423 2701 1510 2742 cujus
1526 2702 1620 2731 bursa
1637 2700 1664 2730 V
1677 2700 1781 2730 solidi.

1463 2751 1538 2781 Item
1563 2749 1743 2779 licenciatus
1770 2749 1826 2778 suit
1848 2747 1992 2778 dominus
2016 2746 2174 2776 Johannes
2198 2746 2235 2774 de
2258 2744 2340 2774 Fine

1423 2801 1480 2830 sub
1495 2799 1643 2839 magistro
1657 2798 1785 2828 Alberto
1803 2798 1841 2827 de
1858 2797 2004 2832 Saxonia,
2021 2795 2108 2835 cujus
2125 2796 2220 2825 bursa
2234 2794 2261 2823 V
2274 2793 2337 2823 sol-

1451 2877 1476 2899 4.
1509 2876 1556 2898 An.
1570 2875 1630 2898 1363
1642 2876 1742 2898 tantum
1763 2872 1865 2906 incepit.

1453 2913 1476 2935 5.
1509 2912 1557 2934 Seu
1566 2910 1654 2942 pocius
1666 2910 1692 2933 in
1708 2909 1809 2933 Termis
