2632 3464
932 445 1205 472 MEMORABILIA
1225 445 1311 473 NAT.
1332 446 1578 472 ANGLICANAE
2162 456 2208 483 xxi

277 532 385 574 parte
411 523 566 574 quidam
595 524 859 574 magisterium
889 521 1008 568 multo
1030 520 1182 558 tardius
1201 529 1449 571 receperunt,
1470 521 1589 559 veluti
1614 521 1789 562 Galterus
1813 521 1862 558 de
1883 524 1934 559 W
1937 522 2097 563 ardlaw,
2121 535 2205 559 can.

274 593 519 644 Glasguens.‚
550 591 811 629 Theodericus
840 591 890 628 de
914 592 1066 634 Brinen‚
1099 603 1184 626 can.
1211 590 1398 639 Aquens.,
1432 591 1646 626 Hartwicus
1675 590 1723 626 de
1747 592 1931 633 Hammis,
1953 591 2126 627 Andreas
2159 591 2209 628 de

274 662 529 705 Sudermann‚
569 661 762 699 Arnoldus
798 660 847 697 de
883 660 1081 703 Arnheim,
1121 660 1316 696 Johannes
1351 659 1400 697 de
1420 661 1682 704 ⁴Scoenvorst‚
1700 661 1952 709 ¹praepositus
1978 661 2015 696 S.
2048 661 2208 696 Servatii

272 733 544 782 Trajectensis,
560 731 753 768 ,lohannes
774 729 934 773 Beisseh
953 737 1090 766 cantor
1103 730 1312 779 Aquensis,
1331 729 1472 779 aliique
1492 730 1557 778 qui
1578 741 1665 765 sero
1682 730 1720 764 in
1738 729 1885 765 artibus
1904 730 2144 778 inceperunt,
2161 729 2209 766 de

273 801 413 851 quibus
432 814 516 851 cap.
541 801 562 838 7
586 807 734 851 agetur,
755 807 794 836 et
820 800 993 836 seniores
1013 799 1134 836 fuisse
1153 798 1346 835 videntur.
1371 800 1461 835 Sine
1484 797 1602 834 dubio
1625 799 1740 834 etiam
1764 799 1802 834 in
1825 799 1981 834 natione
1996 798 2208 848 Anglicana

271 870 428 921 quidam
449 877 749 912 consenuerunt,
766 876 814 905 ut
833 870 871 904 in
887 869 1051 905 caeteris
1068 868 1291 904 nationibus
1304 868 1333 911 ¹;
1357 869 1422 917 qui
1449 869 1604 904 Parisiis
1623 867 1893 904 Coloniensem
1911 869 2208 904 Universitatem

272 939 464 984 adierunt,
485 939 564 976 fere
579 951 714 975 omnes
728 939 899 988 provecti
918 945 1044 974 aetate
1059 937 1227 981 fuerunt,
1244 950 1331 973 cum
1345 936 1520 986 plerique
1534 936 1730 973 licentiam
1744 936 1816 973 sub
1826 938 1843 973 J
1848 937 2000 973 ohanne
2013 936 2061 973 de
2074 937 2210 974 Calore

271 1011 388 1047 immo
411 1009 484 1046 sub
499 1010 685 1046 Grimerio
706 1008 891 1045 Bonifacii
913 1009 1169 1057 accepissent.
1188 1009 1334 1044 Revera
1358 1005 1534 1043 nonnulli
1562 1007 1599 1043 in
1624 1007 1782 1044 natione
1803 1006 2018 1056 Anglicana
2037 1019 2106 1056 per
2124 1006 2209 1043 lon-

269 1093 362 1130 gum
387 1080 574 1129 temporis
609 1079 776 1128 spatium
813 1085 995 1115 rexerunt
1009 1078 1036 1122 ²3
1062 1079 1117 1114 sic
1143 1076 1343 1115 Conradus
1364 1075 1413 1112 de
1436 1075 1704 1112 Rfitershoven
1731 1075 1876 1112 diutius
1897 1076 1943 1112 35
1967 1077 2078 1112 annis
2107 1077 2145 1112 in
2165 1089 2209 1113 ea

270 1149 472 1192 remansit,
501 1155 542 1185 et
569 1149 766 1198 Reynerus
787 1148 915 1198 Creyt‚
937 1161 1026 1184 cum
1045 1147 1244 1184 Coloniam
1269 1145 1378 1188 abiit,
1406 1147 1538 1195 utique
1563 1146 1836 1195 sexagenarius
1860 1145 1921 1182 vel
1947 1153 2207 1195 septuagena—

269 1220 349 1256 rius
369 1218 450 1255 fuit.

953 1374 988 1409 5.
1030 1372 1257 1410 Officiarii
1297 1373 1513 1408 nationis.

319 1531 555 1568 Procurator
570 1531 737 1567 nationis
755 1543 815 1566 res
835 1530 1001 1566 nationis
1017 1542 1225 1579 procurare
1245 1527 1379 1565 debuit
1398 1535 1436 1564 et
1452 1529 1562 1578 quasi
1584 1541 1742 1577 praeses
1759 1529 1940 1570 nationis,
1962 1529 2062 1565 sicut
2079 1537 2206 1566 rector

269 1601 540 1638 Universitatis‚
560 1613 718 1650 praeses
746 1600 866 1636 totius
888 1599 1082 1635 facultatis
1114 1599 1265 1640 artium,
1294 1597 1556 1647 reputabatur.
1581 1599 1622 1633 ln
1648 1598 1917 1634 Universitatis
1938 1600 2205 1648 congregatio-

267 1670 381 1706 nibus
398 1682 602 1720 personam
619 1669 786 1706 nationis
805 1668 980 1718 gerebat,
1004 1676 1042 1705 et
1066 1681 1142 1704 non
1167 1667 1291 1704 solum
1319 1669 1356 1703 in
1379 1667 1749 1717 congregationibus
1771 1668 2060 1712 Universitatis‚
2087 1669 2204 1704 immo

261 1739 382 1776 'etiam
401 1729 556 1788 quando
572 1739 810 1775 Universitas
831 1739 869 1773 in
890 1737 1056 1787 publicis
1074 1737 1224 1774 actibus
1239 1750 1369 1773 coram
1388 1750 1479 1787 rege
1503 1737 1665 1787 aliisque
1682 1737 1922 1774 sollemniter
1938 1745 2204 1787 repraesenta-

268 1807 394 1851 batur,
409 1815 451 1844 ut
464 1821 485 1844 e
502 1807 749 1844 chartulario
768 1820 884 1857 saepe
901 1808 1054 1856 saepius
1070 1806 1204 1856 liquet.
1223 1808 1329 1843 Tunc
1344 1819 1420 1843 non
1434 1806 1558 1843 solum
1576 1814 1704 1843 rector
1719 1807 1988 1843 Universitatis
2005 1807 2072 1844 sed
2089 1809 2204 1844 etiam

266 1884 535 1928 procuratores
550 1878 749 1914 nationum
770 1878 1029 1913 nominantur.

316 1946 557 1982 Procuratori
580 1946 796 1995 juramenta
822 1947 1110 1996 suppositorum
1137 1946 1323 1987 omnium,
1354 1958 1637 1995 quemcumque
1660 1944 1822 1995 gradum
1850 1947 2079 1995 petentium,
2107 1948 2204 1982 acci-

266 2014 405 2066 pienda
427 2022 536 2052 erant
559 2022 599 2051 et
619 2015 810 2065 signetum
822 2016 1120 2063 procurator-iae
1138 2015 1344 2051 licentiatis
1366 2022 1455 2051 ante
1479 2015 1738 2065 inceptionem
1759 2014 1988 2052 tradendum
2006 2016 2103 2063 (467,
2122 2017 2200 2063 27);

265 2085 348 2134 ejus
370 2085 525 2121 nomine
542 2085 715 2134 magistri
732 2083 780 2120 ad
793 2085 1116 2134 congregationes
1135 2084 1304 2120 nationis
1325 2083 1659 2127 convocabantur-3
1679 2085 1762 2134 ipse
1778 2084 2025 2134 praesidebat
2046 2093 2084 2122 et
2105 2085 2203 2122 deli-

265 2153 433 2191 beranda
452 2153 709 2204 proponebat.

313 2224 447 2272 Quivis
471 2224 656 2273 magister
673 2224 804 2259 statim
819 2231 908 2273 post
922 2223 1103 2273 adeptum
1120 2224 1398 2273 magisterium,
1411 2224 1651 2275 proindeque
1668 2232 1757 2274 post
1778 2225 1995 2275 completos
2012 2239 2072 2261 an.
2090 2225 2150 2269 21,
2163 2227 2201 2261 in

221 2324 226 2329 .
264 2300 554 2342 procuratorem
571 2291 662 2343 eligi
683 2299 849 2342 poterat,
872 2295 1098 2342 praesertim
1120 2294 1151 2330 si
1173 2293 1280 2331 dives
1302 2302 1396 2331 erat.
1421 2294 1661 2344 Quandoque
1683 2295 1855 2345 magistri
1878 2295 1955 2344 jam
1983 2308 2051 2344 pro
2077 2295 2202 2331 futura

265 2362 531 2411 procuratoria
557 2361 772 2399 solvebant.
807 2364 899 2398 Nam
922 2364 1102 2412 antiquus
1124 2376 1207 2399 mos
1229 2371 1323 2406 erat,
1347 2377 1407 2400 an.
1435 2365 1527 2400 1377
1549 2371 1796 2407 memoratus,
1820 2364 1922 2413 quod
1945 2380 1961 2399 «
1985 2364 2111 2400 nullus
2133 2365 2202 2400 ali-

267 2430 369 2480 quod
401 2430 570 2468 officium
596 2433 763 2469 nationis
791 2440 993 2482 acceptare
1014 2433 1151 2482 possit,
1180 2434 1251 2469 nisi
1274 2434 1380 2483 prius
1401 2441 1627 2483 procurator
1645 2434 1814 2470 extiterit
1836 2447 1868 2468 )).
1887 2434 1958 2469 An.
1983 2434 2073 2469 1374
2091 2447 2202 2482 prac-

262 2508 419 2550 ceptum
447 2508 507 2538 est
536 2515 553 2536 α
583 2501 687 2551 quod
714 2501 842 2538 nullus
866 2501 913 2538 ab
939 2503 1107 2538 unanimi
1138 2515 1331 2539 consensu
1358 2504 1629 2553 magistrorum
1659 2504 1696 2538 in
1724 2510 2012 2553 procuratorem
2038 2503 2198 2546 clectus,

262 2570 437 2619 quamvis
452 2570 583 2614 vellet,
603 2572 904 2620 procuratoriam
923 2571 1090 2608 refutare
1106 2579 1239 2622 posset
1258 2586 1275 2606 »
1300 2573 1397 2618 (448,
1416 2572 1483 2613 49;
1504 2572 1590 2615 450,
1611 2573 1677 2615 14;
1696 2573 1781 2614 453,
1798 2571 1845 2621 6).

313 2638 532 2676 Secundum
558 2647 715 2683 statuta,
742 2647 837 2690 quot
864 2654 1016 2677 menses
1038 2649 1096 2678 tot
1118 2648 1391 2690 procuratores
1412 2641 1635 2678 nominandi
1661 2641 1719 2678 vel
1745 2641 1950 2678 renovandi
1974 2649 2102 2683 erant;
2131 2641 2199 2677 sed

261 2709 416 2758 saepius
437 2710 469 2744 is
485 2709 550 2758 qui
572 2722 704 2746 mense
724 2711 836 2746 Junio
856 2709 1004 2746 electus
1023 2718 1105 2746 erat
1123 2724 1246 2760 usque
1265 2710 1311 2747 ad
1332 2712 1673 2761 congregationem
1695 2712 1838 2747 mensis
1860 2712 2021 2759 Augusti
2043 2723 2199 2747 munere

264 2776 508 2827 fungebatur,
527 2777 670 2814 scholis
686 2779 911 2815 vacantibus
925 2779 972 2815 ab
990 2779 1122 2815 ultima
1135 2779 1197 2816 die
1212 2779 1357 2830 legibili
1373 2788 1462 2816 ante
1475 2780 1614 2817 festum
1628 2782 1664 2817 S.
1681 2781 1780 2816 Petri
1797 2793 1918 2829 usque
1936 2781 1970 2815 in
1988 2781 2198 2816 crastinum

303 2928 330 2956 1.
376 2927 438 2963 Sic,
451 2938 481 2957 v.
494 2928 693 2968 g..lohannes
706 2929 823 2964 Husso,
837 2930 972 2959 nationis
982 2929 1170 2966 Gallicanae,
1282 2932 1320 2961 75
1336 2941 1445 2960 annos.
1463 2930 1533 2960 vid.
1554 2931 1704 2966 Char-tul„
1721 2929 1776 2964 Ill,
1791 2940 1820 2969 p.
1838 2929 1907 2964 536,
1923 2930 1992 2958 452.

262 2977 519 3016 septuagenarius
540 2977 610 3013 fuit;
636 2978 782 3007 Nicolaus
811 2979 849 3007 de
872 2978 1041 3008 suessione
1067 2979 1174 3009 habuit
1323 2981 1352 3009 2.
1398 2980 1703 3018 Inde.1:personar11m
1721 2978 1795 3007 illud
1813 2988 1943 3017 prorsus
1960 2978 2114 3008 ostendet.

2226 1542 2400 1568 Procurator
