2632 3464
300 425 356 453 349

343 501 419 532 Item
449 501 662 531 determinavit
687 500 830 530 dominus
857 498 1004 528 Albertus
1027 499 1064 528 de
1092 498 1204 528 Prusia

301 551 361 581 sub
374 551 523 591 magistro
533 550 702 580 wilhelmo
712 549 887 588 Wadenoy‚
901 546 988 587 cujus
1000 549 1095 577 bursa
1105 547 1164 576 llll
1176 557 1202 576 s.

343 600 418 630 Item
443 599 657 630 determinavit
678 598 821 628 dominus
843 597 995 627 Rodolsus
1017 597 1054 626 de
1078 596 1204 626 Lubeke

306 650 364 679 sub
379 649 527 690 magistro
543 648 678 678 Henrico
695 648 734 677 de
754 646 877 681 Bassia,
896 645 984 686 cujus
996 646 1092 675 bursa
1106 645 1162 675 Vll
1176 655 1202 675 s.

344 698 420 728 Item
447 696 662 728 determinavit
690 695 834 726 dominus
864 694 997 724 Thomas
1031 693 1115 724 Scoti
1147 695 1204 724 sub

305 748 455 787 magistro
477 746 617 776 Gerardo
630 744 782 784 Ka[1]kar,
801 743 888 783 cujus
900 745 994 774 bursa
1008 742 1081 773 VIII
1099 743 1203 774 solidi.

344 797 419 826 Item
436 794 651 826 determinavit
665 793 808 823 dominus
819 793 974 823 Henricus
987 793 1025 822 de
1037 792 1205 832 Angheren

304 845 363 875 sub
378 844 528 885 magistro
538 842 706 873 Herdwico
719 843 757 871 de
771 842 896 876 Sondis,
908 841 994 881 cujus
1005 842 1099 871 bursa
1108 840 1165 870 Vll
1177 851 1203 870 s.

345 893 420 924 Item
433 892 650 923 determinavit
663 891 807 921 dominus
824 890 980 920 Johannes
998 891 1036 920 de
1057 889 1205 920 Hokelem

301 943 363 973 sub
398 942 548 983 magistro
583 940 753 971 wilhelmo
782 939 958 979 Wadenoy,
990 939 1076 979 cujus
1112 939 1207 968 bursa

303 991 409 1022 nichil.

344 1041 419 1071 Item
441 1038 656 1070 determinavit
673 1038 816 1068 dominus
837 1037 993 1067 lohannes
1015 1038 1053 1067 de
1070 1036 1207 1067 Marchia

303 1090 362 1120 sub
383 1089 532 1129 magistro
556 1087 685 1118 Nicolao
713 1088 750 1116 de
779 1087 969 1123 Crucenaco,
1002 1085 1088 1127 cujus
1113 1087 1208 1116 bursa

301 1138 408 1168 nichil.

344 1187 420 1217 Item
441 1185 656 1216 determinavit
674 1185 816 1215 dominus
837 1185 1025 1214 Wilhelmus
1047 1186 1084 1214 de
1102 1185 1208 1224 Duys-

303 1236 401 1266 borch
416 1236 474 1266 sub
498 1234 646 1275 magistro
665 1233 835 1264 Wilhelmo
858 1235 896 1263 de
919 1233 1100 1273 Wadenoy,
1122 1232 1207 1273 cujus

306 1285 401 1315 bursa
414 1284 520 1314 nichil.
765 1280 767 1282 ’

707 1335 804 1365 1870

359 1405 432 1445 (Fol.
463 1406 500 1435 12
514 1404 539 1444 ¹³)
567 1403 658 1434 Acta
687 1403 951 1443 procuratorie
982 1403 1153 1443 magistri

578 1452 738 1483 Walteri
767 1452 809 1482 de
837 1452 934 1482 Dels.

345 1529 436 1560 Anno
462 1529 598 1564 Domini,
625 1539 687 1569 quo
711 1539 817 1568 supra,
842 1527 1003 1558 undecima
1023 1528 1073 1557 die
1094 1528 1210 1558 mensis

304 1578 421 1614 Martii,
451 1577 528 1608 hora
553 1577 690 1608 summe⁴
723 1577 830 1612 misse,
860 1578 936 1606 sacta
965 1576 1210 1617 congregacione

306 1627 446 1658 nacionis
461 1626 630 1667 Anglicane
646 1627 684 1656 ad
702 1626 846 1656 Sanctum
861 1625 1014 1655 sulianum
1033 1626 1071 1655 ad
1091 1626 1211 1666 eligen-

303 1677 378 1707 dum
415 1682 660 1716 procuratorem,
695 1675 933 1705 examinatorem
966 1674 1211 1705 bachalariorum

306 1725 567 1756 licenciandorum
587 1725 619 1754 in
642 1724 753 1754 Sancta
776 1723 944 1760 Genovefa‚
967 1724 1006 1753 ad
1027 1724 1211 1754 audiendum

306 1780 482 1814 computum
497 1779 528 1804 et
543 1774 582 1803 ad
595 1773 844 1814 supplicandum,
862 1772 978 1803 electus
993 1773 1049 1803 fuit
1065 1773 1212 1814 magister

307 1822 467 1854 Walterus
485 1823 523 1852 de
540 1822 615 1853 Delf
631 1823 663 1852 in
679 1828 922 1862 procuratorem,
942 1822 973 1851 in
991 1821 1078 1862 cujus
1097 1832 1212 1862 procu-

306 1872 421 1903 ratoria
436 1878 503 1902 acta
517 1872 640 1902 fuerunt
654 1882 714 1911 que
732 1877 914 1911 sequuntur.

349 1921 454 1951 Primo
482 1920 513 1950 in
535 1919 599 1961 jam
629 1921 710 1951 dicta
738 1920 984 1960 congregacione
1014 1920 1131 1950 electus
1157 1921 1213 1950 suit

307 1969 456 2010 magister
467 1968 665 1999 Gheraerdus
676 1969 791 1999 Kalker
802 1969 834 1998 in
844 1969 1081 1999 examinatorem
1092 1969 1212 1999 bachel-

307 2019 454 2048 lariorum
483 2018 742 2048 licenciandorum
772 2018 803 2048 in
837 2018 948 2048 Sancta
972 2017 1127 2048 Genovefa
1155 2028 1213 2058 pro

307 2067 400 2098 tertio
417 2074 447 2097 et
464 2073 574 2107 quarto
590 2067 759 2098 mensibus.

350 2116 424 2147 ltem
450 2116 481 2146 in
507 2117 612 2146 eadem
638 2116 883 2157 congregacione
904 2117 1047 2147 dominus
1070 2123 1214 2157 receptor

308 2166 507 2206 computavit,
529 2171 559 2195 et
582 2165 716 2205 singulis
739 2165 923 2205 computatis
948 2172 979 2196 et
1001 2166 1158 2196 defalcatis
1183 2166 1213 2196 in

308 2221 441 2255 quatuor
453 2214 554 2250 libris,
567 2214 636 2245 XVI
645 2214 755 2244 solidis
763 2221 794 2244 et
804 2216 818 2244 1
830 2215 958 2245 denario
969 2215 1081 2245 mansit
1093 2215 1214 2245 nacioni

314 2264 443 2294 debens.

351 2312 427 2343 Item
442 2312 473 2342 in
488 2313 592 2343 eadem
611 2312 851 2353 congregatione
863 2312 1052 2352 supplicavit
1062 2312 1126 2342 ²....

351 2361 425 2392 Item
451 2362 484 2392 in
504 2362 644 2402 predicta
663 2361 908 2402 congregacione
930 2362 1111 2392 deliberavit
1127 2361 1215 2392 nacio

310 2410 426 2440 intrare
434 2410 589 2440 tabernam
599 2411 641 2439 ad
649 2411 724 2439 duos
731 2411 861 2451 gladios,
872 2410 925 2440 ubi
934 2410 1215 2451 consumpseratVl

311 2459 419 2495 libras,
434 2458 462 2488 V
476 2459 595 2490 solidos
605 2465 635 2489 et
645 2459 705 2489 llll
717 2459 874 2494 denarios,
890 2459 928 2489 de
944 2460 1056 2500 quibus
1070 2460 1216 2500 magister

311 2507 465 2539 Arnestus
483 2518 520 2538 ex
540 2517 577 2540 eo
591 2509 673 2549 quod
691 2518 750 2548 pro
766 2507 819 2538 illo
834 2508 884 2538 die
899 2509 930 2538 in
949 2508 1099 2539 medicina
1120 2509 1217 2539 licen-

312 2557 389 2587 ciam
415 2557 559 2592 obtinuit,
588 2557 710 2587 nacioni
737 2567 828 2586 unum
862 2558 998 2587 francum
1027 2558 1215 2598 propinavit,

313 2604 460 2646 magister
480 2605 639 2636 Walterus
660 2606 698 2635 de
726 2605 799 2636 Dels
815 2615 872 2646 pro
890 2606 988 2646 prima
1005 2607 1217 2646 procuratoria

313 2663 368 2684 sua
393 2664 487 2685 unum
516 2654 668 2690 francum,
697 2654 845 2695 magister
873 2654 1072 2686 Gheraerdus
1105 2655 1218 2686 Kalker

314 2712 372 2743 pro
384 2703 614 2733 examinacione
629 2704 758 2733 duorum
777 2703 939 2740 mensium,
956 2704 1074 2734 scilicet
1092 2705 1174 2734 tertii
1188 2710 1218 2735 et

314 2751 452 2792 quarti...
466 2751 492 2787 ³,
510 2758 540 2783 et
554 2752 702 2793 magister
712 2752 868 2783 lohannes
881 2753 918 2782 de
931 2753 1035 2783 Duren
1054 2755 1068 2783 1
1081 2753 1217 2784 francum

315 2809 374 2840 pro
384 2799 520 2841 jocundo
539 2801 666 2831 introitu
681 2811 747 2831 suo.

348 2909 371 2933 1.
404 2910 423 2933 1.
437 2917 459 2933 ι.
474 2909 598 2934 solemnia
611 2909 717 2939 uiuae,
730 2911 857 2943 quaesiti!
868 2914 984 2936 cantata.

347 2945 371 2968 2.
405 2946 495 2969 Poma
507 2947 582 2969 vacat
596 2953 648 2970 aaa
657 2949 682 2971 oe
693 2946 804 2971 aemuia
816 2946 895 2972 linea.

805 423 919 451 LIBER
940 422 1253 450 PROCURATORUM
1273 422 1416 449 NATION
1418 423 1452 449 IS
1470 423 1714 450 ANGLICANAE

1244 943 1277 969 10

1245 1189 1279 1216 15

1246 1435 1281 1461 2⁰

1248 1681 1282 1707 25

1249 1927 1283 1953 30

1251 2172 1284 2198 35

1253 2418 1287 2444 40

1255 2662 1288 2689 45

2163 428 2217 453 350

1353 498 1427 528 Item
1448 498 1564 538 incepit
1584 489 1731 528 dominus
1748 499 1954 530 Weenmarus
1971 502 2009 530 de
2030 501 2138 541 Ghoye
2159 504 2217 532 sub

1313 547 1461 587 magistro
1476 548 1613 587 Nycolao
1628 549 1666 577 de
1682 547 1871 584 Crucenaco,
1888 549 1975 588 cujus
1990 551 2083 579 bursa
2098 551 2169 580 VIII
2189 562 2215 580 s.

1354 596 1428 626 Item
1447 597 1620 626 licentiatus
1637 597 1692 626 fuit
1707 598 1849 627 dominus
1867 597 2024 628 Johannes
2043 600 2080 628 de
2094 600 2218 639 Argen-

1312 646 1377 675 tina
1399 646 1456 675 sub
1478 646 1628 686 magistro
1651 646 1788 676 Jordano
1813 647 1850 676 de
1873 647 1984 683 Clivis,
2011 647 2098 687 cujus
2123 650 2216 678 bursa

1312 694 1385 724 VIII
1403 695 1506 724 solidi.

1355 744 1430 773 Item
1450 744 1603 774 sedecima
1622 745 1671 774 die
1690 745 1807 774 mensis
1830 745 1975 775 antedicti
1996 747 2073 775 sacta
2087 757 2220 786 congre-

1313 793 1442 833 gacione
1466 794 1605 823 nacionis
1619 795 1657 822 ad
1677 794 1858 824 Carmelitas
1880 794 1955 824 hora
1971 795 2163 834 completorii
2181 797 2219 825 ad

1314 842 1518 871 ordinandum
1531 843 1569 872 de
1585 843 1698 872 debitis
1709 843 1860 879 nacionis,
1873 844 1911 873 ad
1924 844 2107 874 audiendum
2118 845 2219 884 aliqua

1316 891 1473 931 tangentia
1490 892 1644 921 nationem
1664 902 1759 931 super
1775 902 1902 922 examen
1922 892 2033 922 Sancte
2052 892 2218 928 Genevese,

1314 940 1352 968 ad
1366 939 1602 980 supplicandum
1618 946 1648 970 et
1659 941 1863 970 ordinandum
1879 942 1917 971 de
1930 942 2060 981 pecunia
2068 942 2219 978 nacionis,

1315 989 1453 1029 deputati
1493 990 1612 1018 fuerant
1650 989 1798 1029 magister
1835 990 2011 1029 Heynricus
2053 991 2219 1030 Langhals,

1316 1038 1464 1078 magister
1489 1038 1644 1068 Jordanus
1667 1039 1705 1068 de
1730 1038 1839 1074 Clivis,
1865 1045 1896 1068 et
1918 1046 2061 1079 receptor
2081 1040 2221 1069 nacionis

1316 1097 1412 1126 super
1427 1087 1626 1116 ordinacione
1641 1087 1814 1117 debitorum
1832 1089 1982 1118 nacionis.
1997 1088 2070 1118 Item
2084 1090 2220 1128 deputati

1317 1137 1436 1166 fuerant
1457 1137 1605 1176 magister
1623 1135 1822 1166 Gheraerdus
1839 1138 1878 1166 de
1896 1137 2102 1173 Harderwiic,
2122 1139 2222 1167 domi-

1317 1195 1376 1215 nus
1386 1192 1494 1215 cantor
1503 1186 1661 1224 Aquensis
1672 1185 1697 1221 ⁴,
1710 1186 1858 1225 magister
1876 1186 2033 1216 Johannes
2048 1188 2086 1216 de
2099 1187 2222 1216 Pavone

1318 1235 1356 1264 ad
1377 1235 1549 1264 adeundum
1573 1235 1730 1264 dominum
1751 1235 1965 1265 cancellarium
1988 1236 2099 1265 Sancte
2121 1236 2222 1266 Geno-

1315 1284 1394 1319 vese,
1423 1284 1612 1323 requirendo
1638 1284 1739 1323 ipsum
1765 1294 1822 1323 per
1843 1283 2048 1324 juramentum
2078 1285 2222 1325 quatinus

1317 1333 1512 1362 licentiandis
1534 1333 1702 1362 secundum
1722 1333 1947 1373 depositionem
1970 1334 2221 1369 examinatorum,

1318 1388 1412 1421 prout
1433 1382 1464 1410 in
1482 1381 1565 1411 bulla
1587 1381 1704 1411 Urbani
1726 1392 1804 1422 pape
1825 1382 1852 1411 V
1865 1383 2051 1418 continetur,
2069 1383 2222 1412 licentiam

1318 1431 1477 1471 largiatur.

1360 1480 1435 1509 Item
1454 1480 1486 1509 in
1497 1479 1559 1518 jam
1572 1479 1654 1509 dicta
1663 1480 1910 1520 congregacione
1924 1481 2110 1520 supplicavit
2126 1481 2224 1521 magi-

1320 1535 1384 1558 ster
1402 1528 1597 1558 Hermannus
1617 1529 1781 1563 Levenew,
1803 1535 1835 1558 ut
1852 1529 1940 1558 nacio
1959 1530 2103 1559 redderet
2118 1530 2223 1559 literas

1319 1577 1457 1607 officialis
1473 1577 1612 1618 magistri
1626 1577 1776 1607 Johannis
1795 1578 1940 1618 Haghen,
1959 1577 2045 1618 cujus
2060 1577 2225 1618 fidejussor

1319 1633 1395 1662 erat,
1430 1627 1487 1656 sub
1522 1627 1625 1666 pe[na]
1655 1627 2009 1666 exc[ommunicacionis]
2040 1627 2107 1667 ipse
2138 1628 2225 1657 daret

1318 1676 1436 1705 nationi
1477 1675 1520 1705 Ill
1562 1676 1696 1711 francos,
1732 1674 1819 1715 cujus
1854 1676 2038 1716 supplicatio
2076 1686 2225 1706 concessa

1321 1725 1429 1760 suerat,
1443 1725 1607 1754 dummodo
1617 1735 1676 1764 pro
1692 1725 1818 1755 residuo
1832 1732 1961 1764 poneret
1976 1725 2081 1755 literas
2097 1726 2225 1765 proprio

1320 1773 1426 1814 sigillo
1443 1773 1604 1814 sigillatas.

1361 1823 1437 1852 Item
1459 1822 1575 1852 decima
1591 1829 1697 1853 octava
1711 1823 1761 1853 die
1779 1823 1895 1853 mensis
1912 1823 2043 1863 predicti
2059 1824 2135 1853 sacta
2150 1834 2226 1852 con-

1322 1872 1507 1912 gregacione
1524 1871 1664 1901 nacionis
1684 1871 1759 1902 hora
1778 1873 1971 1912 completorii
1991 1874 2028 1902 ad
2044 1872 2226 1903 Carmelitas

1323 1921 1360 1950 ad
1373 1921 1580 1960 deputandum
1595 1920 1673 1950 alios
1690 1921 1867 1962 magistros,
1886 1932 1924 1950 ex
1940 1931 1977 1950 eo
1994 1922 2078 1961 quod
2095 1921 2226 1961 predicti

1321 1969 1352 1998 in
1378 1969 1483 1999 ultima
1511 1969 1752 2010 congregatione
1778 1970 1914 2010 deputati
1942 1970 2077 2010 legitime
2108 1971 2228 1999 fuerant

1321 2018 1461 2059 impediti
1480 2028 1536 2058 pro
1554 2019 1655 2048 eundo
1671 2019 1709 2048 ad
1725 2019 1882 2049 dominum
1899 2019 2114 2049 cancellarium
2133 2029 2228 2058 super

1321 2068 1427 2097 eadem
1445 2077 1548 2102 causa,
1566 2073 1596 2096 et
1610 2068 1647 2097 ad
1663 2067 1898 2107 supplicandum
1917 2074 1946 2098 et
1963 2068 2167 2097 ordinandum
2190 2069 2227 2097 de

1322 2117 1452 2156 pecunia
1463 2116 1614 2151 nacionis,
1623 2117 1759 2156 deputati
1768 2118 1890 2147 suerunt
1898 2117 2046 2157 magister
2055 2117 2228 2156 Heynricus

1321 2165 1362 2195 de
1374 2165 1514 2205 Kempis‚
1530 2165 1678 2205 magister
1687 2165 1844 2196 Johannes
1859 2167 1897 2195 de
1912 2166 2066 2200 Ammers.
2083 2175 2141 2205 pro
2157 2172 2228 2195 tunc

1321 2221 1466 2254 receptor
1490 2214 1630 2254 predicte
1651 2215 1803 2250 nacionis,
1824 2221 1854 2244 et
1878 2215 2025 2255 magister
2041 2214 2228 2244 Wilhelmus

1322 2264 1360 2293 de
1378 2262 1554 2302 Wadenoy,
1574 2263 1626 2302 qui
1646 2274 1707 2293 una
1723 2274 1791 2293 cum
1808 2270 2007 2304 procuratore
2023 2263 2074 2293 illa
2089 2270 2178 2293 nocte
2191 2264 2228 2292 ad

1323 2311 1481 2343 dominum
1510 2311 1725 2342 cancellarium
1749 2313 1886 2348 iverunt,
1914 2313 2015 2353 ipsum
2042 2318 2133 2352 prout
2154 2312 2228 2341 alias

1323 2361 1525 2391 deliberatum
1539 2361 1637 2391 suerat
1649 2361 1847 2401 requirendo.

1365 2409 1440 2440 Item
1455 2410 1487 2439 in
1497 2409 1559 2450 jam
1577 2410 1657 2440 dicta
1672 2411 1919 2451 congregacione
1937 2410 2118 2440 deliberavit
2140 2409 2229 2439 nacio

1323 2459 1438 2488 intrare
1460 2460 1617 2489 tabernam
1641 2460 1685 2488 ad
1707 2460 1782 2488 duos
1803 2460 1935 2499 gladios,
1958 2459 2009 2489 ubi
2035 2459 2229 2498 consumpsit

1324 2518 1418 2538 unum
1433 2509 1580 2543 francum,
1597 2518 1687 2548 quem
1703 2508 1852 2548 magistro
1867 2508 2054 2538 Weenmaro
2069 2509 2107 2537 de
2119 2507 2228 2546 Ghoye

1324 2557 1466 2587 dominus
1500 2563 1643 2597 receptor
1679 2557 1834 2587 concessit
1864 2567 1962 2597 usque
1995 2557 2031 2585 ad
2065 2557 2229 2586 adventum

1324 2605 1462 2636 Allaerdi
1474 2616 1532 2646 pro
1542 2605 1679 2646 jocundo
1697 2605 1824 2636 introitu
1841 2616 1907 2635 suo.

1365 2655 1440 2685 Item
1455 2655 1486 2684 in
1501 2655 1606 2685 eadem
1620 2655 1866 2695 congregacione
1885 2654 2071 2694 supplicavit
2085 2654 2230 2683 dominus

1323 2703 1479 2734 lohannes
1501 2705 1538 2733 de
1560 2703 1697 2733 Missena
1717 2714 1775 2743 pro
1798 2703 1981 2733 remissione
2008 2713 2130 2732 suarum
2154 2703 2231 2732 bur-

1326 2763 1428 2783 sarum
1443 2754 1480 2783 de
1494 2753 1632 2788 licencia,
1646 2763 1712 2782 cum
1727 2759 1810 2782 essct
1822 2751 2056 2792 paratusjurare
2069 2758 2229 2787 statutum,

1326 2801 1412 2842 cujus
1430 2802 1620 2842 supplicacio
1637 2802 1692 2831 suit
1710 2811 1868 2837 concessa,
1886 2802 2050 2836 dummodo
2061 2800 2191 2841 juraret.

1357 2914 1380 2937 3.
1414 2914 1504 2937 Postea
1517 2911 1638 2944 epatium.

1356 2949 1380 2974 4.
1413 2949 1433 2971 1.
1445 2956 1469 2972 e.
1480 2947 1613 2972 Johnnne-
1625 2947 1732 2971 Beincl.
