2632 3464
911 401 1184 429 MEMORABILIA
1203 401 1293 428 NAT..
1314 400 1561 428 ANGLICANAE
2152 409 2203 426 xm*

321 480 539 530 Antequam
572 478 620 515 ad
649 485 935 528 procuratorem
964 477 1132 518 nationis
1162 476 1393 513 accederent
1416 476 1596 525 juraturi,
1628 476 1692 524 qui
1722 475 1979 512 determinare
2007 475 2203 519 volebant,
2225 480 2455 506 Determinantes

274 549 418 586 debitis
439 547 731 599 quodammodo,
743 548 902 597 privatis
923 546 1075 592 liberati
1093 559 1182 583 esse
1201 545 1416 588 debebant;
1440 545 1590 582 scilicet
1607 545 1807 581 collectam
1828 546 2022 594 magistris
2040 546 2206 580 nationis

269 619 366 666 (572,
401 620 456 665 13)
486 618 696 660 solverant,
726 624 765 653 et
784 617 1006 665 provinciae
1036 616 1140 662 (572,
1174 616 1234 662 12)
1264 616 1372 664 cujus
1404 622 1513 651 erant
1544 614 1823 651 satisfecerant.
1853 614 1912 650 Ad
1942 627 2054 663 quarn
2093 627 2205 663 pecu-

268 689 355 725 niae
374 700 562 724 summam
577 685 831 722 ascenderent
846 698 913 721 eae
930 684 1238 721 contributiones
1249 683 1429 719 omnibus
1449 683 1675 732 suppositis,
1689 683 1803 718 etiam
1825 682 1900 719 illis
1914 684 1977 731 qui
1995 682 2042 718 ad
2058 682 2204 718 nullum

268 770 436 807 unquam
463 755 624 807 gradum
654 762 924 804 pervenerunt,
957 766 1055 804 quae
1082 753 1237 803 quidem
1264 752 1476 789 secundum
1506 765 1618 788 casus
1651 753 1929 801 suppositaque
1962 751 2049 801 plus
2079 753 2204 788 minus

267 827 395 863 variae
417 824 654 875 reputandae
673 831 776 867 sunt,
802 837 928 874 neque
947 823 1061 860 Liber
1080 823 1340 873 procuratoris
1365 834 1491 871 neque
1512 821 1574 857 alii
1595 821 1724 858 fontes
1745 834 1816 857 nos
1836 821 2016 857 edocent.

322 898 426 933 Inter
441 894 678 945 juramenta¹
702 894 1042 931 determinantium
1059 906 1104 929 ea
1120 892 1332 929 solutiones
1349 892 1562 940 respiciunt
1583 904 1590 925 :

311 1028 407 1065 Item,
429 1025 549 1058 dicetis
570 1024 791 1070 quantitatem
816 1025 917 1056 burse
937 1031 1046 1056 vestre
1063 1022 1220 1062 fideliter,
1243 1022 1316 1054 sine
1331 1021 1422 1060 dolo,
1438 1020 1663 1065 computando
1683 1020 1794 1052 omnia
1810 1020 1982 1052 ordinarie
2002 1027 2202 1064 consumpta

266 1096 303 1117 ac
323 1084 475 1128 exposita
490 1083 524 1116 in
539 1084 652 1122 bursa,
671 1083 832 1115 duntaxat
846 1081 978 1127 locagio
992 1081 1137 1126 hospicii
1156 1088 1188 1113 et
1205 1080 1339 1112 sallario
1356 1078 1469 1111 famuli
1489 1078 1633 1111 exclusis
1640 1104 1706 1110 .....

311 1143 406 1181 Item,
421 1141 558 1174 solvetis
569 1140 738 1185 receptori
752 1140 903 1173 nacionis
917 1140 937 1172 5
950 1140 1082 1179 bursas,
1096 1146 1128 1171 et
1141 1151 1203 1183 pro
1214 1137 1316 1170 scolis
1327 1136 1639 1181 proportionaliter,
1653 1136 1849 1180 priusquam
1861 1136 1968 1167 vicum
1980 1135 2201 1176 [straminum]

266 1199 458 1239 intrabitis3
484 1199 643 1232 videlicet
666 1212 672 1231 :
692 1198 720 1231 si
740 1198 987 1242 septimanatim
1004 1197 1235 1241 expenderitis
1249 1197 1283 1229 in
1296 1197 1398 1229 bursa
1411 1195 1433 1239 ij
1454 1194 1506 1226 vel
1523 1194 1544 1227 3
1565 1194 1704 1235 solidos,
1722 1194 1846 1226 dabitis
1863 1206 1925 1237 pro
1943 1194 2044 1226 scolis
2060 1193 2103 1226 20
2123 1193 2204 1226 soli-

266 1258 328 1291 dos
343 1258 448 1302 paris.
464 1271 472 1298 ;
495 1257 524 1290 si
539 1264 649 1290 autem
663 1257 684 1289 4
705 1257 757 1290 vel
774 1257 794 1289 5
809 1256 887 1295 sol.‚
905 1256 1030 1288 dabitis
1045 1255 1088 1288 30
1105 1255 1167 1288 sol.
1182 1269 1189 1295 ς
1206 1255 1235 1287 si
1250 1263 1360 1289 autem
1380 1257 1401 1290 6
1418 1257 1470 1290 vel
1487 1257 1518 1297 7,
1537 1257 1661 1290 dabitis
1675 1257 1738 1296 40;
1753 1257 1782 1289 si
1802 1263 1911 1289 autem
1924 1256 1947 1289 8
1961 1256 2012 1289 vel
2027 1256 2061 1296 9,
2079 1256 2203 1288 dabitis

269 1316 326 1356 50,
350 1323 384 1349 et
403 1316 452 1348 sic
467 1315 628 1360 deinceps
641 1316 710 1347 ²....

311 1375 406 1413 Item,
424 1373 556 1406 habetis
573 1373 767 1405 memoriam
783 1373 824 1404 de
841 1372 1015 1405 reddendo
1032 1371 1202 1405 sallarium
1221 1372 1364 1405 bedellis
1379 1381 1487 1406 vestre
1513 1373 1722 1407 nacionis...

311 1433 406 1474 Item,
429 1431 552 1465 dabitis
577 1430 788 1475 procuratori
808 1430 960 1463 nacionis
985 1442 1088 1462 unum
1111 1442 1266 1475 grossum
1287 1431 1529 1464 thuronensem
1551 1432 1592 1464 de
1613 1431 1726 1477 sigillo
1750 1431 1790 1463 ad
1811 1444 1890 1463 usus
1916 1443 2014 1471 suos;
2039 1431 2120 1463 alias
2143 1443 2201 1463 vos

266 1492 381 1535 jurare
399 1502 467 1522 non
482 1489 647 1522 admittat.

316 1611 449 1652 Bursa,
469 1611 491 1645 i.
513 1622 546 1646 e.
565 1621 715 1646 summa
733 1610 932 1658 pecuniae,
951 1621 1064 1658 quam
1082 1609 1169 1657 quis
1190 1621 1259 1657 per
1274 1609 1527 1657 septimanam
1545 1609 1652 1657 juxta
1673 1621 1778 1644 suam
1797 1607 2019 1643 facultatem
2040 1620 2110 1656 pro
2131 1621 2201 1644 suo

265 1680 367 1716 victu
389 1678 605 1728 expendere
627 1679 766 1728 potuit,
790 1678 1023 1714 elementum
1044 1678 1115 1714 fuit
1130 1691 1206 1727 quo
1222 1684 1444 1714 taxarentur
1463 1677 1589 1714 medio
1610 1690 1704 1713 aevo
1720 1678 1759 1712 in
1781 1678 2040 1714 Universitate
2057 1678 2201 1713 contri-

266 1748 458 1785 butiones.
487 1747 818 1795 Quemadmodum
844 1749 883 1782 in
906 1747 1103 1796 republica
1126 1760 1193 1783 seu
1218 1747 1359 1783 familia
1377 1748 1523 1796 optime
1538 1747 1728 1789 ordinata,
1750 1747 1804 1782 sic
1825 1746 1990 1795 amplam
2011 1748 2197 1796 pecuniae

266 1830 456 1855 summam
472 1817 626 1860 divites,
647 1816 838 1853 modicam
853 1829 1043 1866 pauperes
1062 1816 1325 1853 conferebant.
1349 1817 1421 1864 Qui
1444 1830 1512 1866 pro
1532 1817 1648 1853 bursa
1668 1816 1762 1852 nihil
1783 1816 1842 1853 vel
1866 1818 1991 1854 minus
2015 1819 2059 1854 16
2080 1817 2199 1853 dena-

265 1888 332 1923 riis
350 1886 581 1929 habuerunt,
602 1885 649 1922 ad
668 1885 1076 1922 subdeterminandum
1099 1886 1190 1933 (vid.
1214 1886 1326 1935 infra)
1343 1886 1500 1922 admissi
1520 1894 1622 1922 sunt.
1643 1886 1735 1922 Inde
1757 1886 1858 1923 idem
1880 1886 2199 1923 determinantiae

263 1956 407 2007 gradus
431 1969 502 2006 pro
522 1957 569 1992 30
592 1955 663 1992 sol.
698 1956 940 2005 conquisitus
967 1955 1013 1991 ab
1038 1956 1083 1991 iis
1103 1956 1167 2005 qui
1191 1955 1307 1992 bursa
1330 1955 1492 1992 duorum
1516 1955 1586 1992 sol.
1610 1955 1848 2000 fruebantur,
1873 1956 1927 1991 illi
1952 1958 2017 2006 qui
2044 1956 2199 1992 bursam

267 2027 311 2062 12
327 2025 399 2062 sol.
413 2025 581 2062 habebat
594 2025 691 2072 (208,
711 2025 768 2071 12)
786 2026 809 2061 6
833 2024 919 2061 libr.
938 2033 977 2062 et
1001 2025 1044 2061 10
1061 2025 1195 2061 solidis
1215 2025 1432 2062 constabat.

313 2096 555 2132 Procuratori
570 2107 688 2130 unum
701 2107 879 2145 grossum
899 2103 1141 2131 turonensem
1156 2095 1254 2142 (463,
1271 2096 1338 2138 45;
1357 2096 1442 2137 482,
1467 2096 1524 2142 15)
1543 2095 1603 2132 vel
1619 2097 1822 2144 antiquam
1841 2108 2019 2145 grossum
2042 2097 2138 2142 (511,
2159 2097 2192 2141 7)

263 2164 426 2202 solvisse
443 2163 756 2205 determinantes,
776 2171 817 2200 ut
829 2165 1061 2213 juraverant,
1080 2164 1259 2201 vidimus.

312 2235 467 2271 Praeter
491 2235 661 2283 quinque
684 2233 820 2270 bursas
845 2233 1070 2276 ordinarias,
1099 2235 1137 2269 in
1164 2233 1294 2270 multis
1319 2234 1486 2278 casibus,
1514 2243 1664 2271 sextam
1689 2234 1843 2271 bursam
1870 2235 2090 2284 impositam
2112 2247 2198 2271 esse

262 2303 622 2346 determinantibus,
654 2315 752 2352 quae
788 2304 1043 2339 communiter
1063 2303 1110 2339 ad
1142 2317 1234 2340 usus
1263 2303 1456 2340 facultatis
1486 2305 1623 2341 artium
1658 2303 1926 2341 reservabatur
1966 2312 2004 2340 et
2039 2305 2193 2346 rectori,

262 2372 533 2423 praesentibus
553 2380 736 2422 quattuor
755 2375 950 2409 nationum
974 2373 1288 2422 procuratoribus
1310 2374 1668 2424 receptoribusque‚
1691 2375 1904 2423 computari
1927 2374 2077 2410 solebat
2096 2374 2195 2420 (140,

262 2442 332 2486 20;
351 2443 433 2485 143,
450 2443 519 2486 44;
543 2443 625 2485 149,
646 2442 714 2485 22;
739 2442 820 2485 159,
839 2442 905 2485 27;
927 2443 1009 2484 165,
1032 2441 1099 2490 12).
1123 2443 1236 2478 Anno
1254 2440 1347 2479 135¹.)
1363 2450 1549 2480 statutum
1567 2443 1637 2479 fuit
1655 2457 1672 2478 c<
1692 2442 1795 2493 quod
1816 2442 1980 2492 quilibet
1998 2442 2044 2478 ad
2068 2450 2194 2479 actum

263 2511 428 2560 aliquem
445 2510 661 2560 procedens
679 2509 788 2547 daret
803 2523 873 2560 pro
894 2518 1001 2547 sexta
1015 2511 1130 2547 bursa
1145 2513 1166 2547 5
1186 2524 1344 2562 grossos
1366 2512 1616 2562 philippinos,
1641 2525 1710 2562 pro
1731 2513 1798 2549 lite
1814 2514 1912 2548 inter
1933 2512 2136 2561 theologos
2158 2519 2197 2548 et

261 2580 479 2617 facultatem
497 2581 635 2616 artium
658 2594 675 2615 1>
695 2580 796 2630 (251,
820 2581 887 2624 353
910 2581 994 2623 252,
1023 2581 1097 2627 17);
1117 2588 1155 2617 et
1173 2594 1221 2618 ne
1242 2583 1406 2630 pecunia
1427 2582 1492 2618 illa
1515 2581 1816 2632 dispargeretur,
1841 2583 1877 2617 in
1901 2595 2035 2618 manus
2054 2581 2197 2618 Johan-

261 2651 321 2686 nis
337 2651 453 2693 Anse,
479 2651 690 2700 receptoris
714 2651 882 2686 nationis
903 2649 1135 2693 Gallicanae,
1163 2651 1397 2687 numeranda
1419 2659 1500 2688 erat
1521 2653 1618 2698 (259,
1645 2653 1713 2698 13).
1738 2651 1842 2688 Alias
1864 2651 2078 2687 subsidium
2102 2650 2196 2687 illud

261 2720 342 2756 sive
357 2719 492 2756 nuntio
508 2719 605 2765 (283,
628 2719 701 2766 24),
723 2720 804 2756 sive
822 2720 960 2756 rectori
978 2733 999 2756 e
1019 2721 1174 2757 natione
1189 2720 1314 2757 electo
1331 2721 1428 2767 (290,
1449 2722 1522 2768 41),
1546 2721 1688 2757 auxilio
1712 2721 1796 2757 fuit.

304 2885 331 2913 1.
376 2883 445 2913 vid.
466 2885 615 2920 Chartul.,
633 2884 674 2920 11,
692 2895 722 2924 p.
740 2885 809 2915 673.
1283 2896 1341 2926 pro
1369 2887 1462 2915 bursa
1491 2886 1527 2915 12
1551 2885 1600 2915 vel
1625 2887 1679 2920 13;
1709 2886 1747 2914 80
1777 2885 1834 2915 sol.
1862 2895 1918 2924 pro
1952 2886 2045 2915 bursa
2082 2886 2117 2915 13
2147 2885 2195 2915 vel

302 2933 331 2962 2.
376 2932 443 2963 Hoc
466 2939 514 2962 est
528 2934 568 2963 60
583 2933 640 2964 sol.
660 2944 719 2973 pro
734 2934 829 2964 bursa
855 2935 892 2964 10
908 2934 957 2963 vel
978 2936 1030 2970 11;
1054 2935 1093 2965 70
1113 2935 1183 2967 sol.v
1286 2936 1322 2964 14
1336 2935 1408 2970 sol.,
1429 2941 1488 2964 etc.
