2632 3464
310 455 361 482 601

350 532 426 562 Item
444 532 662 562 determinavit
675 532 819 562 dominus
835 531 1003 561 Heinricus
1015 530 1161 560 Gickeler
1181 531 1219 560 de

310 581 414 620 Lynss
441 582 498 611 sub
524 581 675 621 magistro
699 581 876 610 Hermanno
905 581 944 609 de
970 579 1100 620 Treysa,
1131 579 1218 620 cujus

311 631 405 660 bursa
419 630 446 659 V
463 629 566 660 solidi.
587 629 696 660 Solvit.

350 679 426 709 Item
446 679 664 709 determinavit
686 678 829 708 dominus
852 678 983 718 Egidius
1005 677 1218 708 Bartholomei

309 729 347 758 de
373 728 490 758 Jutfaes
512 729 570 758 sub
594 728 743 768 magistro
765 727 905 757 Johanne
930 727 1095 762 Lubberti,
1131 726 1218 767 cujus

311 778 406 807 bursa
419 777 463 807 lll
484 777 588 807 solidi.
603 777 713 807 Posuit
726 777 870 817 pignora.

350 826 425 856 ltem
452 825 730 856 subdeterminavit
761 825 903 855 dominus
939 824 1150 865 Skeldulphus
1178 825 1217 854 de

310 875 467 916 Norvegia
483 875 541 905 sub
563 875 712 914 magistro
732 874 910 904 Hermanno
925 875 962 903 de
980 874 1109 913 Treysa,
1129 873 1216 914 cujus

310 925 404 954 bursa
424 924 531 954 nichil.
552 923 672 954 Juravit
691 929 837 953 statutum
858 923 1049 963 paupertatis
1072 923 1103 952 in
1125 922 1216 963 plena

309 974 448 1004 nacione.

349 1022 424 1053 Item
439 1022 655 1052 determinavit
669 1021 813 1051 dominus
832 1021 997 1051 Heinricus
1011 1022 1049 1051 de
1065 1021 1215 1050 Mondre-

308 1071 459 1112 chainge‘
491 1072 549 1101 sub
578 1071 726 1111 magistro
758 1070 897 1100 Johanne
931 1071 1096 1105 Lubberti,
1127 1069 1214 1110 cujus

309 1122 403 1151 bursa
427 1121 455 1150 ll
473 1120 578 1150 solidi.
601 1120 695 1150 Dedit
713 1119 835 1150 nacioni
855 1119 974 1158 lite-ram
996 1119 1213 1159 obligatoriam

307 1180 366 1210 pro
380 1169 492 1210 viginti
507 1169 618 1199 solidis
633 1169 812 1209 parisiens„
832 1169 903 1209 quia
913 1168 1029 1209 juravit
1041 1167 1214 1208 juramenta

307 1219 399 1249 solita
409 1218 520 1259 jurari.
575 1247 577 1249 ,

348 1267 422 1297 ltem
440 1277 520 1296 anno
541 1266 666 1296 Domini
688 1266 734 1295 M⁰
752 1265 846 1296 CCC⁰
867 1266 1015 1302 Lxxxr,
1037 1266 1087 1295 die
1107 1271 1215 1306 quarta

307 1317 426 1346 mensis
446 1315 566 1350 Marcii.
586 1316 663 1345 facta
681 1316 927 1355 congregacione
947 1315 1086 1345 nacionis
1102 1314 1215 1354 Angli-

308 1375 382 1395 cane
397 1375 454 1405 per
463 1364 670 1405 juramentum
683 1364 860 1405 regencium
875 1371 906 1395 et
916 1375 978 1394 non
990 1364 1168 1404 regencium
1184 1364 1215 1393 in

308 1415 400 1445 domo
413 1414 573 1454 capitulari
588 1415 671 1454 apud
687 1413 830 1444 Sanctum
847 1414 1033 1443 Maturinum
1051 1423 1146 1453 super
1158 1413 1216 1442 tri-

308 1464 367 1494 bus
387 1463 536 1498 articulis,
561 1463 682 1503 primus
705 1469 752 1492 est
769 1475 775 1492 ε
793 1463 870 1492 Cum
886 1463 1088 1492 deliberatum
1108 1462 1215 1501 [esset]

306 1523 364 1553 per
381 1512 622 1542 Universitatem
637 1512 834 1541 concorditer
855 1513 937 1552 quod
958 1512 1085 1541 facultas
1100 1512 1215 1541 arcium

309 1561 512 1592 Universitati
532 1568 653 1591 centum
678 1561 800 1590 francos
828 1567 994 1596 mutuaret,
1017 1567 1048 1590 et
1069 1561 1128 1590 alie
1151 1567 1216 1590 tres

308 1611 466 1641 facultates
481 1610 572 1640 simul
589 1610 684 1640 eciam
698 1616 814 1640 tantum
827 1616 1012 1645 mutuarent,
1026 1610 1056 1639 in
1067 1620 1140 1639 casu
1154 1620 1216 1649 quo

307 1660 437 1700 pecunia
454 1659 674 1690 Universitatis
687 1659 717 1688 in
733 1659 826 1688 archa
842 1660 923 1699 apud
943 1659 1087 1688 Nostram
1107 1659 1216 1689 Domi·

307 1719 375 1739 nam
390 1709 497 1738 baberi
510 1718 572 1738 non
587 1714 705 1748 posset,
722 1715 752 1738 et
764 1707 828 1748 jam
844 1708 965 1748 singule
983 1708 1041 1737 alie
1057 1708 1215 1738 facultates

307 1765 338 1788 et
354 1758 501 1788 naciones
519 1763 638 1797 partem
662 1757 800 1797 predicte
822 1757 951 1797 pecunie
968 1757 1129 1787 dedissent
1148 1769 1154 1786 :
1176 1767 1215 1787 ne

306 1807 464 1838 videretur
481 1807 565 1846 quod
584 1806 674 1836 nacio
692 1806 784 1836 vellet
800 1817 833 1836 se
853 1813 971 1846 partem
991 1807 1090 1836 facere
1108 1813 1214 1836 contra

307 1856 546 1886 Universitatem
562 1861 592 1885 et
604 1865 666 1886 non
680 1856 827 1895 prosequi
841 1855 1010 1885 deliberata
1024 1855 1214 1885 Universita-

307 1905 360 1940 tis,
375 1905 432 1934 fuit
449 1905 583 1944 positum
597 1905 627 1934 in
646 1904 886 1939 deliberacione,
904 1915 942 1934 an
957 1904 1119 1945 expediret
1131 1905 1213 1944 quod

307 1954 396 1983 nacio
413 1954 598 1983 concederet
611 1953 815 1983 Universitati
830 1953 913 1983 XXV
931 1955 1062 1983 francos.
1079 1955 1124 1983 2¹¹·
1139 1954 1214 1983 arti-

308 2002 395 2032 culus
424 2003 490 2038 fuit,
525 2012 593 2032 cum
624 2003 864 2032 determinantes
875 2002 888 2021 ²
921 2003 1015 2032 multa
1041 2002 1215 2042 juramenta

302 2050 455 2092 jurantes,
476 2052 515 2081 ad
534 2061 594 2091 que
614 2058 716 2081 tamen
735 2062 797 2081 non
815 2051 1029 2092 astringuntur
1050 2052 1214 2091 sepissime

306 2100 555 2141 perjuramenta,
570 2106 600 2129 et
615 2100 792 2140 specialiter
797 2099 939 2140 jurantes
949 2101 1074 2130 ultimos
1086 2101 1130 2130 4⁰¹
1143 2101 1214 2131 arti-

307 2149 393 2179 culos
406 2155 568 2179 contentos
586 2149 616 2178 in
633 2149 708 2178 libro
724 2150 869 2184 nacionis,
881 2150 934 2189 qui
950 2157 1022 2179 sunt
1038 2151 1076 2179 de
1096 2150 1214 2180 consti-

306 2198 428 2229 tucione
445 2198 561 2227 domini
580 2198 697 2228 Urbani
710 2208 788 2238 pape
803 2199 902 2238 quinti
914 2198 938 2234 ³,
949 2199 1143 2239 propositum
1159 2199 1215 2228 fuit

307 2248 339 2277 in
365 2247 593 2277 deliberacione
617 2257 655 2276 an
680 2247 842 2286 expediret
867 2248 949 2287 quod
979 2247 1049 2277 illos
1083 2254 1215 2287 quatuor

305 2296 430 2326 ultimos
438 2295 584 2326 articulos
594 2296 753 2336 predictos
764 2306 825 2326 non
832 2295 982 2336 jurarent*
995 2297 1042 2325 3¹¹·
1054 2297 1109 2327 fuit
1120 2307 1215 2337 super

306 2345 603 2385 supplicacionibus.

347 2394 448 2434 Super
475 2394 577 2434 primo
605 2393 807 2424 deliberatum
835 2394 890 2424 fuit
920 2395 1003 2434 quod
1034 2405 1103 2424 cum
1126 2395 1214 2425 naeio

307 2443 391 2472 nullo
409 2443 501 2473 modo
514 2453 547 2472 se
562 2442 655 2472 vellet
671 2444 735 2472 fore
753 2443 908 2483 disparem
923 2444 960 2473 ab
975 2443 1044 2473 aliis
1063 2444 1214 2474 facultati-

307 2492 365 2522 bus
389 2499 418 2522 et
442 2492 636 2526 nacionibus.
660 2491 842 2522 deliberavit
872 2493 955 2532 quod
989 2493 1056 2532 ipsa
1083 2493 1215 2523 libenter

307 2547 459 2570 mutuaret
488 2551 573 2571 suam
600 2541 654 2570 4===
683 2547 801 2581 partem
828 2541 1008 2576 centenarii,
1031 2548 1103 2582 puta
1131 2542 1213 2572 XXV

307 2590 442 2624 francos,
461 2590 519 2619 sub
533 2589 762 2629 protestacione
777 2595 876 2619 tamen
896 2591 978 2630 quod
998 2600 1058 2620 non
1074 2591 1213 2620 trahere-

338 2695 362 2719 1.
396 2695 448 2726 Qui
457 2695 527 2727 infra
538 2695 569 2719 de
582 2695 779 2725 [tundarinen-e,
794 2696 965 2720 Madet-kenne
979 2697 1134 2721 nominatur.

338 2732 362 2754 2.
395 2731 479 2755 Primo
491 2731 637 2755 bach-larii
649 2731 768 2763 ucriptum
781 2734 846 2755 emt.

337 2767 361 2789 8.
395 2766 426 2789 ni
441 2766 547 2790 articuli
558 2767 649 2791 denunt
659 2767 685 2791 in
697 2767 749 2798 fine
758 2767 967 2799 juramentorum
980 2767 1213 2793 determinatorum

308 2801 333 2825 in
347 2801 476 2829 Chat-tul..
491 2801 522 2830 ll,
535 2807 563 2826 n·
576 2802 645 2831 1¹85,
660 2803 674 2826 Ιι
689 2803 726 2834 (p.
739 2803 796 2835 ⁶711)
807 2802 941 2831 editorum,
955 2812 1010 2827 cum
1025 2804 1154 2836 desumpti
1162 2804 1213 2829 sint

307 2845 321 2860 ε
333 2837 441 2860 Statuit:
450 2845 494 2861 aa.
513 2837 574 2862 1³86
590 2838 719 2867 (chartul.
737 2838 781 2865 ΠΙ,
794 2846 820 2870 p.
835 2838 878 2863 w·
896 2838 973 2871 nqq.),
988 2839 1035 2863 aad
1051 2838 1214 2864 inueniuntur

308 2872 333 2896 in
352 2872 432 2896 Libro
448 2872 576 2902 nationis,
594 2873 660 2897 Bibe.
674 2876 728 2898 nat.
750 2882 795 2899 ms.
810 2875 838 2897 N.
857 2882 881 2898 a,
899 2874 915 2898 1.
933 2876 989 2902 5³5,
1006 2874 1053 2907 sol.
1072 2877 1115 2899 ¹³5
1127 2884 1135 2899 :

340 2907 404 2931 ttem
418 2908 558 2939 portabitis
568 2916 680 2941 cappam
701 2909 741 2933 vel
754 2909 907 2941 opytogium
923 2909 1008 2934 eundo
1020 2909 1053 2934 ad
1071 2911 1156 2935 neola-
1170 2911 1212 2935 vel

309 2942 342 2966 nd
361 2950 523 2971 sermonem.
539 2943 651 2968 maxime
664 2952 679 2968 ι
695 2946 762 2969 tento
772 2944 895 2969 Omnium
911 2946 1067 2969 Sanctorum
1080 2954 1163 2978 unque
1178 2946 1211 2971 ad

309 2977 387 3002 finem
401 2978 488 3011 mag-ni
503 2978 639 3003 ordinarii.

813 455 927 482 LIBER
946 455 1260 482 PROCURATORUM
1281 455 1462 482 NATIONIS
1481 456 1726 482 ANGLICANAE

1273 731 1289 757 5

1253 977 1287 1002 10

1251 1221 1285 1246 15

1253 1465 1287 1491 20

1253 1710 1286 1736 25

1252 1960 1286 1986 30

1251 2205 1285 2231 35

1251 2450 1285 2476 40

2179 461 2232 486 602

1327 537 1378 561 tur
1390 532 1429 560 ad
1443 532 1713 571 consequenciam,
1733 533 1804 572 quia
1820 533 1895 562 alias
1911 533 1968 562 hoc
1986 541 2069 563 esset
2082 535 2112 563 in
2130 535 2234 575 preju-

1329 580 1442 610 dicium
1460 581 1612 610 facultatis
1627 581 1754 610 arcium.
1772 581 1810 610 Et
1826 592 1893 610 cum
1914 589 2044 621 protunc
2066 584 2152 612 nacio
2172 595 2233 613 non

1327 629 1459 659 habebat
1479 630 1626 669 pecunias
1644 640 1832 665 communes,
1855 632 1910 660 fuit
1930 632 2129 662 deliberatum
2151 634 2233 672 quod

1327 685 1491 718 caperetur
1527 679 1658 718 pecunia
1694 679 1732 708 ab
1766 679 1828 708 illis
1864 680 1916 719 qui
1952 680 2027 709 alias
2054 682 2233 711 obtulerunt

1327 728 1448 757 nacioni
1478 734 1627 763 mutuare,
1656 728 1775 758 scilicet
1803 739 1821 757 a
1853 729 2002 769 magistro
2030 730 2170 759 ,iohanne
2197 732 2234 760 de

1325 776 1467 816 Angusia
1492 776 1586 806 Scoto
1611 787 1671 806 una
1700 784 1808 817 quarta
1839 788 1956 807 summe
1988 779 2137 818 predicte,
2166 786 2196 809 et
2218 792 2233 808 a

1326 826 1477 865 magistro
1496 825 1645 855 Nicholao
1663 827 1700 855 de
1721 826 1861 856 Grinlaw
1880 827 1972 857 Scoto
1990 828 2049 857 due
2070 835 2188 868 quarte,
2206 836 2235 858 et

1326 875 1380 904 4⁸⁰¹
1403 875 1587 904 concederet
1604 875 1747 905 dominus
1771 882 1926 915 receptor,
1950 877 2069 906 scilicet
2088 878 2235 917 magister

1324 923 1480 954 Jordanus
1507 925 1544 953 de
1569 924 1679 959 Clivis,
1714 931 1743 954 et
1773 925 1812 953 de
1843 925 1955 965 primis
1989 926 2234 956 obvencionibus

1324 973 1465 1002 nacionis
1481 973 1532 1003 illa
1547 974 1626 1002 bene
1641 974 1889 1003 restituerentur.

1367 1022 1469 1062 Super
1483 1023 1514 1052 2⁰
1528 1023 1731 1052 deliberatum
1750 1023 1816 1058 fuit,
1834 1024 1917 1063 quod
1935 1034 2003 1053 cum
2018 1025 2056 1053 ad
2075 1024 2145 1053 illos
2161 1025 2234 1054 ulti-

1326 1081 1393 1100 mos
1409 1072 1451 1100 [θ’
1467 1072 1614 1101 articulos
1635 1082 1691 1111 per
1711 1082 1821 1112 papam
1845 1083 1905 1101 non
1926 1073 2179 1113 astringebantur
2196 1075 2233 1103 ad

1317 1121 1498 1165 jurandum,
1515 1131 1571 1150 nec
1589 1121 1683 1150 eciam
1700 1121 1738 1150 ad
1752 1121 1821 1150 illos
1832 1120 1998 1160 jurandum
2013 1123 2163 1152 deberent
2178 1133 2234 1162 per

1323 1170 1485 1200 nacionem
1497 1170 1641 1209 astringi,
1657 1171 1712 1199 sed
1727 1169 1825 1199 solum
1840 1170 1956 1199 hortari
1972 1171 2096 1200 debent.

1364 1219 1466 1258 Super
1484 1219 1516 1248 3⁰
1531 1218 1786 1259 supplicaverunt
1801 1220 1862 1248 duo
1877 1229 1934 1259 pro
1951 1219 2103 1249 dilacione
2123 1221 2234 1250 bursa-

1323 1278 1402 1303 rum,
1417 1279 1485 1298 cum
1502 1268 1533 1297 in
1551 1274 1695 1307 prompto
1710 1278 1771 1297 non
1794 1268 1947 1297 habebant
1969 1269 2127 1308 pecunias.
2149 1271 2232 1309 quod

1324 1317 1510 1346 naciovellet
1518 1323 1680 1357 expectare
1694 1327 1856 1356 quousque
1873 1317 1970 1357 magis
1978 1324 2119 1357 potentes
2129 1325 2234 1348 essent

1324 1367 1361 1395 ad
1373 1366 1566 1401 solvendum,
1575 1366 1693 1395 scilicet
1704 1366 1846 1395 dominus
1855 1366 2037 1396 Guillelmus
2046 1368 2084 1396 de
2094 1367 2233 1407 Stramy-

1324 1415 1390 1455 glot
1415 1415 1526 1445 Scotus
1547 1422 1577 1445 et
1602 1415 1745 1444 dominus
1763 1415 1931 1445 Nicholaus
1956 1417 1993 1444 de
2013 1416 2230 1455 Monykedam.

1326 1465 1463 1502 Quorum
1483 1464 1731 1504 supplicaciones
1753 1474 1901 1494 concesse
1923 1465 2045 1494 fuerunt
2065 1475 2131 1495 cum
2148 1466 2231 1495 addi-

1325 1514 1467 1543 cionibus
1479 1513 1680 1543 communiter
1695 1513 1796 1543 solitis
1809 1514 1892 1548 addi,
1909 1514 2027 1543 scilicet
2042 1516 2125 1554 quod
2139 1525 2232 1554 pone-

1325 1569 1395 1592 rent
1412 1563 1542 1602 pignora
1563 1573 1623 1602 que
1639 1562 1760 1592 nacioni
1776 1562 1956 1592 viderentur
1971 1563 2052 1592 illam
2072 1564 2230 1603 pecuniam

1324 1612 1438 1647 valere,
1463 1618 1493 1641 et
1516 1612 1599 1652 quod
1621 1612 1681 1641 nisi
1705 1612 1783 1640 infra
1803 1618 1867 1641 tres
1890 1622 2012 1641 menses
2031 1612 2082 1642 illa
2102 1614 2231 1652 pignora

1324 1661 1523 1696 redimerent,
1544 1661 1613 1700 ipsa
1633 1664 1791 1690 manerent
1807 1661 1837 1689 in
1854 1661 2064 1700 disposicione
2080 1662 2229 1691 nacionis.

1325 1710 1365 1739 Et
1379 1716 1510 1750 protunc
1534 1710 1564 1739 in
1583 1710 1711 1739 nacione
1724 1708 1840 1749 juravit
1860 1717 2068 1749 paupertatem
2089 1711 2231 1740 dominus

1325 1758 1534 1798 Skeldulphus
1550 1760 1588 1788 de
1602 1759 1770 1798 Norvegia,
1787 1765 1817 1788 et
1833 1759 2018 1798 supplicavit
2034 1770 2092 1799 pro
2108 1760 2231 1799 quitan-

1323 1808 1370 1837 cia
1385 1818 1508 1837 suarum
1521 1809 1695 1843 bursarum,
1711 1818 1778 1837 cum
1796 1818 1915 1848 pauper
1931 1815 2024 1838 esset.
2043 1808 2138 1849 Cujus
2156 1819 2231 1849 sup-

1324 1857 1453 1896 plicacio
1479 1867 1627 1886 concessa
1651 1857 1717 1892 fuit,
1743 1858 1907 1887 dummodo
1933 1859 2124 1897 procuratori
2148 1857 2230 1898 jura-

1323 1912 1425 1936 menta
1439 1906 1529 1935 solita
1542 1905 1642 1946 jurari
1653 1905 1783 1946 juraret.

1364 1954 1436 1994 (Fal.
1461 1955 1509 1994 30)
1537 1955 1611 1984 ltem
1638 1966 1718 1984 anno
1748 1955 1870 1984 Domini
1897 1955 1942 1984 M⁰
1966 1956 2057 1986 CCC⁰
2082 1957 2227 1990 LXXXV,

1323 2004 1440 2034 mensis
1456 2004 1563 2033 Marcii
1584 2004 1633 2033 die
1658 2004 1738 2039 vll·‚
1762 2005 1837 2034 facta
1853 2006 2100 2044 congregacione
2126 2006 2230 2035 nacio—

1323 2053 1372 2082 nis
1385 2053 1555 2092 Anglicane
1571 2053 1747 2092 regem-ium
1767 2060 1796 2082 et
1810 2064 1870 2082 non
1885 2054 2061 2093 regencium
2078 2065 2134 2094 per
2142 2054 2230 2094 jura-

1323 2108 1457 2131 mentum
1489 2103 1569 2142 apud
1598 2102 1741 2132 Sanctum
1769 2102 1955 2131 Maturinum
1986 2113 2080 2142 super
2109 2105 2229 2133 duobus

1323 2151 1472 2186 articulis,
1492 2151 1609 2190 primus
1629 2152 1683 2181 fuit
1696 2152 1733 2180 ad
1748 2152 1931 2181 audiendum
1948 2152 2050 2191 aliqua
2063 2163 2121 2191 que
2136 2153 2228 2192 magi-

1323 2206 1388 2230 ster
1420 2201 1576 2230 ,lohannes
1606 2200 1827 2229 Munscbeman
1852 2201 1890 2229 de
1920 2201 2083 2240 Maguneia
2107 2202 2227 2231 uacioni

1322 2248 1415 2278 vellet
1424 2259 1600 2289 proponere
1614 2249 1776 2289 tangencia
1788 2249 1934 2278 honorem
1946 2250 2102 2285 nacionis;
2116 2252 2161 2279 2¹·-
2175 2251 2228 2279 fuit

1323 2308 1418 2338 super
1435 2298 1730 2337 supplicacionibus.

1363 2347 1464 2386 Super
1478 2347 1579 2387 primo
1595 2347 1695 2376 dictus
1712 2347 1859 2386 magister
1873 2347 2029 2377 Johannes
2045 2348 2132 2382 dixit,
2149 2358 2228 2387 quo-

1322 2396 1414 2425 modo
1444 2395 1520 2425 alias
1557 2402 1687 2436 propter
1721 2397 1871 2425 defectum
1901 2398 2111 2435 prm-aratoris
2149 2397 2226 2436 ipsc,

1322 2445 1473 2474 existente
1481 2445 1728 2484 congregacione
1739 2445 1967 2479 Universitatis,
1982 2446 2078 2474 locum
2098 2446 2229 2475 tenuerit

1323 2493 1459 2533 ejusdem
1487 2494 1656 2523 deliberata
1682 2494 1821 2523 nacionis
1843 2495 2012 2523 reddendo.
2042 2495 2153 2523 Verum
2182 2502 2229 2524 est

1323 2544 1405 2582 quod
1424 2542 1526 2582 aliqua
1543 2543 1655 2572 ibidem
1673 2544 1795 2572 fuerunt
1809 2544 1887 2572 dicta
1907 2544 1944 2571 de
1958 2544 2086 2582 quadam
2104 2554 2228 2583 permu-

1324 2591 1454 2627 tacione,
1485 2602 1574 2632 quam
1601 2592 1698 2621 voluit
1733 2593 1855 2631 quidam
1889 2593 2037 2631 magister
2065 2594 2163 2621 faeere
2190 2594 2227 2621 de

1353 2699 1416 2723 ltem
1434 2697 1565 2722 audiendo
1583 2698 1708 2722 lectiones
1728 2701 1829 2721 vestras
1850 2698 1973 2721 sedi-bitin
1993 2706 2080 2721 eornm
2100 2698 2227 2730 magistro

1322 2742 1402 2766 supra
1414 2736 1520 2761 terram,
1532 2741 1583 2757 non
1594 2734 1619 2757 in
1633 2733 1739 2756 aedibus
1757 2733 1864 2757 elevatis
1878 2742 1892 2756 a
1906 2736 1983 2757 terra.

1353 2769 1417 2793 Item
1431 2769 1499 2800 quod
1517 2769 1656 2793 audivistis
1676 2769 1820 2792 Doctrina&
1836 2772 1861 2791 ‹·t
1879 2768 2040 2795 Grecismum,
2053 2769 2074 2792 si
2091 2769 2115 2792 in
2133 2770 2227 2793 studiis

1321 2808 1367 2829 aut
1374 2805 1434 2828 aliis
1443 2805 1516 2833 locis,
1527 2804 1570 2828 ubi
1580 2804 1790 2835 grammaticalia
1802 2804 1940 2831 didicistis,
1950 2804 2010 2827 dieti
2023 2804 2083 2828 libri
2096 2805 2225 2835 legantur.

1323 2841 1438 2864 Veterem
1463 2843 1546 2863 artem
1570 2843 1659 2865 totum.
1675 2839 1770 2862 librum
1795 2839 1972 2870 Tlmpicorum,
1997 2840 2089 2864 saltem
2115 2843 2227 2871 quatuor

1321 2876 1418 2903 libros,
1434 2875 1516 2899 libros
1536 2875 1711 2902 Elencliorum,
1735 2875 1858 2901 Primum,
1880 2875 2058 2901 Poulei-iorum.
2080 2875 2177 2899 librum
2195 2876 2226 2899 de

1320 2912 1413 2934 Anima
1428 2911 1453 2934 in
1466 2914 1520 2934 toto
1534 2911 1574 2934 vet
1588 2911 1613 2934 in
1627 2914 1710 2942 parte.

1353 2947 1417 2970 ttem
1429 2946 1515 2970 fui-tin
1529 2946 1645 2970 Parisios
1660 2946 1692 2969 nd
1706 2946 1791 2969 miuus
1805 2954 1852 2976 per
1864 2946 1929 2969 duos
1945 2954 2027 2969 annon
2041 2947 2178 2978 complete.
