2632 3464
297 396 348 423 28¹

296 484 388 514 quem
409 474 580 514 assignavit
602 473 675 503 illos
693 474 846 513 accipere,
870 478 899 502 et
920 472 1089 512 petivimus
1105 472 1143 500 ab
1167 481 1204 500 eo

296 533 386 553 unam
411 523 529 552 literam
553 523 681 563 recepti,
709 528 740 552 et
760 531 825 551 eam
850 521 940 550 nobis
963 520 1117 550 concessit
1139 521 1203 549 fore

297 573 438 602 dandam.

338 621 412 650 ltem
436 621 593 650 Johannes
610 619 694 650 Neve
715 619 753 648 de
771 618 886 658 Gelrya
905 617 1020 658 juravit
1031 617 1204 657 juramenta

294 676 443 699 consueta
470 669 742 703 licenciandorum,
769 666 856 707 cujus
883 668 976 696 bui-se
1004 668 1023 696 9
1045 666 1149 701 solidi,
1175 672 1205 695 et

296 719 426 748 dabatur
447 719 507 748 sibi
527 718 595 748 dies
613 726 712 757 usque
734 717 772 746 ad
791 716 890 746 Pasca
906 716 1048 756 proximo
1069 725 1204 755 sequens

296 767 538 808 congregatione
557 767 635 796 facta
650 765 731 806 apud
750 765 894 795 Sanctum
916 764 1088 804 Pauperem
1107 763 1205 793 Julia-

295 827 367 846 num
382 817 432 846 die
455 815 574 846 sabbati
590 815 623 844 in
643 814 804 854 vesperis,
822 813 966 844 videlicet
984 814 1003 843 4
1018 814 1067 843 die
1088 813 1204 842 mensis

295 865 399 896 Martii
416 864 574 895 satisfecit.

337 914 411 944 ltem
433 913 587 943 Henricus
612 913 651 942 de
675 911 784 952 Reyne
800 911 917 951 juravit
931 911 1104 952 juramenta
1128 921 1203 940 con-

295 969 382 994 sueta
393 962 664 997 licenchndorum,
677 960 764 1001 cujus
777 962 871 990 burse
882 962 902 990 9
913 961 1016 996 solidi,
1031 967 1061 990 et
1075 961 1204 990 dabatur

295 1013 355 1042 sibi
370 1012 438 1042 dies
454 1010 618 1041 solutionis
634 1020 732 1050 usque
747 1011 785 1039 ad
800 1011 910 1039 festum
927 1009 1030 1039 Sancti
1043 1009 1161 1039 Jacobi.

336 1061 411 1091 Item
436 1061 512 1090 facta
534 1059 783 1099 congregacione
803 1059 942 1088 nacionis
964 1058 1014 1088 die
1033 1059 1156 1088 veneris
1171 1058 1202 1088 in

293 1110 448 1150 vesperis,
475 1119 536 1148 que
565 1109 620 1138 fuit
650 1109 687 1138 10
712 1108 779 1137 dies
809 1107 923 1142 Martii,
949 1108 1030 1148 apud
1058 1107 1202 1137 Sanctum

294 1158 476 1189 Matulinum
493 1157 683 1197 computavit
691 1163 836 1197 receptor
848 1157 988 1186 nacionis
1004 1157 1154 1196 predicte,
1173 1163 1203 1186 et

293 1209 455 1238 tenebatur
472 1207 594 1236 nacioni
609 1206 641 1236 in
658 1207 697 1236 26
710 1206 830 1236 solidis.

335 1257 410 1286 ltem
426 1257 534 1286 eodem
549 1256 599 1285 die
615 1256 652 1285 de
671 1265 765 1285 mane.
775 1261 919 1295 receptor
935 1256 1096 1284 bursarum
1117 1265 1202 1284 com-

293 1305 395 1336 munis
413 1304 601 1344 computavit
620 1314 687 1334 cum
703 1304 856 1340 facultate,
874 1310 903 1334 et
920 1304 1062 1333 omnibus
1079 1314 1202 1343 compu-

293 1355 366 1385 tatis
392 1355 555 1384 tenebatur
586 1353 720 1383 facultati
751 1353 784 1382 in
818 1354 924 1383 decem
950 1353 1064 1382 francis
1087 1359 1117 1383 et
1141 1353 1201 1382 llll

294 1404 415 1439 solidis,
432 1403 470 1432 de
480 1403 592 1442 quibus
606 1402 732 1431 facultas
745 1403 906 1432 tenebatur
920 1402 979 1432 sibi
996 1411 1055 1442 pro
1069 1402 1202 1431 servisio

292 1453 325 1482 in
342 1453 360 1482 2
376 1452 491 1482 francis
508 1458 540 1481 et
562 1451 620 1481 llll
641 1451 762 1486 solidis,
782 1457 812 1480 et
828 1451 874 1480 sic
889 1457 1010 1480 tenetur
1022 1450 1155 1480 facultati
1170 1451 1202 1480 in

291 1502 312 1532 8
328 1501 438 1532 solidis
454 1499 679 1530 distribuendis
692 1500 773 1529 inter
787 1500 944 1530 naciones.

700 1593 798 1623 1363

412 1665 551 1707 (F01.48)
576 1665 793 1696 Florentius
821 1666 864 1695 de
890 1665 1078 1696 Alcmade.

330 1746 422 1776 Anno
441 1746 566 1776 Domini
585 1745 630 1775 Μθ
642 1745 737 1776 CCC⁰
753 1746 947 1786 sexagesimo
959 1747 1002 1782 3⁰,
1018 1746 1137 1776 decima
1151 1747 1200 1776 die

291 1796 407 1825 mensis
425 1795 548 1830 Marcii,
567 1796 643 1824 facta
656 1795 712 1824 fuit
725 1795 926 1835 congregatio
942 1795 1075 1825 nationis
1089 1795 1200 1836 Angli-

290 1855 366 1874 cane
378 1844 417 1874 ad
433 1844 579 1874 Sanctum
593 1843 786 1879 Matulinum,
799 1850 829 1873 et
841 1843 957 1874 electus
973 1845 1029 1874 fuit
1042 1844 1074 1873 in
1089 1854 1200 1884 procu-

291 1900 425 1924 ratorem
454 1893 589 1922 nationis
618 1893 757 1933 predicte
783 1893 931 1932 magister
957 1893 1133 1923 Florentius
1161 1894 1199 1923 de

290 1942 450 1977 Alcmade,
467 1941 552 1972 nullo
570 1941 789 1982 magistrorum
805 1942 1045 1972 contradicente.

331 1990 407 2021 Item
429 1991 507 2020 facta
526 1990 582 2020 fuit
600 1990 800 2031 congregatio
816 1991 951 2020 nationis
969 1991 1144 2031 prescripte
1161 1992 1199 2021 ad

289 2040 444 2070 Jacobitas
468 2040 537 2079 ipsa
562 2039 613 2069 die
638 2039 836 2075 Benedicti·‚
859 2046 890 2070 et
915 2041 1112 2070 continuatus
1144 2040 1200 2070 fuit

288 2089 446 2119 «lohannes
460 2087 670 2120 Teutonicus²
687 2088 801 2118 ibidem
824 2089 855 2118 in
870 2089 1083 2119 subbedellum
1100 2099 1198 2129 usque

290 2139 328 2168 ad
337 2138 446 2167 festum
458 2137 577 2167 Pasche
590 2138 647 2167 sub
657 2137 835 2168 conditione
846 2137 898 2167 tali
909 2139 993 2178 quod
1005 2138 1031 2168 si
1041 2138 1198 2168 lohannes

290 2186 445 2222 bedellus,
475 2186 528 2226 qui
555 2196 623 2216 cum
648 2187 771 2216 nunciis
795 2187 827 2216 in
850 2187 936 2217 curia
965 2187 1102 2217 Romana
1125 2194 1197 2218 tunc

288 2236 438 2276 temporis
455 2236 617 2271 existebat,
634 2241 704 2265 ante
720 2236 830 2266 festum
852 2236 972 2266 Pasche
991 2246 1053 2266 non
1073 2237 1198 2267 reveni-

288 2290 347 2320 ret,
373 2284 513 2325 magistri
536 2284 670 2314 nationis
693 2285 869 2325 reciperent
890 2285 992 2326 ipsum
1009 2285 1144 2316 totaliter
1165 2286 1196 2316 in

289 2333 513 2364 subbedellum.

329 2381 404 2412 ltem
434 2383 510 2412 facta
539 2383 780 2423 congregatione
812 2383 945 2413 nationis
981 2384 1018 2413 ad
1051 2383 1195 2414 Sanctum

287 2431 441 2461 Julianum
466 2431 653 2471 supplicavit
681 2432 880 2462 Conraerdus
910 2432 1050 2462 bedellus
1076 2439 1109 2462 ut
1135 2433 1196 2462 sibi

287 2479 461 2510 subsidium
494 2481 582 2510 fieret
607 2481 646 2510 de
675 2480 798 2510 natione
823 2481 853 2510 in
877 2481 978 2521 aliqua
1003 2481 1132 2521 pecunia
1157 2482 1195 2511 ad

289 2539 380 2559 unum
398 2528 584 2564 mantellum,
601 2535 631 2559 et
645 2530 787 2559 concessi
803 2530 925 2560 fuerunt
939 2530 998 2559 sibi
1016 2530 1058 2560 ΙΙΙ
1073 2530 1193 2560 floreni.

330 2577 403 2607 item
437 2577 468 2607 in
499 2577 746 2608 Annunciatione
789 2579 875 2608 beate
909 2578 1006 2608 Marie
1037 2579 1170 2620 virginis
1182 2578 1194 2598 ³

289 2627 411 2656 fuerunt
424 2627 461 2656 ad
477 2626 599 2656 archam
615 2626 750 2656 nationis
762 2627 905 2657 dominus
921 2635 1064 2668 receptor
1080 2635 1110 2658 et
1124 2638 1194 2668 pro-

287 2681 412 2705 curator
435 2685 494 2705 una
512 2685 580 2705 cum
601 2675 741 2711 bedello;
765 2683 950 2716 receperunt
972 2677 1011 2707 de
1035 2677 1127 2707 archa
1151 2677 1194 2708 lll

375 2780 403 2804 21
417 2779 513 2805 Mami.

376 2817 425 2839 Seu
437 2815 470 2840 da
483 2816 614 2841 Treveri..

375 2851 406 2875 2⁵
417 2850 515 2875 Martii.

375 2887 407 2911 2⁹
418 2886 515 2911 Martii.

377 2923 392 2945 8
402 2921 507 2954 Apn'h‘a.

318 2780 344 2946 9'?.“.·⁵.··

803 397 917 423 LIBER
938 395 1250 422 PROCURATORUM
1271 395 1450 421 NATIONlS
1470 396 1713 422 ANGLICANAE

1241 915 1276 942 10

1240 1161 1274 1188 15

1239 1408 1273 1434 20

1238 1654 1272 1680 25

1237 1900 1271 1926 30

1235 2145 1269 2172 35

1234 2390 1268 2418 40

1233 2636 1267 2663 45

2169 398 2221 423 282

1312 471 1459 505 florenos,
1474 482 1553 511 quos
1569 472 1767 501 Conraerdus
1784 472 1899 506 habuit.
1916 479 1945 501 et
1961 480 2173 502 remanserunt
2191 474 2221 502 in

1312 520 1405 550 archa
1421 520 1463 549 ΙΙΙ
1479 527 1564 550 scuta
1580 521 1703 560 antiqua
1719 531 1786 550 cum
1801 531 1862 550 uno
1878 521 2006 550 floreno,

1354 569 1428 599 Item
1455 570 1532 598 sacta
1554 570 1609 598 fuit
1631 570 1831 609 congregatio
1857 570 2009 599 facultatis
2035 577 2065 599 et
2085 571 2219 600 nationis

1312 619 1350 647 ad
1369 618 1512 648 Sanctum
1528 619 1681 648 sulianum
1698 619 1728 647 in
1745 619 1793 647 die
1810 618 1954 647 mercurii
1967 618 1977 636 ⁴
1994 625 2067 658 post
2087 620 2222 648 ‹lomini-

1312 677 1378 697 cam
1392 667 1565 696 Palmarum
1579 668 1617 696 ad
1633 667 1818 696 audiendum
1836 674 2010 706 compotum
2029 669 2170 697 rectoris.

1354 716 1428 745 ltem
1453 717 1561 746 eodem
1583 716 1633 745 die
1651 715 1837 756 supplicavit
1859 716 2034 755 Heynricus
2056 718 2094 746 de
2114 717 2222 756 Reyne

1313 766 1396 804 quod
1407 765 1490 795 natio
1501 765 1593 795 vellet
1605 765 1666 794 sibi
1678 772 1840 805 expectare
1852 766 1964 795 bursas
1975 775 2047 795 suas
2059 776 2221 805 quousque

1313 815 1350 844 de
1380 815 1520 854 partibus
1547 814 1717 850 reveniret,
1743 821 1773 844 et
1799 821 1870 844 tunc
1894 814 2010 844 nationi
2038 815 2215 844 satisfacere

1312 863 1468 903 promisit.

1354 912 1428 942 ltem
1456 913 1532 942 feria
1555 912 1606 942 2⁸⁵
1634 919 1705 952 post
1726 913 1806 942 diem
1821 912 1950 952 ‘Pasche
1978 913 2094 942 electus
2115 913 2170 942 fuit
2190 914 2220 942 in

1313 961 1525 991 subbedellum
1565 962 1722 991 Johannes
1767 963 1805 991 de
1846 961 1991 991 Treveris
2031 962 2061 991 in
2098 962 2220 992 natione

1311 1009 1495 1050 Anglicana,
1514 1017 1544 1040 et
1562 1011 1630 1040 data
1652 1011 1708 1040 fuit
1725 1010 1784 1040 sibi
1806 1011 1895 1050 virga
1913 1011 2145 1040 subbedellatus
2164 1022 2221 1051 per

1311 1066 1544 1099 procuratorem
1564 1060 1698 1090 nationis
1721 1059 1859 1100 predicte
1880 1060 2024 1099 quamdiu
2044 1060 2167 1095 vixerit,
2191 1067 2221 1090 et

1312 1118 1407 1148 super
1419 1109 1472 1138 illo
1488 1115 1536 1139 est
1550 1109 1611 1138 sibi
1625 1109 1714 1139 litera
1728 1110 1797 1138 data
1813 1108 2030 1138 testimonialis
2045 1110 2103 1138 sub
2121 1110 2222 1139 natio-

1310 1157 1360 1186 nis
1379 1158 1517 1197 predicte
1532 1158 1647 1198 sigillo.

1350 1205 1441 1236 Anno
1467 1207 1590 1236 Domini
1620 1207 1665 1237 Μο
1687 1207 1783 1237 CCC⁰
1804 1206 1928 1242 LX1110,
1953 1207 2002 1236 die
2020 1206 2125 1247 jovis⁶
2149 1215 2222 1247 post

1311 1255 1420 1285 festum
1436 1255 1555 1285 Pasche
1573 1255 1747 1285 licentiatus
1768 1255 1824 1285 fuit
1842 1257 1880 1285 ad
1897 1255 2039 1285 Nostram
2059 1256 2220 1286 Dominam

1311 1303 1343 1333 in
1366 1304 1396 1333 2·
1417 1304 1574 1334 auditione
1596 1305 1740 1334 dominus
1765 1304 1978 1334 Theodoricus
2004 1305 2137 1334 Damero
2162 1307 2220 1335 sub

1310 1354 1460 1393 magistro
1484 1353 1661 1383 Hermanno
1682 1353 1811 1389 Consul,
1836 1360 1866 1383 et
1885 1353 2001 1393 juravit
2023 1354 2114 1383 michi
2132 1353 2221 1394 jura-

1311 1409 1411 1431 menta
1429 1409 1587 1438 consueta,
1607 1401 1694 1442 cujus
1715 1403 1809 1432 bursa
1827 1413 1938 1432 novem
1957 1403 2060 1438 solidi,
2081 1409 2110 1432 et
2129 1404 2219 1432 daha-

1310 1457 1360 1480 tur
1382 1452 1442 1480 sibi
1464 1452 1531 1481 dies
1556 1453 1594 1481 ad
1621 1451 1802 1482 solvendum
1830 1452 1861 1480 in
1888 1452 1966 1481 festo
1998 1451 2215 1482 Pentecosten.

1311 1500 1476 1530 Satisfecit.

1717 1567 1814 1597 1363

1546 1652 1804 1682 Theodericus
1835 1653 1877 1682 de
1911 1652 1980 1692 Oy.

1607 1726 1620 1738 0
1661 1726 1728 1739 000

1349 1746 1439 1776 Anno
1459 1746 1582 1776 Domini
1601 1746 1632 1775 M
1651 1745 1731 1776 CCC
1751 1746 1944 1786 sexagesimo
1960 1747 2002 1782 3⁰,
2019 1747 2093 1776 feria
2112 1747 2218 1776 sexta⁷

1310 1802 1381 1835 post
1397 1795 1526 1831 Pascha,
1542 1795 1619 1824 facta
1632 1795 1878 1835 congregacione
1897 1795 2036 1825 nacionis
2047 1795 2217 1836 Anglicane

1308 1846 1346 1874 ad
1367 1844 1510 1874 Sanctum
1530 1844 1696 1879 lulianum,
1718 1844 1834 1874 electus
1857 1845 1912 1874 fuit
1934 1847 1965 1874 in
1985 1851 2217 1884 procuratorem

1308 1894 1448 1923 nacionis
1463 1893 1602 1934 predicte
1618 1893 1763 1933 magister
1782 1893 1993 1923 Theodericus
2005 1894 2042 1923 de
2059 1894 2118 1933 Oy,
2133 1894 2217 1924 nullo

1308 1943 1526 1983 magistrorum
1544 1942 1669 1982 penitus
1684 1942 1881 1972 reclamante.

1348 1992 1465 2022 Eodem
1481 1991 1530 2021 die
1548 1991 1734 2031 supplicavit
1748 1991 1897 2031 magister
1916 1991 2111 2022 Hermannus
2131 1993 2217 2023 Con-

1308 2041 1356 2071 sul
1374 2051 1432 2080 pro
1453 2051 1515 2070 uno
1535 2041 1660 2070 domino
1680 2040 1831 2070 existente
1854 2041 1885 2069 in
1906 2041 1991 2070 curia
2013 2041 2162 2076 Romana,
2184 2048 2217 2071 ut

1308 2090 1367 2120 sibi
1386 2090 1512 2119 daretur
1529 2089 1618 2119 litera
1637 2089 1852 2119 testimonialis
1871 2099 1888 2118 a
1905 2089 2034 2119 nacione
2054 2097 2160 2119 nostra
2178 2091 2216 2119 de

1307 2138 1377 2174 hoc,
1413 2139 1496 2178 quod
1534 2144 1582 2168 est
1614 2138 1838 2173 determinans,
1875 2144 1905 2168 et
1935 2148 2116 2168 concessum
2149 2140 2214 2174 fuit,

1306 2188 1472 2217 dummodo
1485 2194 1586 2217 tamen
1603 2187 1693 2228 prius
1707 2187 1843 2217 solveret
1858 2188 1968 2217 bursas
1985 2197 2056 2217 suas
2074 2187 2215 2228 veljura-

1306 2242 1440 2266 mentum
1455 2243 1610 2276 prestaret
1624 2246 1657 2266 se
1672 2246 1735 2266 non
1746 2236 1870 2272 habere,
1887 2246 1924 2266 ex
1936 2246 1997 2276 quo
2013 2237 2043 2265 in
2058 2237 2137 2266 libro
2153 2247 2214 2266 non

1305 2285 1435 2315 habetur
1445 2285 1582 2325 ipsarum
1594 2285 1749 2315 remissio.

1346 2334 1421 2364 Item
1437 2335 1468 2364 in
1481 2334 1597 2364 octavis
1615 2334 1734 2364 Pasche
1748 2333 1940 2364 intraverunt
1954 2334 2094 2374 magistri
2110 2336 2213 2364 taber-

1305 2393 1374 2413 nam
1385 2394 1444 2424 que
1454 2384 1567 2413 dicitur
1579 2383 1728 2423 palacium
1742 2384 1780 2412 de
1793 2384 1939 2412 Ter-minis
1949 2383 1962 2402 ⁹
1976 2383 2056 2413 etibi
2069 2384 2213 2424 exposuit

1305 2433 1452 2473 magister
1467 2432 1650 2462 Florencius
1668 2433 1706 2462 de
1722 2431 1868 2462 Alcmade
1882 2442 1974 2462 unum
1990 2432 2138 2462 florenum
2154 2443 2211 2473 pro

1304 2481 1425 2522 bejsnio
1443 2481 1657 2522 procuratorie
1676 2491 1742 2517 sue,
1766 2487 1797 2511 et
1814 2481 1939 2510 omnino
1955 2481 2098 2510 similiter
2113 2482 2212 2522 magi-

1305 2537 1370 2560 ster
1387 2530 1597 2560 Theodericus
1615 2531 1653 2560 de
1674 2530 1723 2570 Oy
1741 2530 1828 2566 fecit3
1851 2530 2007 2559 residuum
2025 2531 2102 2560 scoti
2120 2530 2213 2560 solvit

1305 2586 1448 2620 receptor
1465 2579 1599 2609 nationis
1616 2579 1659 2610 111
1677 2579 1784 2614 libras,
1802 2585 1871 2609 octo
1889 2579 2024 2608 denariis
2038 2579 2150 2609 minus.

1345 2628 1417 2668 (Fal.
1449 2628 1524 2668 48⁵)
1550 2628 1624 2658 Item
1644 2629 1721 2658 facta
1744 2627 1991 2668 congregacione
2008 2628 2045 2657 ad
2067 2628 2211 2658 Sanctum

1303 2677 1456 2708 sulianum
1472 2687 1639 2718 pauperem
1655 2678 1690 2707 15
1707 2677 1756 2706 die
1773 2676 1903 2716 Aprilis,
1917 2676 2103 2716 supplicavit
2113 2678 2214 2718 magi-

1390 2784 1406 2807 6
1418 2781 1523 2815 Aprilie.

1391 2819 1403 2842 7
1417 2818 1520 2850 Aprilin.

1391 2855 1406 2878 9
1423 2853 1504 2886 April.

1390 2891 1409 2914 1.

1334 2784 1357 2807 8.

1334 2819 1357 2843 7.

1335 2855 1359 2878 8.

1333 2891 1357 2914 9.
1418 2898 1440 2913 c.
1452 2889 1483 2913 de
1495 2889 1605 2914 ’ru-mi..
