2632 3464
289 432 325 459 85

290 508 402 538 lectum
430 514 461 537 et
482 507 664 538 ratificatum
691 513 722 536 et
745 506 950 545 approbatum
980 504 1011 533 in
1035 502 1199 543 presencia

290 557 427 588 omnium
437 556 656 597 magistrorum
671 555 967 595 suprascriptorum,
979 553 1108 583 nacione
1121 553 1201 582 inter

290 612 393 636 cetera
408 611 577 635 convocata
591 605 630 634 ad
645 604 852 634 statuendum.

332 655 407 685 Item
422 655 566 684 dominus
580 653 793 683 Theudoricus
815 653 853 681 de
870 652 952 681 Foro
970 650 1044 681 fuit⁴
1062 651 1200 681 licentia—

290 710 341 733 tus
362 704 401 732 ad
423 703 568 733 Nostram
588 702 751 732 Dominam
770 702 828 730 sub
847 701 997 740 magistro
1015 699 1141 730 Galtero
1163 700 1201 728 de

291 751 444 782 Wardlau
459 751 570 787 Scuto,
585 750 674 790 cujus
687 751 784 780 bursa
797 749 838 779 Vl
854 749 958 779 solidi.

332 801 407 830 Item
423 800 567 831 dominus
582 800 739 830 Rohertus
752 800 790 828 de
806 798 934 828 Ketenis
950 798 1130 828 licenciatus
1143 797 1200 827 fuit

291 848 351 879 ad’
376 850 520 880 Nostram
551 848 713 879 Dominam
747 849 804 878 sub
835 848 984 888 magistro
1012 847 1138 877 Galtero
1163 847 1200 875 de

291 898 459 935 Wardlau,
477 897 565 939 cujus
582 899 677 928 bursa
696 897 755 927 1111
774 897 878 927 solidi.

332 948 407 978 ltem
427 947 571 978 dominus
594 946 808 976 Theodericus
835 947 872 976 de
897 946 978 976 Foro
1002 946 1119 986 incepit
1142 947 1199 975 sub

291 997 441 1037 magistro
460 996 586 1026 Galtero
603 997 642 1025 de
659 995 845 1031 Wardelau,
864 995 951 1035 cujus
969 997 1063 1025 bursa
1079 995 1120 1024 Vl
1139 994 1197 1024 sol.

332 1045 407 1075 ltem
422 1045 566 1074 dominus
577 1045 690 1074 Petrus
702 1045 740 1074 de
752 1045 882 1074 Polonia
894 1045 1011 1084 incepit
1027 1045 1085 1073 sub
1103 1043 1197 1084 magi-

291 1099 357 1124 stro
371 1093 511 1123 Johanne
527 1094 566 1123 de
582 1093 737 1128 wasalia,
755 1092 843 1133 cujus
858 1094 952 1123 bursa
971 1092 997 1121 V
1014 1092 1119 1122 solidi.

332 1142 408 1172 Item
436 1142 580 1172 dominus
607 1142 765 1172 Johannes
791 1143 829 1172 de
860 1142 973 1172 Pur-cia
1001 1142 1118 1181 incepit
1145 1142 1202 1171 sub

291 1191 441 1231 magistro
459 1191 611 1221 Godfrido
627 1192 665 1220 de
684 1191 869 1232 Silvagrifis,
886 1191 974 1231 cujus
989 1192 1084 1221 bursa
1101 1191 1126 1220 V
1142 1191 1200 1220 sol.

332 1240 408 1270 Item
437 1241 581 1270 dominus
607 1240 766 1270 Gerardus
793 1242 831 1270 de
861 1241 974 1270 Purcia
1002 1241 1119 1280 incepit
1143 1240 1201 1270 sub

291 1290 442 1329 magistro
456 1289 595 1319 Johanne
609 1290 646 1318 de
662 1289 834 1329 Sarburgo‚
851 1289 938 1329 cujus
955 1291 1049 1319 bursa
1059 1289 1086 1318 V
1097 1289 1200 1319 solidi.

334 1338 408 1368 ltem
427 1338 573 1368 Rimarus
589 1339 628 1368 de
643 1338 773 1368 Colonia
788 1340 846 1368 sub
864 1339 1014 1379 magistro
1032 1338 1203 1368 Guillermo

293 1387 331 1416 de
347 1387 446 1416 Viridi
462 1387 580 1422 Monte,
597 1385 685 1427 eujus
703 1388 797 1417 bursa
816 1387 843 1417 X
861 1387 965 1418 solidi.

333 1436 409 1466 ltem
420 1436 564 1466 dominus
576 1436 731 1466 Henricus
742 1437 780 1466 de
791 1437 950 1466 Tordraco
963 1436 1039 1467 sub³
1051 1437 1202 1476 magistro

293 1484 463 1515 Galterode
470 1485 632 1520 Wardlau,
641 1484 727 1525 cujus
733 1486 829 1515 bursa
835 1486 874 1515 Vl
882 1486 975 1516 solidi
981 1496 1050 1516 cum
1059 1486 1199 1515 dimidio.

334 1534 410 1564 Item
437 1534 581 1564 dominus
602 1534 760 1564 Johannes
784 1535 822 1564 de
849 1535 944 1565 Rossi
971 1537 1029 1565 sub
1049 1535 1199 1575 magistro

292 1582 434 1614 Waltero
451 1583 489 1612 de
504 1583 668 1619 Wanssau,
685 1582 773 1624 cujus
788 1585 884 1614 bursa
900 1584 959 1614 1111
974 1584 1079 1614 solidi.

334 1631 409 1662 ltem
429 1632 486 1661 suit
505 1631 685 1662 licenciatus
707 1633 852 1662 dominus
869 1633 1027 1663 ‚lohannes
1048 1633 1198 1663 Elmrstat

293 1681 352 1711 sub
368 1682 488 1717 eodem,
508 1680 594 1721 cujus
612 1682 707 1711 bursa
722 1681 749 1710 V
764 1682 867 1712 solidi.

333 1730 410 1760 Item
436 1731 485 1760 die
510 1731 608 1760 sancti
631 1731 814 1761 Benedicti⁴
845 1733 1033 1772 computavit
1056 1732 1204 1772 magister

293 1779 508 1810 Theodoricus
526 1786 681 1820 receptor,
701 1781 774 1810 licet
792 1781 880 1821 prius
902 1782 940 1810 ad
962 1782 1200 1821 computandum

291 1835 436 1863 vocatus,
454 1835 484 1858 et
501 1829 660 1859 defalcatis
676 1830 820 1860 omnibus
835 1830 1025 1860 defalcandis
1041 1837 1070 1860 et
1090 1830 1202 1860 solutis

293 1877 452 1908 solvendis
469 1883 500 1907 et
518 1878 702 1918 computatis
724 1879 813 1908 etiam
835 1879 980 1908 omnibus
1000 1880 1204 1909 luminaribus

292 1936 351 1966 pro
372 1933 437 1956 toto
458 1937 540 1956 anno
557 1927 707 1967 preter-ito
726 1938 825 1968 usque
842 1929 880 1957 ad
900 1929 984 1959 illum
1003 1929 1095 1963 diem,
1115 1929 1204 1958 nacio

292 1977 456 2006 tenebatur
472 1976 533 2006 sibi
555 1976 587 2006 in
606 1976 660 2006 XL
680 1977 807 2013 solidis,
824 1984 855 2007 et
872 1978 940 2018 ipse
959 1979 1122 2008 tenebatur
1137 1978 1202 2008 sol-

293 2035 365 2055 vere
383 2025 513 2055 bedellis
528 2031 558 2055 et
572 2026 716 2056 omnibus
734 2027 893 2066 magistris
909 2027 962 2067 qui
976 2028 1065 2067 prius
1081 2027 1204 2067 suppli-

294 2081 439 2104 caverant
466 2085 525 2114 pro
553 2075 684 2114 pecunia
712 2076 743 2105 in
770 2076 910 2111 nacione,
935 2077 979 2106 sic
1007 2077 1091 2116 quod
1114 2077 1204 2106 nacio

294 2123 427 2163 amplius
451 2123 527 2152 nulli
552 2123 669 2153 homini
693 2125 856 2154 tenebatur
880 2125 911 2154 in
933 2125 1036 2165 aliqua
1060 2126 1202 2165 pecunia.

294 2171 355 2201 nisi
372 2171 471 2201 solum
489 2173 572 2212 quod
588 2172 648 2202 sibi
670 2172 702 2202 in
727 2173 790 2203 illis
810 2173 864 2203 XL
879 2174 1001 2209 solidis,
1017 2181 1047 2204 et
1059 2175 1149 2204 etiam
1166 2175 1204 2204 ad

293 2221 519 2251 refundendum
537 2221 715 2258 luminaria,
735 2223 762 2252 si
778 2233 908 2252 necesse
924 2223 1031 2259 suerit,
1047 2224 1096 2254 vel
1113 2234 1205 2254 unam

295 2278 443 2299 summam
462 2270 501 2299 ad
518 2270 628 2300 festum
649 2263 895 2301 Purificacionis.
915 2271 955 2302 Et
973 2273 1063 2302 nacio
1083 2273 1136 2303 illa
1155 2272 1206 2302 die

294 2317 401 2348 habuit
415 2325 560 2359 compoto
576 2319 655 2349 facto
670 2320 804 2360 pignora
818 2321 856 2350 de
874 2321 915 2350 lx
930 2321 1068 2357 florenis,
1085 2323 1123 2351 de
1137 2322 1208 2362 qui-

294 2367 354 2397 bus
394 2367 583 2407 pignoribus
621 2369 736 2408 placuit
780 2369 901 2399 nacioni
941 2371 1025 2410 quod
1071 2371 1208 2401 solveret

293 2417 450 2457 receptori
467 2418 506 2447 de
524 2427 641 2447 summa
659 2419 719 2448 sibi
730 2420 849 2455 debita,
869 2420 895 2450 si
911 2420 1034 2450 aliunde
1046 2431 1108 2450 non
1124 2431 1202 2461 pos-

296 2471 344 2496 set
359 2466 538 2506 provenire,
557 2465 646 2507 cujus
661 2474 837 2508 compotum
855 2469 971 2509 placuit
985 2470 1119 2499 nacioni.

337 2514 412 2544 Item
430 2515 610 2546 licenciatus
629 2517 685 2546 suit
701 2517 845 2547 dominus
864 2517 1048 2558 Radulphus
1063 2519 1102 2548 de
1120 2519 1206 2549 Con-

296 2564 415 2593 staucia
428 2565 487 2594 sub
503 2565 652 2605 magistro
665 2566 806 2596 Johanne
821 2567 859 2596 de
876 2566 998 2603 Purcia,
1011 2567 1098 2608 cujus
1115 2569 1209 2598 bursa

297 2612 337 2642 ΙΙΙ
357 2612 462 2643 solidi.

385 2710 464 2734 fuit...
478 2710 617 2735 Dominam
629 2710 697 2736 inur-
709 2711 802 2741 lineae,
815 2712 870 2736 alio
884 2712 1042 2738 charactere.

381 2745 446 2770 nd...
463 2745 601 2770 Dominam
614 2746 682 2772 inter
694 2746 785 2778 lineas,
796 2748 850 2773 alio
860 2748 1018 2774 charactere.

386 2781 466 2806 nub...
482 2781 607 2806 Wardluu
621 2782 790 2808 interlineas.

385 2817 546 2847 ‘tran-latio,
560 2818 588 2842 11
603 2818 674 2843 lucit.

386 2853 401 2876 8
413 2853 533 2884 Augusti.

386 2887 481 2920 Utique
493 2889 524 2912 26
537 2889 659 2922 Augusti.
673 2889 690 2913 i.
705 2898 727 2914 e.
741 2890 882 2915 cratinum
894 2899 916 2915 e.
930 2891 1060 2920 Ludna-ici,
1077 2892 1123 2916 ubi
1135 2901 1208 2917 rem-

297 2922 434 2947 mebanlur
445 2923 565 2948 lectione·
575 2925 727 2949 ordinariae
739 2926 765 2950 in
779 2926 833 2950 uteo
845 2927 982 2951 Stramim‘e
991 2927 1053 2960 (oid.
1065 2928 1168 2952 kalend.
1181 2928 1207 2953 in

293 2958 423 2991 principio
433 2958 508 2991 husus
521 2960 569 2985 vol.
583 2960 620 2984 ad
628 2961 659 2985 2⁶
667 2961 740 2986 lunii
751 2964 775 2986 d
787 2962 818 2986 2⁶
827 2963 957 2996 Augunli),
970 2966 998 2987 ut
1009 2967 1117 2996 apparet
1128 2964 1207 2989 etiam

327 2709 353 2911 §.vr-5⁶³8?-

793 429 906 456 LIBER
932 427 1245 455 PROCURATORUM
1267 427 1447 454 NATIONIS
1471 427 1715 453 ANGLICANAE

1240 949 1274 974 10

1240 1195 1274 1221 15

1241 1441 1275 1467 20

1242 1687 1276 1714 25

1242 1935 1277 1961 30

1244 2181 1278 2207 35

1246 2428 1280 2455 40

2182 430 2216 456 86

1352 503 1427 533 Item
1448 504 1628 534 licenciatus
1651 505 1706 534 suit
1726 505 1869 534 dominus
1892 505 2048 535 Johannes
2069 507 2162 537 Picus
2180 509 2218 537 de

1312 552 1446 582 Saxonia
1474 554 1531 582 sub
1563 553 1712 593 magistro
1742 555 1780 583 de
1806 553 1975 589 Wardlau,
2009 555 2096 594 cujus
2126 557 2220 586 bursa

1312 601 1338 630 V
1353 602 1456 631 solidi.

1351 650 1427 680 Item
1447 652 1527 681 idem
1549 652 1694 682 dominus
1720 652 1878 682 Johannes
1898 654 1956 682 sub
1987 654 2095 683 eodem
2120 655 2217 694 magi-

1311 704 1376 728 stro
1395 698 1522 728 Galtero
1540 699 1768 729 determinavit.

1351 746 1422 787 (Fal.
1451 748 1526 788 52¹²)
1550 748 1625 778 ltem
1647 748 1698 777 die
1721 748 1793 778 lune
1819 749 1984 788 proximoss
2009 756 2080 779 ante
2110 750 2220 779 festum

1311 796 1409 826 sancti
1433 797 1595 827 Laurencii
1622 804 1790 828 convocata
1814 798 1943 827 nacione
1967 799 2050 838 apud
2074 798 2219 828 Sanctum

1311 845 1498 875 Maturinum
1511 847 1549 875 ad
1562 847 1749 876 audiendum
1763 853 1939 886 compotum
1955 847 2128 887 receptoris
2141 854 2172 877 et
2184 848 2222 876 ad

1310 895 1486 935 eligendum
1501 903 1705 936 receptorem,
1720 896 1747 925 si
1762 906 1891 926 necesse
1905 897 2013 932 fuerat,
2029 897 2216 936 computavit

1310 944 1459 984 magister
1486 945 1701 975 Theodericus
1722 952 1794 975 tunc
1819 952 1963 985 receptor
1990 947 2148 982 nacionis,
2181 947 2225 976 sic

1311 995 1396 1033 quod
1421 995 1564 1024 omnibus
1587 995 1772 1035 computatis
1796 996 2013 1035 computandis
2038 1002 2068 1025 et
2089 996 2225 1025 defalca-

1311 1042 1352 1072 tis
1376 1043 1565 1073 defalcandis
1589 1045 1753 1073 tenebatur
1776 1044 1900 1073 nacioni
1926 1045 1957 1073 in
1981 1045 2103 1074 duobus
2126 1045 2223 1075 scutis

1310 1092 1424 1127 aureis,
1442 1103 1502 1132 que
1519 1093 1581 1122 duo
1599 1099 1686 1122 scuta
1702 1093 1850 1133 magister
1865 1093 2050 1123 Guillelmus
2066 1095 2104 1123 de
2120 1093 2223 1123 Viridi

1311 1141 1429 1177 Monte,
1453 1152 1542 1181 quem
1566 1142 1646 1171 idem
1669 1148 1812 1181 receptor
1836 1152 1873 1171 ex
1898 1152 2055 1172 consensu
2080 1143 2220 1172 nacionis

1311 1191 1472 1220 substituit
1502 1191 1533 1220 in
1564 1198 1813 1231 procuratorem,
1843 1192 2002 1232 obligabat
2033 1202 2066 1222 se
2099 1192 2220 1222 solvere

1312 1239 1445 1275 nacioni,
1473 1240 1673 1280 presentibus
1697 1247 1899 1280 procuratore
1923 1241 2073 1281 magistro
2098 1241 2224 1271 Galtero

1309 1289 1350 1318 de
1375 1289 1457 1324 Dun,
1485 1290 1634 1329 magistro
1661 1289 1788 1319 Galtero
1815 1291 1852 1319 de
1881 1290 2044 1325 Wardlau‚
2071 1291 2220 1330 magistro

1312 1337 1464 1367 Godfrido
1480 1339 1518 1368 de
1532 1338 1887 1379 Silvagrifys‚magistro
1902 1339 2042 1369 Johanne
2057 1340 2095 1369 de
2109 1339 2225 1369 Wesa-

1312 1386 1368 1422 lia,
1387 1388 1536 1427 magistro
1553 1388 1692 1418 Johanne
1710 1389 1748 1417 de
1769 1388 1897 1424 Pur-cia,
1917 1389 2067 1428 magistro
2088 1388 2222 1418 Girardo

1312 1437 1350 1465 de
1367 1437 1495 1472 Purcia,
1513 1437 1662 1477 magistro
1681 1437 1877 1467 Theodorico
1896 1438 1934 1467 de
1955 1437 2052 1473 Foro,
2072 1438 2222 1478 magistro

1311 1484 1461 1524 Alquino,
1487 1492 1559 1515 tunc
1586 1493 1758 1526 receptore,
1786 1487 1935 1527 magistro
1962 1486 2157 1516 Theoderico
2183 1487 2222 1516 de

1313 1533 1470 1574 Breynen,
1488 1545 1544 1564 suo
1561 1535 1740 1565 substituto.

1725 1629 1822 1659 1345

1313 1700 1471 1740 Tempus
1507 1701 1794 1740 procuracionis
1832 1702 2007 1741 magistri
2040 1701 2224 1731 Johannis

1637 1751 1679 1780 de
1716 1751 1898 1780 Wesalia.

1354 1830 1445 1860 Anno
1476 1831 1600 1859 Domini
1628 1830 1875 1866 M⁰CCC⁰XLV⁰,
1905 1831 2004 1871 prima
2031 1831 2102 1860 die⁰
2138 1831 2224 1871 parvi

1315 1879 1480 1914 ordinarii,
1504 1886 1671 1909 convocata
1695 1880 1824 1910 nacione
1848 1880 2019 1920 Anglicana
2041 1880 2228 1910 sufficienter

1315 1929 1352 1958 ad
1374 1929 1550 1969 eligendum
1573 1936 1807 1968 procuratorem
1829 1936 1859 1959 et
1879 1930 1916 1959 ad
1937 1929 2173 1969 supplicandum
2197 1936 2227 1958 et

1314 1978 1352 2007 ad
1373 1978 1578 2007 ordinandum
1599 1984 1629 2007 et
1646 1979 1901 2018 dispensandum,
1921 1978 2037 2007 electus
2059 1978 2113 2007 suit
2129 1979 2228 2018 magi-

1315 2033 1380 2056 ster
1407 2027 1564 2057 Johannes
1593 2028 1631 2057 de
1656 2027 1797 2057 Wesalia
1825 2028 1855 2057 in
1885 2033 2117 2067 procuratorem
2147 2027 2227 2057 dicte

1314 2077 1466 2112 nacionis,
1487 2077 1571 2106 nullo
1589 2077 1830 2106 contradicente.
1852 2077 1886 2106 ln
1904 2076 1991 2116 cujus
2010 2077 2227 2116 procui-atione

1315 2131 1381 2154 acta
1396 2125 1520 2155 suerunt
1535 2125 1590 2155 hec
1605 2136 1665 2165 que
1682 2132 1865 2165 sequuntur.

1357 2174 1461 2203 Primo
1490 2174 1640 2214 magistro
1666 2174 1800 2204 Johanni
1826 2175 1864 2204 de
1894 2175 2054 2215 Sat-burgo
2079 2185 2228 2204 concessa

1316 2223 1372 2253 suit
1388 2223 1458 2253 talis
1478 2223 1686 2263 supplicacio‚
1703 2224 1823 2253 scilicet
1839 2225 1923 2263 quod
1940 2225 2060 2264 primus
2078 2224 2225 2253 determi-

1316 2282 1394 2301 nans
1425 2272 1477 2312 qui
1509 2273 1635 2303 daretur
1660 2273 1800 2313 predicte
1831 2273 1953 2302 nacioni
1985 2273 2016 2302 in
2047 2283 2127 2302 anno
2154 2279 2227 2302 tunc

1316 2320 1485 2361 incipiente
1507 2322 1617 2352 solutis
1637 2322 1797 2352 solvendis
1819 2329 1903 2352 esset
1925 2321 2062 2362 ejusdem
2088 2321 2228 2362 magistri

1316 2369 1468 2400 Johannis
1483 2371 1522 2400 de
1538 2369 1691 2411 Saburgo.

1317 2714 1388 2746 infra
1412 2714 1449 2738 ad
1471 2722 1514 2738 an.
1547 2714 1619 2743 1351,
1649 2715 1678 2738 27
1708 2715 1830 2746 Augusti,
1857 2722 2005 2746 quanquam
2029 2713 2055 2738 in
2077 2713 2230 2738 kalendario

1317 2750 1430 2783 quodam
1445 2749 1539 2783 legitur
1553 2758 1558 2774 ε
1573 2750 1722 2774 Notandum
1735 2750 1805 2782 quod
1822 2750 1942 2774 doctores
1958 2750 2088 2781 incipiunt
2102 2750 2189 2781 legere
2202 2751 2228 2774 in

1317 2794 1400 2818 parvo
1419 2786 1554 2810 ordinario
1572 2786 1657 2818 prima
1675 2786 1716 2810 die
1736 2786 1837 2817 legibili
1859 2789 1920 2818 punt
1940 2786 2036 2809 sentum
2055 2786 2228 2810 Exultutionin

1318 2825 1407 2846 sancte
1422 2822 1517 2851 crucis,
1530 2822 1570 2846 vel
1584 2825 1663 2854 prout
1673 2822 1806 2846 videbitur
1819 2822 1937 2846 facultati
1949 2821 2072 2853 expedire
2084 2822 2134 2853 (Cf.
2149 2822 2230 2846 Char-

1318 2857 1364 2882 tul.
1378 2857 1499 2882 Univers.
1515 2858 1608 2886 Paris..
1624 2858 1655 2885 ll.
1671 2866 1694 2889 p.
1710 2858 1764 2885 716,
1779 2860 1831 2881 not.
1846 2858 1895 2889 30),
1912 2865 1971 2881 nam
1987 2857 2034 2880 hoc
2049 2857 2115 2881 ualet
2128 2860 2229 2881 lantum

1315 2902 1363 2925 pro
1375 2893 1499 2925 theologie
1513 2897 1537 2918 ee
1551 2893 1703 2921 decretistia,
1717 2901 1766 2925 pro
1783 2893 1875 2925 quibua
1888 2901 2001 2925 parvum
2016 2893 2186 2918 Ordinnrium
2202 2893 2228 2918 in

1317 2929 1432 2953 crastino
1444 2929 1620 2954 Exultationie
1632 2928 1779 2961 incipiebat.
