2632 3464
419 449 469 474 711
957 444 1180 470 AUCTARIUM
1206 442 1464 469 CHARTULARII
1488 443 1661 470 UNIVERS.
1683 444 1801 472 PARIS.
2291 447 2342 473 712

419 524 473 553 suit
488 523 580 553 michi
595 521 788 562 procuratori
812 531 867 560 per
881 531 974 550 unum
993 520 1199 560 m[agistrum]
1220 519 1326 548 nacio-

419 573 479 608 nis,
497 573 579 612 quod
595 572 742 611 magister
753 570 928 610 Heynricus
945 570 981 598 de
999 569 1135 598 Arnhem
1151 579 1212 598 non
1224 569 1326 597 inten-

419 623 506 651 deret
536 620 702 661 fidejubere
728 630 786 659 pro
813 619 866 648 illo
893 618 1042 658 magistro
1068 619 1206 652 absente,
1238 617 1325 646 sicud

419 672 514 700 eciam
533 669 675 710 apparuit
697 669 727 698 in
752 668 890 708 presenti
908 667 1154 707 congregacione
1175 666 1226 695 ubi
1244 666 1324 695 dice-

417 721 479 755 bat,
497 720 578 759 quod
594 729 656 748 non
669 717 849 757 fidejuberet
866 727 923 756 pro
941 727 988 751 eo,
1010 716 1081 755 quia
1097 715 1156 744 sibi
1175 726 1236 744 non
1253 725 1324 754 sup-

416 769 583 809 plicaverat
606 774 744 806 tempore
767 767 815 796 sui
837 775 993 801 recessus,
1019 766 1073 794 sed
1098 765 1219 794 dicebat
1241 765 1324 803 quod

416 820 494 847 bene
508 817 601 847 vellet
618 817 700 856 quod
716 816 803 845 naeio
819 821 995 854 expectaret
1010 814 1109 843 adhuc
1122 815 1159 842 ab
1178 813 1230 842 illo
1246 819 1324 842 tem-

417 877 492 906 pore
508 877 606 906 usque
619 867 656 894 ad
673 866 782 894 festum
801 863 945 907 Remigii,
963 870 1124 902 antequam
1138 863 1175 891 de
1191 862 1252 891 isto
1267 861 1324 891 ali-

416 917 491 956 quid
514 916 681 944 ordinaret.
710 914 906 952 Quapropter
933 913 1090 941 nacionem
1122 911 1263 940 consului
1294 917 1324 940 et

417 964 581 995 convocavi
597 970 630 993 ut
647 973 740 1002 super
757 963 816 991 isto
832 962 990 990 ordinaret
1009 961 1121 996 taliter,
1139 961 1220 1000 quod
1239 960 1324 999 seip-

416 1025 479 1044 sam
503 1014 534 1042 in
563 1013 620 1041 hoc
649 1013 845 1050 indempnem
874 1017 1080 1050 preservaret.
1103 1010 1149 1038 2¹¹⁸
1175 1009 1323 1038 articulus

416 1063 472 1092 fuit
494 1072 588 1101 super
614 1060 898 1100 supplicacionibus
921 1066 950 1088 et
970 1058 1103 1098 injuriis.
1131 1058 1324 1098 Supplicavit

415 1112 538 1151 quidam
556 1111 678 1144 Scotus‚
694 1116 821 1139 vocatus
835 1109 982 1148 magister
998 1109 1165 1143 Robertus‚
1184 1118 1240 1146 pro
1257 1117 1322 1136 sco-

414 1161 453 1190 lis
465 1161 536 1200 quia
546 1160 677 1194 dicebat,
692 1160 773 1198 quod
786 1169 843 1198 pro
857 1158 916 1187 isto
927 1168 1007 1186 anno
1016 1157 1189 1186 intenderet
1199 1166 1320 1196 regere,

414 1208 577 1239 nesciens‘
600 1209 758 1237 nacionem
775 1207 850 1236 alias
864 1217 958 1246 super
970 1207 1024 1235 illo
1045 1207 1139 1235 fuisse
1152 1215 1322 1245 congrega-

413 1265 484 1288 tam.

457 1308 557 1346 Super
575 1307 675 1346 primo
694 1305 822 1335 articulo
841 1305 928 1334 nacio
949 1306 986 1333 de
1011 1305 1069 1334 hoc
1089 1304 1173 1334 stetit
1191 1304 1222 1333 in
1247 1304 1321 1333 alias

415 1356 605 1389 deliberatis,
630 1355 774 1384 videlicet
797 1355 879 1393 quod
903 1354 1006 1383 nullus
1030 1354 1158 1382 haberet
1183 1353 1284 1382 scolas
1305 1364 1322 1382 a

413 1406 552 1440 nacione,
574 1405 634 1433 nisi
656 1404 832 1433 caucionem
852 1403 1038 1442 fidedignam
1058 1409 1188 1442 poneret
1210 1413 1321 1432 secun-

413 1456 483 1484 dum
503 1455 628 1483 sormam
644 1454 675 1482 in
689 1453 800 1482 talibus
813 1458 1001 1481 consuetam.
1020 1452 1059 1481 Et
1072 1451 1128 1486 sic,
1143 1452 1215 1491 quia
1227 1451 1321 1492 magi-

414 1511 477 1533 ster
500 1503 675 1542 Heynricus
691 1503 827 1541 prefatus
843 1502 923 1530 illam
943 1508 1081 1540 prestare
1100 1511 1158 1540 pro
1180 1501 1321 1540 predicto

414 1553 563 1592 magistro
585 1553 712 1580 absente
729 1552 901 1585 recusabat,
924 1551 993 1580 ideo
1010 1550 1098 1579 nacio
1119 1549 1179 1579 sibi
1196 1549 1320 1579 nomine

416 1602 499 1630 illius
517 1601 656 1640 magistri
674 1600 810 1629 absentis
831 1600 930 1629 scolas
953 1610 1014 1628 non
1032 1600 1201 1629 distribuit.
1220 1599 1320 1638 Super

413 1652 443 1679 2⁰
463 1650 591 1679 articulo
609 1649 794 1678 ministravit
815 1649 859 1677 illi
877 1649 1026 1688 magistro
1047 1649 1185 1678 Roberto
1205 1648 1317 1683 scolas,

414 1699 633 1739 presupposita
650 1698 796 1727 caucione
812 1704 844 1727 ut
860 1708 963 1737 supra,
979 1704 1036 1727 etc.

455 1748 540 1777 Fecit
558 1747 698 1776 fiduciam
718 1747 912 1786 procuratori
933 1747 1055 1776 nomine
1071 1747 1209 1776 nacionis
1224 1746 1318 1786 magi-

413 1803 476 1826 ster
487 1797 698 1826 Theodericus
710 1797 747 1825 de
764 1796 846 1824 Delft
857 1806 915 1835 pro
927 1795 1075 1835 magistro
1089 1795 1182 1824 Petro
1194 1796 1264 1824 Piin
1280 1796 1318 1825 de

412 1847 506 1875 scolis
522 1846 580 1875 sibi
594 1856 651 1885 per
665 1845 822 1874 nacionem
836 1845 1023 1880 distributis,
1037 1845 1181 1874 videlicet
1195 1845 1226 1873 in
1245 1855 1317 1874 casu

411 1906 472 1934 quo
488 1896 623 1934 prefatus
639 1894 786 1933 magister
802 1894 913 1923 Petrus
926 1904 988 1922 non
1004 1901 1126 1934 regeret
1139 1904 1196 1933 pro
1210 1893 1316 1933 majori

412 1951 497 1983 parte
517 1944 666 1973 ordinarii
689 1943 803 1982 magni,
830 1949 900 1972 tunc
928 1944 964 1972 de
983 1943 1139 1972 locacione
1165 1943 1316 1972 scolarum

412 1994 571 2022 nacionem
591 1993 786 2031 indempnem
803 1998 1010 2031 preservaret.

451 2043 524 2071 Item
549 2042 619 2071 fecit
640 2042 779 2070 fiduciam
801 2041 948 2080 magister
966 2041 1131 2070 Wilelmus
1156 2042 1193 2070 de
1214 2041 1317 2070 Mont-

411 2092 507 2120 fordia
528 2101 585 2130 pro
607 2091 755 2130 magistro
774 2090 913 2119 Johanne
939 2091 976 2119 de
998 2090 1147 2119 Zwtfania
1165 2091 1202 2119 de
1222 2090 1316 2119 scolis

410 2141 468 2169 sibi
480 2151 537 2179 per
548 2139 705 2168 nacionem
718 2139 893 2168 distributis
905 2140 1073 2168 secundum
1089 2139 1215 2168 sormam
1228 2139 1316 2178 prius

410 2199 598 2228 expressam.

450 2239 524 2267 Item
545 2238 615 2266 fecit
630 2237 768 2266 fiduciam
784 2237 931 2277 magister
945 2237 1120 2266 Gwalterus
1136 2238 1173 2266 de
1188 2237 1316 2266 Foresta

409 2297 465 2326 pro
481 2287 629 2326 magistro
646 2287 819 2315 Roberto...
835 2286 896 2326 (sic)
914 2287 950 2315 de
965 2286 1058 2315 scolis
1073 2286 1131 2315 sibi
1147 2297 1203 2326 per
1214 2286 1315 2315 nacio-

409 2346 476 2365 nem
493 2336 600 2365 locatis
619 2336 714 2364 forma
731 2346 790 2374 qua
808 2345 912 2374 supra.

814 2428 910 2457 1395

508 2499 613 2537 [Acta
662 2500 698 2528 in
740 2500 1004 2539 procuratoria
1042 2500 1212 2540 magistri

628 2548 824 2577 Frederici
854 2549 1094 2590 Pritzwalk.]

449 2627 519 2665 (Vol.
539 2628 585 2667 22)
611 2628 702 2657 Facta
722 2628 966 2668 congregacione
986 2629 1124 2658 nacionis
1143 2628 1312 2668 Anglicane

409 2683 481 2715 aput
509 2677 652 2706 Sanctum
682 2677 835 2706 Julianum
865 2687 944 2706 anno
972 2677 1095 2706 Domini
1124 2678 1168 2706 Μο
1197 2677 1312 2707 CCC¹¹¹⁰

408 2725 513 2758 XCV0,
530 2726 644 2755 mensis
657 2726 802 2755 Octobris
819 2726 902 2754 XXl²
915 2726 976 2761 die,
993 2736 1086 2765 super
1104 2727 1224 2755 duobus
1237 2726 1312 2755 arti-

408 2774 495 2802 culis
513 2775 634 2803 Primus
646 2781 710 2803 erat
725 2775 761 2803 ad
778 2775 952 2814 eligendum
964 2781 1195 2814 procuratorem
1212 2775 1311 2804 nacio-

410 2823 456 2851 nis
483 2824 637 2861 predicte;
669 2825 822 2853 secundus
853 2834 946 2863 super
970 2824 1254 2863 supplicacionibus
1283 2831 1313 2853 et

440 2939 461 2961 l.
496 2940 543 2961 Ma,
559 2938 620 2961 add.
639 2938 688 2962 hic.
703 2939 813 2962 dicebat.

1361 963 1394 989 10

1360 1209 1393 1235 15

1359 1457 1392 1482 20

1356 1703 1390 1728 25

1355 1947 1388 1973 30

1354 2192 1387 2218 35

1352 2437 1385 2463 40

1350 2680 1383 2705 45

1435 517 1567 558 injuriis.
1589 519 1696 557 Quoad
1721 520 1850 560 primum
1873 521 1989 551 electus
2012 522 2068 551 fuit
2091 521 2287 552 concorditer
2310 523 2342 552 in

1435 575 1666 607 procuratorem
1680 570 1817 608 predicte
1835 570 1975 600 nacionis
1992 570 2176 601 Fredericus
2192 572 2229 600 de
2243 571 2342 601 Pritz-

1433 617 1525 647 walk.
1542 618 1650 655 Quoad
1663 619 1704 647 2¹¹¹
1718 618 1820 648 nullus
1835 619 2032 658 supplicavit.

1475 666 1565 696 Facta
1605 667 1851 707 congregacione
1886 668 2025 698 nacionis
2057 668 2230 709 Anglicane
2269 676 2343 709 aput

1435 715 1579 745 Sanctum
1598 715 1784 746 Maturinum
1802 717 1833 745 in
1852 717 1960 756 primis
1979 717 2092 747 Nostre
2111 718 2243 748 Domine
2261 729 2341 748 anno

1433 763 1558 794 Domini
1588 775 1649 805 quo
1678 775 1783 805 supra,
1813 765 1886 795 1111-
1917 766 1967 796 die
1996 767 2112 796 mensis
2143 767 2340 804 Novembris,

1433 823 1527 852 super
1541 814 1662 844 duobus
1677 814 1827 850 articulis,
1847 825 1977 854 quorum
1995 816 2115 856 primus
2131 823 2196 846 erat
2210 817 2248 846 ad
2263 817 2341 846 dan-

1432 863 1503 891 dum
1535 863 1698 903 deputatos
1732 864 1785 903 qui
1819 864 1982 894 visitarent
2015 866 2167 904 quandam
2202 866 2342 895 cedulam

1431 911 1523 940 michi
1539 913 1733 951 procuratori
1748 919 1966 952 presentatam,
1984 913 2016 942 in
2033 924 2094 953 qua
2106 914 2342 944 continebantur

1432 961 1571 1000 exposita
1586 971 1642 1000 per
1663 961 1844 1001 magistrum
1865 962 2058 992 Gherardum
2081 963 2118 992 de
2136 962 2292 1003 Versigny
2311 970 2342 993 et

1432 1019 1488 1048 per
1509 1010 1744 1039 inhabitatorem
1765 1011 1875 1040 domus
1896 1011 1990 1041 Dacie
2008 1022 2066 1051 pro
2085 1013 2340 1052 reparacionibus

1432 1058 1520 1087 factis
1536 1059 1567 1087 in
1589 1059 1694 1088 eadem
1717 1060 1819 1089 domo.
1840 1060 1885 1089 2¹¹³
1904 1061 2051 1090 articulus
2069 1067 2134 1090 erat
2151 1071 2246 1101 super
2263 1072 2340 1102 sup-

1430 1107 1655 1146 plicacionibus
1690 1114 1719 1137 et
1745 1107 1884 1147 injuriis.
1913 1109 1952 1138 Et
1975 1109 2162 1149 supplicavit
2193 1111 2342 1150 magister

1431 1156 1577 1186 Nicolaus
1595 1157 1632 1186 de
1652 1156 1866 1193 Monckedam,
1885 1157 2028 1197 quatinus
2048 1159 2136 1188 nacio
2155 1159 2214 1188 sibi
2233 1159 2340 1199 provi-

1431 1206 1518 1235 deret
1537 1207 1575 1235 de
1597 1206 1692 1235 scolis
1715 1206 1746 1235 in
1770 1207 1884 1246 quibus
1908 1217 2017 1247 regere
2038 1214 2147 1247 posset
2169 1218 2226 1247 per
2245 1208 2338 1238 istum

1430 1265 1553 1284 annum.
1565 1255 1638 1284 Item
1651 1255 1838 1295 supplicavit
1848 1256 1996 1295 magister
2010 1255 2191 1286 Gherardus
2203 1258 2337 1297 [Kalant]

1430 1314 1488 1343 pro
1502 1304 1596 1333 scolis
1606 1317 1614 1340 3
1632 1305 1713 1333 unde
1729 1304 1806 1333 dixit
1824 1306 1907 1344 quod
1922 1304 1954 1334 in
1972 1306 2218 1345 congregacione
2233 1306 2339 1336 nacio-

1430 1353 1478 1382 nis
1498 1355 1575 1382 sacta
1596 1363 1691 1393 super
1711 1354 1990 1383 distribucionibus
2009 1355 2162 1384 scolarum
2181 1355 2338 1395 magistris

1429 1402 1580 1437 nacionis,
1602 1402 1669 1442 ipse
1692 1413 1725 1431 se
1746 1403 1938 1442 presentavit
1955 1409 1985 1432 et
2006 1403 2160 1434 admissus
2179 1410 2244 1433 erat
2269 1414 2338 1434 cum

1430 1451 1509 1486 aliis,
1526 1452 1578 1480 sed
1598 1458 1729 1491 propter
1743 1452 1949 1482 infirmitatem
1965 1463 2024 1492 que
2038 1463 2105 1482 eum
2121 1454 2264 1492 prevenit
2275 1463 2337 1483 non

1430 1507 1550 1539 poterat
1571 1501 1644 1529 dare
1666 1500 1867 1540 fidejussores
1893 1502 2017 1540 quando
2039 1501 2090 1530 alii
2117 1503 2240 1537 dabant,
2268 1502 2338 1532 ideo

1429 1550 1614 1589 supplicavit
1637 1551 1720 1589 quod
1745 1549 1910 1579 haberetur
1933 1557 2097 1580 excusatus
2119 1557 2149 1580 et
2173 1551 2256 1590 quod
2277 1551 2337 1581 sibi

1429 1599 1645 1637 provideretur
1657 1600 1695 1628 de
1709 1599 1867 1628 solucione
1881 1599 2034 1628 scolarum
2047 1599 2079 1628 in
2094 1600 2207 1640 quibus
2219 1600 2338 1640 legeret

1428 1648 1516 1677 sicud
1532 1654 1561 1677 et
1575 1648 1655 1677 aliis.

1468 1697 1569 1736 Super
1585 1697 1683 1735 primo
1700 1696 1830 1726 articulo
1847 1697 1936 1726 nacio
1954 1698 2040 1727 dedit
2056 1698 2231 1737 deputatos,
2250 1697 2337 1727 scili-

1427 1753 1475 1775 cet
1496 1746 1677 1785 magistrum
1704 1746 1874 1775 Johannem
1899 1747 1936 1775 de
1964 1746 2162 1776 Claromonte
2191 1753 2222 1776 et
2245 1747 2334 1784 alios,

1427 1805 1505 1834 quos
1523 1801 1706 1834 procurator
1722 1796 1759 1824 ad
1775 1795 1832 1824 hoc
1842 1805 1953 1825 vocare
1966 1795 2068 1826 vellet.
2083 1796 2185 1835 Super
2199 1797 2336 1835 secundo

1426 1844 1617 1884 supplicacio
1631 1844 1771 1884 magistri
1788 1844 2065 1874 Nicolaiconcessa
2075 1851 2141 1874 erat
2155 1845 2215 1874 isto
2230 1846 2334 1881 modo,

1426 1894 1509 1932 quod
1527 1892 1595 1932 ipse
1612 1893 1671 1922 sibi
1687 1893 1865 1932 provideret
1880 1894 1917 1923 de
1931 1894 2025 1923 scolis
2041 1894 2073 1923 in
2089 1894 2158 1924 vico
2173 1894 2200 1923 si
2216 1900 2333 1933 posset,

1426 1942 1498 1981 quia
1529 1942 1727 1982 presumpcio
1759 1948 1825 1972 erat
1855 1943 1938 1982 quod
1969 1942 2063 1982 aliqui
2095 1943 2229 1973 lecturas
2262 1953 2334 1973 suas

1425 1991 1614 2020 dimitterent
1632 1998 1661 2020 et
1673 1991 1761 2020 nacio
1777 2001 1835 2030 pro
1853 1992 1898 2021 eis
1917 1992 2118 2021 satisfaceret.
2137 1992 2334 2032 Supplicacio

1425 2050 1499 2069 vero
1527 2040 1668 2079 magistri
1700 2040 1852 2069 Gherardi
1889 2051 1951 2070 non
1985 2047 2050 2070 erat
2083 2041 2228 2076 admissa,
2262 2041 2335 2081 quia

1425 2089 1565 2128 magistri
1595 2089 1748 2118 informati
1775 2096 1862 2119 erant
1888 2090 1971 2129 quod
1999 2090 2158 2129 predictus
2186 2090 2334 2130 magister

1426 2137 1605 2167 Gherardus
1621 2138 1738 2178 legeret
1756 2138 1786 2167 in
1807 2139 1898 2168 domo
1916 2149 1981 2174 sua,
2000 2145 2030 2168 et
2049 2139 2094 2168 sic
2116 2149 2178 2168 non
2196 2139 2334 2179 oportuit

1425 2197 1492 2215 eum
1509 2187 1629 2216 solvere
1647 2198 1704 2227 pro
1723 2187 1828 2217 scolis.

1464 2236 1555 2265 Facta
1573 2236 1818 2276 congregacione
1839 2236 1978 2266 nacionis
2001 2236 2171 2276 Anglicane
2191 2236 2222 2266 in
2240 2237 2331 2267 nonis

1424 2285 1536 2314 Nostre
1553 2285 1684 2314 Domine
1703 2285 1742 2314 V*
1761 2285 1810 2314 die
1831 2286 1946 2315 mensis
1963 2285 2147 2315 Novembris
2169 2285 2200 2314 in
2220 2285 2332 2315 Sancto

1423 2334 1578 2363 Maturino
1603 2344 1697 2374 super
1723 2335 1843 2364 duobus
1866 2334 2022 2370 articulis,
2053 2344 2183 2374 quorum
2211 2335 2331 2374 primus

1423 2389 1487 2411 erat
1506 2384 1544 2411 ad
1564 2383 1789 2422 providendum
1813 2393 1907 2423 super
1927 2384 2006 2413 sacto
2024 2383 2163 2422 magistri
2181 2383 2331 2413 Johannis

1422 2433 1460 2460 de
1484 2432 1632 2461 Moravia.
1651 2432 1739 2461 Unde
1762 2432 1965 2472 significatum
1988 2438 2052 2461 erat
2069 2431 2161 2461 michi
2181 2442 2330 2471 procura-

1422 2481 1481 2509 tori
1503 2490 1558 2519 per
1580 2481 1701 2520 aliquos
1725 2481 1890 2521 magistros
1915 2481 2053 2510 nacionis
2076 2481 2225 2520 predicte,
2247 2482 2328 2520 quod

1422 2530 1563 2568 sequenti
1581 2530 1630 2558 die
1646 2531 1799 2559 debebant
1816 2530 1990 2569 presentari
2011 2529 2177 2558 bachalarii
2195 2530 2226 2558 in
2245 2530 2330 2560 theo-

1421 2578 1503 2618 logia
1522 2589 1578 2617 pro
1595 2579 1721 2607 licencia
1739 2579 1917 2618 optinenda,
1937 2579 2018 2608 inter
2037 2589 2115 2618 quos
2135 2585 2168 2608 ut
2185 2580 2330 2608 credeba-

1421 2633 1470 2656 tur
1489 2627 1636 2666 magister
1655 2627 1811 2656 Johannes
1827 2628 1864 2656 de
1881 2627 2020 2656 Moravia
2036 2634 2101 2656 erat
2117 2638 2208 2657 unus.
2227 2628 2329 2668 Signi-

1420 2676 1540 2704 ficatum
1564 2676 1658 2705 eciam
1681 2683 1745 2705 erat
1767 2676 1859 2704 michi
1883 2677 1966 2715 quod
1989 2676 2084 2715 aliqui
2109 2683 2328 2716 procuratores

1421 2724 1546 2753 aliarum
1565 2725 1726 2754 nacionum
1742 2735 1759 2754 a
1776 2725 1841 2754 suis
1859 2725 2041 2754 nacionibus
2060 2726 2230 2764 querebant
2246 2726 2330 2765 quod

1420 2774 1614 2812 requirerent
1626 2780 1775 2803 rectorem
1785 2773 1809 2807 ²,
1834 2779 1866 2802 ut
1879 2780 2008 2812 poneret
2020 2774 2270 2813 impedimentum
2290 2784 2328 2803 ne

1421 2823 1577 2860 predictus
1591 2823 1738 2862 magister
1752 2822 1908 2851 ,lohannes
1917 2823 1957 2862 >de
1971 2823 2107 2852 Moravia
2119 2824 2156 2852 ad
2170 2823 2327 2852 licenciam

1452 2939 1473 2961 2.
1509 2938 1560 2969 Qui
1571 2940 1631 2961 tum·
1639 2938 1690 2969 suit
1700 2938 1821 2962 Galterus
1833 2938 1987 2967 Forestarii,
1998 2941 2052 2962 nat.
2066 2938 2177 2970 Anglic„
2189 2938 2222 2962 ab
2237 2938 2325 2962 octob.

1423 2974 1451 2996 10
1465 2973 1501 2996 ad
1513 2973 1627 2997 Decemb.
1642 2974 1679 2996 16.

2620 1739 2632 1759 -2‘1
2619 1636 2632 1729 cah-nuh...
2623 1528 2632 1630 arui-am.
2619 1183 2632 1522 ‘mmmmm-*fla*
2628 1171 2632 1178 ,,
2627 1158 2630 1162 .

2610 1831 2632 1916 ,ωζκχ
2617 1777 2632 1818 ..ι’-
