<?xml version="1.0" encoding="UTF-8"?>
<!DOCTYPE html PUBLIC "-//W3C//DTD XHTML 1.0 Transitional//EN"
    "http://www.w3.org/TR/xhtml1/DTD/xhtml1-transitional.dtd">
<html xmlns="http://www.w3.org/1999/xhtml" xml:lang="en" lang="en">
 <head>
  <title>
</title>
<meta http-equiv="Content-Type" content="text/html;charset=utf-8" />
  <meta name='ocr-system' content='tesseract 3.04.00' />
  <meta name='ocr-capabilities' content='ocr_page ocr_carea ocr_par ocr_line ocrx_word'/>
</head>
<body>
  <div class='ocr_page' id='page_1' title='image "auctariumchartul01univuoft_0450.png"; bbox 0 0 2632 3464; ppageno 0'>
   <div class='ocr_carea' id='block_1_1' title="bbox 932 0 2632 287">
    <p class='ocr_par' dir='ltr' id='par_1_1' title="bbox 932 0 2632 287">
     <span class='ocr_line' id='line_1_1' title="bbox 932 0 2632 287; baseline 0 3177"><span class='ocrx_word' id='word_1_1' title='bbox 932 0 2632 287; x_wconf 95' lang='lat' dir='ltr'><strong> </strong></span> 
     </span>
    </p>
   </div>
   <div class='ocr_carea' id='block_1_2' title="bbox 405 451 455 476">
    <p class='ocr_par' dir='ltr' id='par_1_2' title="bbox 405 451 455 476">
     <span class='ocr_line' id='line_1_2' title="bbox 405 451 455 476; baseline 0 0"><span class='ocrx_word' id='word_1_2' title='bbox 405 451 455 476; x_wconf 76' lang='lat'><strong>723</strong></span> 
     </span>
    </p>
   </div>
   <div class='ocr_carea' id='block_1_3' title="bbox 404 522 1316 664">
    <p class='ocr_par' dir='ltr' id='par_1_3' title="bbox 404 522 1316 664">
     <span class='ocr_line' id='line_1_3' title="bbox 406 522 1316 565; baseline -0.007 -9"><span class='ocrx_word' id='word_1_3' title='bbox 406 533 436 556; x_wconf 87' lang='lat' dir='ltr'><strong>et</strong></span> <span class='ocrx_word' id='word_1_4' title='bbox 451 525 572 565; x_wconf 87' lang='lat' dir='ltr'><strong>injuriis</strong></span> <span class='ocrx_word' id='word_1_5' title='bbox 594 525 779 565; x_wconf 84' lang='lat' dir='ltr'>supplicavit</span> <span class='ocrx_word' id='word_1_6' title='bbox 794 524 937 553; x_wconf 87' lang='lat' dir='ltr'><strong>dominus</strong></span> <span class='ocrx_word' id='word_1_7' title='bbox 954 524 1087 552; x_wconf 85' lang='lat' dir='ltr'><strong>Jacobus</strong></span> <span class='ocrx_word' id='word_1_8' title='bbox 1108 523 1146 551; x_wconf 91' lang='lat' dir='ltr'><strong>de</strong></span> <span class='ocrx_word' id='word_1_9' title='bbox 1164 522 1263 557; x_wconf 81' lang='lat' dir='ltr'><strong>Ulma.</strong></span> <span class='ocrx_word' id='word_1_10' title='bbox 1283 527 1316 551; x_wconf 88' lang='lat' dir='ltr'><strong>ut</strong></span> 
     </span>
     <span class='ocr_line' id='line_1_4' title="bbox 404 573 1315 613; baseline -0.007 -8"><span class='ocrx_word' id='word_1_11' title='bbox 404 576 616 605; x_wconf 75' lang='lat' dir='ltr'><strong>admitteretur</strong></span> <span class='ocrx_word' id='word_1_12' title='bbox 628 575 665 604; x_wconf 83' lang='lat' dir='ltr'><strong>ad</strong></span> <span class='ocrx_word' id='word_1_13' title='bbox 683 573 840 603; x_wconf 83' lang='lat' dir='ltr'><strong>licenciam</strong></span> <span class='ocrx_word' id='word_1_14' title='bbox 858 573 1066 613; x_wconf 75' lang='lat' dir='ltr'><strong>magistralem</strong></span> <span class='ocrx_word' id='word_1_15' title='bbox 1080 578 1223 611; x_wconf 89' lang='lat' dir='ltr'><strong>tanquam</strong></span> <span class='ocrx_word' id='word_1_16' title='bbox 1238 580 1315 610; x_wconf 88' lang='lat' dir='ltr'><strong>pau-</strong></span> 
     </span>
     <span class='ocr_line' id='line_1_5' title="bbox 407 620 1311 664; baseline -0.007 -10"><span class='ocrx_word' id='word_1_17' title='bbox 407 635 473 664; x_wconf 87' lang='lat' dir='ltr'><strong>per.</strong></span> <span class='ocrx_word' id='word_1_18' title='bbox 499 624 539 653; x_wconf 91' lang='lat' dir='ltr'><strong>Et</strong></span> <span class='ocrx_word' id='word_1_19' title='bbox 565 633 746 653; x_wconf 87' lang='lat' dir='ltr'><strong>concessum</strong></span> <span class='ocrx_word' id='word_1_20' title='bbox 769 629 816 652; x_wconf 90' lang='lat' dir='ltr'><strong>est</strong></span> <span class='ocrx_word' id='word_1_21' title='bbox 838 622 898 651; x_wconf 89' lang='lat' dir='ltr'><strong>sibi</strong></span> <span class='ocrx_word' id='word_1_22' title='bbox 915 627 1047 661; x_wconf 86' lang='lat' dir='ltr'><strong>protunc</strong></span> <span class='ocrx_word' id='word_1_23' title='bbox 1066 631 1123 660; x_wconf 89' lang='lat' dir='ltr'><strong>per</strong></span> <span class='ocrx_word' id='word_1_24' title='bbox 1141 620 1311 649; x_wconf 85' lang='lat' dir='ltr'><strong>nacionem.</strong></span> 
     </span>
    </p>
   </div>
   <div class='ocr_carea' id='block_1_4' title="bbox 812 714 909 744">
    <p class='ocr_par' dir='ltr' id='par_1_4' title="bbox 812 714 909 744">
     <span class='ocr_line' id='line_1_6' title="bbox 812 714 909 744; baseline 0 -1"><span class='ocrx_word' id='word_1_25' title='bbox 812 714 909 744; x_wconf 81' lang='lat'>1396</span> 
     </span>
    </p>
   </div>
   <div class='ocr_carea' id='block_1_5' title="bbox 476 782 1248 873">
    <p class='ocr_par' dir='ltr' id='par_1_5' title="bbox 476 782 1248 873">
     <span class='ocr_line' id='line_1_7' title="bbox 476 782 1248 825; baseline -0.009 -8"><span class='ocrx_word' id='word_1_26' title='bbox 476 787 566 817; x_wconf 85' lang='lat' dir='ltr'><strong>Acta</strong></span> <span class='ocrx_word' id='word_1_27' title='bbox 599 787 634 815; x_wconf 94' lang='lat' dir='ltr'><strong>in</strong></span> <span class='ocrx_word' id='word_1_28' title='bbox 663 784 924 825; x_wconf 85' lang='lat' dir='ltr'><strong>procuratoria</strong></span> <span class='ocrx_word' id='word_1_29' title='bbox 950 782 1174 812; x_wconf 88' lang='lat' dir='ltr'><strong>Theodorici</strong></span> <span class='ocrx_word' id='word_1_30' title='bbox 1207 782 1248 810; x_wconf 89' lang='lat' dir='ltr'><strong>de</strong></span> 
     </span>
     <span class='ocr_line' id='line_1_8' title="bbox 765 834 956 873; baseline -0.01 -10"><span class='ocrx_word' id='word_1_31' title='bbox 765 834 956 873; x_wconf 87' lang='lat' dir='ltr'><strong>Scyedam.</strong></span> 
     </span>
    </p>
   </div>
   <div class='ocr_carea' id='block_1_6' title="bbox 405 910 1322 2866">
    <p class='ocr_par' dir='ltr' id='par_1_6' title="bbox 405 910 1319 1542">
     <span class='ocr_line' id='line_1_9' title="bbox 447 910 1314 955; baseline -0.009 -9"><span class='ocrx_word' id='word_1_32' title='bbox 447 918 536 946; x_wconf 86' lang='lat' dir='ltr'><strong>Facta</strong></span> <span class='ocrx_word' id='word_1_33' title='bbox 552 915 796 955; x_wconf 73' lang='lat' dir='ltr'>congregacione</span> <span class='ocrx_word' id='word_1_34' title='bbox 810 913 947 942; x_wconf 82' lang='lat' dir='ltr'>nacionis</span> <span class='ocrx_word' id='word_1_35' title='bbox 963 913 1044 951; x_wconf 90' lang='lat' dir='ltr'><strong>apud</strong></span> <span class='ocrx_word' id='word_1_36' title='bbox 1063 911 1207 940; x_wconf 89' lang='lat' dir='ltr'><strong>Sanctum</strong></span> <span class='ocrx_word' id='word_1_37' title='bbox 1222 910 1314 939; x_wconf 86' lang='lat' dir='ltr'><strong>Julia-</strong></span> 
     </span>
     <span class='ocr_line' id='line_1_10' title="bbox 405 962 1315 1002; baseline -0.01 -6"><span class='ocrx_word' id='word_1_38' title='bbox 405 977 477 996; x_wconf 88' lang='lat' dir='ltr'><strong>num</strong></span> <span class='ocrx_word' id='word_1_39' title='bbox 491 967 540 995; x_wconf 88' lang='lat' dir='ltr'><strong>die</strong></span> <span class='ocrx_word' id='word_1_40' title='bbox 552 966 582 994; x_wconf 70' lang='lat'><strong>4³</strong></span> <span class='ocrx_word' id='word_1_41' title='bbox 595 965 710 994; x_wconf 83' lang='lat' dir='ltr'>mensis</span> <span class='ocrx_word' id='word_1_42' title='bbox 725 964 794 1002; x_wconf 89' lang='lat' dir='ltr'><strong>May</strong></span> <span class='ocrx_word' id='word_1_43' title='bbox 810 973 889 992; x_wconf 88' lang='lat' dir='ltr'><strong>anno</strong></span> <span class='ocrx_word' id='word_1_44' title='bbox 902 962 1026 991; x_wconf 91' lang='lat' dir='ltr'>Domini</span> <span class='ocrx_word' id='word_1_45' title='bbox 1040 971 1101 1000; x_wconf 92' lang='lat' dir='ltr'><strong>quo</strong></span> <span class='ocrx_word' id='word_1_46' title='bbox 1113 970 1208 999; x_wconf 89' lang='lat' dir='ltr'><strong>supra</strong></span> <span class='ocrx_word' id='word_1_47' title='bbox 1220 968 1315 998; x_wconf 86' lang='lat' dir='ltr'><strong>super</strong></span> 
     </span>
     <span class='ocr_line' id='line_1_11' title="bbox 405 1011 1315 1050; baseline -0.011 -4"><span class='ocrx_word' id='word_1_48' title='bbox 405 1017 525 1046; x_wconf 89' lang='lat' dir='ltr'><strong>duobus</strong></span> <span class='ocrx_word' id='word_1_49' title='bbox 544 1014 692 1044; x_wconf 82' lang='lat' dir='ltr'><strong>articulis.</strong></span> <span class='ocrx_word' id='word_1_50' title='bbox 710 1013 833 1042; x_wconf 82' lang='lat' dir='ltr'><strong>Primus</strong></span> <span class='ocrx_word' id='word_1_51' title='bbox 853 1012 890 1040; x_wconf 85' lang='lat' dir='ltr'><strong>ad</strong></span> <span class='ocrx_word' id='word_1_52' title='bbox 912 1011 1086 1050; x_wconf 88' lang='lat' dir='ltr'><strong>eligendum</strong></span> <span class='ocrx_word' id='word_1_53' title='bbox 1104 1019 1217 1038; x_wconf 91' lang='lat' dir='ltr'><strong>novum</strong></span> <span class='ocrx_word' id='word_1_54' title='bbox 1239 1018 1315 1048; x_wconf 90' lang='lat' dir='ltr'><strong>pro-</strong></span> 
     </span>
     <span class='ocr_line' id='line_1_12' title="bbox 405 1060 1315 1097; baseline -0.01 -2"><span class='ocrx_word' id='word_1_55' title='bbox 405 1072 577 1095; x_wconf 89' lang='lat' dir='ltr'><strong>curatorem</strong></span> <span class='ocrx_word' id='word_1_56' title='bbox 589 1063 637 1093; x_wconf 89' lang='lat' dir='ltr'><strong>vel</strong></span> <span class='ocrx_word' id='word_1_57' title='bbox 653 1063 691 1091; x_wconf 95' lang='lat' dir='ltr'><strong>ad</strong></span> <span class='ocrx_word' id='word_1_58' title='bbox 708 1061 946 1091; x_wconf 88' lang='lat' dir='ltr'><strong>continuandum</strong></span> <span class='ocrx_word' id='word_1_59' title='bbox 962 1060 1118 1088; x_wconf 89' lang='lat' dir='ltr'><strong>dominum</strong></span> <span class='ocrx_word' id='word_1_60' title='bbox 1133 1063 1315 1097; x_wconf 86' lang='lat' dir='ltr'><strong>procurato-</strong></span> 
     </span>
     <span class='ocr_line' id='line_1_13' title="bbox 405 1106 1313 1153; baseline -0.011 -9"><span class='ocrx_word' id='word_1_61' title='bbox 405 1125 469 1144; x_wconf 86' lang='lat' dir='ltr'><strong>rem</strong></span> <span class='ocrx_word' id='word_1_62' title='bbox 495 1114 547 1153; x_wconf 90' lang='lat' dir='ltr'><strong>qui</strong></span> <span class='ocrx_word' id='word_1_63' title='bbox 567 1119 698 1153; x_wconf 88' lang='lat' dir='ltr'><strong>protunc</strong></span> <span class='ocrx_word' id='word_1_64' title='bbox 719 1111 783 1140; x_wconf 86' lang='lat' dir='ltr'><strong>fuit.</strong></span> <span class='ocrx_word' id='word_1_65' title='bbox 808 1110 854 1138; x_wconf 82' lang='lat'><strong>2¹¹⁸</strong></span> <span class='ocrx_word' id='word_1_66' title='bbox 878 1115 942 1138; x_wconf 83' lang='lat' dir='ltr'><strong>erat</strong></span> <span class='ocrx_word' id='word_1_67' title='bbox 963 1115 996 1138; x_wconf 88' lang='lat' dir='ltr'><strong>ut</strong></span> <span class='ocrx_word' id='word_1_68' title='bbox 1017 1108 1140 1147; x_wconf 88' lang='lat' dir='ltr'><strong>quidam</strong></span> <span class='ocrx_word' id='word_1_69' title='bbox 1163 1106 1313 1146; x_wconf 80' lang='lat' dir='ltr'><strong>magistri,</strong></span> 
     </span>
     <span class='ocr_line' id='line_1_14' title="bbox 407 1158 1316 1204; baseline -0.01 -11"><span class='ocrx_word' id='word_1_70' title='bbox 407 1164 459 1204; x_wconf 89' lang='lat' dir='ltr'><strong>qui</strong></span> <span class='ocrx_word' id='word_1_71' title='bbox 473 1165 510 1192; x_wconf 94' lang='lat' dir='ltr'><strong>de</strong></span> <span class='ocrx_word' id='word_1_72' title='bbox 523 1173 602 1191; x_wconf 89' lang='lat' dir='ltr'><strong>novo</strong></span> <span class='ocrx_word' id='word_1_73' title='bbox 613 1162 806 1200; x_wconf 88' lang='lat' dir='ltr'><strong>inceperunt,</strong></span> <span class='ocrx_word' id='word_1_74' title='bbox 823 1159 979 1188; x_wconf 85' lang='lat' dir='ltr'><strong>solverent</strong></span> <span class='ocrx_word' id='word_1_75' title='bbox 993 1158 1122 1197; x_wconf 85' lang='lat' dir='ltr'><strong>primam</strong></span> <span class='ocrx_word' id='word_1_76' title='bbox 1133 1162 1316 1196; x_wconf 86' lang='lat' dir='ltr'><strong>procurato-</strong></span> 
     </span>
     <span class='ocr_line' id='line_1_15' title="bbox 407 1205 1318 1250; baseline -0.01 -8"><span class='ocrx_word' id='word_1_77' title='bbox 407 1214 494 1242; x_wconf 83' lang='lat' dir='ltr'><strong>riam.</strong></span> <span class='ocrx_word' id='word_1_78' title='bbox 525 1213 570 1241; x_wconf 94' lang='lat' dir='ltr'><strong>De</strong></span> <span class='ocrx_word' id='word_1_79' title='bbox 595 1211 696 1250; x_wconf 81' lang='lat' dir='ltr'><strong>primo</strong></span> <span class='ocrx_word' id='word_1_80' title='bbox 721 1208 917 1238; x_wconf 90' lang='lat' dir='ltr'><strong>concorditer</strong></span> <span class='ocrx_word' id='word_1_81' title='bbox 940 1207 1025 1236; x_wconf 91' lang='lat' dir='ltr'><strong>nullo</strong></span> <span class='ocrx_word' id='word_1_82' title='bbox 1048 1206 1232 1235; x_wconf 84' lang='lat' dir='ltr'><strong>reclamante</strong></span> <span class='ocrx_word' id='word_1_83' title='bbox 1261 1205 1318 1234; x_wconf 86' lang='lat' dir='ltr'><strong>fuit</strong></span> 
     </span>
     <span class='ocr_line' id='line_1_16' title="bbox 410 1256 1316 1296; baseline -0.01 -5"><span class='ocrx_word' id='word_1_84' title='bbox 410 1262 525 1291; x_wconf 89' lang='lat' dir='ltr'><strong>electus</strong></span> <span class='ocrx_word' id='word_1_85' title='bbox 552 1259 761 1289; x_wconf 88' lang='lat' dir='ltr'><strong>Theodericus</strong></span> <span class='ocrx_word' id='word_1_86' title='bbox 787 1259 825 1286; x_wconf 91' lang='lat' dir='ltr'><strong>de</strong></span> <span class='ocrx_word' id='word_1_87' title='bbox 851 1257 1001 1296; x_wconf 86' lang='lat' dir='ltr'><strong>Scyedam</strong></span> <span class='ocrx_word' id='word_1_88' title='bbox 1028 1256 1059 1284; x_wconf 90' lang='lat' dir='ltr'><strong>in</strong></span> <span class='ocrx_word' id='word_1_89' title='bbox 1084 1261 1316 1295; x_wconf 89' lang='lat' dir='ltr'><strong>procuratorem</strong></span> 
     </span>
     <span class='ocr_line' id='line_1_17' title="bbox 406 1303 1316 1348; baseline -0.01 -8"><span class='ocrx_word' id='word_1_90' title='bbox 406 1310 546 1340; x_wconf 87' lang='lat' dir='ltr'><strong>nacionis</strong></span> <span class='ocrx_word' id='word_1_91' title='bbox 562 1309 743 1348; x_wconf 84' lang='lat' dir='ltr'><strong>Anglicane.</strong></span> <span class='ocrx_word' id='word_1_92' title='bbox 760 1307 805 1336; x_wconf 93' lang='lat' dir='ltr'><strong>De</strong></span> <span class='ocrx_word' id='word_1_93' title='bbox 821 1307 852 1335; x_wconf 85' lang='lat'><strong>2⁰</strong></span> <span class='ocrx_word' id='word_1_94' title='bbox 867 1306 942 1335; x_wconf 92' lang='lat' dir='ltr'><strong>nulli</strong></span> <span class='ocrx_word' id='word_1_95' title='bbox 958 1305 1030 1334; x_wconf 89' lang='lat' dir='ltr'><strong>novi</strong></span> <span class='ocrx_word' id='word_1_96' title='bbox 1050 1305 1191 1344; x_wconf 84' lang='lat' dir='ltr'><strong>magistri</strong></span> <span class='ocrx_word' id='word_1_97' title='bbox 1205 1303 1211 1321; x_wconf 77' lang='lat'><strong>¹</strong></span> <span class='ocrx_word' id='word_1_98' title='bbox 1227 1313 1316 1332; x_wconf 90' lang='lat' dir='ltr'><strong>vene-</strong></span> 
     </span>
     <span class='ocr_line' id='line_1_18' title="bbox 407 1352 1319 1395; baseline -0.01 -5"><span class='ocrx_word' id='word_1_99' title='bbox 407 1367 479 1390; x_wconf 90' lang='lat' dir='ltr'><strong>runt</strong></span> <span class='ocrx_word' id='word_1_100' title='bbox 507 1369 562 1388; x_wconf 92' lang='lat' dir='ltr'><strong>nec</strong></span> <span class='ocrx_word' id='word_1_101' title='bbox 592 1357 732 1387; x_wconf 90' lang='lat' dir='ltr'><strong>bedellus</strong></span> <span class='ocrx_word' id='word_1_102' title='bbox 758 1356 877 1395; x_wconf 88' lang='lat' dir='ltr'><strong>aliquas</strong></span> <span class='ocrx_word' id='word_1_103' title='bbox 905 1355 1054 1395; x_wconf 87' lang='lat' dir='ltr'><strong>pecunias</strong></span> <span class='ocrx_word' id='word_1_104' title='bbox 1081 1355 1118 1383; x_wconf 87' lang='lat' dir='ltr'><strong>ab</strong></span> <span class='ocrx_word' id='word_1_105' title='bbox 1143 1354 1188 1382; x_wconf 89' lang='lat' dir='ltr'><strong>eis</strong></span> <span class='ocrx_word' id='word_1_106' title='bbox 1219 1352 1319 1392; x_wconf 85' lang='lat' dir='ltr'><strong>potuit</strong></span> 
     </span>
     <span class='ocr_line' id='line_1_19' title="bbox 409 1401 1319 1439; baseline -0.009 -1"><span class='ocrx_word' id='word_1_107' title='bbox 409 1410 531 1439; x_wconf 86' lang='lat' dir='ltr'><strong>habere.</strong></span> <span class='ocrx_word' id='word_1_108' title='bbox 560 1408 674 1436; x_wconf 85' lang='lat' dir='ltr'><strong>Tamen</strong></span> <span class='ocrx_word' id='word_1_109' title='bbox 705 1406 793 1434; x_wconf 88' lang='lat' dir='ltr'><strong>nacio</strong></span> <span class='ocrx_word' id='word_1_110' title='bbox 819 1406 976 1434; x_wconf 85' lang='lat' dir='ltr'><strong>tabernam</strong></span> <span class='ocrx_word' id='word_1_111' title='bbox 1001 1403 1143 1437; x_wconf 89' lang='lat' dir='ltr'><strong>intravit,</strong></span> <span class='ocrx_word' id='word_1_112' title='bbox 1168 1408 1199 1431; x_wconf 86' lang='lat' dir='ltr'><strong>et</strong></span> <span class='ocrx_word' id='word_1_113' title='bbox 1227 1401 1319 1431; x_wconf 89' lang='lat' dir='ltr'><strong>solvit</strong></span> 
     </span>
     <span class='ocr_line' id='line_1_20' title="bbox 406 1452 1318 1498; baseline -0.009 -11"><span class='ocrx_word' id='word_1_114' title='bbox 406 1464 590 1498; x_wconf 86' lang='lat' dir='ltr'><strong>procurator</strong></span> <span class='ocrx_word' id='word_1_115' title='bbox 609 1456 724 1485; x_wconf 88' lang='lat' dir='ltr'><strong>electus</strong></span> <span class='ocrx_word' id='word_1_116' title='bbox 743 1454 802 1483; x_wconf 89' lang='lat' dir='ltr'><strong>llll</strong></span> <span class='ocrx_word' id='word_1_117' title='bbox 820 1454 950 1488; x_wconf 85' lang='lat' dir='ltr'><strong>solidos,</strong></span> <span class='ocrx_word' id='word_1_118' title='bbox 969 1459 999 1482; x_wconf 90' lang='lat' dir='ltr'><strong>et</strong></span> <span class='ocrx_word' id='word_1_119' title='bbox 1016 1458 1199 1491; x_wconf 86' lang='lat' dir='ltr'><strong>procurator</strong></span> <span class='ocrx_word' id='word_1_120' title='bbox 1220 1452 1318 1490; x_wconf 90' lang='lat' dir='ltr'><strong>depo-</strong></span> 
     </span>
     <span class='ocr_line' id='line_1_21' title="bbox 409 1501 1195 1542; baseline -0.009 -6"><span class='ocrx_word' id='word_1_121' title='bbox 409 1508 487 1537; x_wconf 88' lang='lat' dir='ltr'><strong>situs</strong></span> <span class='ocrx_word' id='word_1_122' title='bbox 504 1506 563 1535; x_wconf 90' lang='lat' dir='ltr'><strong>llll</strong></span> <span class='ocrx_word' id='word_1_123' title='bbox 579 1505 708 1535; x_wconf 89' lang='lat' dir='ltr'><strong>solidos.</strong></span> <span class='ocrx_word' id='word_1_124' title='bbox 729 1504 774 1533; x_wconf 91' lang='lat' dir='ltr'><strong>De</strong></span> <span class='ocrx_word' id='word_1_125' title='bbox 790 1502 1074 1542; x_wconf 86' lang='lat' dir='ltr'><strong>supplicacionibus</strong></span> <span class='ocrx_word' id='word_1_126' title='bbox 1090 1501 1195 1530; x_wconf 85' lang='lat' dir='ltr'><strong>nichil.</strong></span> 
     </span>
    </p>

    <p class='ocr_par' dir='ltr' id='par_1_7' title="bbox 408 1549 1319 1684">
     <span class='ocr_line' id='line_1_22' title="bbox 452 1549 1318 1585; baseline -0.009 0"><span class='ocrx_word' id='word_1_127' title='bbox 452 1555 646 1585; x_wconf 86' lang='lat' dir='ltr'><strong>Licenciatus</strong></span> <span class='ocrx_word' id='word_1_128' title='bbox 685 1559 732 1582; x_wconf 90' lang='lat' dir='ltr'><strong>est</strong></span> <span class='ocrx_word' id='word_1_129' title='bbox 764 1553 907 1582; x_wconf 91' lang='lat' dir='ltr'><strong>dominus</strong></span> <span class='ocrx_word' id='word_1_130' title='bbox 937 1551 1093 1580; x_wconf 86' lang='lat' dir='ltr'><strong>Johannes</strong></span> <span class='ocrx_word' id='word_1_131' title='bbox 1126 1550 1228 1579; x_wconf 92' lang='lat' dir='ltr'><strong>Zeller</strong></span> <span class='ocrx_word' id='word_1_132' title='bbox 1261 1549 1318 1578; x_wconf 90' lang='lat' dir='ltr'><strong>sub</strong></span> 
     </span>
     <span class='ocr_line' id='line_1_23' title="bbox 409 1598 1319 1645; baseline -0.009 -10"><span class='ocrx_word' id='word_1_133' title='bbox 409 1606 556 1645; x_wconf 90' lang='lat' dir='ltr'><strong>magistro</strong></span> <span class='ocrx_word' id='word_1_134' title='bbox 572 1603 709 1643; x_wconf 90' lang='lat' dir='ltr'><strong>Nycolao</strong></span> <span class='ocrx_word' id='word_1_135' title='bbox 723 1603 759 1631; x_wconf 89' lang='lat' dir='ltr'><strong>de</strong></span> <span class='ocrx_word' id='word_1_136' title='bbox 774 1602 937 1636; x_wconf 89' lang='lat' dir='ltr'><strong>Gameren,</strong></span> <span class='ocrx_word' id='word_1_137' title='bbox 952 1599 1038 1639; x_wconf 88' lang='lat' dir='ltr'><strong>cujus</strong></span> <span class='ocrx_word' id='word_1_138' title='bbox 1051 1601 1146 1629; x_wconf 88' lang='lat' dir='ltr'><strong>bursa</strong></span> <span class='ocrx_word' id='word_1_139' title='bbox 1155 1599 1213 1628; x_wconf 87' lang='lat' dir='ltr'><strong>Vll</strong></span> <span class='ocrx_word' id='word_1_140' title='bbox 1226 1598 1319 1628; x_wconf 91' lang='lat' dir='ltr'><strong>solidi</strong></span> 
     </span>
     <span class='ocr_line' id='line_1_24' title="bbox 408 1653 656 1684; baseline -0.012 0"><span class='ocrx_word' id='word_1_141' title='bbox 408 1662 437 1684; x_wconf 84' lang='lat' dir='ltr'><strong>et</strong></span> <span class='ocrx_word' id='word_1_142' title='bbox 453 1655 512 1684; x_wconf 90' lang='lat' dir='ltr'><strong>llll</strong></span> <span class='ocrx_word' id='word_1_143' title='bbox 527 1653 656 1682; x_wconf 89' lang='lat' dir='ltr'><strong>denarii.</strong></span> 
     </span>
    </p>

    <p class='ocr_par' dir='ltr' id='par_1_8' title="bbox 409 1696 1318 1782">
     <span class='ocr_line' id='line_1_25' title="bbox 451 1696 1318 1742; baseline -0.007 -10"><span class='ocrx_word' id='word_1_144' title='bbox 451 1703 570 1742; x_wconf 90' lang='lat' dir='ltr'><strong>lncepit</strong></span> <span class='ocrx_word' id='word_1_145' title='bbox 585 1702 727 1731; x_wconf 90' lang='lat' dir='ltr'><strong>dominus</strong></span> <span class='ocrx_word' id='word_1_146' title='bbox 742 1700 898 1730; x_wconf 71' lang='lat' dir='ltr'><strong>,lohannes</strong></span> <span class='ocrx_word' id='word_1_147' title='bbox 913 1698 1014 1728; x_wconf 89' lang='lat' dir='ltr'><strong>Zeller</strong></span> <span class='ocrx_word' id='word_1_148' title='bbox 1029 1699 1086 1727; x_wconf 91' lang='lat' dir='ltr'><strong>sub</strong></span> <span class='ocrx_word' id='word_1_149' title='bbox 1100 1699 1219 1733; x_wconf 87' lang='lat' dir='ltr'><strong>eodem,</strong></span> <span class='ocrx_word' id='word_1_150' title='bbox 1232 1696 1318 1737; x_wconf 80' lang='lat' dir='ltr'><strong>cujus</strong></span> 
     </span>
     <span class='ocr_line' id='line_1_26' title="bbox 409 1748 955 1782; baseline -0.011 0"><span class='ocrx_word' id='word_1_151' title='bbox 409 1755 503 1782; x_wconf 89' lang='lat' dir='ltr'><strong>bursa</strong></span> <span class='ocrx_word' id='word_1_152' title='bbox 522 1752 577 1780; x_wconf 90' lang='lat' dir='ltr'><strong>Vll</strong></span> <span class='ocrx_word' id='word_1_153' title='bbox 597 1751 688 1780; x_wconf 91' lang='lat' dir='ltr'><strong>solidi</strong></span> <span class='ocrx_word' id='word_1_154' title='bbox 705 1756 733 1779; x_wconf 91' lang='lat' dir='ltr'><strong>et</strong></span> <span class='ocrx_word' id='word_1_155' title='bbox 751 1749 809 1778; x_wconf 90' lang='lat' dir='ltr'><strong>llll</strong></span> <span class='ocrx_word' id='word_1_156' title='bbox 826 1748 955 1777; x_wconf 89' lang='lat' dir='ltr'><strong>denarii.</strong></span> 
     </span>
    </p>

    <p class='ocr_par' dir='ltr' id='par_1_9' title="bbox 407 1796 1319 1930">
     <span class='ocr_line' id='line_1_27' title="bbox 451 1796 1318 1836; baseline -0.007 -6"><span class='ocrx_word' id='word_1_157' title='bbox 451 1803 523 1831; x_wconf 88' lang='lat' dir='ltr'><strong>Item</strong></span> <span class='ocrx_word' id='word_1_158' title='bbox 544 1800 728 1829; x_wconf 89' lang='lat' dir='ltr'><strong>licenciatus</strong></span> <span class='ocrx_word' id='word_1_159' title='bbox 740 1805 786 1828; x_wconf 88' lang='lat' dir='ltr'><strong>est</strong></span> <span class='ocrx_word' id='word_1_160' title='bbox 803 1798 946 1827; x_wconf 89' lang='lat' dir='ltr'><strong>dominus</strong></span> <span class='ocrx_word' id='word_1_161' title='bbox 958 1797 1132 1836; x_wconf 87' lang='lat' dir='ltr'><strong>Heynricus</strong></span> <span class='ocrx_word' id='word_1_162' title='bbox 1149 1796 1247 1825; x_wconf 92' lang='lat' dir='ltr'><strong>Witte</strong></span> <span class='ocrx_word' id='word_1_163' title='bbox 1262 1796 1318 1824; x_wconf 91' lang='lat' dir='ltr'><strong>sub</strong></span> 
     </span>
     <span class='ocr_line' id='line_1_28' title="bbox 408 1844 1319 1891; baseline -0.008 -11"><span class='ocrx_word' id='word_1_164' title='bbox 408 1852 556 1891; x_wconf 84' lang='lat' dir='ltr'><strong>magistro</strong></span> <span class='ocrx_word' id='word_1_165' title='bbox 569 1848 705 1888; x_wconf 85' lang='lat' dir='ltr'><strong>Nycolao</strong></span> <span class='ocrx_word' id='word_1_166' title='bbox 717 1849 754 1877; x_wconf 91' lang='lat' dir='ltr'><strong>de</strong></span> <span class='ocrx_word' id='word_1_167' title='bbox 769 1847 931 1882; x_wconf 88' lang='lat' dir='ltr'><strong>Gameren,</strong></span> <span class='ocrx_word' id='word_1_168' title='bbox 947 1845 1033 1885; x_wconf 89' lang='lat' dir='ltr'><strong>cujus</strong></span> <span class='ocrx_word' id='word_1_169' title='bbox 1046 1846 1141 1874; x_wconf 84' lang='lat' dir='ltr'><strong>bursa</strong></span> <span class='ocrx_word' id='word_1_170' title='bbox 1154 1845 1211 1874; x_wconf 93' lang='lat' dir='ltr'><strong>VII</strong></span> <span class='ocrx_word' id='word_1_171' title='bbox 1227 1844 1319 1873; x_wconf 83' lang='lat' dir='ltr'><strong>solidi</strong></span> 
     </span>
     <span class='ocr_line' id='line_1_29' title="bbox 407 1898 657 1930; baseline -0.016 0"><span class='ocrx_word' id='word_1_172' title='bbox 407 1908 438 1930; x_wconf 93' lang='lat' dir='ltr'><strong>et</strong></span> <span class='ocrx_word' id='word_1_173' title='bbox 456 1901 514 1930; x_wconf 90' lang='lat' dir='ltr'><strong>llll</strong></span> <span class='ocrx_word' id='word_1_174' title='bbox 529 1898 657 1928; x_wconf 89' lang='lat' dir='ltr'><strong>denarii.</strong></span> 
     </span>
    </p>

    <p class='ocr_par' dir='ltr' id='par_1_10' title="bbox 408 1943 1320 2078">
     <span class='ocr_line' id='line_1_30' title="bbox 442 1943 1319 1985; baseline -0.008 -7"><span class='ocrx_word' id='word_1_175' title='bbox 442 1950 523 1979; x_wconf 61' lang='lat' dir='ltr'><strong>lssem</strong></span> <span class='ocrx_word' id='word_1_176' title='bbox 542 1947 720 1985; x_wconf 81' lang='lat' dir='ltr'><strong>licenciatus</strong></span> <span class='ocrx_word' id='word_1_177' title='bbox 743 1952 790 1975; x_wconf 87' lang='lat' dir='ltr'><strong>est</strong></span> <span class='ocrx_word' id='word_1_178' title='bbox 809 1945 952 1974; x_wconf 91' lang='lat' dir='ltr'><strong>dominus</strong></span> <span class='ocrx_word' id='word_1_179' title='bbox 968 1943 1155 1973; x_wconf 90' lang='lat' dir='ltr'><strong>Wilhelmus</strong></span> <span class='ocrx_word' id='word_1_180' title='bbox 1178 1944 1215 1972; x_wconf 91' lang='lat' dir='ltr'><strong>de</strong></span> <span class='ocrx_word' id='word_1_181' title='bbox 1238 1943 1319 1971; x_wconf 89' lang='lat' dir='ltr'><strong>Har-</strong></span> 
     </span>
     <span class='ocr_line' id='line_1_31' title="bbox 408 1992 1320 2036; baseline -0.009 -8"><span class='ocrx_word' id='word_1_182' title='bbox 408 2000 466 2028; x_wconf 91' lang='lat' dir='ltr'><strong>lem</strong></span> <span class='ocrx_word' id='word_1_183' title='bbox 490 1999 547 2027; x_wconf 91' lang='lat' dir='ltr'><strong>sub</strong></span> <span class='ocrx_word' id='word_1_184' title='bbox 571 1996 719 2036; x_wconf 87' lang='lat' dir='ltr'><strong>magistro</strong></span> <span class='ocrx_word' id='word_1_185' title='bbox 736 1994 893 2034; x_wconf 86' lang='lat' dir='ltr'><strong>Heynrico</strong></span> <span class='ocrx_word' id='word_1_186' title='bbox 917 1994 955 2022; x_wconf 90' lang='lat' dir='ltr'><strong>de</strong></span> <span class='ocrx_word' id='word_1_187' title='bbox 977 1992 1103 2028; x_wconf 90' lang='lat' dir='ltr'><strong>Arnem,</strong></span> <span class='ocrx_word' id='word_1_188' title='bbox 1123 1992 1210 2032; x_wconf 90' lang='lat' dir='ltr'><strong>eujus</strong></span> <span class='ocrx_word' id='word_1_189' title='bbox 1225 1993 1320 2021; x_wconf 88' lang='lat' dir='ltr'><strong>bursa</strong></span> 
     </span>
     <span class='ocr_line' id='line_1_32' title="bbox 410 2046 590 2078; baseline -0.022 0"><span class='ocrx_word' id='word_1_190' title='bbox 410 2048 469 2078; x_wconf 91' lang='lat' dir='ltr'><strong>llll</strong></span> <span class='ocrx_word' id='word_1_191' title='bbox 487 2046 590 2076; x_wconf 89' lang='lat' dir='ltr'><strong>solidi.</strong></span> 
     </span>
    </p>

    <p class='ocr_par' dir='ltr' id='par_1_11' title="bbox 409 2090 1319 2224">
     <span class='ocr_line' id='line_1_33' title="bbox 449 2090 1319 2129; baseline -0.008 -4"><span class='ocrx_word' id='word_1_192' title='bbox 449 2097 523 2125; x_wconf 88' lang='lat' dir='ltr'><strong>Item</strong></span> <span class='ocrx_word' id='word_1_193' title='bbox 555 2094 734 2123; x_wconf 88' lang='lat' dir='ltr'><strong>licenciatus</strong></span> <span class='ocrx_word' id='word_1_194' title='bbox 764 2099 811 2121; x_wconf 90' lang='lat' dir='ltr'><strong>est</strong></span> <span class='ocrx_word' id='word_1_195' title='bbox 835 2092 978 2121; x_wconf 89' lang='lat' dir='ltr'><strong>dominus</strong></span> <span class='ocrx_word' id='word_1_196' title='bbox 1004 2091 1160 2120; x_wconf 87' lang='lat' dir='ltr'><strong>Johannes</strong></span> <span class='ocrx_word' id='word_1_197' title='bbox 1190 2090 1319 2129; x_wconf 52' lang='lat' dir='ltr'><strong>XValays</strong></span> 
     </span>
     <span class='ocr_line' id='line_1_34' title="bbox 409 2139 1319 2182; baseline -0.008 -7"><span class='ocrx_word' id='word_1_198' title='bbox 409 2147 520 2175; x_wconf 88' lang='lat' dir='ltr'><strong>Scotus</strong></span> <span class='ocrx_word' id='word_1_199' title='bbox 537 2145 594 2173; x_wconf 90' lang='lat' dir='ltr'><strong>sub</strong></span> <span class='ocrx_word' id='word_1_200' title='bbox 613 2143 760 2182; x_wconf 87' lang='lat' dir='ltr'><strong>magistro</strong></span> <span class='ocrx_word' id='word_1_201' title='bbox 777 2141 947 2170; x_wconf 90' lang='lat' dir='ltr'><strong>Laurencio</strong></span> <span class='ocrx_word' id='word_1_202' title='bbox 964 2141 1001 2169; x_wconf 94' lang='lat' dir='ltr'><strong>de</strong></span> <span class='ocrx_word' id='word_1_203' title='bbox 1020 2140 1173 2169; x_wconf 91' lang='lat' dir='ltr'><strong>Londoris</strong></span> <span class='ocrx_word' id='word_1_204' title='bbox 1185 2139 1209 2175; x_wconf 75' lang='lat'><strong>²,</strong></span> <span class='ocrx_word' id='word_1_205' title='bbox 1232 2139 1319 2179; x_wconf 88' lang='lat' dir='ltr'><strong>cujus</strong></span> 
     </span>
     <span class='ocr_line' id='line_1_35' title="bbox 410 2193 677 2224; baseline -0.015 0"><span class='ocrx_word' id='word_1_206' title='bbox 410 2197 504 2224; x_wconf 86' lang='lat' dir='ltr'><strong>bursa</strong></span> <span class='ocrx_word' id='word_1_207' title='bbox 517 2194 557 2222; x_wconf 77' lang='lat' dir='ltr'><strong>Vl</strong></span> <span class='ocrx_word' id='word_1_208' title='bbox 575 2193 677 2222; x_wconf 87' lang='lat' dir='ltr'><strong>solidi.</strong></span> 
     </span>
    </p>

    <p class='ocr_par' dir='ltr' id='par_1_12' title="bbox 408 2238 1319 2370">
     <span class='ocr_line' id='line_1_36' title="bbox 450 2238 1319 2272; baseline -0.007 0"><span class='ocrx_word' id='word_1_209' title='bbox 450 2244 523 2272; x_wconf 84' lang='lat' dir='ltr'><strong>Item</strong></span> <span class='ocrx_word' id='word_1_210' title='bbox 543 2241 723 2270; x_wconf 89' lang='lat' dir='ltr'><strong>licenciatus</strong></span> <span class='ocrx_word' id='word_1_211' title='bbox 739 2246 786 2269; x_wconf 92' lang='lat' dir='ltr'><strong>est</strong></span> <span class='ocrx_word' id='word_1_212' title='bbox 801 2239 943 2268; x_wconf 89' lang='lat' dir='ltr'><strong>dominus</strong></span> <span class='ocrx_word' id='word_1_213' title='bbox 959 2238 1169 2267; x_wconf 87' lang='lat' dir='ltr'><strong>Theodericus</strong></span> <span class='ocrx_word' id='word_1_214' title='bbox 1184 2239 1221 2267; x_wconf 91' lang='lat' dir='ltr'><strong>de</strong></span> <span class='ocrx_word' id='word_1_215' title='bbox 1239 2238 1319 2266; x_wconf 86' lang='lat' dir='ltr'><strong>Har-</strong></span> 
     </span>
     <span class='ocr_line' id='line_1_37' title="bbox 408 2286 1319 2330; baseline -0.007 -9"><span class='ocrx_word' id='word_1_216' title='bbox 408 2293 466 2321; x_wconf 90' lang='lat' dir='ltr'><strong>lem</strong></span> <span class='ocrx_word' id='word_1_217' title='bbox 492 2293 549 2321; x_wconf 85' lang='lat' dir='ltr'><strong>sub</strong></span> <span class='ocrx_word' id='word_1_218' title='bbox 574 2290 722 2330; x_wconf 83' lang='lat' dir='ltr'><strong>magistro</strong></span> <span class='ocrx_word' id='word_1_219' title='bbox 752 2289 888 2328; x_wconf 87' lang='lat' dir='ltr'><strong>Nycolao</strong></span> <span class='ocrx_word' id='word_1_220' title='bbox 917 2289 954 2317; x_wconf 91' lang='lat' dir='ltr'><strong>de</strong></span> <span class='ocrx_word' id='word_1_221' title='bbox 983 2287 1202 2322; x_wconf 88' lang='lat' dir='ltr'><strong>Monkendam,</strong></span> <span class='ocrx_word' id='word_1_222' title='bbox 1233 2286 1319 2327; x_wconf 89' lang='lat' dir='ltr'><strong>cujus</strong></span> 
     </span>
     <span class='ocr_line' id='line_1_38' title="bbox 409 2339 657 2370; baseline -0.012 0"><span class='ocrx_word' id='word_1_223' title='bbox 409 2343 502 2370; x_wconf 87' lang='lat' dir='ltr'><strong>bursa</strong></span> <span class='ocrx_word' id='word_1_224' title='bbox 515 2341 574 2369; x_wconf 88' lang='lat'><em>1111</em></span> <span class='ocrx_word' id='word_1_225' title='bbox 586 2339 657 2368; x_wconf 91' lang='lat' dir='ltr'><strong>albi.</strong></span> 
     </span>
    </p>

    <p class='ocr_par' dir='ltr' id='par_1_13' title="bbox 409 2385 1322 2866">
     <span class='ocr_line' id='line_1_39' title="bbox 450 2385 1319 2429; baseline -0.005 -11"><span class='ocrx_word' id='word_1_226' title='bbox 450 2391 521 2429; x_wconf 75' lang='lat' dir='ltr'><strong>(Fal.</strong></span> <span class='ocrx_word' id='word_1_227' title='bbox 541 2391 577 2418; x_wconf 69' lang='lat'><strong>25</strong></span> <span class='ocrx_word' id='word_1_228' title='bbox 590 2389 614 2426; x_wconf 58' lang='grc' dir='ltr'><strong>Β)</strong></span> <span class='ocrx_word' id='word_1_229' title='bbox 628 2388 718 2416; x_wconf 85' lang='lat' dir='ltr'><strong>Facta</strong></span> <span class='ocrx_word' id='word_1_230' title='bbox 727 2386 973 2426; x_wconf 79' lang='lat' dir='ltr'><strong>congregacione</strong></span> <span class='ocrx_word' id='word_1_231' title='bbox 983 2386 1121 2415; x_wconf 89' lang='lat' dir='ltr'><strong>nacionis</strong></span> <span class='ocrx_word' id='word_1_232' title='bbox 1133 2387 1213 2424; x_wconf 90' lang='lat' dir='ltr'><strong>apud</strong></span> <span class='ocrx_word' id='word_1_233' title='bbox 1227 2385 1319 2414; x_wconf 87' lang='lat' dir='ltr'><strong>Sanc-</strong></span> 
     </span>
     <span class='ocr_line' id='line_1_40' title="bbox 409 2435 1318 2473; baseline -0.007 -5"><span class='ocrx_word' id='word_1_234' title='bbox 409 2446 470 2468; x_wconf 91' lang='lat' dir='ltr'><strong>tum</strong></span> <span class='ocrx_word' id='word_1_235' title='bbox 488 2438 673 2467; x_wconf 87' lang='lat' dir='ltr'><strong>Maturinum</strong></span> <span class='ocrx_word' id='word_1_236' title='bbox 693 2435 742 2465; x_wconf 91' lang='lat' dir='ltr'><strong>die</strong></span> <span class='ocrx_word' id='word_1_237' title='bbox 759 2437 809 2464; x_wconf 75' lang='lat' dir='ltr'><strong>20n</strong></span> <span class='ocrx_word' id='word_1_238' title='bbox 824 2435 939 2464; x_wconf 87' lang='lat' dir='ltr'><strong>mensis</strong></span> <span class='ocrx_word' id='word_1_239' title='bbox 955 2435 1027 2473; x_wconf 89' lang='lat' dir='ltr'><strong>May</strong></span> <span class='ocrx_word' id='word_1_240' title='bbox 1041 2445 1120 2463; x_wconf 90' lang='lat' dir='ltr'><strong>anno</strong></span> <span class='ocrx_word' id='word_1_241' title='bbox 1137 2445 1197 2473; x_wconf 89' lang='lat' dir='ltr'><strong>quo</strong></span> <span class='ocrx_word' id='word_1_242' title='bbox 1213 2444 1318 2473; x_wconf 88' lang='lat' dir='ltr'><strong>supra,</strong></span> 
     </span>
     <span class='ocr_line' id='line_1_41' title="bbox 409 2483 1319 2527; baseline -0.007 -10"><span class='ocrx_word' id='word_1_243' title='bbox 409 2498 504 2527; x_wconf 86' lang='lat' dir='ltr'><strong>super</strong></span> <span class='ocrx_word' id='word_1_244' title='bbox 524 2485 820 2525; x_wconf 85' lang='lat' dir='ltr'><strong>supplicacionibus‚</strong></span> <span class='ocrx_word' id='word_1_245' title='bbox 840 2490 926 2513; x_wconf 90' lang='lat' dir='ltr'><strong>erant</strong></span> <span class='ocrx_word' id='word_1_246' title='bbox 948 2484 1008 2513; x_wconf 92' lang='lat' dir='ltr'><strong>duo</strong></span> <span class='ocrx_word' id='word_1_247' title='bbox 1030 2483 1194 2512; x_wconf 88' lang='lat' dir='ltr'><strong>bachalarii</strong></span> <span class='ocrx_word' id='word_1_248' title='bbox 1213 2484 1319 2512; x_wconf 88' lang='lat' dir='ltr'><strong>eodem</strong></span> 
     </span>
     <span class='ocr_line' id='line_1_42' title="bbox 410 2532 1320 2573; baseline -0.005 -8"><span class='ocrx_word' id='word_1_249' title='bbox 410 2537 459 2566; x_wconf 90' lang='lat' dir='ltr'><strong>die</strong></span> <span class='ocrx_word' id='word_1_250' title='bbox 477 2535 672 2569; x_wconf 86' lang='lat' dir='ltr'><strong>licenciandi,</strong></span> <span class='ocrx_word' id='word_1_251' title='bbox 691 2533 901 2573; x_wconf 83' lang='lat' dir='ltr'><strong>supplicantes</strong></span> <span class='ocrx_word' id='word_1_252' title='bbox 915 2533 1058 2572; x_wconf 83' lang='lat' dir='ltr'><strong>quatinus</strong></span> <span class='ocrx_word' id='word_1_253' title='bbox 1074 2532 1161 2561; x_wconf 89' lang='lat' dir='ltr'><strong>nacio</strong></span> <span class='ocrx_word' id='word_1_254' title='bbox 1177 2533 1263 2561; x_wconf 89' lang='lat' dir='ltr'><strong>daret</strong></span> <span class='ocrx_word' id='word_1_255' title='bbox 1275 2532 1320 2560; x_wconf 91' lang='lat' dir='ltr'><strong>eis</strong></span> 
     </span>
     <span class='ocr_line' id='line_1_43' title="bbox 410 2581 1318 2622; baseline -0.006 -8"><span class='ocrx_word' id='word_1_256' title='bbox 410 2585 593 2614; x_wconf 88' lang='lat' dir='ltr'><strong>dilacionem</strong></span> <span class='ocrx_word' id='word_1_257' title='bbox 604 2584 738 2622; x_wconf 88' lang='lat' dir='ltr'><strong>aliquam</strong></span> <span class='ocrx_word' id='word_1_258' title='bbox 748 2582 888 2611; x_wconf 90' lang='lat' dir='ltr'><strong>solvendi</strong></span> <span class='ocrx_word' id='word_1_259' title='bbox 896 2582 1056 2621; x_wconf 88' lang='lat' dir='ltr'><strong>pecuniam</strong></span> <span class='ocrx_word' id='word_1_260' title='bbox 1065 2582 1226 2610; x_wconf 90' lang='lat' dir='ltr'><strong>bursarum</strong></span> <span class='ocrx_word' id='word_1_261' title='bbox 1236 2581 1318 2620; x_wconf 87' lang='lat' dir='ltr'><strong>quia,</strong></span> 
     </span>
     <span class='ocr_line' id='line_1_44' title="bbox 411 2629 1318 2670; baseline -0.004 -8"><span class='ocrx_word' id='word_1_262' title='bbox 411 2635 490 2662; x_wconf 87' lang='lat' dir='ltr'><strong>sicut</strong></span> <span class='ocrx_word' id='word_1_263' title='bbox 512 2633 692 2662; x_wconf 83' lang='lat' dir='ltr'><strong>asscrebant</strong></span> <span class='ocrx_word' id='word_1_264' title='bbox 720 2637 862 2670; x_wconf 86' lang='lat' dir='ltr'><strong>protunc,</strong></span> <span class='ocrx_word' id='word_1_265' title='bbox 884 2630 1044 2669; x_wconf 89' lang='lat' dir='ltr'><strong>pecuniam</strong></span> <span class='ocrx_word' id='word_1_266' title='bbox 1068 2640 1129 2658; x_wconf 92' lang='lat' dir='ltr'><strong>non</strong></span> <span class='ocrx_word' id='word_1_267' title='bbox 1156 2629 1318 2658; x_wconf 87' lang='lat' dir='ltr'><strong>habebant.</strong></span> 
     </span>
     <span class='ocr_line' id='line_1_45' title="bbox 412 2678 1322 2711; baseline -0.003 -1"><span class='ocrx_word' id='word_1_268' title='bbox 412 2683 451 2711; x_wconf 77' lang='lat' dir='ltr'><strong>Et</strong></span> <span class='ocrx_word' id='word_1_269' title='bbox 466 2688 552 2710; x_wconf 89' lang='lat' dir='ltr'><strong>erant</strong></span> <span class='ocrx_word' id='word_1_270' title='bbox 570 2681 614 2710; x_wconf 93' lang='lat' dir='ltr'><strong>illi</strong></span> <span class='ocrx_word' id='word_1_271' title='bbox 631 2682 692 2709; x_wconf 94' lang='lat' dir='ltr'><strong>duo</strong></span> <span class='ocrx_word' id='word_1_272' title='bbox 708 2679 875 2709; x_wconf 86' lang='lat' dir='ltr'><strong>bachalarii</strong></span> <span class='ocrx_word' id='word_1_273' title='bbox 892 2678 1080 2708; x_wconf 90' lang='lat' dir='ltr'><strong>Wilhelmus</strong></span> <span class='ocrx_word' id='word_1_274' title='bbox 1097 2679 1134 2707; x_wconf 93' lang='lat' dir='ltr'><strong>de</strong></span> <span class='ocrx_word' id='word_1_275' title='bbox 1152 2678 1276 2707; x_wconf 90' lang='lat' dir='ltr'><strong>Harlem</strong></span> <span class='ocrx_word' id='word_1_276' title='bbox 1292 2684 1322 2707; x_wconf 87' lang='lat' dir='ltr'><strong>et</strong></span> 
     </span>
     <span class='ocr_line' id='line_1_46' title="bbox 411 2727 1322 2767; baseline -0.005 -7"><span class='ocrx_word' id='word_1_277' title='bbox 411 2731 621 2759; x_wconf 84' lang='lat' dir='ltr'><strong>Theodericus</strong></span> <span class='ocrx_word' id='word_1_278' title='bbox 637 2730 674 2758; x_wconf 90' lang='lat' dir='ltr'><strong>de</strong></span> <span class='ocrx_word' id='word_1_279' title='bbox 689 2729 824 2758; x_wconf 86' lang='lat' dir='ltr'><strong>Harlem.</strong></span> <span class='ocrx_word' id='word_1_280' title='bbox 846 2728 946 2767; x_wconf 87' lang='lat' dir='ltr'><strong>Super</strong></span> <span class='ocrx_word' id='word_1_281' title='bbox 959 2728 1018 2756; x_wconf 87' lang='lat' dir='ltr'><strong>isto</strong></span> <span class='ocrx_word' id='word_1_282' title='bbox 1032 2727 1119 2756; x_wconf 88' lang='lat' dir='ltr'><strong>nacio</strong></span> <span class='ocrx_word' id='word_1_283' title='bbox 1132 2727 1322 2756; x_wconf 89' lang='lat' dir='ltr'><strong>deliberabat</strong></span> 
     </span>
     <span class='ocr_line' id='line_1_47' title="bbox 412 2776 1321 2818; baseline -0.004 -10"><span class='ocrx_word' id='word_1_284' title='bbox 412 2781 493 2818; x_wconf 93' lang='lat' dir='ltr'><strong>quod</strong></span> <span class='ocrx_word' id='word_1_285' title='bbox 506 2781 582 2807; x_wconf 92' lang='lat' dir='ltr'><strong>bene</strong></span> <span class='ocrx_word' id='word_1_286' title='bbox 595 2779 731 2818; x_wconf 89' lang='lat' dir='ltr'><strong>placeret</strong></span> <span class='ocrx_word' id='word_1_287' title='bbox 742 2777 787 2806; x_wconf 90' lang='lat' dir='ltr'><strong>eis</strong></span> <span class='ocrx_word' id='word_1_288' title='bbox 800 2777 981 2806; x_wconf 88' lang='lat' dir='ltr'><strong>dilacionem</strong></span> <span class='ocrx_word' id='word_1_289' title='bbox 990 2776 1141 2811; x_wconf 86' lang='lat' dir='ltr'><strong>solvendi,</strong></span> <span class='ocrx_word' id='word_1_290' title='bbox 1157 2776 1321 2805; x_wconf 90' lang='lat' dir='ltr'><strong>dummodo</strong></span> 
     </span>
     <span class='ocr_line' id='line_1_48' title="bbox 412 2825 1321 2866; baseline -0.004 -9"><span class='ocrx_word' id='word_1_291' title='bbox 412 2835 511 2857; x_wconf 82' lang='lat' dir='ltr'><strong>tamen</strong></span> <span class='ocrx_word' id='word_1_292' title='bbox 524 2833 676 2866; x_wconf 85' lang='lat' dir='ltr'><strong>ponerent</strong></span> <span class='ocrx_word' id='word_1_293' title='bbox 689 2827 818 2866; x_wconf 88' lang='lat' dir='ltr'><strong>pignera</strong></span> <span class='ocrx_word' id='word_1_294' title='bbox 827 2836 885 2866; x_wconf 93' lang='lat' dir='ltr'><strong>que</strong></span> <span class='ocrx_word' id='word_1_295' title='bbox 897 2832 1002 2855; x_wconf 88' lang='lat' dir='ltr'><strong>essent</strong></span> <span class='ocrx_word' id='word_1_296' title='bbox 1012 2825 1139 2854; x_wconf 91' lang='lat' dir='ltr'><strong>meliora</strong></span> <span class='ocrx_word' id='word_1_297' title='bbox 1148 2825 1178 2853; x_wconf 91' lang='lat' dir='ltr'><strong>in</strong></span> <span class='ocrx_word' id='word_1_298' title='bbox 1191 2834 1321 2864; x_wconf 86' lang='lat' dir='ltr'><strong>propor-</strong></span> 
     </span>
    </p>
   </div>
   <div class='ocr_carea' id='block_1_7' title="bbox 444 2914 743 3010">
    <p class='ocr_par' dir='ltr' id='par_1_14' title="bbox 444 2914 743 3010">
     <span class='ocr_line' id='line_1_49' title="bbox 444 2914 743 2946; baseline 0 -8"><span class='ocrx_word' id='word_1_299' title='bbox 444 2916 466 2938; x_wconf 85' lang='grc'><strong>1.</strong></span> <span class='ocrx_word' id='word_1_300' title='bbox 504 2917 595 2938; x_wconf 77' lang='lat' dir='ltr'><strong>lterum</strong></span> <span class='ocrx_word' id='word_1_301' title='bbox 613 2914 743 2946; x_wconf 72' lang='lat' dir='ltr'><strong>magistri,</strong></span> 
     </span>
     <span class='ocr_line' id='line_1_50' title="bbox 449 2950 707 2974; baseline 0 -1"><span class='ocrx_word' id='word_1_302' title='bbox 449 2952 471 2974; x_wconf 79' lang='lat'><strong>2.</strong></span> <span class='ocrx_word' id='word_1_303' title='bbox 505 2952 551 2974; x_wconf 72' lang='lat' dir='ltr'><strong>Ms.</strong></span> <span class='ocrx_word' id='word_1_304' title='bbox 567 2950 707 2974; x_wconf 73' lang='lat' dir='ltr'><strong>Londonin.</strong></span> 
     </span>
     <span class='ocr_line' id='line_1_51' title="bbox 445 2986 610 3010; baseline -0.006 0"><span class='ocrx_word' id='word_1_305' title='bbox 445 2988 472 3010; x_wconf 87' lang='lat'><strong>3.</strong></span> <span class='ocrx_word' id='word_1_306' title='bbox 503 2987 514 3009; x_wconf 86' lang='lat'>1</span> <span class='ocrx_word' id='word_1_307' title='bbox 531 2986 610 3009; x_wconf 78' lang='lat' dir='ltr'><strong>Junii.</strong></span> 
     </span>
    </p>
   </div>
   <div class='ocr_carea' id='block_1_8' title="bbox 950 443 1787 473">
    <p class='ocr_par' dir='ltr' id='par_1_15' title="bbox 950 443 1787 473">
     <span class='ocr_line' id='line_1_52' title="bbox 950 443 1787 473; baseline -0.004 0"><span class='ocrx_word' id='word_1_308' title='bbox 950 446 1174 473; x_wconf 85' lang='lat' dir='ltr'><strong>AUCTARIUM</strong></span> <span class='ocrx_word' id='word_1_309' title='bbox 1195 444 1454 471; x_wconf 76' lang='lat' dir='ltr'>CHARTULARH</span> <span class='ocrx_word' id='word_1_310' title='bbox 1474 444 1648 470; x_wconf 87' lang='lat' dir='ltr'><strong>UNIVERS.</strong></span> <span class='ocrx_word' id='word_1_311' title='bbox 1670 443 1787 470; x_wconf 84' lang='lat' dir='ltr'><strong>PARIS.</strong></span> 
     </span>
    </p>
   </div>
   <div class='ocr_carea' id='block_1_9' title="bbox 1352 966 1385 992">
    <p class='ocr_par' dir='ltr' id='par_1_16' title="bbox 1352 966 1385 992">
     <span class='ocr_line' id='line_1_53' title="bbox 1352 966 1385 992; baseline 0.03 -1"><span class='ocrx_word' id='word_1_312' title='bbox 1352 966 1385 992; x_wconf 92' lang='lat'><strong>10</strong></span> 
     </span>
    </p>
   </div>
   <div class='ocr_carea' id='block_1_10' title="bbox 1358 1211 1388 1237">
    <p class='ocr_par' dir='ltr' id='par_1_17' title="bbox 1358 1211 1388 1237">
     <span class='ocr_line' id='line_1_54' title="bbox 1358 1211 1388 1237; baseline 0.033 -1"><span class='ocrx_word' id='word_1_313' title='bbox 1358 1211 1388 1237; x_wconf 91' lang='grc'><strong>15</strong></span> 
     </span>
    </p>
   </div>
   <div class='ocr_carea' id='block_1_11' title="bbox 1355 1457 1389 1483">
    <p class='ocr_par' dir='ltr' id='par_1_18' title="bbox 1355 1457 1389 1483">
     <span class='ocr_line' id='line_1_55' title="bbox 1355 1457 1389 1483; baseline 0.029 -1"><span class='ocrx_word' id='word_1_314' title='bbox 1355 1457 1389 1483; x_wconf 84' lang='grc'><strong>20</strong></span> 
     </span>
    </p>
   </div>
   <div class='ocr_carea' id='block_1_12' title="bbox 1356 1703 1390 1728">
    <p class='ocr_par' dir='ltr' id='par_1_19' title="bbox 1356 1703 1390 1728">
     <span class='ocr_line' id='line_1_56' title="bbox 1356 1703 1390 1728; baseline 0 0"><span class='ocrx_word' id='word_1_315' title='bbox 1356 1703 1390 1728; x_wconf 82' lang='lat'><strong>25</strong></span> 
     </span>
    </p>
   </div>
   <div class='ocr_carea' id='block_1_13' title="bbox 1356 1948 1390 1974">
    <p class='ocr_par' dir='ltr' id='par_1_20' title="bbox 1356 1948 1390 1974">
     <span class='ocr_line' id='line_1_57' title="bbox 1356 1948 1390 1974; baseline 0.029 -1"><span class='ocrx_word' id='word_1_316' title='bbox 1356 1948 1390 1974; x_wconf 87' lang='lat'><strong>30</strong></span> 
     </span>
    </p>
   </div>
   <div class='ocr_carea' id='block_1_14' title="bbox 1357 2194 1390 2219">
    <p class='ocr_par' dir='ltr' id='par_1_21' title="bbox 1357 2194 1390 2219">
     <span class='ocr_line' id='line_1_58' title="bbox 1357 2194 1390 2219; baseline 0 0"><span class='ocrx_word' id='word_1_317' title='bbox 1357 2194 1390 2219; x_wconf 91' lang='lat'><strong>35</strong></span> 
     </span>
    </p>
   </div>
   <div class='ocr_carea' id='block_1_15' title="bbox 1358 2439 1391 2464">
    <p class='ocr_par' dir='ltr' id='par_1_22' title="bbox 1358 2439 1391 2464">
     <span class='ocr_line' id='line_1_59' title="bbox 1358 2439 1391 2464; baseline 0 0"><span class='ocrx_word' id='word_1_318' title='bbox 1358 2439 1391 2464; x_wconf 83' lang='lat'><strong>40</strong></span> 
     </span>
    </p>
   </div>
   <div class='ocr_carea' id='block_1_16' title="bbox 1358 2684 1391 2709">
    <p class='ocr_par' dir='ltr' id='par_1_23' title="bbox 1358 2684 1391 2709">
     <span class='ocr_line' id='line_1_60' title="bbox 1358 2684 1391 2709; baseline 0.03 -1"><span class='ocrx_word' id='word_1_319' title='bbox 1358 2684 1391 2709; x_wconf 89' lang='lat'><strong>45</strong></span> 
     </span>
    </p>
   </div>
   <div class='ocr_carea' id='block_1_17' title="bbox 2277 443 2331 469">
    <p class='ocr_par' dir='ltr' id='par_1_24' title="bbox 2277 443 2331 469">
     <span class='ocr_line' id='line_1_61' title="bbox 2277 443 2331 469; baseline 0 0"><span class='ocrx_word' id='word_1_320' title='bbox 2277 443 2331 469; x_wconf 79' lang='lat'><strong>724</strong></span> 
     </span>
    </p>
   </div>
   <div class='ocr_carea' id='block_1_18' title="bbox 1423 511 2338 1295">
    <p class='ocr_par' dir='ltr' id='par_1_25' title="bbox 1423 511 2336 755">
     <span class='ocr_line' id='line_1_62' title="bbox 1423 511 2333 560; baseline -0.001 -10"><span class='ocrx_word' id='word_1_321' title='bbox 1423 521 1511 550; x_wconf 89' lang='lat' dir='ltr'><strong>cione</strong></span> <span class='ocrx_word' id='word_1_322' title='bbox 1538 520 1745 560; x_wconf 83' lang='lat' dir='ltr'><strong>sexquialtera</strong></span> <span class='ocrx_word' id='word_1_323' title='bbox 1770 519 1899 559; x_wconf 89' lang='lat' dir='ltr'><strong>pecunia</strong></span> <span class='ocrx_word' id='word_1_324' title='bbox 1926 519 2090 548; x_wconf 85' lang='lat' dir='ltr'><strong>bursarum</strong></span> <span class='ocrx_word' id='word_1_325' title='bbox 2116 511 2333 549; x_wconf 78' lang='lat' dir='ltr'><strong>solvendarum</strong></span> 
     </span>
     <span class='ocr_line' id='line_1_63' title="bbox 1423 569 2334 608; baseline 0 -10"><span class='ocrx_word' id='word_1_326' title='bbox 1423 569 1556 604; x_wconf 84' lang='lat' dir='ltr'><strong>nacioni,</strong></span> <span class='ocrx_word' id='word_1_327' title='bbox 1573 569 1621 599; x_wconf 88' lang='lat' dir='ltr'><strong>vel</strong></span> <span class='ocrx_word' id='word_1_328' title='bbox 1639 569 1746 598; x_wconf 88' lang='lat' dir='ltr'><strong>saltem</strong></span> <span class='ocrx_word' id='word_1_329' title='bbox 1761 570 1798 598; x_wconf 90' lang='lat' dir='ltr'><strong>de</strong></span> <span class='ocrx_word' id='word_1_330' title='bbox 1814 569 1927 608; x_wconf 90' lang='lat' dir='ltr'><strong>quibus</strong></span> <span class='ocrx_word' id='word_1_331' title='bbox 1942 574 2086 607; x_wconf 84' lang='lat' dir='ltr'><strong>receptor</strong></span> <span class='ocrx_word' id='word_1_332' title='bbox 2104 574 2188 598; x_wconf 83' lang='lat' dir='ltr'><strong>esset</strong></span> <span class='ocrx_word' id='word_1_333' title='bbox 2204 574 2334 598; x_wconf 87' lang='lat' dir='ltr'><strong>conten-</strong></span> 
     </span>
     <span class='ocr_line' id='line_1_64' title="bbox 1423 617 2334 657; baseline -0.002 -9"><span class='ocrx_word' id='word_1_334' title='bbox 1423 625 1473 648; x_wconf 86' lang='lat' dir='ltr'><strong>tus</strong></span> <span class='ocrx_word' id='word_1_335' title='bbox 1496 618 1605 648; x_wconf 88' lang='lat' dir='ltr'><strong>volens</strong></span> <span class='ocrx_word' id='word_1_336' title='bbox 1627 618 1818 657; x_wconf 86' lang='lat' dir='ltr'><strong>respondere</strong></span> <span class='ocrx_word' id='word_1_337' title='bbox 1835 617 1957 646; x_wconf 88' lang='lat' dir='ltr'><strong>nacioni</strong></span> <span class='ocrx_word' id='word_1_338' title='bbox 1978 627 2037 656; x_wconf 86' lang='lat' dir='ltr'><strong>pro</strong></span> <span class='ocrx_word' id='word_1_339' title='bbox 2054 617 2107 646; x_wconf 85' lang='lat' dir='ltr'><strong>illa</strong></span> <span class='ocrx_word' id='word_1_340' title='bbox 2126 617 2268 657; x_wconf 83' lang='lat' dir='ltr'><strong>pecunia,</strong></span> <span class='ocrx_word' id='word_1_341' title='bbox 2283 617 2334 648; x_wconf 81' lang='lat' dir='ltr'><strong>vel</strong></span> 
     </span>
     <span class='ocr_line' id='line_1_65' title="bbox 1425 666 2336 707; baseline 0 -11"><span class='ocrx_word' id='word_1_342' title='bbox 1425 668 1507 707; x_wconf 92' lang='lat' dir='ltr'><strong>quod</strong></span> <span class='ocrx_word' id='word_1_343' title='bbox 1524 667 1673 696; x_wconf 90' lang='lat' dir='ltr'><strong>haberent</strong></span> <span class='ocrx_word' id='word_1_344' title='bbox 1686 666 1897 706; x_wconf 85' lang='lat' dir='ltr'><strong>fidejussores.</strong></span> <span class='ocrx_word' id='word_1_345' title='bbox 1916 666 1955 695; x_wconf 93' lang='lat' dir='ltr'><strong>Et</strong></span> <span class='ocrx_word' id='word_1_346' title='bbox 1977 666 2022 695; x_wconf 87' lang='lat' dir='ltr'><strong>sic</strong></span> <span class='ocrx_word' id='word_1_347' title='bbox 2038 666 2190 695; x_wconf 89' lang='lat' dir='ltr'><strong>dederunt</strong></span> <span class='ocrx_word' id='word_1_348' title='bbox 2204 666 2336 706; x_wconf 79' lang='lat' dir='ltr'><strong>pignera</strong></span> 
     </span>
     <span class='ocr_line' id='line_1_66' title="bbox 1425 714 2141 755; baseline -0.001 -10"><span class='ocrx_word' id='word_1_349' title='bbox 1425 716 1456 745; x_wconf 91' lang='lat' dir='ltr'><strong>in</strong></span> <span class='ocrx_word' id='word_1_350' title='bbox 1475 716 1614 745; x_wconf 83' lang='lat' dir='ltr'><strong>manibus</strong></span> <span class='ocrx_word' id='word_1_351' title='bbox 1630 716 1812 755; x_wconf 84' lang='lat' dir='ltr'><strong>receptoris,</strong></span> <span class='ocrx_word' id='word_1_352' title='bbox 1833 722 1862 744; x_wconf 86' lang='lat' dir='ltr'><strong>et</strong></span> <span class='ocrx_word' id='word_1_353' title='bbox 1876 721 1963 744; x_wconf 89' lang='lat' dir='ltr'><strong>erant</strong></span> <span class='ocrx_word' id='word_1_354' title='bbox 1977 714 2141 744; x_wconf 83' lang='lat' dir='ltr'><strong>licenciati.</strong></span> 
     </span>
    </p>

    <p class='ocr_par' dir='ltr' id='par_1_26' title="bbox 1423 763 2335 892">
     <span class='ocr_line' id='line_1_67' title="bbox 1464 763 2335 795; baseline -0.001 -1"><span class='ocrx_word' id='word_1_355' title='bbox 1464 765 1536 794; x_wconf 91' lang='lat' dir='ltr'><strong>ltem</strong></span> <span class='ocrx_word' id='word_1_356' title='bbox 1556 765 1735 795; x_wconf 86' lang='lat' dir='ltr'><strong>licenciatus</strong></span> <span class='ocrx_word' id='word_1_357' title='bbox 1755 771 1802 794; x_wconf 84' lang='lat' dir='ltr'><strong>est</strong></span> <span class='ocrx_word' id='word_1_358' title='bbox 1823 765 1966 794; x_wconf 89' lang='lat' dir='ltr'><strong>dominus</strong></span> <span class='ocrx_word' id='word_1_359' title='bbox 1981 764 2138 793; x_wconf 67' lang='lat' dir='ltr'><strong>,lohannes</strong></span> <span class='ocrx_word' id='word_1_360' title='bbox 2159 763 2335 794; x_wconf 87' lang='lat' dir='ltr'><strong>Kerstancii</strong></span> 
     </span>
     <span class='ocr_line' id='line_1_68' title="bbox 1424 811 2334 854; baseline 0 -11"><span class='ocrx_word' id='word_1_361' title='bbox 1424 814 1482 843; x_wconf 90' lang='lat' dir='ltr'><strong>sub</strong></span> <span class='ocrx_word' id='word_1_362' title='bbox 1499 814 1648 854; x_wconf 87' lang='lat' dir='ltr'><strong>magistro</strong></span> <span class='ocrx_word' id='word_1_363' title='bbox 1669 813 1862 843; x_wconf 88' lang='lat' dir='ltr'><strong>Theoderico</strong></span> <span class='ocrx_word' id='word_1_364' title='bbox 1882 814 1920 842; x_wconf 88' lang='lat' dir='ltr'><strong>de</strong></span> <span class='ocrx_word' id='word_1_365' title='bbox 1944 813 2024 848; x_wconf 67' lang='lat' dir='ltr'><strong>Deli,</strong></span> <span class='ocrx_word' id='word_1_366' title='bbox 2044 811 2131 852; x_wconf 88' lang='lat' dir='ltr'><strong>cujus</strong></span> <span class='ocrx_word' id='word_1_367' title='bbox 2152 813 2247 843; x_wconf 88' lang='lat' dir='ltr'><strong>bursa</strong></span> <span class='ocrx_word' id='word_1_368' title='bbox 2273 812 2334 843; x_wconf 88' lang='lat'>1111</span> 
     </span>
     <span class='ocr_line' id='line_1_69' title="bbox 1423 862 1801 892; baseline -0.003 -1"><span class='ocrx_word' id='word_1_369' title='bbox 1423 862 1515 892; x_wconf 92' lang='lat' dir='ltr'><strong>solidi</strong></span> <span class='ocrx_word' id='word_1_370' title='bbox 1531 869 1561 892; x_wconf 88' lang='lat' dir='ltr'><strong>et</strong></span> <span class='ocrx_word' id='word_1_371' title='bbox 1574 863 1614 892; x_wconf 85' lang='lat' dir='ltr'><strong>Vl</strong></span> <span class='ocrx_word' id='word_1_372' title='bbox 1631 863 1759 892; x_wconf 87' lang='lat' dir='ltr'><strong>denarii.</strong></span> <span class='ocrx_word' id='word_1_373' title='bbox 1799 887 1801 890; x_wconf 78' lang='grc'>,</span> 
     </span>
    </p>

    <p class='ocr_par' dir='ltr' id='par_1_27' title="bbox 1423 911 2335 1039">
     <span class='ocr_line' id='line_1_70' title="bbox 1464 911 2335 952; baseline 0.001 -11"><span class='ocrx_word' id='word_1_374' title='bbox 1464 912 1582 951; x_wconf 86' lang='lat' dir='ltr'><strong>lncepit</strong></span> <span class='ocrx_word' id='word_1_375' title='bbox 1606 912 1748 941; x_wconf 87' lang='lat' dir='ltr'><strong>dominus</strong></span> <span class='ocrx_word' id='word_1_376' title='bbox 1777 911 1953 951; x_wconf 85' lang='lat' dir='ltr'><strong>Heynricus</strong></span> <span class='ocrx_word' id='word_1_377' title='bbox 1978 911 2077 941; x_wconf 86' lang='lat' dir='ltr'><strong>Witte</strong></span> <span class='ocrx_word' id='word_1_378' title='bbox 2102 912 2159 941; x_wconf 90' lang='lat' dir='ltr'><strong>sub</strong></span> <span class='ocrx_word' id='word_1_379' title='bbox 2184 911 2335 952; x_wconf 83' lang='lat' dir='ltr'><strong>magistro</strong></span> 
     </span>
     <span class='ocr_line' id='line_1_71' title="bbox 1425 960 2335 1000; baseline 0 -10"><span class='ocrx_word' id='word_1_380' title='bbox 1425 961 1562 1000; x_wconf 82' lang='lat' dir='ltr'><strong>Nycolao</strong></span> <span class='ocrx_word' id='word_1_381' title='bbox 1584 962 1622 990; x_wconf 89' lang='lat' dir='ltr'><strong>de</strong></span> <span class='ocrx_word' id='word_1_382' title='bbox 1641 960 1803 996; x_wconf 87' lang='lat' dir='ltr'><strong>Gameren,</strong></span> <span class='ocrx_word' id='word_1_383' title='bbox 1825 960 1911 1000; x_wconf 90' lang='lat' dir='ltr'><strong>cujus</strong></span> <span class='ocrx_word' id='word_1_384' title='bbox 1927 961 2022 990; x_wconf 88' lang='lat' dir='ltr'><strong>bursa</strong></span> <span class='ocrx_word' id='word_1_385' title='bbox 2042 961 2099 990; x_wconf 87' lang='lat' dir='ltr'><strong>Vll</strong></span> <span class='ocrx_word' id='word_1_386' title='bbox 2118 961 2211 990; x_wconf 89' lang='lat' dir='ltr'><strong>solidi</strong></span> <span class='ocrx_word' id='word_1_387' title='bbox 2226 967 2256 990; x_wconf 86' lang='lat' dir='ltr'><strong>et</strong></span> <span class='ocrx_word' id='word_1_388' title='bbox 2274 961 2335 991; x_wconf 90' lang='lat'>1111</span> 
     </span>
     <span class='ocr_line' id='line_1_72' title="bbox 1423 1009 1552 1039; baseline -0.008 0"><span class='ocrx_word' id='word_1_389' title='bbox 1423 1009 1552 1039; x_wconf 88' lang='lat' dir='ltr'><strong>denarii.</strong></span> 
     </span>
    </p>

    <p class='ocr_par' dir='ltr' id='par_1_28' title="bbox 1425 1058 2336 1187">
     <span class='ocr_line' id='line_1_73' title="bbox 1466 1058 2336 1099; baseline 0 -11"><span class='ocrx_word' id='word_1_390' title='bbox 1466 1059 1585 1099; x_wconf 89' lang='lat' dir='ltr'><strong>lncepit</strong></span> <span class='ocrx_word' id='word_1_391' title='bbox 1597 1059 1740 1088; x_wconf 86' lang='lat' dir='ltr'><strong>dominus</strong></span> <span class='ocrx_word' id='word_1_392' title='bbox 1753 1059 1910 1089; x_wconf 84' lang='lat' dir='ltr'><strong>Johannes</strong></span> <span class='ocrx_word' id='word_1_393' title='bbox 1925 1059 2102 1089; x_wconf 85' lang='lat' dir='ltr'><strong>Kerstancii</strong></span> <span class='ocrx_word' id='word_1_394' title='bbox 2114 1060 2172 1088; x_wconf 87' lang='lat' dir='ltr'><strong>sub</strong></span> <span class='ocrx_word' id='word_1_395' title='bbox 2187 1058 2336 1099; x_wconf 83' lang='lat' dir='ltr'><strong>magistro</strong></span> 
     </span>
     <span class='ocr_line' id='line_1_74' title="bbox 1428 1107 2336 1147; baseline 0.001 -10"><span class='ocrx_word' id='word_1_396' title='bbox 1428 1108 1622 1137; x_wconf 88' lang='lat' dir='ltr'><strong>Theoderico</strong></span> <span class='ocrx_word' id='word_1_397' title='bbox 1644 1109 1682 1138; x_wconf 87' lang='lat' dir='ltr'><strong>de</strong></span> <span class='ocrx_word' id='word_1_398' title='bbox 1707 1108 1792 1144; x_wconf 88' lang='lat' dir='ltr'><strong>Delf‚</strong></span> <span class='ocrx_word' id='word_1_399' title='bbox 1815 1107 1902 1147; x_wconf 82' lang='lat' dir='ltr'><strong>eujus</strong></span> <span class='ocrx_word' id='word_1_400' title='bbox 1928 1109 2023 1138; x_wconf 90' lang='lat' dir='ltr'><strong>bursa</strong></span> <span class='ocrx_word' id='word_1_401' title='bbox 2045 1108 2105 1137; x_wconf 94' lang='lat'><em>1111</em></span> <span class='ocrx_word' id='word_1_402' title='bbox 2130 1108 2221 1137; x_wconf 84' lang='lat' dir='ltr'><strong>solidi</strong></span> <span class='ocrx_word' id='word_1_403' title='bbox 2244 1114 2274 1138; x_wconf 87' lang='lat' dir='ltr'><strong>et</strong></span> <span class='ocrx_word' id='word_1_404' title='bbox 2295 1107 2336 1138; x_wconf 88' lang='lat' dir='ltr'><strong>Vl</strong></span> 
     </span>
     <span class='ocr_line' id='line_1_75' title="bbox 1425 1157 1554 1187; baseline 0 -1"><span class='ocrx_word' id='word_1_405' title='bbox 1425 1157 1554 1187; x_wconf 85' lang='lat' dir='ltr'><strong>denarii.</strong></span> 
     </span>
    </p>

    <p class='ocr_par' dir='ltr' id='par_1_29' title="bbox 1431 1204 2338 1295">
     <span class='ocr_line' id='line_1_76' title="bbox 1456 1204 2338 1246; baseline 0 -11"><span class='ocrx_word' id='word_1_406' title='bbox 1456 1206 1586 1246; x_wconf 17' lang='lat' dir='ltr'><strong>,lncepit</strong></span> <span class='ocrx_word' id='word_1_407' title='bbox 1600 1206 1744 1236; x_wconf 86' lang='lat' dir='ltr'><strong>dominus</strong></span> <span class='ocrx_word' id='word_1_408' title='bbox 1757 1204 1945 1236; x_wconf 85' lang='lat' dir='ltr'><strong>Wilhelmus</strong></span> <span class='ocrx_word' id='word_1_409' title='bbox 1961 1207 1999 1235; x_wconf 88' lang='lat' dir='ltr'><strong>de</strong></span> <span class='ocrx_word' id='word_1_410' title='bbox 2012 1205 2155 1236; x_wconf 85' lang='lat' dir='ltr'><strong>Haerlem</strong></span> <span class='ocrx_word' id='word_1_411' title='bbox 2171 1207 2228 1236; x_wconf 89' lang='lat' dir='ltr'><strong>sub</strong></span> <span class='ocrx_word' id='word_1_412' title='bbox 2239 1206 2338 1246; x_wconf 89' lang='lat' dir='ltr'><strong>magi-</strong></span> 
     </span>
     <span class='ocr_line' id='line_1_77' title="bbox 1431 1254 2296 1295; baseline 0 -11"><span class='ocrx_word' id='word_1_413' title='bbox 1431 1262 1496 1285; x_wconf 88' lang='lat' dir='ltr'><strong>stro</strong></span> <span class='ocrx_word' id='word_1_414' title='bbox 1513 1256 1670 1295; x_wconf 85' lang='lat' dir='ltr'><strong>Heynrico</strong></span> <span class='ocrx_word' id='word_1_415' title='bbox 1683 1257 1721 1285; x_wconf 90' lang='lat' dir='ltr'><strong>de</strong></span> <span class='ocrx_word' id='word_1_416' title='bbox 1739 1254 1884 1290; x_wconf 85' lang='lat' dir='ltr'><strong>Aernem,</strong></span> <span class='ocrx_word' id='word_1_417' title='bbox 1901 1254 1988 1294; x_wconf 88' lang='lat' dir='ltr'><strong>cujus</strong></span> <span class='ocrx_word' id='word_1_418' title='bbox 2004 1256 2099 1285; x_wconf 88' lang='lat' dir='ltr'><strong>bursa</strong></span> <span class='ocrx_word' id='word_1_419' title='bbox 2117 1255 2177 1284; x_wconf 85' lang='lat' dir='ltr'><strong>llll</strong></span> <span class='ocrx_word' id='word_1_420' title='bbox 2193 1255 2296 1285; x_wconf 86' lang='lat' dir='ltr'><strong>solidi.</strong></span> 
     </span>
    </p>
   </div>
   <div class='ocr_carea' id='block_1_19' title="bbox 1833 1348 1930 1378">
    <p class='ocr_par' dir='ltr' id='par_1_30' title="bbox 1833 1348 1930 1378">
     <span class='ocr_line' id='line_1_78' title="bbox 1833 1348 1930 1378; baseline 0 0"><span class='ocrx_word' id='word_1_421' title='bbox 1833 1348 1930 1378; x_wconf 80' lang='lat'>1396</span> 
     </span>
    </p>
   </div>
   <div class='ocr_carea' id='block_1_20' title="bbox 1509 1416 2253 1508">
    <p class='ocr_par' dir='ltr' id='par_1_31' title="bbox 1509 1416 2253 1508">
     <span class='ocr_line' id='line_1_79' title="bbox 1509 1416 2253 1460; baseline 0 -10"><span class='ocrx_word' id='word_1_422' title='bbox 1509 1421 1615 1460; x_wconf 90' lang='lat' dir='ltr'><strong>[Acta</strong></span> <span class='ocrx_word' id='word_1_423' title='bbox 1646 1421 1682 1450; x_wconf 93' lang='lat' dir='ltr'><strong>in</strong></span> <span class='ocrx_word' id='word_1_424' title='bbox 1708 1416 1969 1460; x_wconf 84' lang='lat' dir='ltr'><strong>procuratoria</strong></span> <span class='ocrx_word' id='word_1_425' title='bbox 1997 1420 2181 1450; x_wconf 81' lang='lat' dir='ltr'><strong>Johannis</strong></span> <span class='ocrx_word' id='word_1_426' title='bbox 2211 1421 2253 1450; x_wconf 87' lang='lat' dir='ltr'><strong>de</strong></span> 
     </span>
     <span class='ocr_line' id='line_1_80' title="bbox 1748 1470 2018 1508; baseline -0.007 -8"><span class='ocrx_word' id='word_1_427' title='bbox 1748 1470 2018 1508; x_wconf 84' lang='lat' dir='ltr'><strong>Claromonte.]</strong></span> 
     </span>
    </p>
   </div>
   <div class='ocr_carea' id='block_1_21' title="bbox 1425 1549 2364 2864">
    <p class='ocr_par' dir='ltr' id='par_1_32' title="bbox 1427 1549 2341 1927">
     <span class='ocr_line' id='line_1_81' title="bbox 1468 1549 2340 1591; baseline -0.003 -9"><span class='ocrx_word' id='word_1_428' title='bbox 1468 1552 1560 1582; x_wconf 84' lang='lat' dir='ltr'><strong>Facta</strong></span> <span class='ocrx_word' id='word_1_429' title='bbox 1596 1551 1842 1591; x_wconf 84' lang='lat' dir='ltr'><strong>congregacione</strong></span> <span class='ocrx_word' id='word_1_430' title='bbox 1877 1550 2016 1580; x_wconf 89' lang='lat' dir='ltr'><strong>nacionis</strong></span> <span class='ocrx_word' id='word_1_431' title='bbox 2052 1550 2222 1590; x_wconf 89' lang='lat' dir='ltr'><strong>Anglicane</strong></span> <span class='ocrx_word' id='word_1_432' title='bbox 2257 1549 2340 1590; x_wconf 84' lang='lat' dir='ltr'><strong>apud</strong></span> 
     </span>
     <span class='ocr_line' id='line_1_82' title="bbox 1429 1599 2341 1639; baseline -0.003 -8"><span class='ocrx_word' id='word_1_433' title='bbox 1429 1601 1573 1631; x_wconf 87' lang='lat' dir='ltr'><strong>Sanctum</strong></span> <span class='ocrx_word' id='word_1_434' title='bbox 1592 1600 1779 1630; x_wconf 86' lang='lat' dir='ltr'><strong>Maturinum</strong></span> <span class='ocrx_word' id='word_1_435' title='bbox 1800 1600 1899 1639; x_wconf 87' lang='lat' dir='ltr'><strong>prima</strong></span> <span class='ocrx_word' id='word_1_436' title='bbox 1915 1599 1998 1629; x_wconf 86' lang='lat' dir='ltr'><strong>Junii</strong></span> <span class='ocrx_word' id='word_1_437' title='bbox 2014 1600 2052 1629; x_wconf 89' lang='lat' dir='ltr'><strong>ad</strong></span> <span class='ocrx_word' id='word_1_438' title='bbox 2069 1599 2245 1639; x_wconf 87' lang='lat' dir='ltr'><strong>eligendum</strong></span> <span class='ocrx_word' id='word_1_439' title='bbox 2265 1609 2341 1638; x_wconf 88' lang='lat' dir='ltr'><strong>pro-</strong></span> 
     </span>
     <span class='ocr_line' id='line_1_83' title="bbox 1427 1647 2341 1689; baseline -0.003 -9"><span class='ocrx_word' id='word_1_440' title='bbox 1427 1657 1611 1686; x_wconf 89' lang='lat' dir='ltr'><strong>curatorem,</strong></span> <span class='ocrx_word' id='word_1_441' title='bbox 1629 1650 1744 1679; x_wconf 87' lang='lat' dir='ltr'><strong>electus</strong></span> <span class='ocrx_word' id='word_1_442' title='bbox 1764 1649 1820 1678; x_wconf 82' lang='lat' dir='ltr'><strong>suit</strong></span> <span class='ocrx_word' id='word_1_443' title='bbox 1837 1648 1985 1689; x_wconf 85' lang='lat' dir='ltr'><strong>magister</strong></span> <span class='ocrx_word' id='word_1_444' title='bbox 1998 1648 2155 1678; x_wconf 89' lang='lat' dir='ltr'><strong>Johannes</strong></span> <span class='ocrx_word' id='word_1_445' title='bbox 2173 1649 2211 1677; x_wconf 88' lang='lat' dir='ltr'><strong>de</strong></span> <span class='ocrx_word' id='word_1_446' title='bbox 2229 1647 2341 1678; x_wconf 78' lang='lat' dir='ltr'><strong>Claro-</strong></span> 
     </span>
     <span class='ocr_line' id='line_1_84' title="bbox 1428 1697 2338 1736; baseline -0.003 -7"><span class='ocrx_word' id='word_1_447' title='bbox 1428 1706 1541 1729; x_wconf 84' lang='lat' dir='ltr'><strong>monte.</strong></span> <span class='ocrx_word' id='word_1_448' title='bbox 1561 1700 1635 1729; x_wconf 89' lang='lat' dir='ltr'><strong>Item</strong></span> <span class='ocrx_word' id='word_1_449' title='bbox 1657 1705 1687 1728; x_wconf 85' lang='lat' dir='ltr'><strong>et</strong></span> <span class='ocrx_word' id='word_1_450' title='bbox 1704 1699 1741 1728; x_wconf 93' lang='lat' dir='ltr'><strong>ad</strong></span> <span class='ocrx_word' id='word_1_451' title='bbox 1762 1698 1948 1727; x_wconf 90' lang='lat' dir='ltr'><strong>audiendum</strong></span> <span class='ocrx_word' id='word_1_452' title='bbox 1965 1703 2139 1736; x_wconf 84' lang='lat' dir='ltr'><strong>compotum</strong></span> <span class='ocrx_word' id='word_1_453' title='bbox 2155 1697 2338 1736; x_wconf 70' lang='lat' dir='ltr'><strong>receptoria,</strong></span> 
     </span>
     <span class='ocr_line' id='line_1_85' title="bbox 1429 1746 2340 1789; baseline -0.004 -11"><span class='ocrx_word' id='word_1_454' title='bbox 1429 1750 1482 1789; x_wconf 90' lang='lat' dir='ltr'><strong>qui</strong></span> <span class='ocrx_word' id='word_1_455' title='bbox 1504 1749 1560 1778; x_wconf 85' lang='lat' dir='ltr'><strong>suit</strong></span> <span class='ocrx_word' id='word_1_456' title='bbox 1581 1748 1694 1777; x_wconf 89' lang='lat' dir='ltr'><strong>dilatus</strong></span> <span class='ocrx_word' id='word_1_457' title='bbox 1717 1757 1816 1786; x_wconf 89' lang='lat' dir='ltr'><strong>usque</strong></span> <span class='ocrx_word' id='word_1_458' title='bbox 1839 1746 1914 1776; x_wconf 82' lang='lat' dir='ltr'><strong>alias</strong></span> <span class='ocrx_word' id='word_1_459' title='bbox 1938 1752 2067 1786; x_wconf 86' lang='lat' dir='ltr'><strong>propter</strong></span> <span class='ocrx_word' id='word_1_460' title='bbox 2094 1746 2340 1785; x_wconf 86' lang='lat' dir='ltr'><strong>solempnitatem</strong></span> 
     </span>
     <span class='ocr_line' id='line_1_86' title="bbox 1429 1794 2340 1838; baseline -0.004 -10"><span class='ocrx_word' id='word_1_461' title='bbox 1429 1799 1509 1834; x_wconf 87' lang='lat' dir='ltr'><strong>festi,</strong></span> <span class='ocrx_word' id='word_1_462' title='bbox 1529 1798 1600 1838; x_wconf 92' lang='lat' dir='ltr'><strong>quia</strong></span> <span class='ocrx_word' id='word_1_463' title='bbox 1621 1797 1676 1827; x_wconf 87' lang='lat' dir='ltr'><strong>fuit</strong></span> <span class='ocrx_word' id='word_1_464' title='bbox 1697 1796 1764 1826; x_wconf 88' lang='lat' dir='ltr'><strong>dies</strong></span> <span class='ocrx_word' id='word_1_465' title='bbox 1783 1795 1887 1825; x_wconf 88' lang='lat' dir='ltr'><strong>Sancti</strong></span> <span class='ocrx_word' id='word_1_466' title='bbox 1910 1794 2133 1825; x_wconf 81' lang='lat' dir='ltr'><strong>Sacramenti³.</strong></span> <span class='ocrx_word' id='word_1_467' title='bbox 2151 1795 2227 1824; x_wconf 89' lang='lat' dir='ltr'><strong>Item</strong></span> <span class='ocrx_word' id='word_1_468' title='bbox 2245 1804 2340 1834; x_wconf 84' lang='lat' dir='ltr'><strong>super</strong></span> 
     </span>
     <span class='ocr_line' id='line_1_87' title="bbox 1431 1843 2340 1887; baseline -0.006 -10"><span class='ocrx_word' id='word_1_469' title='bbox 1431 1846 1716 1887; x_wconf 88' lang='lat' dir='ltr'><strong>supplicacionibus</strong></span> <span class='ocrx_word' id='word_1_470' title='bbox 1735 1851 1764 1875; x_wconf 89' lang='lat' dir='ltr'><strong>et</strong></span> <span class='ocrx_word' id='word_1_471' title='bbox 1784 1844 1917 1885; x_wconf 90' lang='lat' dir='ltr'><strong>injuriis.</strong></span> <span class='ocrx_word' id='word_1_472' title='bbox 1937 1844 2047 1874; x_wconf 91' lang='lat' dir='ltr'><strong>Nullus</strong></span> <span class='ocrx_word' id='word_1_473' title='bbox 2062 1850 2163 1873; x_wconf 86' lang='lat' dir='ltr'><strong>tamen</strong></span> <span class='ocrx_word' id='word_1_474' title='bbox 2181 1843 2340 1883; x_wconf 86' lang='lat' dir='ltr'><strong>supplica-</strong></span> 
     </span>
     <span class='ocr_line' id='line_1_88' title="bbox 1427 1897 1481 1927; baseline -0.037 0"><span class='ocrx_word' id='word_1_475' title='bbox 1427 1897 1481 1927; x_wconf 85' lang='lat' dir='ltr'><strong>vit.</strong></span> 
     </span>
    </p>

    <p class='ocr_par' dir='ltr' id='par_1_33' title="bbox 1428 1941 2341 2072">
     <span class='ocr_line' id='line_1_89' title="bbox 1469 1941 2341 1974; baseline -0.003 0"><span class='ocrx_word' id='word_1_476' title='bbox 1469 1945 1663 1974; x_wconf 88' lang='lat' dir='ltr'><strong>Licenciatus</strong></span> <span class='ocrx_word' id='word_1_477' title='bbox 1690 1950 1737 1973; x_wconf 87' lang='lat' dir='ltr'><strong>est</strong></span> <span class='ocrx_word' id='word_1_478' title='bbox 1770 1942 1912 1972; x_wconf 86' lang='lat' dir='ltr'><strong>dominus</strong></span> <span class='ocrx_word' id='word_1_479' title='bbox 1942 1942 2123 1971; x_wconf 87' lang='lat' dir='ltr'><strong>Gotscalcus</strong></span> <span class='ocrx_word' id='word_1_480' title='bbox 2153 1941 2251 1971; x_wconf 86' lang='lat' dir='ltr'><strong>Vrese</strong></span> <span class='ocrx_word' id='word_1_481' title='bbox 2281 1942 2341 1971; x_wconf 86' lang='lat' dir='ltr'><strong>sub</strong></span> 
     </span>
     <span class='ocr_line' id='line_1_90' title="bbox 1428 1990 2340 2034; baseline -0.004 -11"><span class='ocrx_word' id='word_1_482' title='bbox 1428 1995 1577 2034; x_wconf 85' lang='lat' dir='ltr'><strong>magistro</strong></span> <span class='ocrx_word' id='word_1_483' title='bbox 1599 1993 1734 2022; x_wconf 89' lang='lat' dir='ltr'><strong>Henrico</strong></span> <span class='ocrx_word' id='word_1_484' title='bbox 1757 1993 1795 2021; x_wconf 92' lang='lat' dir='ltr'><strong>de</strong></span> <span class='ocrx_word' id='word_1_485' title='bbox 1813 1991 1940 2027; x_wconf 87' lang='lat' dir='ltr'><strong>Arnem,</strong></span> <span class='ocrx_word' id='word_1_486' title='bbox 1959 1990 2046 2031; x_wconf 85' lang='lat' dir='ltr'><strong>cujus</strong></span> <span class='ocrx_word' id='word_1_487' title='bbox 2065 1992 2159 2020; x_wconf 87' lang='lat' dir='ltr'><strong>bursa</strong></span> <span class='ocrx_word' id='word_1_488' title='bbox 2175 1991 2219 2020; x_wconf 91' lang='lat'><strong>111</strong></span> <span class='ocrx_word' id='word_1_489' title='bbox 2235 1990 2340 2026; x_wconf 85' lang='lat' dir='ltr'><strong>solidi,</strong></span> 
     </span>
     <span class='ocr_line' id='line_1_91' title="bbox 1429 2043 1631 2072; baseline -0.005 0"><span class='ocrx_word' id='word_1_490' title='bbox 1429 2043 1488 2072; x_wconf 87' lang='lat'><em>1111</em></span> <span class='ocrx_word' id='word_1_491' title='bbox 1502 2043 1631 2072; x_wconf 84' lang='lat' dir='ltr'><strong>denarii.</strong></span> 
     </span>
    </p>

    <p class='ocr_par' dir='ltr' id='par_1_34' title="bbox 1430 2088 2339 2178">
     <span class='ocr_line' id='line_1_92' title="bbox 1468 2088 2339 2128; baseline -0.005 -7"><span class='ocrx_word' id='word_1_492' title='bbox 1468 2092 1662 2121; x_wconf 82' lang='lat' dir='ltr'><strong>Licenciatus</strong></span> <span class='ocrx_word' id='word_1_493' title='bbox 1691 2097 1738 2120; x_wconf 88' lang='lat' dir='ltr'><strong>est</strong></span> <span class='ocrx_word' id='word_1_494' title='bbox 1763 2090 1906 2119; x_wconf 90' lang='lat' dir='ltr'><strong>dominus</strong></span> <span class='ocrx_word' id='word_1_495' title='bbox 1933 2089 2138 2119; x_wconf 86' lang='lat' dir='ltr'><strong>Ghisebertus</strong></span> <span class='ocrx_word' id='word_1_496' title='bbox 2166 2088 2244 2128; x_wconf 88' lang='lat' dir='ltr'><strong>Scay</strong></span> <span class='ocrx_word' id='word_1_497' title='bbox 2280 2089 2339 2118; x_wconf 86' lang='lat' dir='ltr'><strong>sub</strong></span> 
     </span>
     <span class='ocr_line' id='line_1_93' title="bbox 1430 2138 2157 2178; baseline -0.007 -7"><span class='ocrx_word' id='word_1_498' title='bbox 1430 2141 1564 2171; x_wconf 89' lang='lat' dir='ltr'><strong>Henrico</strong></span> <span class='ocrx_word' id='word_1_499' title='bbox 1580 2141 1617 2169; x_wconf 91' lang='lat' dir='ltr'><strong>de</strong></span> <span class='ocrx_word' id='word_1_500' title='bbox 1636 2140 1762 2174; x_wconf 91' lang='lat' dir='ltr'><strong>Arnem,</strong></span> <span class='ocrx_word' id='word_1_501' title='bbox 1777 2138 1864 2178; x_wconf 88' lang='lat' dir='ltr'><strong>cujus</strong></span> <span class='ocrx_word' id='word_1_502' title='bbox 1879 2140 1973 2168; x_wconf 85' lang='lat' dir='ltr'><strong>bursa</strong></span> <span class='ocrx_word' id='word_1_503' title='bbox 1985 2149 2039 2168; x_wconf 87' lang='lat' dir='ltr'><strong>sex</strong></span> <span class='ocrx_word' id='word_1_504' title='bbox 2054 2138 2157 2167; x_wconf 89' lang='lat' dir='ltr'><strong>solidi.</strong></span> 
     </span>
    </p>

    <p class='ocr_par' dir='ltr' id='par_1_35' title="bbox 1428 2186 2339 2277">
     <span class='ocr_line' id='line_1_94' title="bbox 1469 2186 2339 2227; baseline -0.005 -8"><span class='ocrx_word' id='word_1_505' title='bbox 1469 2190 1662 2219; x_wconf 87' lang='lat' dir='ltr'><strong>Licenciatus</strong></span> <span class='ocrx_word' id='word_1_506' title='bbox 1689 2195 1737 2218; x_wconf 85' lang='lat' dir='ltr'><strong>est</strong></span> <span class='ocrx_word' id='word_1_507' title='bbox 1762 2188 1897 2218; x_wconf 86' lang='lat' dir='ltr'><strong>Jacobus</strong></span> <span class='ocrx_word' id='word_1_508' title='bbox 1926 2186 2067 2227; x_wconf 82' lang='lat' dir='ltr'><strong>Spronc⁴</strong></span> <span class='ocrx_word' id='word_1_509' title='bbox 2100 2188 2158 2216; x_wconf 86' lang='lat' dir='ltr'><strong>sub</strong></span> <span class='ocrx_word' id='word_1_510' title='bbox 2189 2186 2339 2226; x_wconf 82' lang='lat' dir='ltr'><strong>magistro</strong></span> 
     </span>
     <span class='ocr_line' id='line_1_95' title="bbox 1428 2235 2226 2277; baseline -0.005 -9"><span class='ocrx_word' id='word_1_511' title='bbox 1428 2239 1566 2268; x_wconf 85' lang='lat' dir='ltr'><strong>Johanne</strong></span> <span class='ocrx_word' id='word_1_512' title='bbox 1582 2239 1620 2268; x_wconf 92' lang='lat' dir='ltr'><strong>de</strong></span> <span class='ocrx_word' id='word_1_513' title='bbox 1637 2238 1785 2272; x_wconf 80' lang='lat' dir='ltr'><strong>Sutsania,</strong></span> <span class='ocrx_word' id='word_1_514' title='bbox 1800 2236 1887 2277; x_wconf 91' lang='lat' dir='ltr'><strong>cujus</strong></span> <span class='ocrx_word' id='word_1_515' title='bbox 1902 2238 1997 2267; x_wconf 87' lang='lat' dir='ltr'><strong>bursa</strong></span> <span class='ocrx_word' id='word_1_516' title='bbox 2011 2236 2080 2265; x_wconf 91' lang='lat' dir='ltr'><strong>XVI</strong></span> <span class='ocrx_word' id='word_1_517' title='bbox 2096 2235 2226 2265; x_wconf 83' lang='lat' dir='ltr'><strong>denarii.</strong></span> 
     </span>
    </p>

    <p class='ocr_par' dir='ltr' id='par_1_36' title="bbox 1429 2283 2340 2420">
     <span class='ocr_line' id='line_1_96' title="bbox 1469 2283 2340 2322; baseline -0.005 -5"><span class='ocrx_word' id='word_1_518' title='bbox 1469 2287 1662 2317; x_wconf 87' lang='lat' dir='ltr'><strong>Licenciatus</strong></span> <span class='ocrx_word' id='word_1_519' title='bbox 1676 2293 1723 2316; x_wconf 87' lang='lat' dir='ltr'><strong>est</strong></span> <span class='ocrx_word' id='word_1_520' title='bbox 1734 2286 1877 2316; x_wconf 90' lang='lat' dir='ltr'><strong>dominus</strong></span> <span class='ocrx_word' id='word_1_521' title='bbox 1891 2285 2095 2315; x_wconf 88' lang='lat' dir='ltr'><strong>Ghisebertus</strong></span> <span class='ocrx_word' id='word_1_522' title='bbox 2110 2285 2171 2322; x_wconf 89' lang='lat' dir='ltr'><strong>[de]</strong></span> <span class='ocrx_word' id='word_1_523' title='bbox 2183 2283 2340 2314; x_wconf 85' lang='lat' dir='ltr'><strong>Aemster-</strong></span> 
     </span>
     <span class='ocr_line' id='line_1_97' title="bbox 1429 2331 2340 2375; baseline -0.005 -9"><span class='ocrx_word' id='word_1_524' title='bbox 1429 2338 1497 2366; x_wconf 92' lang='lat' dir='ltr'><strong>dam</strong></span> <span class='ocrx_word' id='word_1_525' title='bbox 1524 2338 1581 2366; x_wconf 89' lang='lat' dir='ltr'><strong>sub</strong></span> <span class='ocrx_word' id='word_1_526' title='bbox 1609 2336 1757 2375; x_wconf 86' lang='lat' dir='ltr'><strong>magistro</strong></span> <span class='ocrx_word' id='word_1_527' title='bbox 1785 2334 1912 2365; x_wconf 89' lang='lat' dir='ltr'><strong>Nicolao</strong></span> <span class='ocrx_word' id='word_1_528' title='bbox 1943 2335 1981 2364; x_wconf 90' lang='lat' dir='ltr'><strong>de</strong></span> <span class='ocrx_word' id='word_1_529' title='bbox 2008 2333 2226 2368; x_wconf 85' lang='lat' dir='ltr'><strong>Monkendam,</strong></span> <span class='ocrx_word' id='word_1_530' title='bbox 2252 2331 2340 2372; x_wconf 87' lang='lat' dir='ltr'><strong>cujus</strong></span> 
     </span>
     <span class='ocr_line' id='line_1_98' title="bbox 1429 2383 1942 2420; baseline -0.006 -5"><span class='ocrx_word' id='word_1_531' title='bbox 1429 2388 1522 2415; x_wconf 91' lang='lat' dir='ltr'><strong>bursa</strong></span> <span class='ocrx_word' id='word_1_532' title='bbox 1536 2385 1591 2414; x_wconf 94' lang='lat' dir='ltr'><strong>Vll</strong></span> <span class='ocrx_word' id='word_1_533' title='bbox 1612 2385 1715 2420; x_wconf 89' lang='lat' dir='ltr'><strong>solidi,</strong></span> <span class='ocrx_word' id='word_1_534' title='bbox 1737 2384 1796 2414; x_wconf 86' lang='lat'><em>1111</em></span> <span class='ocrx_word' id='word_1_535' title='bbox 1812 2383 1942 2413; x_wconf 83' lang='lat' dir='ltr'><strong>denarii.</strong></span> 
     </span>
    </p>

    <p class='ocr_par' dir='ltr' id='par_1_37' title="bbox 1429 2430 2340 2520">
     <span class='ocr_line' id='line_1_99' title="bbox 1468 2430 2340 2471; baseline -0.006 -7"><span class='ocrx_word' id='word_1_536' title='bbox 1468 2434 1663 2464; x_wconf 91' lang='lat' dir='ltr'><strong>Licenciatus</strong></span> <span class='ocrx_word' id='word_1_537' title='bbox 1693 2440 1740 2463; x_wconf 93' lang='lat' dir='ltr'><strong>est</strong></span> <span class='ocrx_word' id='word_1_538' title='bbox 1766 2433 1878 2462; x_wconf 89' lang='lat' dir='ltr'><strong>Petrus</strong></span> <span class='ocrx_word' id='word_1_539' title='bbox 1905 2433 1943 2461; x_wconf 88' lang='lat' dir='ltr'><strong>de</strong></span> <span class='ocrx_word' id='word_1_540' title='bbox 1973 2431 2080 2461; x_wconf 88' lang='lat' dir='ltr'><strong>Bomel</strong></span> <span class='ocrx_word' id='word_1_541' title='bbox 2105 2432 2162 2460; x_wconf 88' lang='lat' dir='ltr'><strong>sub</strong></span> <span class='ocrx_word' id='word_1_542' title='bbox 2190 2430 2340 2471; x_wconf 85' lang='lat' dir='ltr'><strong>magistro</strong></span> 
     </span>
     <span class='ocr_line' id='line_1_100' title="bbox 1429 2476 2247 2520; baseline -0.006 -7"><span class='ocrx_word' id='word_1_543' title='bbox 1429 2484 1577 2513; x_wconf 92' lang='lat' dir='ltr'><strong>Nicholao</strong></span> <span class='ocrx_word' id='word_1_544' title='bbox 1594 2484 1631 2512; x_wconf 92' lang='lat' dir='ltr'><strong>de</strong></span> <span class='ocrx_word' id='word_1_545' title='bbox 1650 2483 1868 2516; x_wconf 87' lang='lat' dir='ltr'><strong>Monkendam,</strong></span> <span class='ocrx_word' id='word_1_546' title='bbox 1888 2480 1974 2520; x_wconf 88' lang='lat' dir='ltr'><strong>cujus</strong></span> <span class='ocrx_word' id='word_1_547' title='bbox 1989 2481 2084 2510; x_wconf 84' lang='lat' dir='ltr'><strong>bursa</strong></span> <span class='ocrx_word' id='word_1_548' title='bbox 2099 2476 2127 2510; x_wconf 84' lang='lat' dir='ltr'><strong>ll</strong></span> <span class='ocrx_word' id='word_1_549' title='bbox 2144 2479 2247 2509; x_wconf 88' lang='lat' dir='ltr'><strong>solidi.</strong></span> 
     </span>
    </p>

    <p class='ocr_par' dir='ltr' id='par_1_38' title="bbox 1425 2528 2364 2717">
     <span class='ocr_line' id='line_1_101' title="bbox 1470 2528 2364 2569; baseline -0.006 -7"><span class='ocrx_word' id='word_1_550' title='bbox 1470 2533 1544 2562; x_wconf 89' lang='lat' dir='ltr'><strong>Item</strong></span> <span class='ocrx_word' id='word_1_551' title='bbox 1573 2532 1753 2561; x_wconf 88' lang='lat' dir='ltr'><strong>licenciatus</strong></span> <span class='ocrx_word' id='word_1_552' title='bbox 1780 2537 1827 2560; x_wconf 87' lang='lat' dir='ltr'><strong>est</strong></span> <span class='ocrx_word' id='word_1_553' title='bbox 1855 2530 2009 2559; x_wconf 88' lang='lat' dir='ltr'><strong>Henricus</strong></span> <span class='ocrx_word' id='word_1_554' title='bbox 2038 2529 2253 2558; x_wconf 85' lang='lat' dir='ltr'><strong>Lousenberck</strong></span> <span class='ocrx_word' id='word_1_555' title='bbox 2281 2528 2339 2558; x_wconf 87' lang='lat' dir='ltr'><strong>sub</strong></span> <span class='ocrx_word' id='word_1_556' title='bbox 2362 2567 2364 2569; x_wconf 26' lang='grc' dir='ltr'>Ι</span> 
     </span>
     <span class='ocr_line' id='line_1_102' title="bbox 1429 2577 2341 2621; baseline -0.005 -11"><span class='ocrx_word' id='word_1_557' title='bbox 1429 2582 1578 2621; x_wconf 89' lang='lat' dir='ltr'><strong>magistro</strong></span> <span class='ocrx_word' id='word_1_558' title='bbox 1605 2580 1744 2610; x_wconf 83' lang='lat' dir='ltr'><strong>Johanne</strong></span> <span class='ocrx_word' id='word_1_559' title='bbox 1772 2580 1935 2614; x_wconf 85' lang='lat' dir='ltr'><strong>Boutbort‚</strong></span> <span class='ocrx_word' id='word_1_560' title='bbox 1959 2577 2045 2618; x_wconf 90' lang='lat' dir='ltr'><strong>cujus</strong></span> <span class='ocrx_word' id='word_1_561' title='bbox 2071 2578 2164 2607; x_wconf 85' lang='lat' dir='ltr'><strong>bursa</strong></span> <span class='ocrx_word' id='word_1_562' title='bbox 2182 2577 2289 2612; x_wconf 87' lang='lat' dir='ltr'><strong>nichil,</strong></span> <span class='ocrx_word' id='word_1_563' title='bbox 2310 2583 2341 2606; x_wconf 85' lang='lat' dir='ltr'><strong>et</strong></span> 
     </span>
     <span class='ocr_line' id='line_1_103' title="bbox 1425 2626 2339 2670; baseline -0.007 -10"><span class='ocrx_word' id='word_1_564' title='bbox 1425 2630 1539 2670; x_wconf 87' lang='lat' dir='ltr'><strong>juravit</strong></span> <span class='ocrx_word' id='word_1_565' title='bbox 1552 2636 1696 2659; x_wconf 87' lang='lat' dir='ltr'><strong>statutum</strong></span> <span class='ocrx_word' id='word_1_566' title='bbox 1709 2628 1912 2669; x_wconf 85' lang='lat' dir='ltr'><strong>paupertatis,</strong></span> <span class='ocrx_word' id='word_1_567' title='bbox 1926 2633 1956 2656; x_wconf 90' lang='lat' dir='ltr'><strong>et</strong></span> <span class='ocrx_word' id='word_1_568' title='bbox 1970 2627 2028 2656; x_wconf 87' lang='lat' dir='ltr'><strong>hoc</strong></span> <span class='ocrx_word' id='word_1_569' title='bbox 2043 2636 2099 2666; x_wconf 89' lang='lat' dir='ltr'><strong>per</strong></span> <span class='ocrx_word' id='word_1_570' title='bbox 2109 2626 2339 2655; x_wconf 83' lang='lat' dir='ltr'><strong>ordinacionem</strong></span> 
     </span>
     <span class='ocr_line' id='line_1_104' title="bbox 1429 2675 2248 2717; baseline -0.005 -9"><span class='ocrx_word' id='word_1_571' title='bbox 1429 2679 1580 2714; x_wconf 87' lang='lat' dir='ltr'><strong>nacionis,</strong></span> <span class='ocrx_word' id='word_1_572' title='bbox 1597 2689 1656 2717; x_wconf 93' lang='lat' dir='ltr'><strong>que</strong></span> <span class='ocrx_word' id='word_1_573' title='bbox 1671 2679 1708 2707; x_wconf 92' lang='lat' dir='ltr'><strong>ad</strong></span> <span class='ocrx_word' id='word_1_574' title='bbox 1724 2678 1781 2707; x_wconf 91' lang='lat' dir='ltr'><strong>hoc</strong></span> <span class='ocrx_word' id='word_1_575' title='bbox 1797 2676 1984 2716; x_wconf 86' lang='lat' dir='ltr'><strong>specialiter,</strong></span> <span class='ocrx_word' id='word_1_576' title='bbox 2002 2675 2058 2705; x_wconf 83' lang='lat' dir='ltr'><strong>fuit</strong></span> <span class='ocrx_word' id='word_1_577' title='bbox 2072 2681 2248 2704; x_wconf 86' lang='lat' dir='ltr'><strong>convocata.</strong></span> 
     </span>
    </p>

    <p class='ocr_par' dir='ltr' id='par_1_39' title="bbox 1430 2723 2341 2864">
     <span class='ocr_line' id='line_1_105' title="bbox 1470 2723 2339 2766; baseline -0.006 -9"><span class='ocrx_word' id='word_1_578' title='bbox 1470 2728 1561 2757; x_wconf 83' lang='lat' dir='ltr'><strong>Facta</strong></span> <span class='ocrx_word' id='word_1_579' title='bbox 1573 2727 1584 2746; x_wconf 83' lang='lat'>⁵</span> <span class='ocrx_word' id='word_1_580' title='bbox 1620 2726 1866 2766; x_wconf 84' lang='lat' dir='ltr'><strong>congregacione</strong></span> <span class='ocrx_word' id='word_1_581' title='bbox 1905 2724 2044 2754; x_wconf 83' lang='lat' dir='ltr'><strong>nacionis</strong></span> <span class='ocrx_word' id='word_1_582' title='bbox 2077 2725 2158 2763; x_wconf 90' lang='lat' dir='ltr'><strong>apud</strong></span> <span class='ocrx_word' id='word_1_583' title='bbox 2195 2723 2339 2753; x_wconf 83' lang='lat' dir='ltr'><strong>Sanctum</strong></span> 
     </span>
     <span class='ocr_line' id='line_1_106' title="bbox 1430 2772 2340 2806; baseline -0.005 0"><span class='ocrx_word' id='word_1_584' title='bbox 1430 2777 1616 2806; x_wconf 88' lang='lat' dir='ltr'><strong>Maturinum</strong></span> <span class='ocrx_word' id='word_1_585' title='bbox 1632 2775 1702 2804; x_wconf 67' lang='lat' dir='ltr'><strong>Vlla</strong></span> <span class='ocrx_word' id='word_1_586' title='bbox 1716 2775 1766 2804; x_wconf 90' lang='lat' dir='ltr'><strong>die</strong></span> <span class='ocrx_word' id='word_1_587' title='bbox 1781 2774 1864 2804; x_wconf 90' lang='lat' dir='ltr'><strong>Junii</strong></span> <span class='ocrx_word' id='word_1_588' title='bbox 1880 2783 1959 2803; x_wconf 92' lang='lat' dir='ltr'><strong>anno</strong></span> <span class='ocrx_word' id='word_1_589' title='bbox 1976 2773 2100 2802; x_wconf 91' lang='lat' dir='ltr'><strong>Domini</strong></span> <span class='ocrx_word' id='word_1_590' title='bbox 2114 2773 2160 2802; x_wconf 82' lang='grc' dir='ltr'><strong>Μο</strong></span> <span class='ocrx_word' id='word_1_591' title='bbox 2177 2772 2273 2802; x_wconf 80' lang='grc' dir='ltr'><strong>000ο</strong></span> <span class='ocrx_word' id='word_1_592' title='bbox 2286 2773 2340 2801; x_wconf 84' lang='lat'><strong>960</strong></span> 
     </span>
     <span class='ocr_line' id='line_1_107' title="bbox 1431 2822 2341 2864; baseline -0.007 -9"><span class='ocrx_word' id='word_1_593' title='bbox 1431 2835 1524 2864; x_wconf 88' lang='lat' dir='ltr'><strong>super</strong></span> <span class='ocrx_word' id='word_1_594' title='bbox 1537 2825 1636 2854; x_wconf 86' lang='lat' dir='ltr'><strong>tribus</strong></span> <span class='ocrx_word' id='word_1_595' title='bbox 1655 2824 1803 2853; x_wconf 85' lang='lat' dir='ltr'><strong>articulis.</strong></span> <span class='ocrx_word' id='word_1_596' title='bbox 1821 2822 1944 2852; x_wconf 87' lang='lat' dir='ltr'><strong>Primus</strong></span> <span class='ocrx_word' id='word_1_597' title='bbox 1962 2823 1999 2851; x_wconf 86' lang='lat' dir='ltr'><strong>ad</strong></span> <span class='ocrx_word' id='word_1_598' title='bbox 2015 2822 2199 2851; x_wconf 90' lang='lat' dir='ltr'><strong>audiendum</strong></span> <span class='ocrx_word' id='word_1_599' title='bbox 2217 2830 2341 2860; x_wconf 86' lang='lat' dir='ltr'><strong>compo-</strong></span> 
     </span>
    </p>
   </div>
   <div class='ocr_carea' id='block_1_22' title="bbox 1430 2908 2337 3014">
    <p class='ocr_par' dir='ltr' id='par_1_40' title="bbox 1430 2908 2337 3014">
     <span class='ocr_line' id='line_1_108' title="bbox 1462 2908 2337 2941; baseline -0.006 -5"><span class='ocrx_word' id='word_1_600' title='bbox 1462 2914 1483 2936; x_wconf 83' lang='lat'><strong>4.</strong></span> <span class='ocrx_word' id='word_1_601' title='bbox 1519 2914 1566 2936; x_wconf 82' lang='lat' dir='ltr'><strong>An.</strong></span> <span class='ocrx_word' id='word_1_602' title='bbox 1588 2912 1647 2935; x_wconf 82' lang='lat'>1391</span> <span class='ocrx_word' id='word_1_603' title='bbox 1668 2912 1694 2935; x_wconf 89' lang='lat' dir='ltr'><strong>in</strong></span> <span class='ocrx_word' id='word_1_604' title='bbox 1714 2911 1827 2934; x_wconf 71' lang='lat' dir='ltr'><strong>Univers.</strong></span> <span class='ocrx_word' id='word_1_605' title='bbox 1845 2910 1934 2934; x_wconf 81' lang='lat' dir='ltr'><strong>Coton.</strong></span> <span class='ocrx_word' id='word_1_606' title='bbox 1955 2908 2100 2932; x_wconf 63' lang='lat' dir='ltr'><strong>intitulatus</strong></span> <span class='ocrx_word' id='word_1_607' title='bbox 2119 2908 2181 2941; x_wconf 78' lang='lat' dir='ltr'><strong>(oid.</strong></span> <span class='ocrx_word' id='word_1_608' title='bbox 2201 2908 2337 2937; x_wconf 62' lang='lat' dir='ltr'><strong>Kxussmz,</strong></span> 
     </span>
     <span class='ocr_line' id='line_1_109' title="bbox 1430 2944 2138 2979; baseline -0.007 -7"><span class='ocrx_word' id='word_1_609' title='bbox 1430 2948 1560 2976; x_wconf 79' lang='lat' dir='ltr'><strong>Matrikel,</strong></span> <span class='ocrx_word' id='word_1_610' title='bbox 1575 2948 1593 2976; x_wconf 88' lang='grc' dir='ltr'><strong>Ι,</strong></span> <span class='ocrx_word' id='word_1_611' title='bbox 1610 2947 1657 2979; x_wconf 86' lang='grc'><strong>51),</strong></span> <span class='ocrx_word' id='word_1_612' title='bbox 1671 2947 1715 2970; x_wconf 79' lang='lat' dir='ltr'><strong>ubi</strong></span> <span class='ocrx_word' id='word_1_613' title='bbox 1727 2945 1913 2970; x_wconf 74' lang='lat' dir='ltr'><strong>determinavit.</strong></span> <span class='ocrx_word' id='word_1_614' title='bbox 1929 2945 1983 2969; x_wconf 82' lang='lat' dir='ltr'><strong>Vid.</strong></span> <span class='ocrx_word' id='word_1_615' title='bbox 1996 2953 2022 2976; x_wconf 87' lang='lat' dir='ltr'><strong>p.</strong></span> <span class='ocrx_word' id='word_1_616' title='bbox 2034 2945 2087 2973; x_wconf 81' lang='lat'><strong>716,</strong></span> <span class='ocrx_word' id='word_1_617' title='bbox 2099 2944 2138 2968; x_wconf 82' lang='grc'><strong>31.</strong></span> 
     </span>
     <span class='ocr_line' id='line_1_110' title="bbox 1461 2979 2132 3014; baseline -0.004 -7"><span class='ocrx_word' id='word_1_618' title='bbox 1461 2985 1485 3007; x_wconf 80' lang='lat'><strong>5.</strong></span> <span class='ocrx_word' id='word_1_619' title='bbox 1518 2985 1546 3006; x_wconf 86' lang='lat' dir='ltr'><strong>In</strong></span> <span class='ocrx_word' id='word_1_620' title='bbox 1559 2982 1673 3014; x_wconf 76' lang='lat' dir='ltr'><strong>margine</strong></span> <span class='ocrx_word' id='word_1_621' title='bbox 1684 2989 1693 3005; x_wconf 88' lang='lat'><strong>.·</strong></span> <span class='ocrx_word' id='word_1_622' title='bbox 1704 2982 1769 3006; x_wconf 82' lang='lat' dir='ltr'><strong>Nota</strong></span> <span class='ocrx_word' id='word_1_623' title='bbox 1785 2981 1816 3005; x_wconf 84' lang='lat' dir='ltr'><strong>de</strong></span> <span class='ocrx_word' id='word_1_624' title='bbox 1829 2981 1907 3004; x_wconf 87' lang='lat' dir='ltr'><strong>domo</strong></span> <span class='ocrx_word' id='word_1_625' title='bbox 1917 2980 1950 3004; x_wconf 79' lang='lat' dir='ltr'><strong>ad</strong></span> <span class='ocrx_word' id='word_1_626' title='bbox 1961 2988 2043 3004; x_wconf 86' lang='lat' dir='ltr'><strong>cornu</strong></span> <span class='ocrx_word' id='word_1_627' title='bbox 2052 2979 2132 3004; x_wconf 77' lang='lat' dir='ltr'><strong>cervi·-</strong></span> 
     </span>
    </p>
   </div>
   <div class='ocr_carea' id='block_1_23' title="bbox 2593 473 2632 3214">
    <p class='ocr_par' dir='ltr' id='par_1_41' title="bbox 2593 473 2632 3214">
     <span class='ocr_line' id='line_1_111' title="bbox 2593 473 2632 3214; baseline 0 0"><span class='ocrx_word' id='word_1_628' title='bbox 2593 473 2632 3214; x_wconf 95' lang='lat' dir='ltr'><strong> </strong></span> 
     </span>
    </p>
   </div>
  </div>
 </body>
</html>
