2632 3464
438 427 490 452 115
987 421 1211 447 AUCTARIUM
1232 420 1492 447 CHARTULARII
1511 421 1685 448 UNIVERS.
1708 421 1826 448 PARIS.
2313 424 2364 450 116

434 504 506 533 tatis
526 509 556 532 et
573 501 712 530 nacionis
730 499 902 539 Anglicane
921 499 1003 538 apud
1023 497 1168 527 Sanctum
1191 497 1347 526 Julianum·

432 561 614 593 pauperem,
647 550 763 579 electus
795 548 851 578 fuit
885 548 917 576 in
942 553 1174 586 procuratorem
1209 546 1346 585 ejusdem

434 601 574 631 nacionis
594 599 741 639 magister
760 598 914 626 Henricus
931 598 968 625 de
991 596 1097 625 Minda
1118 595 1203 624 nullo
1223 595 1346 634 penitus

434 651 631 680 reclamante.

477 700 512 728 ln
530 697 618 738 cujus
637 696 859 736 procuracione
880 696 957 724 facta
974 701 1046 723 sunt
1061 694 1116 722 hec
1133 703 1192 732 que
1209 699 1352 731 sequun-'

436 755 497 778 tur.

477 798 582 827 Primo
603 795 818 825 determinavit
835 793 977 822 dominus
998 791 1165 821 Nicholaus
1186 789 1347 819 Michaelis

437 848 495 877 sub
509 846 658 885 magistro
672 844 787 873 Mathia
799 844 836 872 de
852 842 982 876 Swecia,
1001 840 1087 880 cujus
1102 842 1196 869 bursa
1211 839 1271 868 IIII
1286 839 1344 868 sol.

476 896 552 925 Item
571 895 714 924 dominus
732 893 888 922 Johannes
906 892 943 920 de
965 890 1101 919 Lovanio
1123 888 1346 918 Hollandrinus

433 946 492 975 sub
508 945 656 984 magistro
674 941 867 971 Theodorico
888 941 925 969 de
945 939 1018 969 Dels
1029 938 1245 973 Hollandrino‚
1260 935 1347 976 cujus

435 996 530 1024 bursa
549 993 592 1022 III
612 992 712 1022 solidi.

476 1044 551 1072 Item
566 1042 707 1071 dominus
724 1040 878 1069 Henricus
893 1039 930 1067 de
945 1037 1114 1067 Wismaria
1127 1037 1184 1065 sub
1198 1035 1347 1075 magistro

436 1092 631 1122 Theodorico
651 1092 688 1119 de
705 1090 797 1124 Foro,
815 1087 901 1128 cujus
916 1089 1012 1116 bursa
1029 1086 1134 1115 nichil.

476 1143 551 1171 Item
577 1140 719 1169 dominus
746 1138 928 1167 Dechardus
958 1138 995 1165 de
1025 1136 1132 1165 Minda
1157 1135 1214 1164 sub
1239 1134 1347 1163 eodem

438 1191 600 1231 magistro,
619 1188 706 1228 cujus
721 1189 817 1216 bursa
831 1186 936 1215 nichil.

476 1241 551 1269 Item
576 1239 720 1268 dominus
746 1237 927 1265 Zebrandus
952 1236 990 1264 (18
1015 1234 1088 1263 Delf
1112 1234 1169 1262 sub
1198 1232 1348 1272 magistro

436 1289 576 1319 Johanne
597 1288 722 1322 Thome‚
741 1285 828 1326 cujus
846 1287 940 1314 bursa
957 1283 1064 1313 nichil.

477 1339 551 1367 Item
583 1337 726 1366 dominus
755 1336 867 1364 Petrus
896 1335 933 1363 de
961 1332 1112 1362 Brizacho
1138 1331 1265 1370 incipiet
1290 1330 1348 1359 sub

437 1388 586 1427 magistro
603 1385 799 1415 Theodorico
815 1385 852 1413 de
869 1384 967 1418 Foro,
985 1381 1071 1422 cujus
1087 1383 1182 1410 bursa
1199 1378 1305 1408 nichil.

477 1442 552 1470 Item
564 1440 707 1469 dominus
721 1439 878 1468 Robertus
893 1438 930 1465 (18
944 1436 1087 1475 Asperen
1103 1435 1160 1464 sub
1174 1433 1267 1473 magi-

436 1498 501 1520 stro
519 1490 667 1519 Nicholao
682 1489 719 1517 de
734 1488 917 1522 Hoeculem,
933 1485 1020 1526 cujus
1038 1487 1133 1514 bursa
1150 1484 1192 1513 Ill
1208 1483 1266 1512 sol.

478 1541 552 1569 Item
582 1539 725 1568 dominus
758 1537 914 1566 ,Iohannes
944 1536 1030 1564 Rede
1065 1535 1176 1564 Scotus
1211 1533 1268 1562 sub

436 1589 586 1629 magistro
610 1587 757 1617 Ghaltero
780 1588 817 1615 de
843 1585 1040 1619 Wardelaw‚
1062 1583 1149 1622 cujus
1174 1584 1270 1612 bursa

438 1638 481 1668 ΙΙΙ
501 1638 604 1667 solidi.

479 1688 553 1716 Item
576 1686 719 1715 dominus
742 1684 930 1714 Wilhelmus
955 1683 993 1711 de
1021 1682 1188 1721 Glaphame
1212 1681 1268 1710 sub

437 1738 545 1766 eodem
565 1736 725 1774 magistro,
743 1733 829 1772 cujus
846 1735 940 1762 bursa
954 1732 1014 1761 1111
1032 1731 1134 1760 solidi,

479 1786 553 1815 Item
570 1785 713 1814 dominus
732 1783 922 1812 Remboldus
939 1783 976 1810 de
990 1781 1086 1810 Venle
1100 1782 1158 1810 sub
1171 1780 1270 1820 magi-

437 1842 504 1864 stro
520 1834 715 1863 Theodorico
734 1834 771 1861 de
791 1833 883 1866 Foro,
904 1830 991 1870 cujus
1009 1831 1104 1860 bursa
1120 1830 1226 1859 nichil.

479 1880 554 1909 Item
588 1879 731 1908 dominus
764 1877 955 1906 Remboldus
986 1877 1024 1905 de
1057 1876 1179 1915 Lenepe
1212 1875 1269 1904 sub

439 1930 587 1969 magistro
603 1928 729 1957 Andrea
749 1927 786 1956 de
805 1926 932 1961 Suecia‚
949 1924 1036 1965 cujus
1053 1926 1148 1954 bursa
1162 1924 1268 1954 nichil.

480 1979 554 2007 Item
579 1977 722 2006 dominus
744 1976 901 2005 Johannes
926 1975 1011 2003 Petri
1034 1975 1071 2003 de
1097 1974 1193 2003 Dacia
1213 1975 1270 2003 sub

439 2028 587 2067 magistro
602 2026 772 2055 Laurencio
786 2026 824 2054 de
840 2024 944 2059 Dacia,
960 2023 1046 2062 cujus
1062 2024 1157 2052 bursa
1171 2023 1198 2052 V
1211 2023 1270 2052 sol.

481 2077 556 2106 Item
581 2076 724 2105 dominus
751 2074 939 2104 Ludowicus
964 2073 1192 2110 Quattermaret
1214 2073 1271 2101 sub

440 2127 590 2165 magistro
626 2125 765 2154 Johanne
800 2124 838 2152 de
871 2122 1026 2157 Wesaha,
1060 2121 1147 2161 cujus
1178 2123 1273 2151 bursa

442 2176 501 2205 1111
519 2175 610 2204 solidi
626 2184 694 2203 cum
710 2173 848 2202 dimidio.

483 2224 557 2253 Item
575 2223 717 2252 dominus
737 2222 890 2251 Antonius
909 2221 946 2250 de
963 2221 1086 2250 Dulken
1103 2221 1160 2250 sub
1174 2220 1273 2260 magi-

442 2280 507 2303 stro
522 2273 662 2301 Johanne
678 2273 715 2300 de
728 2271 878 2305 Wesalia,
896 2269 984 2309 cujus
997 2271 1092 2298 bursa
1105 2269 1165 2298 1111
1182 2269 1274 2298 solidi

442 2332 510 2351 cum
526 2321 665 2350 dimidio.

484 2371 558 2400 Item
581 2370 724 2398 dominus
746 2368 892 2398 Nicolaus
915 2368 952 2396 de
973 2367 1198 2396 Griinenberch
1217 2368 1274 2397 sub

444 2421 592 2459 magistro
622 2419 761 2448 Johanne
793 2419 830 2446 de
862 2417 1032 2456 Friburgo,
1061 2416 1148 2455 cujus
1180 2418 1275 2446 bursa
1299 2422 1300 2435 ¹

443 2470 484 2499 Vl
503 2469 595 2499 solidi
613 2479 681 2498 cum
697 2468 737 2496 Vl
756 2467 902 2496 denariis.

485 2524 557 2563 (Fol.
588 2522 643 2562 5¹³)
679 2521 753 2551 Item
781 2521 812 2549 in
845 2520 894 2549 die
924 2520 1068 2549 mercurii
1093 2519 1252 2559 proxima⁴
1284 2526 1357 2560 post

444 2573 628 2602 dominicam
643 2573 854 2604 Reminiscerc,
869 2570 945 2598 sacta
958 2569 1204 2608 congregacione
1218 2570 1356 2599 nacionis

445 2623 526 2662 apud
548 2621 692 2650 Sanctum
713 2619 897 2648 Maturinum
919 2619 956 2647 ad
975 2619 1160 2647 audiendum
1181 2625 1356 2658 compotum

446 2670 629 2710 receptoris,
647 2669 766 2698 scilicet
782 2668 921 2707 magistri
936 2667 1122 2696 Theodorici
1135 2668 1173 2696 de
1190 2667 1282 2703 Foro,
1298 2678 1357 2707 pro

446 2727 518 2750 tunc
548 2720 585 2748 ad
613 2719 727 2747 curiam
752 2718 920 2746 Romanam
949 2716 1036 2751 ituri,
1066 2717 1253 2755 compotavit
1276 2717 1357 2746 idem

447 2775 590 2809 receptor
605 2768 696 2797 modo
714 2767 774 2796 isto
792 2766 844 2806 qui
863 2766 1014 2805 sequitur.
1213 2773 1215 2776 ’

1322 1893 1352 2112 ’zunaeacugma
1322 1821 1351 1889 923p

480 2862 502 2885 1.
538 2862 566 2884 19
580 2859 677 2883 Martii.

480 2899 502 2921 2.
538 2897 684 2920 Sabbatum
698 2898 758 2918 ante
770 2894 876 2922 ludica,
891 2896 905 2917 5
919 2893 1025 2925 Aprilis.

479 2935 502 2957 3.
536 2934 550 2956 3
563 2931 635 2956 Maii.

480 2970 503 2992 4.
538 2970 565 2991 In
577 2976 621 2990 ms.
632 2975 697 2998 quae
710 2968 850 2997 sequuntur
861 2973 940 2996 usque
948 2964 984 2988 ad
992 2964 1133 2995 protestari
1144 2963 1207 2995 (117,
1218 2964 1256 2996 15)
1265 2963 1361 2996 scripta

1386 945 1419 971 10

1386 1190 1419 1217 15

1386 1438 1421 1463 20

1388 1683 1422 1709 25

1390 1929 1424 1954 30

1392 2175 1426 2201 35

1393 2422 1428 2448 40

1395 2667 1429 2694 45

1496 497 1600 527 Primo
1624 498 1722 527 eidem
1741 498 1895 537 receptori
1915 498 1969 527 XL
1992 499 2083 528 solidi
2104 500 2362 530 concedebantur.

1456 546 1570 575 Postea
1598 547 1755 577 defalcatis
1784 548 1927 577 omnibus
1956 554 1986 576 et
2015 548 2156 577 deductis
2185 559 2202 577 a
2230 549 2365 588 receptis

1456 603 1733 634 supermanserunt
1752 597 1874 625 nacioni
1899 596 1951 626 LV
1973 597 2065 626 solidi
2088 597 2262 637 parysiens.
2285 599 2365 627 bone

1456 651 1588 680 monete,
1604 655 1662 685 pro
1681 646 1794 685 quibus
1812 652 1884 675 sunt
1900 646 2040 686 pignora.

1497 693 1573 723 Item
1601 695 1689 723 nacio
1716 701 1838 724 tenetur
1862 695 2011 735 magistro
2043 695 2159 724 Thome
2186 696 2224 724 de
2252 695 2366 725 Wedal

1457 741 1551 771 Scoto
1565 743 1642 772 XLtn
1655 743 1764 773 solidis
1777 745 1815 773 de
1831 745 1911 773 bona
1926 750 2047 773 moneta
2058 754 2096 773 ex
2110 750 2198 783 parte
2209 745 2374 774 contribu-‘

1457 791 1594 827 cionum,
1613 801 1691 831 quos
1703 793 1858 822 concessit
1877 793 1907 822 in
1925 800 2029 822 mutuo
2050 793 2171 822 nacioni
2189 794 2227 822 ad
2242 793 2366 822 mitten—

1457 841 1529 869 dum
1552 842 1806 880 procuratoribus
1829 842 1860 871 in
1883 843 1967 871 curia
1989 843 2128 871 Romana
2147 852 2207 881 pro
2225 842 2366 871 facultate

1457 890 1704 920 consiliantibus.

1497 939 1573 968 Item
1588 939 1683 969 missa
1699 940 1754 969 fuit
1771 941 1901 979 pecunia
1915 947 2040 980 recepta
2056 951 2073 969 a
2087 940 2365 969 determinantibus

1457 989 1578 1018 nunciis
1595 989 1627 1017 in
1645 989 1730 1018 curia
1748 989 1896 1018 Romana.

1496 1086 1587 1116 Anno
1603 1087 1728 1116 Domini
1745 1087 1788 1116 M.
1807 1087 1912 1117 CCC0.
1931 1087 2084 1123 XLVIII⁰‚
2103 1088 2181 1116 facta
2195 1097 2367 1127 congrega-

1457 1136 1546 1166 cione
1570 1137 1710 1165 nacionis
1736 1135 1907 1176 Anglicane
1934 1137 2016 1176 apud
2042 1136 2186 1166 Sanctum
2214 1136 2368 1166 Julianum

1457 1196 1624 1225 pauperem
1642 1186 1674 1214 in
1690 1186 1817 1214 sabbato
1836 1196 1896 1225 quo
1924 1191 2063 1215 cantatur
2080 1185 2243 1215 Sicientes²
2259 1186 2297 1215 ad
2312 1185 2369 1214 eli-

1458 1235 1592 1275 gendum
1610 1241 1855 1274 procuratorem,
1868 1235 2063 1264 continuatus
2075 1235 2131 1264 fuit
2146 1235 2247 1264 dictus
2258 1244 2369 1274 procu-

1457 1290 1554 1320 rator,
1572 1284 1702 1313 scillicet
1723 1285 1872 1324 magister
1890 1284 2044 1313 Henricus
2062 1285 2099 1313 de
2117 1283 2223 1313 Minda
2240 1284 2278 1313 de
2293 1293 2369 1323 pro-

1458 1333 1560 1362 vincia
1576 1333 1718 1362 Saxonie.
1740 1333 1774 1362 In
1790 1332 1877 1373 cujus
1892 1333 2116 1373 procuracione
2133 1334 2209 1362 facta
2224 1338 2297 1362 sunt
2310 1342 2369 1372 que

1459 1389 1644 1422 sequuntur.

1498 1432 1603 1461 Primo
1627 1432 1806 1461 licenciatus
1839 1432 1894 1460 fuit
1921 1432 2003 1471 apud
2032 1431 2176 1461 Nostram
2205 1430 2369 1460 Dominam

1458 1481 1601 1510 dominus
1622 1481 1779 1510 Johannes
1801 1482 1838 1510 de
1862 1481 1957 1509 Dacia
1976 1481 2076 1510 dictus
2098 1481 2176 1509 Litle
2195 1481 2252 1509 sub
2273 1479 2368 1520 magi-

1459 1536 1524 1560 stro
1539 1530 1678 1560 Johanne
1694 1531 1730 1559 de
1745 1530 1896 1565 Wesalia,
1914 1529 2000 1570 cujus
2016 1531 2112 1559 bursa
2126 1530 2167 1559 VI
2184 1529 2288 1559 solidi.

1498 1628 1590 1658 Anno
1609 1629 1733 1658 Domini
1755 1629 1800 1658 M⁰
1820 1629 1915 1659 CCC⁰
1937 1629 2079 1658 XLV111⁰
2101 1629 2179 1657 facta
2197 1637 2370 1667 congrega-

1460 1679 1548 1708 cione
1564 1678 1702 1718 generali
1724 1685 1754 1707 et
1775 1678 1914 1707 nacionis
1934 1678 2105 1718 Anglicane
2123 1678 2204 1717 apud
2225 1677 2370 1706 Sanctum

1460 1727 1648 1757 Maturinum
1682 1728 1720 1756 ad
1753 1727 1928 1767 eligendum
1963 1733 2195 1766 procuratorem
2227 1726 2258 1755 in
2293 1726 2370 1755 festo

1461 1777 1659 1807 Invencionis
1678 1783 1782 1806 sancte
1803 1776 1947 1811 Crucis³‚
1971 1777 2166 1806 continuatus
2189 1775 2244 1804 fuit
2270 1775 2370 1804 dictus

1460 1833 1656 1867 procurator,
1675 1826 1795 1855 scilicet
1811 1826 1959 1866 magister
1981 1825 2136 1854 Henricus
2154 1826 2191 1854 de
2206 1824 2316 1853 *Minda
2333 1824 2370 1852 de

1462 1876 1622 1916 provincia
1641 1875 1784 1904 Saxonie.
1802 1875 1837 1904 In
1858 1874 1944 1914 cujus
1965 1874 2188 1914 procuracione
2204 1874 2282 1903 facta
2300 1876 2382 1902 sunt'

1462 1925 1518 1955 hec
1534 1935 1593 1965 que
1612 1931 1768 1954 secuntur.

1502 1974 1607 2003 Primo
1629 1974 1746 2013 incepit
1765 1974 1907 2002 dominus
1925 1972 2082 2002 Johannes
2100 1973 2137 2001 de
2155 1971 2369 2001 Dacia'dictus

1462 2023 1540 2053 Litle
1558 2025 1615 2052 sub
1631 2023 1779 2063 magistro
1794 2023 1933 2052 Johanne
1951 2023 1988 2051 de
2003 2021 2153 2057 Wesalia,
2172 2020 2259 2061 cujus
2275 2021 2371 2050 bursa

1461 2073 1502 2102 VI
1519 2073 1622 2102 solidi.

1503 2122 1579 2152 Item
1618 2121 1795 2151 licenciatus
1826 2122 1881 2150 fuit
1914 2121 1995 2160 apud
2033 2120 2178 2150 Nostram
2210 2118 2372 2148 Dominam

1463 2171 1606 2201 dominus
1637 2171 1791 2200 Henricus
1819 2170 1883 2199 Vos
1912 2171 1949 2199 de
1979 2169 2104 2199 Lubeke
2135 2169 2192 2198 sub
2225 2167 2372 2207 magistro

1465 2220 1606 2250 Gotfrido
1620 2221 1657 2249 de
1676 2219 1831 2255 Parchim,
1849 2218 1935 2259 cujus
1953 2220 2048 2248 bursa
2065 2218 2139 2247 VIII
2155 2217 2258 2246 solidi.

1505 2270 1580 2299 Item
1600 2269 1742 2298 dominus
1766 2268 1967 2298 Bernhardus
1986 2269 2023 2297 de
2040 2267 2175 2297 Lochem
2192 2266 2371 2295 licenciatus

1466 2319 1521 2349 fuit
1542 2319 1624 2359 apud
1646 2319 1790 2348 Nostram
1812 2318 1973 2347 Dominam
1996 2317 2053 2346 sub
2077 2316 2226 2356 magistro
2249 2314 2372 2344 Andrea

1466 2369 1589 2398 Freuati
1613 2369 1651 2397 de
1677 2367 1800 2402 Suecia,
1826 2366 1911 2406 cujus
1931 2367 2027 2395 bursa
2047 2365 2158 2400 nichil,
2181 2370 2212 2393 et
2231 2363 2374 2403 promisit

1465 2418 1621 2448 remittere
1646 2417 1769 2456 quando
1787 2422 1897 2456 posset
1913 2426 2004 2445 unam
2026 2415 2152 2444 bursam
2174 2423 2231 2453 pro
2251 2412 2373 2442 nunciis

1465 2468 1497 2496 in
1513 2467 1598 2496 curia
1613 2467 1750 2495 Romana
1768 2465 1971 2494 existentibus
1981 2487 1988 2500 ‚
2006 2470 2035 2493 et
2050 2463 2131 2492 fecit.

1507 2517 1581 2545 Item
1591 2515 1601 2533 ⁴
1622 2517 1698 2544 facta
1713 2514 1959 2554 congregacione
1975 2512 2112 2553 generali
2127 2512 2208 2551 apud
2229 2511 2374 2540 Sanctum

1465 2565 1653 2595 Maturinum
1666 2565 1697 2593 in
1711 2564 1759 2593 die
1774 2564 1879 2592 martis
1893 2561 2052 2602 proxima⁵
2065 2567 2138 2601 post
2158 2560 2375 2590 Invencionem

1467 2615 1577 2645 Crucis
1590 2620 1706 2648 sancte,
1722 2613 1971 2642 deliberaverunt
1988 2610 2185 2640 concorditer
2199 2616 2263 2638 tres
2280 2609 2376 2638 facul-

1466 2670 1556 2699 tates,
1574 2663 1704 2692 scillicet
1721 2662 1966 2695 decretistarum,
1986 2659 2191 2694 medicorum,
2210 2664 2239 2687 et
2257 2658 2376 2687 artista-

1466 2723 1550 2748 rum,
1571 2723 1627 2752 per
1642 2712 1764 2741 modum
1784 2710 1977 2750 expedientis
1993 2709 2076 2748 quod
2092 2708 2282 2737 scriberetur
2296 2717 2375 2746 pape

1466 2772 1524 2802 pro
1539 2761 1770 2802 provisionibus
1786 2759 2004 2799 magistrorum
2018 2757 2167 2797 Parysius
2183 2763 2250 2786 actu
2266 2765 2375 2795 regen-

1467 2857 1526 2879 sunt
1539 2854 1564 2877 in
1578 2854 1628 2884 fine
1640 2853 1686 2884 fol.
1696 2855 1710 2876 5
1719 2852 1737 2876 ὓ.
1754 2853 1782 2875 In
1798 2851 1914 2882 margine
1929 2850 2057 2882 quaedam
2068 2849 2142 2881 ¹n'gna
2153 2849 2190 2872 ad
2201 2851 2296 2872 rectum
2308 2847 2376 2871 ordi-

1467 2899 1523 2914 nem
1538 2889 1722 2913 restituendum
1734 2889 1805 2920 (acta
1819 2895 1872 2910 ease
1886 2886 2010 2910 videntur.

1499 2927 1522 2949 ὃ.
1557 2926 1572 2948 6
1584 2924 1657 2948 Maii.

2614 2506 2623 2512 ²
2619 2439 2632 2468 ΛΑ
2616 2269 2632 2435 όρᾶιηῼωῑειε-
2627 2253 2632 2262 ,
2627 2234 2632 2243 ⁵
