2632 3464
269 432 303 457 29

312 508 386 537 ltem
414 506 558 536 dominus
589 505 747 536 Johannes
778 505 816 534 de
844 503 968 544 Syberg
994 503 1184 533 Alemannus

269 557 451 586 licenciatus
476 562 542 585 erat
570 555 627 585 sub
657 554 806 593 magistro
832 553 940 582 Ulrico
968 553 1006 582 de
1030 553 1182 592 Augusta,

269 602 358 643 cujus
374 604 468 632 bursa
485 603 504 631 3
521 601 615 632 solidi
632 611 700 630 cum
715 601 734 630 3
753 600 901 629 denariis.

312 653 385 682 ltem
420 651 623 681 deliberatum
661 656 726 685 est,
765 650 848 689 quod
890 648 1021 678 scolaris
1059 648 1183 688 quidam

270 701 393 731 nomine
415 698 608 730 Selestinus⁴
636 709 694 738 pro
723 698 872 728 abusione
899 698 1092 737 quorundam
1116 697 1184 737 pri-

269 750 465 790 vilegiorum,
491 748 564 789 quia
585 748 676 778 etiam
699 747 755 777 fuit
779 747 918 786 privatus
943 747 975 775 in
1001 746 1184 786 Montepes-

269 799 402 834 sallano,
428 799 466 828 ab
495 797 704 828 Universitate
733 796 906 826 Parisiensi
927 797 1113 836 privaretur.
1144 796 1183 826 Et

270 849 380 878 factum
395 853 444 877 est
457 847 509 876 ita.

310 897 385 927 Item
398 897 447 926 bis
461 895 628 936 sigillatum
645 901 694 924 est
708 895 740 924 in
755 904 861 924 mense
878 905 934 924 suo
953 894 1058 934 sigillo
1072 904 1183 934 magno

270 945 502 976 Universitatis.

309 993 460 1024 Notatur²
487 1000 517 1023 et
546 993 668 1033 questio
702 992 843 1032 magistri
867 992 953 1022 Petri
974 994 1012 1022 de
1040 993 1180 1027 Polonia,

268 1043 504 1083 corespondens
526 1042 656 1072 fatuitati
676 1041 818 1077 Andree;
837 1041 1024 1081 proponitur
1048 1042 1106 1071 sub
1126 1041 1182 1070 hac

268 1092 364 1121 forma
383 1103 389 1120 :
411 1098 513 1121 utrum
533 1101 600 1127 res,
622 1090 709 1130 cujus
729 1091 903 1120 substantia
922 1097 952 1120 et
974 1091 1059 1120 accio
1080 1097 1128 1120 est
1149 1091 1181 1120 in

267 1141 417 1181 temporis
431 1147 460 1170 et
475 1140 647 1170 eternitatis
663 1140 802 1169 orizonte
818 1140 926 1174 locata,
941 1138 1079 1179 ejusdem
1094 1140 1181 1169 lumi-

267 1190 317 1220 nis
346 1190 507 1220 evidencia
537 1190 700 1230 utriusque
737 1189 973 1229 emisperiorum
1003 1196 1181 1219 ornamenta

267 1239 446 1269 discernere
465 1239 576 1278 possit.

677 1331 774 1362 1339

270 1404 439 1443 [Tempus
479 1403 770 1444 procuracionis
810 1403 947 1432 Matbie
989 1403 1180 1433 Laurentii

598 1453 641 1482 de
676 1453 846 1491 Suecia.]

308 1536 380 1574 (Vol.
413 1538 452 1566 36
467 1535 490 1575 b)
522 1535 614 1566 Anno
646 1535 770 1565 Domini
806 1534 1097 1570 M.CCC.xxxlx,
1131 1535 1181 1564 die

268 1585 349 1615 beati
379 1584 539 1614 Ambrosii
573 1583 748 1624 episcopi³,
786 1584 818 1613 in
856 1584 965 1623 primis
1003 1584 1181 1614 convocatis

267 1634 410 1664 omnibus
423 1634 581 1673 magistris
596 1639 665 1663 actu
681 1633 863 1673 regentibus
878 1633 909 1662 in
928 1633 1056 1662 nacione
1070 1633 1182 1673 Angli-

266 1693 341 1712 cana
361 1683 442 1723 apud
469 1682 613 1712 Sanctum
635 1682 790 1712 Julianum
814 1692 981 1722 pauperem
1003 1683 1039 1711 ad
1062 1683 1182 1722 eligen-

267 1732 339 1761 dum
365 1738 598 1772 procuratorem
630 1731 770 1761 nacionis
794 1731 944 1771 predicte,
973 1732 1026 1771 qui
1054 1739 1183 1771 propter

266 1781 425 1811 subortam
446 1781 527 1810 inter
547 1791 602 1810 eos
622 1781 850 1810 dissensionem
874 1787 1106 1820 procuratorem
1126 1791 1182 1820 pro

267 1835 339 1859 tunc
363 1830 462 1859 facere
482 1830 705 1870 nequiverunt,
723 1836 753 1859 et
775 1829 845 1859 ideo
869 1836 1053 1869 procurator
1073 1841 1183 1870 prece-

267 1880 345 1908 dens
358 1879 471 1908 rectori
491 1879 619 1908 tradidit
636 1879 820 1919 inte1·signia
833 1879 1003 1918 requisitus
1017 1889 1074 1919 per
1085 1880 1182 1919 magi-

267 1934 352 1958 stros
373 1927 495 1968 aliquos
515 1928 667 1958 nacionis.
689 1928 728 1957 Et
743 1929 849 1957 eadem
867 1928 917 1957 die
934 1928 964 1958 in
981 1929 1072 1957 nonis
1089 1929 1182 1958 Beate

267 1976 408 2017 Virginis
422 1976 546 2007 rector⁴
560 1978 689 2007 vocabat
709 1977 876 2017 magistros
889 1977 1029 2006 nacionis
1044 1978 1182 2017 predicte

267 2026 305 2055 ad
326 2025 469 2056 Sanctum
489 2025 676 2056 Maturinum
693 2027 731 2055 ad
748 2032 980 2066 procuratorem
996 2026 1180 2056 faciendum.

270 2075 308 2104 Et
333 2076 501 2104 secundum
521 2075 695 2105 voluntates
714 2075 850 2105 omnium
872 2085 930 2114 per
950 2075 1030 2104 viam
1052 2075 1182 2115 spiritus

268 2124 366 2153 sancti
402 2124 589 2164 procedens,
610 2124 781 2154 nominavit
816 2124 998 2165 magistrum
1036 2124 1182 2154 Mathiam

268 2173 431 2203 Laurencii
459 2174 497 2203 de
523 2173 634 2203 Suecia
660 2173 692 2203 in
723 2179 957 2213 procuratorem
981 2180 1011 2204 et
1032 2174 1182 2204 inducens

269 2231 324 2262 per
349 2222 490 2262 singulos
514 2228 586 2252 vota
609 2222 745 2252 omnium
769 2222 800 2252 in
826 2223 926 2262 ipsum
947 2223 1183 2253 consenciencia

269 2271 397 2311 reperit,
418 2279 448 2301 et
465 2272 505 2301 ob
527 2271 586 2301 hoc
608 2271 710 2311 ipsum
731 2278 963 2311 procuratorem
982 2272 1137 2302 conclusit
1154 2279 1183 2302 et

269 2320 465 2360 intersigniis
480 2320 650 2350 investivit.

310 2369 343 2399 ln
361 2368 449 2409 cujus
466 2370 679 2409 procuratoria
692 2376 758 2400 acta
771 2376 800 2399 et
813 2371 953 2400 ordinata
971 2371 1104 2406 suerunt,
1123 2381 1182 2411 que

268 2418 434 2448 iumediate
452 2418 582 2448 inferius
601 2425 673 2448 sunt
690 2419 877 2459 subscripta.

309 2466 426 2503 Primo,
448 2467 520 2507 quia
541 2478 598 2507 pro
622 2468 856 2498 contribucione
879 2469 980 2498 fienda
997 2469 1035 2498 ad
1058 2469 1183 2499 mitten-

267 2517 340 2546 dum
366 2517 497 2546 nuncios
520 2518 557 2546 ad
583 2517 700 2547 curiam
727 2527 900 2548 consensus
926 2518 1060 2548 omnium
1084 2519 1183 2558 magi-

268 2572 404 2595 strorum
426 2565 605 2601 habebatur,
626 2566 780 2606 theologis
803 2567 959 2597 dumtaxat
981 2567 1132 2607 exceptis,
1155 2574 1184 2597 et

268 2614 340 2654 quia
362 2614 413 2644 alii
435 2616 618 2654 reputabant
641 2616 826 2655 expediens,
853 2622 885 2646 ut
909 2616 1103 2646 contribucio
1127 2617 1183 2646 fie-

269 2670 327 2698 ret,
347 2663 550 2693 deliberatum
568 2664 624 2694 suit
638 2665 676 2694 ad
693 2664 867 2694 habendum
882 2665 1081 2695 concordiam
1099 2667 1183 2705 quod

270 2712 408 2753 magistri
426 2713 456 2742 in
472 2712 628 2753 theologia
646 2720 713 2744 actu
728 2720 874 2754 regentes
889 2724 906 2744 a
922 2724 975 2744 sex
991 2714 1183 2744 leccionibus

268 2761 437 2791 ordinari1s
462 2762 672 2801 privarentur,
695 2763 756 2792 nisi
779 2773 812 2793 se
833 2763 864 2792 in
886 2763 1025 2803 proxima
1041 2764 1182 2803 sequenti

270 2811 517 2850 congregacione
535 2811 674 2851 generali
691 2811 721 2841 in
740 2812 903 2852 proposito
921 2812 990 2842 aliis
1008 2813 1183 2842 conforma-

301 2888 322 2912 1.
357 2888 418 2912 Scit.
431 2889 597 2913 Coele-tinus
611 2890 730 2922 Seguerii
743 2890 884 2922 (Seguier)‚
897 2891 929 2915 de
944 2900 994 2924 quo
1011 2900 1032 2915 ν.
1045 2891 1135 2916 Churt.
1150 2892 1182 2919 ΙΙ,

269 2928 315 2947 n·-
328 2923 397 2951 1027.
412 2926 436 2947 rt
449 2928 512 2952 noe„
524 2928 548 2949 ee
563 2925 711 2954 Founmzn,
724 2926 826 2950 statuta
839 2930 864 2950 et
881 2926 982 2958 privil..
997 2927 1033 2958 ΙΙ,
1053 2932 1099 2951 n·'·
1113 2927 1181 2951 1058.

301 2960 324 2982 2.
358 2961 426 2983 llaec
437 2963 498 2984 nota
512 2959 566 2984 alio
579 2960 728 2985 charactere
738 2962 834 2994 :cripta
845 2965 891 2985 eol.

777 429 892 458 LIBER
914 426 1229 454 PROCURATORUM
1249 427 1430 453 NATIONIS
1449 427 1695 453 ANGLICANAE

1239 705 1255 730 5

1222 952 1254 977 10

1220 1198 1253 1224 15

1219 1447 1254 1472 20

1220 1693 1253 1719 25

1221 1940 1254 1965 30

1220 2187 1254 2212 35

1221 2433 1254 2459 40

1221 2678 1254 2705 45

2169 429 2205 455 30

1294 509 1373 532 rent.
1406 503 1498 532 Facta
1523 513 1598 532 vero
1624 503 1872 543 congregacione
1900 505 2041 543 sequenti
2070 505 2206 544 theologi

1294 552 1326 580 in
1341 551 1606 581 contribucionem
1623 552 1703 581 sicut
1720 552 1771 581 alii
1789 560 2026 582 consenserunt.
2046 554 2206 590 Quantitas

1293 607 1393 630 autem
1418 600 1665 630 contribucionis
1691 601 1831 640 predicte
1855 608 1936 637 erat,
1966 603 2048 641 quod
2078 603 2208 642 quilibet

1293 650 1433 689 gaudens
1457 650 1634 690 privilegiis
1662 650 1895 686 Universitatis,
1923 651 2043 680 scilicet
2067 652 2206 691 magistri

1293 705 1438 738 regentes
1455 705 1484 728 et
1499 709 1561 728 non
1577 705 1734 739 regentes,
1749 699 1887 729 scolares
1904 700 2060 729 seculares
2074 707 2103 730 et
2118 711 2206 741 regu-

1292 748 1373 777 lares
1390 754 1449 777 tam
1467 749 1506 777 de
1523 748 1668 778 domibus
1686 748 1860 788 collegiatis
1879 759 1968 788 quam
1988 749 2051 784 alii,
2069 751 2206 789 exceptis

1293 804 1409 827 tantum
1440 797 1586 827 fratribus
1620 798 1883 833 mendicantibus,
1918 805 2057 837 quartam
2090 806 2206 838 partem

1293 847 1387 876 hul-se
1403 847 1494 876 unius
1515 847 1687 886 septimane
1708 847 1903 886 persolveret
1923 848 1980 876 sub
2003 858 2080 887 pena
2103 849 2207 887 priva-

1293 896 1404 931 cionis,
1422 896 1448 924 si
1462 895 1600 935 juratus,
1618 897 1676 925 sub
1694 906 1774 935 pena
1789 896 2013 932 resecacionis,
2032 897 2059 926 si
2077 897 2207 926 scolaris

1292 955 1355 974 non
1368 944 1506 984 juratus,
1524 951 1553 974 et
1571 946 1628 974 sub
1648 956 1727 984 pena
1745 945 1923 975 amissionis
1939 946 2047 981 officii,
2066 946 2092 975 si
2110 946 2207 975 libra-

1292 994 1373 1029 rius,
1399 994 1668 1034 pergamenarffls,
1691 994 1880 1024 illuminator
1905 995 1970 1024 sive
1988 996 2135 1035 scriptor,
2154 997 2207 1035 qui

1292 1053 1399 1072 omnes
1414 1044 1453 1072 ad
1469 1044 1727 1073 contribuendum
1743 1044 2006 1084 astringebantur,
2019 1045 2099 1074 sicut
2114 1045 2207 1085 magi-

1292 1093 1349 1122 stri
1365 1093 1414 1122 vel
1430 1093 1578 1122 scolares.
1593 1093 1706 1122 Modus
1718 1103 1794 1123 vero
1812 1093 1985 1133 recipiendi
1999 1093 2207 1123 contribucio-

1293 1152 1360 1171 nem
1384 1141 1574 1171 deliberatus
1594 1152 1651 1181 per
1675 1141 1917 1171 Universitatem
1940 1142 1995 1171 fuit
2014 1143 2101 1178 talis,
2124 1144 2207 1182 quod

1292 1191 1429 1230 deputati
1458 1191 1496 1220 de
1520 1191 1658 1230 qualibet
1685 1191 1826 1220 facultate
1857 1202 1917 1220 una
1940 1202 2008 1221 cum
2033 1199 2154 1222 rectore
2179 1199 2209 1222 et

1291 1241 1548 1280 procuratoribus
1568 1241 1714 1270 sederent
1731 1241 1769 1269 ad
1790 1240 1935 1270 Sanctum
1956 1240 2161 1277 Maturinum,
2179 1249 2208 1271 et

1291 1289 1334 1318 ibi
1366 1290 1542 1329 reciperent
1573 1290 1610 1318 ab
1645 1289 1790 1319 omnibus
1822 1290 1981 1330 magistris
2016 1297 2046 1319 et
2077 1291 2208 1319 scolari-

1292 1340 1361 1373 bus,
1377 1345 1448 1374 etc.‚
1464 1339 1516 1378 qui
1533 1338 1575 1367 ibi
1591 1345 1650 1367 tam
1667 1349 1723 1378 per
1738 1338 1839 1368 scolas
1855 1349 1945 1378 quam
1962 1339 1993 1368 in
2010 1340 2207 1369 sermonibus

1291 1387 1426 1427 publicis
1440 1388 1641 1417 vocabantur.
1660 1388 1735 1417 Item
1753 1388 1956 1417 deliberatum
1974 1389 2039 1423 suit,
2055 1389 2138 1428 quod
2154 1389 2207 1428 qui

1287 1436 1349 1476 jam
1370 1437 1400 1466 in
1423 1436 1579 1476 principio
1597 1437 1820 1476 deputarentur
1839 1438 1877 1466 ad
1897 1437 2059 1467 levandum
2079 1438 2207 1477 predic-

1291 1493 1351 1515 tam
1381 1486 1663 1521 contribucionem‚
1697 1493 1894 1515 remanerent
1929 1486 1960 1515 in
1996 1487 2061 1516 suis
2098 1487 2207 1516 officiis

1292 1541 1437 1574 quantum
1456 1535 1494 1564 ad
1517 1535 1590 1570 hoc,
1613 1545 1776 1574 quousque
1794 1536 1988 1565 contribucio
2011 1543 2096 1565 esset
2117 1538 2204 1565 facta.

1334 1585 1407 1613 ltem
1424 1585 1589 1624 deputatus
1608 1584 1664 1613 fuit
1679 1584 1827 1623 magister
1842 1584 1975 1614 Mathias
1993 1585 2155 1614 Laurencii
2169 1586 2207 1614 de

1293 1633 1414 1662 Swecia
1441 1643 1478 1662 ex
1503 1639 1590 1672 parte
1616 1633 1757 1662 nacionis
1783 1633 1956 1673 Anglicane
1982 1635 2019 1662 ad
2045 1634 2206 1663 levandum

1292 1682 1557 1712 contribucionem
1573 1682 1754 1721 predictam.

1333 1732 1408 1761 ltem
1425 1732 1605 1761 licenciatus
1619 1731 1675 1761 suit
1688 1731 1831 1761 dominus
1848 1731 2016 1762 Nicholaus
2033 1734 2070 1762 de
2087 1732 2207 1762 Skilde-

1292 1781 1422 1821 kierhge
1439 1781 1496 1810 sub
1512 1781 1661 1820 magistro
1677 1781 1835 1821 Ludgero‚
1853 1780 1940 1820 cujus
1954 1782 2049 1811 bursa
2062 1781 2088 1810 V
2101 1782 2206 1811 solidi.

1334 1831 1408 1860 Item
1427 1830 1544 1869 incepit
1563 1830 1642 1859 idem
1663 1830 1807 1860 dominus
1827 1830 1996 1860 Nicholaus
2018 1832 2075 1860 sub
2098 1832 2206 1861 eodem

1292 1880 1442 1919 magistro
1458 1880 1616 1919 Ludgero,
1635 1878 1722 1919 cujus
1740 1880 1834 1908 bursa
1849 1879 1875 1908 V
1891 1880 1994 1909 solidi.

1334 1929 1409 1958 ltem
1426 1929 1567 1958 concessi
1584 1929 1707 1959 suerunt
1725 1929 1756 1958 in
1774 1929 1870 1958 tercio
1886 1939 1991 1959 mense
2007 1930 2046 1959 ad
2063 1930 2205 1959 Sanctam

1293 1978 1512 2018 Genovepham
1530 1978 1590 2007 1111
1605 1978 1778 2018 subrogati,
1793 1989 1873 2008 unus
1888 1979 2016 2008 cuilibet
2031 1979 2164 2008 nacioni.

1703 2071 1801 2101 1839

1333 2144 1404 2183 (F'ol.
1433 2144 1480 2183 37)
1506 2144 1686 2183 Tempore
1713 2144 2005 2183 procuracionis
2033 2145 2205 2185 magistri

1478 2193 1623 2223 Nicolai
1658 2194 1700 2222 de
1735 2192 2018 2233 Schiltberghe.

1332 2274 1423 2304 Anno
1442 2274 1567 2303 Domini
1589 2274 1874 2310 M.CCC.XXX1X‚
1892 2274 1923 2303 in
1940 2275 2067 2315 vigilia⁵
2091 2274 2207 2305 Ascen-

1292 2323 1391 2353 sionis
1404 2323 1540 2358 Domini,
1551 2323 1729 2353 convocatis
1740 2323 1884 2353 omnibus
1895 2323 2054 2363 magistris
2067 2325 2206 2354 nacionis

1291 2372 1462 2412 Anglicane
1480 2379 1548 2402 actu
1564 2373 1745 2412 regentibus
1761 2371 1837 2401 hora
1851 2372 1950 2411 prime
1966 2373 2046 2411 apud
2062 2373 2206 2402 Sanctum

1292 2420 1480 2451 Maturinum
1505 2422 1542 2451 ad
1573 2421 1750 2461 eligendum
1776 2428 2027 2460 procuratorem,
2051 2428 2083 2451 ut
2110 2423 2205 2452 moris

1292 2477 1354 2506 est,
1376 2470 1493 2501 electus
1516 2471 1572 2501 suit
1594 2471 1743 2510 magister
1763 2470 1908 2500 Nicolaus
1929 2471 1966 2499 de
1988 2470 2205 2511 Schiltberghe

1292 2519 1324 2548 in
1345 2526 1577 2559 procuratorem
1598 2520 1739 2549 nacionis
1758 2519 1895 2559 predicte
1917 2521 2114 2549 concorditer
2130 2531 2207 2550 una-

1293 2569 1366 2598 nimi
1385 2569 1423 2598 de
1442 2579 1598 2599 consensu
1615 2568 1751 2599 omnium
1766 2568 1998 2608 magistrorum,
2016 2569 2100 2598 nullo
2117 2570 2206 2608 peni-

1293 2623 1342 2647 tus
1361 2617 1563 2653 reclamante,
1581 2617 1612 2647 in
1633 2617 1720 2657 cujus
1738 2617 1962 2657 procuracione
1978 2624 2044 2647 acta
2060 2624 2132 2647 sunt
2146 2629 2206 2658 que

1293 2673 1444 2706 sequntur
1462 2677 1467 2694 :

1335 2716 1488 2746 Dominus
1505 2715 1663 2746 Robertus
1682 2716 1804 2756 Cuppir
1825 2716 1936 2746 Scotus
1951 2716 2132 2746 licenciatus
2151 2717 2207 2746 suit

1293 2765 1350 2795 sub
1371 2765 1520 2804 magistro
1539 2764 1667 2794 Nicolao
1687 2765 1724 2794 de
1748 2765 1922 2800 Cosseldia‚
1944 2764 2031 2804 cujus
2050 2766 2143 2795 bursa
2162 2765 2206 2795 lll

1293 2813 1396 2844 solidi.

1323 2894 1346 2916 3.
1381 2893 1394 2916 't
1410 2892 1513 2924 Ape-ilie,
1527 2892 1569 2916 die
1584 2892 1720 2916 duruit-ica.

1324 2929 1347 2951 lo.
1382 2928 1530 2952 Richardus
1543 2928 1574 2952 de
1589 2928 1698 2953 Biliuco.

1324 2966 1348 2987 ὃ.
1381 2966 1395 2987 5
1409 2963 1480 2987 Maii.
