2632 3464
279 423 333 451 27³

279 509 343 530 non
361 499 652 535 determinantibus;
675 508 805 539 quorum
825 497 1011 538 supplicatio
1034 497 1089 526 fuit
1110 506 1186 526 con-

279 558 379 578 cessa.

321 597 396 627 ltem
411 607 504 633 anno,
519 597 581 632 die,
597 603 630 627 ut
645 606 751 636 supra,
766 605 873 625 omnes
889 595 1029 635 magistri
1045 604 1102 634 pro
1112 600 1185 624 tune

279 653 442 686 presentes
457 646 592 676 nationis
606 645 776 686 Anglicane
790 644 899 684 pransi
914 645 1038 673 suerunt
1049 645 1078 672 in
1095 653 1185 680 yma-

276 696 347 734 gine
363 698 469 724 Nostre
483 696 620 730 Domine,
637 694 669 724 in
686 703 748 734 quo
765 693 898 733 prandio
917 693 935 722 7
952 692 1105 732 magistri,
1122 692 1185 721 sci-

278 743 351 774 licet
374 754 455 784 mag.
480 743 627 774 Nicolaus
648 743 686 772 de
708 742 832 777 Prucia,
855 751 935 782 mag.
959 741 1126 771 Marcelius
1145 741 1184 770 de

279 792 410 833 lnghen,
429 802 511 832 mag.
528 791 742 822 Theodoricus
763 791 801 820 de
817 790 878 830 Oy,
897 800 978 830 mag.
994 789 1184 820 Wilhelmus

278 842 317 871 de
340 842 425 877 wic,
448 851 527 882 mag.
550 840 708 871 lohannes
728 840 884 875 Hohman,
905 850 986 880 mag.
1009 839 1126 879 Symon
1146 839 1184 868 de

278 890 451 926 Beverwic,
471 900 552 930 mag.
572 889 731 919 «lohannes
753 890 791 918 de
817 888 942 924 Saenia,
968 888 1100 928 quilibet
1126 897 1184 927 pro

279 949 335 969 suo
362 939 489 969 introitu
519 938 611 968 solvit
639 948 733 968 unum
762 937 924 972 florenum,
954 943 985 967 et
1011 937 1182 972 residuum,

278 987 397 1018 scilicet
410 989 449 1018 25
465 987 538 1023 sol.,
553 987 645 1017 solvit
659 993 804 1026 receptor
816 997 854 1016 ex
869 993 955 1026 parte
970 986 1115 1016 nationis.

317 1037 390 1077 (Fal.
409 1039 447 1067 46
459 1035 482 1075 t»)
500 1036 576 1066 Item
588 1037 666 1066 facta
675 1035 918 1076 congregatione
929 1035 1063 1065 nationis
1076 1034 1183 1075 Angli-

277 1095 352 1116 cane
377 1086 459 1125 apud
488 1085 633 1115 Sanctum
655 1085 839 1114 Materinum
866 1084 971 1114 ultima
993 1084 1042 1114 die
1067 1083 1184 1113 mensis

277 1133 470 1175 Septembris
490 1133 567 1164 hora
579 1143 792 1174 vesperarum,
813 1133 1067 1174 supplicaverunt
1086 1133 1185 1173 magi-

277 1183 335 1214 stri
350 1184 388 1213 de
405 1193 485 1213 novo
498 1183 695 1222 incipientes,
708 1183 792 1222 quod
805 1182 908 1212 nullus
922 1184 960 1212 de
973 1192 1053 1212 novo
1071 1192 1185 1222 super-

275 1232 404 1263 veniens
417 1242 471 1262 eos
486 1232 519 1261 in
536 1232 638 1262 rotulo
657 1232 856 1271 precederet;
879 1241 975 1272 super
992 1242 1052 1271 qua
1067 1231 1184 1271 suppli-

277 1281 397 1311 catione
427 1281 473 1311 sic
505 1281 707 1310 deliberatum
741 1277 813 1316 suit,
842 1281 926 1320 quod
959 1281 1099 1320 magistri
1131 1280 1184 1320 qui

277 1330 409 1360 fuissent
429 1329 480 1359 bic
508 1330 568 1359 isto
600 1339 692 1364 anno,
719 1335 750 1359 et
771 1329 799 1359 si
827 1329 970 1359 venirent
994 1330 1074 1359 infra
1103 1329 1184 1358 diem

277 1379 396 1408 sabbati
416 1379 580 1414 inclusive,
606 1378 650 1408 illi
676 1379 827 1408 deberent
854 1389 909 1408 eos
937 1379 1125 1419 precedere;
1157 1378 1183 1408 si

276 1434 376 1458 autem
393 1428 536 1458 venirent
547 1434 619 1467 post
631 1428 747 1457 dictum
759 1427 934 1462 terminum,
951 1434 1024 1458 tunc
1034 1428 1184 1457 deberent

277 1476 351 1516 poni
367 1482 441 1517 post
455 1486 521 1511 eos,
539 1483 568 1506 et
583 1476 633 1506 alii
647 1477 792 1506 absentes
804 1483 876 1516 post
889 1477 908 1506 2
920 1486 1018 1506 annos
1033 1476 1083 1506 vel
1099 1476 1181 1516 plus,

276 1535 471 1565 quocumque
500 1531 640 1565 tempore
665 1525 818 1560 venirent,
849 1526 998 1555 deberent
1035 1526 1072 1554 de
1101 1535 1183 1554 novo

276 1573 462 1614 incipientes
481 1574 581 1614 sequi.

317 1622 392 1653 Item
406 1623 550 1653 dominus
565 1623 779 1653 Theodoricus
793 1624 831 1652 de
844 1623 903 1662 Oy,
917 1623 1060 1653 dominus
1070 1623 1183 1652 ,lohan-

275 1681 332 1701 nes
347 1671 516 1708 Holtmant,
533 1672 676 1702 dominus
687 1672 844 1702 Jobannes
861 1671 963 1712 Scalpi
974 1673 1185 1702 transiverunt

275 1721 313 1751 ad
325 1720 535 1761 magisterium
549 1731 605 1761 per
621 1721 750 1762 gratiam
768 1722 835 1751 sine
852 1721 1104 1751 determinancia.

315 1769 391 1800 ltem
401 1770 420 1799 4
446 1770 496 1800 die
522 1771 638 1800 mensis
667 1771 811 1800 Octobris
841 1771 917 1800 sacta
943 1770 1183 1810 congregatione

275 1819 490 1859 deputatorum
511 1820 591 1859 apud
613 1819 757 1850 Sanctum
778 1819 933 1849 Julianum
953 1829 1120 1860 pauperem
1145 1819 1184 1848 ad

274 1867 459 1898 audiendum
475 1875 650 1908 compotum
663 1868 835 1908 receptoris
849 1869 1020 1898 communis
1035 1869 1073 1898 de
1085 1879 1183 1908 expo-

276 1916 345 1947 sitis
362 1923 392 1947 et
406 1917 553 1956 receptis,
567 1918 755 1958 computavit
767 1917 914 1958 magister
925 1917 1083 1947 lohannes
1096 1917 1181 1947 Anee

275 1971 420 2006 receptor
431 1966 615 2002 communis,
632 1966 685 2006 qui
701 1966 844 1996 omnibus
860 1967 1018 1996 defalcatis
1033 1967 1181 1996 remansit

275 2014 307 2044 in
322 2015 360 2044 27
378 2021 408 2044 et
425 2015 503 2044 semi
519 2014 677 2055 regalibus
693 2015 848 2056 obligatus
865 2015 1009 2046 facultati.

316 2062 391 2093 Item
404 2063 424 2093 8
440 2063 490 2093 die
501 2064 646 2094 Octobris
655 2064 772 2104 incepit
781 2065 925 2094 dominus
940 2065 1180 2095 Wesermannus

276 2112 334 2142 sub
352 2112 500 2152 magistro
515 2112 684 2143 Wilhelmo
702 2113 815 2149 Buser,
835 2112 921 2154 cujus
934 2115 1029 2143 bursa
1043 2115 1060 2144 7
1075 2114 1134 2143 sol.

315 2160 391 2191 ltem
409 2162 487 2191 sacta
507 2161 749 2202 congregatione
773 2162 908 2192 nationis
926 2163 946 2193 8
965 2163 1015 2192 die
1033 2163 1181 2192 Octobris

273 2210 312 2239 ad
339 2209 484 2240 Sanctum
510 2210 694 2240 Mater-inum
725 2211 762 2240 ad
788 2211 973 2241 audiendum
1005 2218 1179 2252 compotum

274 2259 463 2299 receptoris,
489 2260 679 2299 computavit
701 2260 845 2291 dominus
867 2267 1011 2300 receptor
1034 2261 1182 2301 magister

275 2306 429 2338 Henricus
440 2309 478 2338 de
495 2308 645 2348 Kempen,
664 2315 694 2338 et
709 2309 857 2339 remansit
871 2309 989 2339 nationi
1007 2310 1045 2340 27
1059 2309 1180 2350 regales

275 2362 305 2387 et
318 2357 355 2386 12
367 2356 441 2392 sol.,
453 2357 491 2387 de
505 2357 620 2397 quibus
633 2357 727 2388 solvit
737 2368 774 2387 ex
782 2357 874 2398 jussu
887 2359 1021 2389 nationis
1033 2359 1180 2399 magistro

274 2405 444 2435 Wilhelmo
461 2406 562 2436 Buser
576 2407 691 2436 nuncio
708 2406 802 2437 rotuli
822 2407 860 2437 20
875 2407 1008 2438 francos.

680 2499 778 2529 1362

363 2569 410 2599 M.
444 2568 701 2600 Theodericus
734 2570 866 2610 Dystel
897 2572 940 2601 de
970 2570 1089 2602 Unna.

316 2648 392 2680 Item
406 2650 514 2680 eodem
530 2660 610 2680 anno
625 2651 676 2680 die
690 2657 798 2681 octavo
814 2651 930 2681 mensis
946 2651 1092 2682 Octobris
1108 2652 1184 2682 bora

276 2697 374 2738 prime
400 2698 477 2729 sacta
505 2709 600 2739 super
621 2698 679 2729 hoc
711 2700 950 2740 congregatione
972 2701 1105 2730 nationis
1124 2712 1183 2731 una

275 2757 343 2776 cum
367 2746 435 2778 aliis
457 2747 606 2783 articulis,
628 2749 814 2779 substitutus
830 2749 885 2779 fuit
902 2749 932 2778 in
952 2756 1182 2789 procuratorem

277 2795 424 2835 magister
442 2795 652 2827 Theodericus
672 2797 782 2838 Dystel
801 2798 840 2827 de
862 2797 950 2828 Unna
970 2809 1027 2838 per
1041 2799 1183 2840 resigna-

277 2844 390 2874 tionem
404 2844 543 2885 magistri
557 2845 708 2876 Jobannis
723 2846 761 2876 de
778 2846 1006 2888 Richmestorp.

307 2945 328 2968 1.
370 2945 423 2968 rid.
434 2953 512 2977 cupra
525 2946 562 2970 ad
570 2954 614 2970 an.
627 2947 695 2975 ¹3⁶2.
713 2947 742 2971 16
754 2948 852 2973 Martii.
863 2957 890 2980 p.
904 2949 959 2976 2¹15.
972 2950 1011 2973 ¹1¹¹.

344 2990 456 3010 aluta-'iun
468 2990 591 3011 exurant-ru·
602 2991 688 3011 [ln-ivm.
700 2991 766 3012 Pario.
777 3002 802 3008 —
813 2991 830 3012 Ι.

786 422 899 449 LIBER
921 421 1233 448 PROCURATORUM
1254 420 1434 447 NATIONIS
1453 422 1697 447 ANGLICANAE

1223 943 1256 969 10

1222 1187 1256 1214 15

1221 1433 1256 1459 20

1221 1679 1256 1705 25

1220 1925 1255 1951 30

1219 2169 1254 2195 35

1220 2414 1254 2441 ⁴⁰

1221 2659 1255 2686 45

2149 424 2202 450 274

1336 496 1410 526 ltem
1428 497 1575 536 magister
1592 497 1748 536 Nycolaus
1763 497 1857 537 Calys
1872 498 1910 526 de
1928 498 2054 528 Thorun
2067 500 2105 528 de
2122 500 2203 529 Pru-

1295 545 1340 574 cia
1371 546 1463 575 solvit
1488 546 1605 575 nationi
1636 556 1729 576 unum
1757 547 1905 582 francum,
1931 547 1963 575 in
1986 546 2072 586 cujus
2095 549 2199 578 valore

1294 594 1490 634 obligabatur
1518 595 1635 624 nationi
1666 605 1722 634 per
1748 595 1879 624 litteram
1912 595 2051 625 officialis
2083 598 2202 627 ratione

1293 643 1456 673 bursarum
1475 654 1599 673 suarum
1613 645 1652 673 de
1667 644 1795 673 licencia
1811 654 1878 674 sua.

1335 691 1409 721 Item
1434 693 1581 732 magister
1599 692 1756 722 Johannes
1783 694 1821 722 de
1847 693 1955 723 Svecia
1978 693 2078 723 dictus
2101 694 2204 724 Thor-

1293 741 1373 770 stani
1394 741 1488 771 solvit
1506 742 1618 771 bursas
1639 752 1722 775 suas.
1744 752 1821 782 quas
1839 743 2002 772 tenebatur
2019 744 2055 772 ab
2073 744 2201 782 antiquo

1292 789 1373 820 ultra
1398 791 1436 820 10
1456 801 1555 820 annos
1577 791 1614 820 de
1634 790 1875 820 determinancia
1896 798 1926 821 et
1947 791 2087 827 licencia,
2115 791 2203 831 cujus

1292 840 1387 869 burse
1403 841 1421 869 5
1437 839 1497 869 sol.

1334 888 1410 918 ltem
1435 889 1484 918 14·
1501 889 1552 918 die
1570 889 1716 918 Octobris
1739 890 1816 919 facta
1837 899 1932 929 super
1949 889 2007 919 hoc
2028 900 2202 930 congrega-

1293 937 1376 967 tione
1405 938 1539 967 nationis
1563 938 1599 967 ad
1630 938 1774 968 Sanctum
1799 938 1953 968 Julianum
1985 939 2060 968 hora
2085 940 2202 979 prime,

1293 986 1442 1027 magister
1456 986 1614 1016 Johannes
1634 987 1835 1027 Wepferman
1854 988 2030 1017 informavit
2047 989 2200 1018 nationem

1293 1034 1421 1076 quo[ajd
1463 1035 1595 1065 litteram
1641 1046 1819 1066 concessam
1865 1037 2003 1076 Nycolao
2046 1038 2200 1077 quondam

1293 1084 1451 1119 hede110⁴,
1475 1085 1559 1124 quod
1572 1085 1721 1114 satisfecit
1740 1086 1778 1115 de
1795 1086 1911 1121 bursis,
1933 1086 1985 1125 qui
2007 1086 2203 1126 obligabatur

1293 1134 1409 1163 nationi
1422 1144 1479 1173 per
1493 1134 1623 1163 litteram
1638 1134 1775 1164 officialis
1786 1135 1824 1164 de
1836 1135 1964 1164 licencia
1975 1145 2040 1164 sua.
2060 1135 2098 1165 Et
2109 1136 2202 1164 intra-

1292 1183 1337 1212 vit
1351 1183 1434 1212 natio
1452 1184 1620 1218 tabernam,
1637 1183 1669 1212 in
1683 1194 1743 1223 qua
1757 1184 1858 1214 dictus
1882 1185 2030 1224 magister
2044 1184 2203 1214 Johannes

1292 1231 1494 1270 Wepferman
1506 1238 1536 1261 et
1549 1242 1629 1272 mag.
1645 1232 1802 1262 ,lohannes
1821 1232 1923 1272 Scalpi
1938 1233 2098 1263 solverunt
2111 1234 2201 1273 quili-

1292 1281 1345 1310 bet
1359 1282 1373 1309 1
1391 1280 1552 1310 florenum.

1334 1329 1409 1359 Item
1434 1330 1549 1370 incepit
1572 1331 1715 1360 dominus
1743 1331 1943 1360 Baldewinus
1975 1332 2013 1361 de
2041 1332 2116 1371 Tyla
2142 1333 2201 1361 sub

1293 1379 1442 1418 magistro
1459 1378 1629 1408 Wilhelmo
1643 1379 1756 1415 Buzer,
1777 1379 1864 1419 cujus
1878 1381 1973 1410 bursa
1985 1381 2004 1409 8
2019 1381 2076 1410 sol.

1335 1427 1410 1457 ltem
1437 1428 1553 1467 incepit
1580 1429 1723 1458 dominus
1760 1429 1955 1459 Giselbertus
1991 1429 2137 1459 VViichen
2162 1431 2200 1459 de

1293 1475 1447 1506 Gorchem
1459 1478 1517 1507 sub
1530 1477 1679 1517 magistro
1692 1478 1862 1508 Wilhelmo
1879 1478 1990 1513 Buser,
2009 1477 2095 1518 cujus
2108 1481 2201 1508 bursa

1293 1525 1311 1554 7
1325 1525 1383 1555 sol.

1702 1580 1798 1610 1362

1619 1647 1873 1687 Ricmestorp‚

1334 1721 1409 1751 Item
1430 1732 1510 1751 anno
1530 1728 1564 1752 ut
1588 1733 1682 1762 supra
1707 1724 1782 1752 sacta
1804 1724 2044 1764 congregatione
2066 1724 2201 1753 nationis

1292 1771 1373 1810 apud
1397 1770 1541 1800 Sanctum
1559 1771 1742 1801 Materinum
1761 1773 1798 1801 ad
1821 1772 1996 1812 eligendum
2016 1779 2200 1812 procurato-

1292 1830 1368 1855 rem,
1394 1820 1431 1849 21
1452 1821 1502 1850 die
1525 1820 1683 1855 Octobris,
1707 1821 1822 1851 electus
1840 1821 1896 1851 suit
1915 1822 1946 1851 in
1966 1828 2198 1862 procuratorem

1291 1869 1439 1909 magister
1454 1869 1612 1899 Johannes
1628 1869 1841 1910 Ricmestorp‚
1861 1871 1946 1900 nullo
1963 1871 2086 1911 penitus
2099 1871 2199 1900 recla-

1291 1924 1403 1948 mante-

1333 1968 1408 1998 ltem
1430 1967 1507 1997 facta
1531 1969 1773 2008 congregatione
1796 1970 1833 1998 ad
1859 1969 2093 2008 supplicandum
2117 1971 2197 2009 apud

1292 2016 1436 2047 Sanctum
1456 2017 1621 2052 Julianum,
1645 2018 1831 2057 supplicavit
1857 2019 2000 2047 dominus
2027 2019 2138 2047 Petrus
2161 2020 2199 2047 ‹le

1292 2066 1415 2096 Hallant
1445 2067 1528 2106 quod
1560 2067 1642 2096 natio
1675 2067 1735 2096 sibi
1770 2068 1880 2096 bursas
1913 2068 2094 2103 remitteret,
2127 2068 2199 2107 quia

1290 2125 1408 2155 pauper
1423 2121 1507 2145 esset
1519 2122 1549 2145 et
1561 2125 1623 2145 non
1639 2115 1766 2146 haberet
1783 2126 1839 2145 nec
1854 2116 1903 2145 hic
1919 2127 1975 2146 nec
1988 2117 2019 2146 in
2038 2117 2176 2156 partibus
2190 2129 2196 2151 ;

1290 2165 1375 2204 quod
1385 2163 1511 2204 juravit.
1527 2164 1567 2194 Et
1580 2165 1635 2194 suit
1650 2175 1798 2195 concessa
1811 2175 1866 2195 sua
1881 2165 2078 2205 supplicatio.

1332 2212 1407 2243 ltem
1436 2213 1518 2243 idem
1541 2213 1686 2243 dominus
1708 2214 1821 2244 Petrus
1847 2213 1970 2244 Hallant
1999 2214 2198 2254 supplicavit,

1290 2262 1418 2298 nationi,
1439 2263 1523 2302 quod
1540 2269 1649 2303 posset
1665 2263 1782 2303 imponi
1802 2263 1904 2293 rotulo
1919 2264 2037 2303 absque
2056 2264 2196 2303 pecunia,

1291 2311 1375 2351 quod
1390 2311 1446 2341 suit
1460 2311 1520 2341 sibi
1540 2321 1722 2342 concessum
1739 2312 1870 2351 prestito
1884 2311 2062 2352 juramento
2079 2319 2109 2342 et
2125 2313 2196 2347 fide,

1291 2360 1386 2399 quod,
1410 2360 1435 2390 si
1461 2360 1520 2390 sibi
1545 2361 1762 2400 provideretur
1785 2362 1823 2391 de
1841 2361 2000 2397 beneficio,
2023 2362 2105 2402 quod
2127 2367 2198 2391 tunc

1291 2409 1438 2445 solveret,
1455 2415 1485 2439 et
1499 2415 1564 2439 erat
1579 2410 1710 2449 pecunia
1727 2410 1764 2440 ad
1783 2410 1916 2440 rotulum
1935 2411 1952 2439 3
1969 2411 2075 2445 franci,
2094 2411 2198 2440 franco

1291 2457 1411 2488 valente
1431 2459 1468 2487 18
1486 2458 1544 2488 sol.

1332 2506 1406 2536 lteni
1422 2507 1537 2547 incepit
1551 2507 1695 2537 dominus
1709 2508 1820 2538 Petrus
1838 2507 1961 2538 Hailant
1976 2509 2033 2537 sub
2048 2508 2196 2548 magistro

1291 2555 1430 2586 Johanne
1468 2556 1663 2597 Ricmestorp
1710 2563 1782 2586 tunc
1823 2563 2024 2597 procuratore
2063 2557 2198 2587 nationis

1292 2603 1474 2645 Anglicane,
1489 2604 1576 2645 cujus
1590 2606 1685 2635 bursa
1698 2605 1803 2635 nichil.

1333 2653 1407 2683 ltem
1432 2654 1579 2694 magister
1603 2654 1801 2684 Baldcwinus
1825 2656 1863 2684 de
1889 2654 1965 2694 Tyla
1988 2654 2081 2684 solvit
2104 2665 2197 2684 unum

1292 2701 1457 2738 florenum,
1485 2713 1575 2743 quem
1604 2704 1832 2743 perpotavimus
1857 2706 1886 2732 ιίι
1906 2705 1992 2733 domo
2014 2703 2146 2739 Rmeli',
2168 2710 2198 2733 et

1291 2758 1435 2792 receptor
1456 2752 1569 2782 ibidem
1591 2752 1684 2782 solvit
1705 2754 1717 2782 1
1739 2754 1872 2782 francum
1899 2759 1927 2781 et
1948 2759 2017 2782 octo
2039 2753 2196 2787 denarios,

1292 2800 1397 2830 franco
1415 2801 1535 2831 valente
1552 2802 1588 2830 18
1606 2801 1664 2830 sol.

1333 2849 1407 2879 ltem
1421 2850 1497 2879 sacta
1510 2851 1750 2890 congregatione
1762 2850 1910 2890 generali,
1923 2851 1960 2879 25
1974 2850 2023 2879 die
2035 2850 2195 2885 Octobris,

1323 2951 1345 2974 2.
1382 2950 1500 2975 Rucberi.

2093 2996 2116 3015 11
