2632 3464
420 446 472 471 835

827 519 922 548 1401

450 591 703 623 Continuacio
731 591 903 630 magistri
937 589 1138 619 Godscalci
1169 589 1300 618 Vreze.

462 669 580 699 Indicta
614 667 861 707 congregacione
896 666 1037 695 nacionis
1073 667 1154 705 apud
1184 665 1328 695 Sanctum

420 719 606 748 Maturinum
623 727 704 746 anno
724 727 785 756 quo
803 726 908 755 supra,
924 715 1041 745 xxllla
1057 715 1106 744 die
1123 714 1326 754 Septembris,

420 768 496 797 hora
517 767 685 807 primarum
704 766 818 795 Nostre
841 765 985 799 Domine,
1003 770 1134 803 protunc
1154 773 1328 803 congrega-

420 817 509 846 cione
539 815 703 845 facultatis.
721 815 836 843 arcium
867 814 1019 842 celebrata
1050 813 1081 841 in
1115 813 1222 842 eodem
1246 812 1325 847 loco,

420 876 515 905 super
541 866 662 894 duobus
685 863 834 893 articulis.
859 862 982 892 Primus
1004 868 1069 891 erat
1088 862 1126 890 ad
1152 861 1327 901 eligendum

420 925 532 944 novum
554 919 787 953 procuratorem
813 912 863 941 vel
887 911 1125 940 continuandum
1155 910 1324 949 antiquum.

420 964 520 1003 Super
543 974 603 1002 quo
622 962 817 992 concorditer
838 960 1021 989 deliberavit
1042 960 1129 988 nacio
1150 969 1208 998 pro
1226 959 1327 988 conti-

420 1013 569 1042 nuacione
586 1011 726 1051 magistri
739 1009 903 1039 Godscalci
916 1009 1024 1038 Vreze.
1042 1009 1204 1037 Secundus
1217 1008 1326 1037 articu-

420 1062 469 1091 lus
494 1068 559 1090 erat
583 1071 675 1098 super
698 1058 982 1098 supplicacionibus
1010 1064 1039 1087 et
1065 1056 1198 1096 injuriis.
1226 1057 1327 1096 Super

421 1121 482 1150 quo
499 1109 684 1149 supplicavit
703 1114 888 1148 procurator
906 1107 1079 1146 precedens
1098 1106 1208 1135 iterum
1227 1106 1326 1135 conti-

418 1166 541 1193 nuatus,
551 1165 583 1188 ut
597 1159 762 1187 haberetur
775 1163 893 1196 gratus,
910 1156 1176 1185 recommendatus
1192 1161 1222 1184 et
1238 1165 1325 1184 avoa-

418 1216 467 1238 tus
483 1209 513 1237 in
530 1208 605 1237 actis
623 1217 679 1246 per
697 1217 764 1235 eum
780 1206 903 1234 nomine
920 1205 1010 1234 officii
1026 1204 1249 1244 procuratoris.
1268 1205 1326 1234 Cui

418 1258 506 1286 nacio
523 1257 719 1286 concorditer
734 1256 850 1284 annuit.
862 1255 953 1284 Circa
966 1255 1057 1283 istum
1073 1254 1234 1283 articulum
1249 1253 1326 1283 reci—

417 1307 493 1336 tavit
507 1312 702 1345 procurator,
720 1305 802 1344 quod
818 1303 955 1343 deputati
968 1314 1063 1342 super
1078 1303 1156 1332 facto
1173 1303 1325 1332 scolarum

418 1362 498 1385 tacto
510 1355 592 1383 circa
600 1355 767 1383 secundum
779 1352 940 1382 articulum
951 1352 1208 1392 congregacionis
1218 1352 1325 1381 ultimo

417 1405 569 1433 celebrate
586 1413 641 1443 per
659 1403 819 1432 nacionem
833 1402 966 1431 ordinati
982 1407 1193 1430 convenerunt
1205 1401 1236 1429 in
1254 1401 1323 1436 hoc,

416 1454 499 1493 quod
529 1453 748 1482 convenienter
774 1452 811 1480 de
839 1451 933 1480 scolis
960 1450 1080 1490 magnis
1109 1450 1324 1489 superioribus

415 1502 578 1532 Almannie
601 1507 744 1541 poterant
758 1501 823 1529 fieri
839 1501 898 1529 due
916 1500 1010 1534 scole,
1026 1510 1085 1529 una
1101 1499 1219 1528 scilicet
1237 1506 1325 1529 ante-

415 1552 480 1581 rior
490 1561 599 1581 versus
612 1551 711 1580 vicum
729 1549 879 1579 facultatis
896 1555 1001 1578 nostre
1014 1558 1124 1588 magna
1137 1555 1166 1578 et
1181 1549 1321 1584 honesta,

415 1600 474 1629 alia
488 1610 563 1629 vero
583 1599 740 1638 posterior
756 1609 814 1638 que
833 1604 916 1627 esset
932 1597 1027 1627 multo
1045 1598 1156 1632 minor,
1172 1597 1325 1627 sufficeret

419 1656 519 1678 tamen
534 1659 591 1688 pro
607 1648 756 1687 magistro
774 1648 903 1676 habente
919 1646 1108 1676 audienciam
1124 1646 1207 1675 XXX
1223 1647 1324 1675 scola-

417 1699 497 1727 rium
516 1704 545 1727 et
558 1698 648 1727 ultra.
665 1697 726 1726 Sed
742 1696 946 1725 consideratis
963 1696 1109 1735 expensis
1124 1705 1182 1735 pro
1198 1696 1324 1725 ordina-

415 1748 503 1777 cione
526 1747 675 1776 dictarum
693 1745 845 1775 scolarum
861 1745 1020 1780 faciendis,
1038 1755 1097 1784 que
1117 1751 1218 1774 tamen
1239 1755 1323 1774 sum-

414 1807 493 1826 mam
516 1796 574 1825 Xll
602 1797 775 1824 francorum
800 1805 861 1823 non
884 1794 1089 1829 excedissent,
1117 1794 1322 1824 consideratis

413 1846 509 1875 eciam
543 1845 611 1874 aliis
643 1844 766 1873 motivis
798 1854 854 1883 per
884 1844 1040 1873 dominum
1070 1850 1262 1882 receptorem
1291 1844 1322 1872 in

414 1895 542 1924 nacione
553 1894 701 1928 recitatis,
718 1893 831 1932 placuit
843 1893 1000 1932 magistris
1013 1892 1228 1922 execucionem
1242 1893 1322 1922 dicte

413 1944 618 1973 ordinationis
642 1943 779 1981 differre,
804 1943 861 1971 sub
892 1942 942 1970 tali
969 1948 1069 1971 tamen
1092 1942 1266 1971 intencione
1293 1949 1323 1972 et

414 2003 481 2033 spe,
505 1994 587 2032 quod
606 1993 686 2021 dicte
704 1991 915 2020 ordinacionis
932 1991 1044 2020 celeris
1060 1991 1147 2020 fieret
1164 1992 1320 2028 execucio,

412 2044 485 2072 dum
505 2042 593 2071 nacio
608 2043 645 2071 de
665 2043 810 2080 expensis
825 2041 935 2070 fiendis
950 2050 1006 2079 per
1018 2047 1210 2079 receptorem
1226 2052 1322 2080 pecu-

412 2092 532 2120 niarum
564 2102 581 2120 a
613 2091 785 2120 scolaribus
815 2090 954 2119 nacionis
983 2090 1124 2129 proximo
1154 2090 1185 2118 in
1216 2097 1322 2120 nostra

414 2141 553 2170 facultate
570 2139 758 2179 graduandis
776 2139 885 2168 melius
903 2145 986 2169 esset
1001 2139 1138 2178 provisa.

819 2233 913 2261 1401

454 2305 524 2344 (Fol.
542 2307 576 2334 61
594 2305 617 2344 Β)
635 2304 901 2333 Procuratoria
928 2303 1099 2343 magistri
1125 2304 1279 2333 Jordani

717 2354 758 2382 de
788 2353 1012 2382 Derthesen.

454 2433 544 2462 Facta
559 2432 806 2471 congregacione
819 2433 953 2459 nacionis
963 2433 1117 2459 Alemanie
1131 2433 1212 2470 apud
1226 2431 1318 2461 Sanc-

412 2488 475 2511 tum
503 2482 690 2510 Maturinum
713 2491 792 2509 anno
824 2487 856 2509 ut
881 2490 984 2519 supra,
1016 2480 1099 2508 XXIa
1129 2481 1178 2509 die
1203 2482 1318 2510 mensis

414 2531 571 2565 Octobris,
602 2530 678 2559 hora
708 2530 872 2569 primarum
898 2539 992 2568 super
1020 2530 1140 2558 duobus
1167 2530 1316 2559 articulis.

413 2580 536 2608 Primus
556 2586 620 2608 erat
642 2580 679 2608 ad
695 2579 871 2618 eligendum
890 2588 1001 2607 novum
1018 2585 1260 2617 procuratorem.
1281 2579 1320 2608 Et

414 2629 469 2657 suit
489 2629 604 2657 electus
625 2627 820 2657 concorditer
842 2627 989 2666 magister
1007 2626 1161 2655 Jordanus
1179 2628 1216 2655 de
1238 2627 1319 2657 Der-

411 2677 529 2706 thescn.
550 2678 710 2706 Secundus
727 2676 872 2705 articulus
887 2682 951 2705 erat
966 2686 1061 2715 super
1078 2676 1319 2715 supplicacioni-

414 2727 471 2754 bus
490 2733 519 2755 et
541 2725 673 2765 injuriis.
694 2726 732 2754 Et
752 2731 897 2764 quantum
914 2725 950 2753 ad
971 2724 1050 2753 hunc
1066 2725 1227 2754 articulum
1243 2735 1319 2764 sup-

444 2827 467 2849 1.
501 2829 634 2857 perperam.
660 2828 809 2854 Fuimus,
828 2827 863 2850 Lu
889 2826 1033 2853 Sorbonne,
1057 2834 1082 2857 p.
1110 2827 1164 2854 226,
1191 2826 1319 2857 quendam

412 2862 553 2885 Robcrtum
567 2863 597 2885 dc
614 2864 694 2886 eroso
708 2863 784 2894 affer!
801 2865 828 2885 ut
840 2862 982 2893 episcopum
998 2861 1178 2885 Siluanectens.
1195 2867 1218 2884 ez
1229 2863 1318 2893 provi-

411 2906 491 2920 sorem
501 2898 637 2925 Sorhonae,
650 2898 682 2921 ub
696 2907 738 2921 αη.
752 2898 897 2921 1388-1412.
909 2899 938 2921 m
948 2906 975 2928 p.
986 2898 1040 2925 822,
1051 2900 1104 2921 not.
1115 2899 1129 2920 4
1139 2897 1259 2926 diximus,
1267 2898 1318 2929 suit

410 2933 543 2956 «lohannes
563 2934 677 2956 Diodona
686 2933 804 2964 provi-501·
817 2941 859 2957 an.
875 2933 1016 2957 1388-1409.
1030 2933 1117 2956 Plures
1133 2932 1247 2956 nationis
1257 2936 1317 2957 tunc

410 2968 437 2991 in
459 2969 572 2991 Sorbona
591 2969 679 2991 bursas
699 2969 841 2992 habuerunt
861 2977 865 2992 :
884 2968 1012 3000 Georgius
1031 2968 1062 2992 de
1084 2968 1160 2996 Rein,
1182 2969 1315 2992 Johnnnes

960 442 1183 468 AUCTARIUM
1208 441 1467 469 CHARTUL'ARII
1490 442 1664 469 UNIVERS.
1687 442 1805 470 PARIS.

1365 962 1398 988 10

1363 1206 1397 1232 15

1362 1452 1396 1478 20

1361 1697 1394 1723 25

1360 1944 1393 1969 30

1358 2188 1391 2214 35

1356 2434 1390 2460 40

1357 2678 1390 2704 45

2294 443 2346 470 836

1438 518 1564 557 plicavit
1577 526 1772 558 procurator,
1791 520 1874 559 quod
1887 519 1918 548 in
1931 520 2008 549 actis
2024 526 2054 549 et
2071 520 2158 550 factis
2173 520 2262 550 nacio
2278 520 2346 551 vel-

1438 567 1480 597 let
1504 568 1606 607 ipsum
1633 568 1746 598 habere
1773 574 1904 608 gratum,
1930 575 2029 598 ratum
2052 575 2082 598 et
2105 575 2257 599 avoatum.
2287 569 2346 600 Cui

1438 617 1662 656 supplicacioni
1678 617 1798 647 favebat
1809 618 1909 647 nacio.

1478 666 1553 695 Item
1579 667 1763 702 notandum,
1785 667 1869 706 quod
1893 666 1924 695 in
1947 667 2077 706 quadam
2099 668 2345 707 congregacione

1437 714 1657 745 Universitatis
1686 715 1839 745 celebrata
1872 716 1954 755 apud
1985 715 2129 745 Sanctum
2159 716 2345 746 Maturinum

1435 763 1563 792 nacione
1588 770 1683 793 tracta
1705 765 1742 793 ad
1768 770 1886 804 partem
1909 764 1994 794 venit
2018 765 2166 805 magister
2187 765 2345 795 Johannes

1436 811 1474 840 de
1504 811 1644 841 Zutfania
1667 812 1699 841 in
1729 813 1869 848 nacione,
1900 819 1930 842 et
1954 813 2151 853 supplicavit,
2181 824 2250 843 cum
2276 813 2345 853 ipse

1434 866 1566 899 propter
1595 861 1761 900 legitimam
1791 868 1821 891 et
1853 862 2060 892 necessariam
2091 873 2214 892 causam
2244 863 2344 893 iturus

1436 915 1520 938 esset
1543 910 1582 938 ad
1599 917 1703 949 partes
1725 917 1755 940 et
1776 911 1807 940 in
1831 911 1919 940 brevi
1942 921 2137 947 reversurus,
2154 912 2239 951 quod
2255 912 2344 941 nacio

1435 958 1528 987 vellet
1553 958 1654 998 ipsum
1678 959 1792 989 habere
1822 966 1980 999 regentem
2007 967 2038 990 et
2064 961 2278 1000 subportatum
2306 962 2344 990 de

1436 1006 1595 1036 solucione
1608 1007 1772 1043 scolarum,
1792 1019 1860 1038 cum
1873 1009 1941 1048 ipse
1956 1009 2049 1039 alium
2065 1009 2246 1050 magistrum
2260 1009 2344 1049 ejus-

1435 1056 1504 1084 dem
1517 1056 1656 1086 nacionis
1673 1063 1831 1097 regentem
1848 1058 1917 1087 loco
1933 1058 2033 1098 ipsius
2049 1059 2261 1088 substitueret.
2277 1058 2344 1096 Que

1436 1105 1626 1144 supplicacio
1642 1107 1838 1136 concorditer
1855 1107 1954 1136 suerat
1968 1117 2127 1137 concessa.
2311 1103 2315 1109 ⁸

1476 1153 1551 1183 Item
1571 1154 1648 1183 facta
1667 1156 1914 1195 congregacione
1935 1157 2075 1186 nacionis
2096 1157 2178 1196 apud
2199 1156 2343 1186 Sanctum

1435 1202 1622 1232 Maturinum
1637 1214 1717 1233 anno
1734 1210 1766 1234 ut
1781 1214 1886 1244 supra,
1903 1205 2010 1244 quinta
2023 1205 2071 1234 die
2083 1206 2199 1235 mensis
2214 1205 2343 1235 Novem-

1434 1251 1512 1287 bris,
1530 1252 1606 1281 hora
1622 1254 1755 1282 secunda
1773 1259 1844 1292 post
1859 1254 2019 1283 meridiem
2034 1255 2118 1284 venit
2132 1255 2170 1284 ad
2184 1255 2343 1284 nacionem

1434 1301 1583 1340 magister
1607 1301 1764 1331 Johannes
1791 1303 1922 1332 Eluvald
1950 1303 2072 1338 Scotus‚
2101 1310 2131 1332 et
2157 1304 2344 1343 supplicavit

1434 1350 1568 1385 nacioni,
1585 1361 1654 1380 cum
1673 1351 1788 1380 veritas
1806 1358 1889 1381 esset
1904 1353 1988 1391 quod
2007 1362 2070 1382 non
2088 1359 2172 1382 esset
2186 1353 2248 1382 nisi
2262 1363 2343 1382 unus

1434 1399 1595 1428 bursarius
1611 1400 1643 1428 in
1656 1400 1788 1440 collegio
1806 1400 1947 1430 Sorbone
1962 1402 2000 1431 de
2017 1401 2189 1441 suppositis
2202 1401 2343 1432 nacionis

1434 1455 1551 1484 nostre,
1568 1449 1712 1488 quatinus
1737 1449 1830 1479 vellet
1851 1450 1911 1479 sibi
1929 1451 2003 1480 dare
2025 1450 2130 1480 literas
2149 1455 2342 1480 recommen-

1433 1498 1569 1527 datorias
1592 1505 1622 1527 et
1647 1498 1886 1538 supplicatorias
1913 1500 1951 1528 ad
1975 1499 2132 1528 dominum
2160 1499 2341 1539 episcopum

1434 1546 1708 1582 Silvanectensem,
1732 1547 1925 1586 provisorem
1948 1548 2071 1588 collegii
2094 1547 2261 1587 predicti⁴‚
2283 1558 2340 1588 pro

1432 1596 1615 1635 recepcione
1633 1596 1732 1636 ipsius
1747 1597 1779 1625 in
1791 1597 1966 1626 bursarium
1979 1597 2062 1627 illius
2076 1597 2209 1637 collegii,
2225 1603 2342 1628 attento

1432 1647 1516 1685 quod
1540 1652 1645 1675 essent
1667 1646 1764 1681 multi,
1786 1656 1848 1675 non
1868 1647 1905 1675 de
1929 1647 2057 1676 nacione
2081 1653 2200 1682 nostra,
2223 1647 2279 1676 sed
2302 1647 2340 1676 de

1432 1695 1500 1724 aliis
1516 1695 1710 1730 nacionibus,
1728 1695 1780 1735 qui
1795 1705 1854 1734 pro
1874 1694 2049 1735 hujusmodi
2066 1696 2161 1725 bursa
2174 1695 2342 1735 diligenter

1432 1744 1619 1779 laborarent,
1634 1745 1717 1783 quod
1730 1744 1861 1773 maxime
1872 1744 1994 1774 videtur
2008 1744 2076 1774 fieri
2091 1745 2122 1773 in
2135 1743 2340 1784 prejudicium

1432 1794 1571 1823 nacionis
1589 1799 1708 1823 nostre.
1726 1793 1784 1823 Cui
1805 1793 2030 1833 supplicacioni
2045 1794 2164 1823 favebat
2177 1794 2276 1823 nacio.

1839 1887 1934 1915 1401

1494 1957 1730 1998 (Fol.62)Acta
1755 1958 1790 1987 in
1818 1958 2080 1997 procuratoria
2106 1959 2278 1998 magistri

1690 2007 1872 2037 ‚Iohannis
1897 2007 2072 2037 Eluvald.

1470 2088 1562 2117 Facta
1579 2087 1825 2127 congregacione
1847 2087 1987 2117 nacionis
2006 2087 2119 2127 Anglie
2136 2089 2218 2127 apud
2241 2088 2337 2118 Sanc-

1430 2144 1492 2166 tum
1509 2137 1696 2166 Maturinum
1711 2147 1792 2166 anno
1812 2143 1845 2165 ut
1866 2147 1972 2176 supra,
1995 2136 2111 2166 XV1112
2131 2137 2180 2166 die
2202 2137 2337 2167 Novem-

1429 2186 1507 2222 bris,
1529 2196 1624 2225 super
1641 2186 1702 2215 2ιΠΙΒ
1722 2185 1871 2215 articulis.
1890 2186 2014 2215 Primus
2032 2186 2088 2214 fuit
2104 2186 2143 2215 ad
2160 2186 2335 2226 eligendum

1429 2246 1541 2266 novum
1563 2241 1807 2275 procuratorem.
1826 2235 1866 2264 Et
1884 2235 1939 2264 fuit
1954 2235 2069 2264 electus
2089 2234 2169 2264 idem
2189 2235 2337 2275 magister

1427 2285 1584 2314 Johannes
1601 2283 1743 2312 Eluvald.
1762 2284 1807 2312 2¹¹³
1823 2284 1878 2312 suit
1898 2284 1936 2312 de
1952 2284 2033 2313 sesto
2050 2283 2199 2313 nacionis.
2222 2283 2262 2313 Et
2282 2284 2337 2314 fuit

1428 2334 1601 2363 ordinatum
1633 2333 1716 2372 quod
1744 2333 1831 2362 fieret
1863 2333 1970 2362 festum
1998 2333 2166 2362 secundum
2195 2333 2278 2372 quod
2304 2333 2335 2362 in

1428 2393 1507 2412 anno
1534 2382 1714 2422 precedenti
1731 2382 1834 2410 fiebat.
1860 2381 1900 2410 Et
1925 2382 2046 2410 suerunt
2068 2381 2130 2410 dati
2155 2381 2335 2420 provisores

1428 2432 1576 2471 magister
1598 2431 1710 2460 Petrus
1727 2430 1868 2460 Prender
1889 2437 1918 2460 et
1937 2430 2085 2469 magister
2103 2430 2236 2459 Jacobus
2258 2431 2335 2460 Her-

1428 2481 1497 2510 lem.
1515 2480 1716 2520 Supplicabat
1728 2479 1870 2508 dominus
1883 2485 2068 2519 procurator
2078 2480 2250 2518 precedens
2263 2490 2335 2519 qua-

1428 2530 1510 2559 tinus
1527 2530 1691 2558 haberetur
1709 2535 1827 2568 gratus,
1849 2535 1934 2557 ratus
1954 2534 1984 2557 et
1999 2534 2125 2557 avoatus
2144 2528 2175 2556 in
2196 2528 2256 2558 hiis
2274 2539 2334 2568 que

1429 2579 1502 2618 egit.
1519 2578 1614 2617 Cujus
1632 2577 1857 2617 supplicacioni
1874 2577 1961 2606 nacio
1975 2577 2139 2616 acquievit,
2154 2583 2211 2606 etc.

1468 2629 1558 2656 Facta
1573 2626 1819 2666 congregacione
1837 2626 1987 2660 nacionis,
2001 2631 2058 2654 etc.
2076 2626 2155 2664 apud
2173 2626 2333 2655 ecclesiam

1428 2677 1568 2705 nacionis
1584 2676 1615 2704 in
1628 2675 1678 2704 die
1696 2675 1793 2704 sancti
1810 2674 1965 2704 Edmundi
1981 2681 2052 2713 post
2067 2675 2192 2704 missam
2206 2685 2286 2704 anno
2301 2682 2334 2705 ut

1428 2735 1522 2764 supra
1548 2735 1643 2764 super
1666 2725 1785 2753 duabus
1811 2723 2105 2763 supplicacionibus.
2132 2724 2206 2754 Nam
2234 2724 2334 2763 primo

1427 2826 1458 2849 de
1487 2826 1603 2853 Colonia,
1627 2825 1778 2849 Bernardus
1801 2825 1939 2856 Flogeling
1962 2825 2113 2856 (annm
2141 2825 2333 2858 Weglinghol),

1426 2862 1560 2885 Johunnes
1577 2862 1607 2884 de
1623 2861 1774 2888 Dnvantria,
1791 2860 1923 2885 Gerardus
1937 2859 2075 2888 Dumheer‚
2090 2860 2223 2884 Johannes
2238 2861 2270 2885 de
2284 2862 2333 2885 Au-

1427 2897 1501 2924 striu,
1522 2897 1656 2920 Johunnes
1676 2897 1707 2920 de
1727 2897 1886 2927 Galencoop,
1905 2896 2037 2919 Johannes
2059 2896 2161 2919 Elwald
2183 2897 2332 2928 (FRANKLIN

1427 2932 1529 2964 Elwal),
1544 2932 1674 2956 Arnoldus
1688 2932 1719 2956 de
1737 2931 1837 2955 thviic
1851 2932 2001 2963 (Fnauxuu
2011 2927 2182 2963 'Wultwict!),
2199 2932 2332 2956 Johannes

1427 2968 1543 2999 Derling.
