2632 3464
440 398 494 424 283
986 394 1207 422 AUCTARIUM
1228 393 1485 421 CHARTULARII
1505 394 1679 422 UNIVERS.
1700 395 1819 422 PARIS.
2308 398 2360 426 284

443 480 507 502 ster
530 473 644 512 Symon
666 472 776 502 Scotus
796 482 853 511 pro
876 472 964 501 litera
984 471 1180 501 testimoniali
1200 471 1347 500 determi-

442 522 549 551 nancie
575 532 612 551 ex
635 527 720 560 parte
750 521 840 551 unius
867 521 983 550 domini
1009 520 1171 550 existentis
1203 520 1234 548 in
1262 519 1347 548 curia

443 570 591 605 Romana,
609 577 639 599 et
656 580 804 599 concessa
825 570 891 605 suit,
913 570 983 599 dum
1002 576 1100 598 tamen
1122 569 1255 598 solveret
1268 569 1346 597 duos

443 619 576 649 florenos
593 629 651 659 pro
667 619 780 648 bursis.

848 712 944 741 1363

671 783 858 812 Johannes
895 783 936 811 de
969 782 1112 811 Suecia.

481 862 571 891 Anno
591 863 714 891 Domini
733 862 777 891 ΜΟ
793 862 886 891 CCC⁰
901 861 954 890 LX
973 862 1073 896 tertio,
1094 861 1147 890 XV
1165 861 1214 890 die
1229 861 1343 890 mensis

441 910 559 950 Aprilis
586 911 661 939 hora
690 911 794 945 tercia,
824 912 899 939 sacta
925 910 1172 949 congregacione
1205 910 1343 939 nacionis

441 960 609 999 Anglicane
627 960 705 998 apud
719 960 861 988 Sanctum
877 959 1029 988 Julianum
1042 969 1218 998 pauperem,
1229 959 1342 988 substi-

440 1015 523 1037 tutus
537 1019 590 1037 seu
607 1009 720 1037 electus
739 1009 793 1037 fuit
815 1008 845 1036 in
863 1014 1094 1047 procuratorem
1116 1008 1253 1037 nacionis
1270 1018 1342 1047 pre-

441 1057 519 1086 dicte
534 1058 678 1096 magister
692 1057 848 1086 Johannes
860 1058 896 1085 de
909 1057 1018 1086 Suecia
1027 1057 1110 1085 nullo
1124 1057 1342 1096 magistrorum

440 1106 562 1145 penitus
580 1106 773 1140 reclamante,
797 1112 827 1135 et
846 1107 950 1135 eadem
973 1106 1022 1135 die
1041 1106 1227 1145 supplicavit
1243 1106 1342 1145 magi-

440 1162 503 1183 ster
525 1154 715 1183 Gwillelmus
736 1155 843 1189 Buzer,
863 1162 894 1183 ut
917 1155 1120 1183 consideratis
1139 1156 1203 1184 suis
1226 1155 1342 1184 labori-

442 1204 498 1232 bus
516 1210 544 1232 et
558 1204 702 1242 expensis
724 1204 808 1232 factis
825 1204 855 1232 in
874 1204 974 1232 eundo
990 1204 1027 1232 ad
1042 1204 1156 1232 curiam
1173 1204 1340 1233 Romanam

441 1263 507 1280 cum
525 1252 624 1281 rotulo
645 1253 861 1292 magistrorum
877 1252 1013 1292 ejusdem
1031 1253 1169 1281 nacionis
1185 1259 1215 1281 et
1227 1253 1340 1282 ibidem

441 1301 549 1329 stando
561 1301 680 1330 diucius
695 1311 753 1340 pro
768 1301 968 1340 expedicione
979 1301 1052 1330 dicti
1068 1301 1160 1330 rotuli
1170 1308 1199 1330 et
1212 1302 1340 1331 aliorum

439 1350 637 1388 negociorum
662 1350 758 1389 ipsam
783 1351 942 1379 nacionem
965 1357 994 1379 et
1018 1350 1256 1380 Universitatem
1276 1357 1339 1380 tan-

438 1398 590 1437 gencium,
605 1399 692 1427 nacio
708 1399 800 1428 vellet
815 1399 874 1428 sihi
884 1401 982 1428 facere
996 1400 1130 1438 graciam
1146 1400 1337 1439 ampliorem.

440 1446 527 1476 Unde
550 1458 729 1477 concessum
755 1454 819 1477 erat
844 1448 903 1477 sibi
925 1449 1007 1487 quod
1032 1449 1068 1477 ad
1093 1448 1189 1477 XXVI
1218 1450 1340 1478 francos

439 1496 513 1524 alias
540 1496 598 1525 sibi
627 1507 792 1526 concessos
817 1498 1004 1526 adderentur
1027 1503 1159 1536 quatuor
1180 1498 1287 1533 franci,
1311 1505 1341 1527 et

439 1545 483 1573 sie
510 1545 596 1574 naeio
620 1552 714 1574 restat
739 1547 775 1574 ad
798 1546 978 1575 solvendum
1007 1547 1066 1575 sibi
1097 1547 1180 1576 XXX
1205 1547 1338 1582 francos,

439 1603 506 1622 cum
531 1595 688 1623 commode
713 1594 825 1623 habere
848 1595 961 1634 poterit
985 1596 1050 1624 sive
1079 1596 1116 1624 de
1140 1602 1225 1625 sexta
1247 1597 1341 1625 bursa

438 1643 714 1678 determinandum,
725 1643 979 1673 licentiandorum
991 1645 1039 1674 vel
1048 1645 1338 1684 magistrandorum,

440 1691 503 1720 sive
523 1692 655 1721 aliunde.
686 1692 724 1721 Et
745 1692 775 1721 in
799 1693 857 1721 hoc
876 1693 955 1721 idem
978 1694 1124 1733 magister
1147 1693 1340 1723 Gwillelmus

438 1741 572 1770 reddidit
587 1751 619 1770 se
635 1747 835 1771 contractum.

842 1835 937 1864 1363

564 1904 904 1945 Procur[atorium]
934 1906 1136 1935 Alexandri
1166 1908 1208 1936 de

753 1954 874 1983 Caron
905 1955 1017 1984 Scoti.

477 2032 567 2061 Anno
583 2034 706 2062 Domini
722 2034 883 2064 millesimo
899 2015 1035 2064 CC(⁰]LX
1048 2035 1150 2070 tertio,
1168 2036 1275 2075 quinto
1289 2036 1338 2065 die

438 2082 552 2110 mensis
570 2082 640 2121 Maij
662 2082 737 2111 hora
756 2084 866 2122 prima,
885 2085 961 2113 facta
979 2085 1218 2124 congregatione
1238 2085 1338 2114 natio-

438 2130 486 2158 nis
504 2130 671 2169 Anglicane
690 2132 770 2170 apud
786 2132 929 2161 Sanctum
949 2133 1100 2162 ¹lulianum
1117 2144 1282 2173 pauperem
1301 2135 1338 2163 ad

438 2179 612 2218 eligendum
653 2187 894 2219 procuratorem,
941 2182 1055 2211 electus
1097 2183 1151 2211 fuit
1191 2184 1338 2222 magister

436 2227 611 2257 Alexander
630 2229 667 2257 de
690 2229 791 2258 Caron
814 2230 923 2259 Scotus
945 2231 976 2259 in
1001 2237 1230 2269 procuratorem
1253 2233 1337 2261 nullo

438 2277 654 2315 magistrorum
672 2278 865 2313 reclamante,
885 2279 915 2307 in
934 2278 1019 2319 cujus
1040 2281 1253 2319 procuratorio
1272 2282 1337 2310 fue-

439 2332 510 2354 runt
525 2326 579 2355 hec
596 2333 662 2355 acta
677 2337 736 2366 que
753 2334 936 2366 sequuntur.

478 2375 594 2404 Eodem
611 2376 659 2404 die
677 2377 859 2415 computatis
876 2377 906 2405 in
926 2378 1068 2406 omnihus
1082 2388 1149 2407 cum
1163 2385 1334 2418 receptore,

437 2424 524 2452 nacio
540 2424 598 2453 sibi
616 2425 776 2454 tenebatur
791 2425 823 2453 in
838 2425 921 2454 XLII
938 2426 1047 2455 solidis
1061 2433 1090 2455 et
1104 2427 1131 2456 II
1148 2428 1294 2457 denariis.

477 2472 551 2501 Item
568 2473 752 2512 supplicavit
762 2475 868 2503 eodem
881 2475 930 2503 die
946 2476 1091 2515 magister
1105 2476 1282 2505 Willelmus
1298 2478 1336 2506 de

438 2520 544 2560 Spyny
575 2532 633 2560 pro
666 2523 813 2562 magistro
848 2523 1023 2552 Hermanno
1058 2525 1094 2553 de
1127 2525 1266 2554 Beveren
1298 2527 1335 2554 de

437 2570 593 2609 Mag-untia
614 2572 696 2610 quod
717 2573 939 2601 concederetur
960 2573 1018 2602 sibi
1037 2573 1137 2603 littera
1157 2575 1213 2603 sub
1232 2575 1335 2614 sigillo

438 2619 584 2653 nacionis,
620 2621 701 2659 quod
733 2627 928 2659 reputaretur
960 2632 1017 2660 pro
1046 2629 1171 2662 regente
1198 2630 1336 2662 tempore

438 2667 594 2697 missionis
620 2669 711 2698 rotuli
734 2670 770 2698 ad
793 2670 959 2699 Romanam
981 2671 1110 2706 curiam,
1139 2678 1168 2700 et
1192 2673 1247 2701 suit
1277 2673 1336 2702 sibi

437 2726 615 2745 concessum
633 2718 657 2745 si
673 2720 829 2747 commode
845 2719 909 2747 fieri
931 2726 1048 2758 posset.

479 2765 550 2793 Item
572 2766 641 2794 XlX
669 2767 717 2795 (lie
741 2768 855 2796 mensis
882 2767 1017 2807 ejusdem
1039 2769 1177 2808 magistri
1203 2770 1336 2799 nationis

469 2875 491 2897 1.
523 2876 551 2897 20
565 2876 636 2899 Mali.

469 2910 491 2932 2.
526 2912 638 2934 2911101'1'.

1381 915 1415 940 10

1379 1159 1413 1185 15

1378 1405 1411 1431 20

1378 1651 1411 1676 25

1377 1895 1411 1922 30

1375 2140 1409 2166 35

1374 2384 1407 2410 40

1373 2629 1407 2655 45

1456 476 1640 509 potaverunt
1657 471 1688 500 in
1708 472 1833 501 taberna
1850 472 1930 511 apud
1946 474 2116 512 ymaginem
2127 481 2225 503 nostre
2233 476 2360 504 Domine

1456 519 1499 548 111
1518 519 1626 554 libras,
1649 519 1703 549 XV
1725 520 1854 556 solidos,
1883 522 1897 550 1
1921 521 2091 555 denarium.
2114 528 2174 552 tam
2196 523 2235 552 de
2259 533 2358 559 mane,

1455 578 1544 607 quam
1563 569 1600 597 de
1618 578 1689 597 sero
1709 569 1740 598 in
1754 571 1896 609 grangia,
1917 570 1955 599 de
1972 570 2085 610 quibus
2104 571 2197 601 solvit
2212 572 2361 612 magister

1454 615 1630 646 Alexander
1653 618 1690 647 de
1717 617 1820 647 caron
1846 619 2006 658 predictus
2030 629 2088 659 pro
2116 618 2238 659 bejania
2264 630 2320 650 sua
2346 621 2359 651 1

1455 666 1592 695 francum
1616 672 1646 696 et
1670 666 1828 697 Johannes
1848 668 1886 697 de
1910 668 2060 698 Dunbrek
2085 669 2141 698 XX
2161 669 2280 699 solidos
2301 679 2359 710 pro

1454 715 1558 744 bursis
1573 714 1701 745 licencie
1714 725 1780 751 sue,
1797 723 1899 746 cetera
1916 716 2009 747 solvit
2023 724 2177 757 receptor.

1495 763 1570 793 Item
1596 764 1627 793 in
1654 764 1780 805 vigilia⁴
1811 765 2030 802 Pentecostes‚
2054 767 2199 797 videlicet
2225 767 2281 797 XX
2309 768 2359 798 die

1453 813 1569 842 mensis
1591 811 1740 853 ejusdem,
1765 814 1944 844 licenciatus
1967 815 2022 844 suit
2039 815 2197 846 Johannes
2214 817 2252 846 de
2275 817 2358 846 Dun-

1452 861 1530 890 brek
1559 861 1682 898 Scotus,
1710 869 1739 892 et
1759 862 1876 903 juravit
1898 862 2073 904 juramenta
2094 871 2241 895 consueta
2264 865 2358 895 licen-

1453 910 1643 947 ciandorum,
1671 912 1724 951 qui
1744 912 1837 942 solvit
1859 913 1959 942 dictos
1982 913 2038 942 XX
2062 913 2180 943 solidos
2201 924 2258 954 pro
2282 916 2358 944 bur-

1451 959 1508 994 sis,
1532 965 1562 989 et
1585 960 1733 990 satisfecit
1753 961 1886 998 bedello,
1910 962 1947 991 de
1970 962 2095 992 residuo
2119 963 2224 994 habuit
2247 964 2358 994 remis-

1452 1009 1582 1038 sionem.

1492 1058 1567 1087 Item
1581 1059 1688 1088 eodem
1701 1059 1751 1088 die
1769 1059 1942 1090 licentiatus
1955 1067 2003 1090 est
2017 1061 2149 1091 Michael
2163 1061 2311 1097 Vischou‚
2328 1068 2359 1092 et

1446 1106 1561 1146 juravit
1591 1114 1679 1137 antea
1700 1106 1874 1147 juramenta
1906 1116 2054 1139 consueta
2083 1110 2356 1146 Iicendandorum,

1451 1155 1537 1196 cujus
1555 1157 1650 1186 bursa
1661 1157 1690 1186 X
1706 1157 1809 1186 solidi.

1491 1205 1566 1234 Item
1590 1205 1764 1236 licentiatus
1794 1213 1842 1236 est
1875 1207 2071 1238 Hermannus
2102 1209 2139 1237 de
2174 1209 2356 1249 Northeym,

1451 1253 1537 1293 cujus
1551 1255 1646 1284 bursa
1658 1254 1730 1284 VIII
1745 1254 1848 1284 solidi.

1490 1303 1566 1332 Item
1581 1303 1754 1333 licentiatus
1765 1310 1813 1333 est
1826 1304 1983 1334 Johannes
1998 1306 2036 1334 de
2047 1305 2148 1341 udan,
2161 1305 2248 1345 cujus
2263 1307 2357 1336 bursa

1449 1352 1544 1381 nichil
1570 1353 1607 1381 ad
1630 1363 1774 1392 presens,
1797 1354 1853 1382 sed
1874 1363 1942 1383 cum
1962 1355 2082 1384 venerit
2103 1356 2140 1384 ad
2159 1355 2356 1395 pinguiorem

1449 1402 1612 1436 fortunam,
1633 1402 1742 1431 solvet.

1489 1450 1564 1479 Item
1592 1451 1766 1481 licentiatus
1797 1458 1845 1481 est
1877 1452 2032 1482 Henricus
2064 1454 2102 1482 de
2135 1453 2257 1493 Hessya
2287 1463 2355 1484 cum

1449 1506 1580 1538 quatuor
1591 1500 1739 1539 predictis
1750 1501 1788 1529 ad
1801 1501 1941 1530 Sanctam
1954 1500 2152 1538 Genovefam,
2164 1502 2252 1543 cujus
2262 1504 2358 1534 bursa

1448 1548 1553 1577 nichil.

1490 1597 1564 1627 Item
1586 1597 1683 1627 XXVI
1706 1598 1756 1627 die
1777 1599 1894 1628 mensis
1911 1598 2048 1638 ejusdem
2069 1600 2201 1629 Michael
2219 1600 2356 1631 Vischou

1449 1646 1629 1686 incepturus
1649 1647 1698 1676 die
1718 1647 1789 1676 lune
1807 1647 1970 1687 sequenti²
1990 1655 2023 1678 ut
2046 1649 2124 1678 dixit
2141 1649 2256 1689 juravit
2274 1652 2356 1688 jura-

1449 1700 1550 1723 menta
1582 1701 1739 1730 consueta,
1773 1701 1802 1724 et
1830 1695 1922 1725 solvit
1950 1696 2061 1726 bursas
2081 1707 2138 1736 pro
2163 1697 2354 1737 magisterio,

1447 1743 1592 1772 videlicet
1608 1754 1666 1783 pro
1680 1744 1817 1783 qualibet
1834 1744 1860 1773 x
1875 1736 2004 1774 solidos.

1490 1792 1564 1822 Item
1575 1792 1607 1821 in
1620 1793 1754 1822 crastino
1770 1794 1847 1822 sacta
1861 1794 2107 1834 congregacione
2119 1795 2258 1824 nacionis
2273 1796 2356 1835 apud

1449 1841 1592 1871 Sanctum
1619 1842 1804 1872 Maturinum
1826 1850 2020 1883 proponente
2046 1843 2194 1873 Michaele
2216 1844 2355 1884 predicto

1448 1901 1485 1919 ex
1515 1897 1603 1930 parte
1636 1901 1706 1927 una,
1741 1893 1824 1931 quod
1864 1899 1947 1922 esset
1983 1892 2163 1932 incepturus
2198 1893 2248 1922 die
2283 1893 2354 1924 lune

1448 1939 1610 1979 sequenti³
1633 1941 1690 1970 sub
1719 1941 1868 1980 magistro
1891 1941 2113 1982 T[heod0rico]
2134 1943 2172 1971 de
2200 1941 2302 1978 Unna,
2325 1948 2356 1972 et

1447 1988 1586 2018 Johanne
1608 1989 1674 2019 Neu
1696 1996 1726 2019 et
1750 1989 1882 2020 Tedrico
1905 1991 1943 2019 de
1969 1990 2103 2020 Damero
2127 2001 2164 2020 ex
2186 1998 2274 2031 parte
2296 1991 2355 2021 alia

1447 2039 1530 2077 quod
1544 2038 1604 2077 ipsi
1620 2045 1725 2068 essent
1739 2039 1845 2068 eodem
1862 2039 1911 2068 die
1924 2039 1995 2068 lune
2011 2039 2165 2079 incepturi
2183 2041 2240 2070 sub
2260 2040 2354 2080 magi-

1447 2093 1512 2116 stro
1543 2087 1712 2117 Adelberto
1738 2088 1776 2117 de
1809 2087 1947 2123 Boemia,
1982 2095 2012 2118 et
2046 2089 2268 2118 contenderent
2299 2089 2353 2129 qui

1446 2146 1551 2165 eorum
1570 2137 1774 2175 preferentur,
1793 2143 1822 2166 et
1841 2137 1899 2166 hoc
1916 2137 1962 2166 eis
1984 2138 2230 2177 proponentibus
2251 2148 2353 2168 coram

1446 2185 1586 2221 nacione,
1613 2186 1749 2215 decrevit
1775 2186 1875 2222 naeio,
1904 2186 2002 2225 ipsam
2029 2186 2142 2216 habere
2174 2197 2269 2226 super
2294 2187 2353 2217 hoe

1446 2234 1671 2273 pronunciandi
1703 2241 1732 2264 et
1760 2235 1924 2264 ordinandi
1952 2241 2145 2275 potestatem.
2177 2235 2352 2266 ordinavit-

1445 2293 1505 2322 que
1526 2290 1656 2323 propter
1679 2284 1921 2313 controversiam
1941 2285 2107 2313 sedandam
2127 2283 2227 2314 dictos
2252 2284 2353 2314 domi-

1445 2343 1502 2361 nos
1512 2332 1681 2362 Iohannem
1693 2333 1758 2362 Nev
1768 2333 1991 2363 etThedricum
2003 2333 2146 2372 primitus
2159 2333 2351 2373 incepturos,

1445 2388 1474 2410 et
1485 2382 1591 2410 eodem
1603 2381 1652 2410 die
1662 2392 1767 2411 eorum
1778 2381 1934 2421 principio
1943 2381 2030 2411 finito
2041 2381 2154 2411 dictum
2170 2381 2351 2412 Michaelem

1445 2430 1649 2469 incepturum,
1679 2437 1709 2460 et
1733 2431 1816 2470 quod
1841 2430 1867 2460 si
1892 2441 1987 2470 super
2012 2431 2225 2470 prepositione
2252 2431 2352 2471 magi-

1445 2479 1530 2508 sterii
1544 2479 1618 2508 alias
1635 2479 1749 2509 vellent
1766 2480 1963 2514 contendere,
1981 2478 2061 2508 dicta
2076 2479 2275 2509 ordinacione
2287 2490 2351 2510 non

1445 2528 1597 2563 obstante,
1616 2538 1718 2557 coram
1736 2528 1863 2557 nacione
1882 2528 2071 2558 audirentur.

1772 2602 2018 2642 Incipientes.

1486 2674 1559 2703 Item
1576 2673 1704 2703 XXVIII
1724 2674 1773 2702 die
1787 2673 1902 2702 mensis
1920 2672 2075 2716 ejusdem‘*
2090 2674 2272 2713 inceperunt
2292 2675 2351 2704 sub

1446 2723 1594 2762 magistro
1613 2722 1781 2751 Adelberto
1803 2722 1943 2761 predicto
1962 2722 2035 2751 dicti
2057 2722 2212 2751 Johannes
2235 2723 2300 2752 Nev
2321 2729 2352 2753 et

1445 2771 1606 2806 Tedricus‚
1624 2781 1754 2810 quornm
1771 2769 1934 2810 cujuslibet
1948 2772 2042 2800 bursa
2060 2771 2101 2800 IX
2118 2771 2220 2800 solidi.

1475 2882 1498 2904 3.
1533 2883 1551 2904 J.
1564 2890 1583 2904 e.
1598 2882 1628 2905 29
1638 2882 1710 2904 Maii.

1475 2918 1498 2941 4.
1533 2917 1606 2940 Maii.
