2632 3464
1156 429 1420 456 INTRODUCTIO

529 503 614 537 1363
691 504 778 550 Aug.
797 504 839 537 24
895 504 1125 537 Theodericus
1143 506 1260 549 Dystel
1281 506 1322 538 de
1340 507 1437 539 Unna
2030 508 2155 548 289,35

527 562 612 595 1364
692 562 801 607 April.
825 563 840 595 1
896 563 1067 596 Marsilius
1083 563 1124 595 de
1142 564 1271 609 lnghen
2029 565 2155 606 298,42

492 620 640 653 1365-67
897 621 1068 664 Deficiunt

523 678 609 711 1368
691 679 786 723 Sept.
799 678 841 711 21
890 679 1056 712 Arnestus
1072 679 1113 711 de
1129 679 1320 720 Hollandia,
1339 679 1552 713 continuatus
2028 681 2154 721 316,33

525 736 611 769 1369
694 738 788 781 Sept.
802 737 843 769 21
892 737 1062 769 Johannes
1082 737 1123 770 de
1142 738 1295 770 Ammers
2027 739 2130 779 342,2

525 794 608 827 1371
692 795 765 827 Jan.
787 795 829 827 26
894 795 1059 827 Heni-icus
1076 795 1117 827 de
1135 795 1274 835 Thenis,
1290 795 1398 828 subst.
1415 795 1525 839 (elect.
1546 795 1640 840 Sept.
1662 788 1732 840 21)'‘
1944 797 2089 838 386,20;
2108 797 2234 838 403,2O

525 852 609 885 1376
692 854 786 897 Sept.
801 853 843 885 21
891 853 1062 887 Walterus
1083 853 1124 886 de
1142 853 1225 886 Delf
1930 864 1933 867 ’
2026 855 2151 895 503,22

519 911 605 943 1377
687 911 774 957 Aug.
891 911 1057 944 Martinus
1078 911 1276 951 Hollandus,
1300 911 1501 945 substitutus
1958 935 1959 938 =
2002 934 2004 937 ν
2025 914 2126 953 525,1

523 969 610 1002 1378
691 970 785 1013 Sept.
801 969 841 1002 21
890 970 1060 1002 Johannes
1076 970 1118 1002 de
1140 970 1274 1003 Stralen
2025 971 2150 1011 561,45

522 1027 607 1060 1379
689 1028 784 1071 Sept.
797 1027 839 1059 21
889 1027 1055 1059 Jordanus
1074 1027 1114 1060 de
1137 1027 1252 1066 Clivis,
1271 1028 1485 1062 continuatus
1504 1041 1557 1060 an.
1578 1028 1663 1061 1380
1679 1041 1754 1073 sqq.
2024 1029 2148 1070 592,22

487 1084 633 1118 1383-91
888 1085 1059 1128 Deficiunt

518 1143 604 1175 1392
680 1142 760 1175 Maii
890 1143 1057 1176 Robertus
1077 1143 1117 1175 de
1134 1143 1301 1188 Cardeny,
1321 1151 1401 1176 tunc
1418 1142 1574 1188 receptor
2023 1144 2126 1185 6645
2159 1187 2162 1190 Δ

547 1215 563 1232 »
682 1201 761 1233 Maii
889 1201 1053 1247 Aegidius
1069 1201 1110 1233 de
1127 1201 1253 1234 Jutfaes
2022 1193 2148 1242 66438

517 1259 602 1293 1399
683 1260 764 1291 Νον.
786 1259 827 1292 18
888 1259 1057 1292 Johannes
1073 1259 1271 1299 Forestarii,
1288 1259 1359 1292 vice
1377 1266 1532 1304 receptor
2020 1260 2146 1299 805,26

516 1317 602 1350 1400
683 1317 747 1350 Jul.
771 1318 791 1350 5
891 1317 1062 1350 Arnoldus
1080 1317 1231 1352 Witwiic
2015 1319 2125 1359 .816,8

516 1375 600 1408 1403
687 1376 782 1419 Sept.
796 1375 837 1407 21
891 1376 1060 1408 Johannes
1078 1377 1172 1420 Dorp
1968 1416 1969 1421 ¹
2019 1377 2123 1419 867,ss

514 1433 600 1465 1404
684 1433 815 1477 April3
890 1433 1096 1468 Wilhelmus
1117 1434 1215 1474 Blok,
1239 1434 1441 1467 substitutus
2020 1435 2123 1475 987,7

553 1505 569 1522 »
688 1492 783 1535 Sept.
797 1491 838 1523 21
892 1491 1082 1524 Richardus
1103 1491 1144 1524 de
1166 1493 1281 1524 Lonen
2020 1492 2145 1533 883,32

513 1549 598 1582 1405
684 1550 778 1593 Sept.
792 1549 832 1582 21
889 1549 1059 1582 Johannes
1075 1549 1116 1582 de
1138 1550 1289 1594 Galkops
1982 1551 1984 1554 ’
2018 1550 2144 1591 905,17

515 1608 600 1640 1406
685 1609 779 1651 Sept.
793 1607 834 1640 21
887 1607 1092 1642 Wilhelmus
1108 1607 1194 1640 Blok
2018 1608 2142 1650 932,17

481 1735 665 1782 Receptor
688 1734 893 1770 luminaris
919 1733 980 1770 vel
1010 1734 1262 1770 luminarium
1286 1735 1425 1771 Beatae
1450 1735 1614 1779 Mariae,
1643 1734 1682 1771 id
1707 1742 1767 1771 est
1791 1736 1979 1784 pecuniae
2001 1735 2173 1772 candelis
2198 1737 2360 1773 Nostrae

430 1805 616 1839 Dominae
637 1803 867 1846 destinatae,
887 1803 1031 1852 pluries
1052 1804 1272 1840 nominatur
1288 1805 1326 1839 in
1342 1805 1534 1853 principio
1551 1804 1666 1853 hujus
1685 1804 1774 1841 libri
1788 1805 1812 1841 ¹.
1830 1805 1880 1841 At
1895 1817 1992 1841 vana
2007 1806 2136 1842 cautio
2157 1812 2252 1849 erat,
2272 1805 2363 1843 dum

428 1875 533 1909 natio
555 1887 616 1909 an.
644 1873 737 1908 1349
763 1887 779 1907 α
806 1872 950 1909 nullam
973 1873 1120 1910 habens
1143 1875 1346 1923 pecuniam
1371 1875 1445 1910 nisi
1473 1875 1676 1923 pecuniam
1703 1887 1773 1923 pro
1796 1873 1973 1910 luminari
1998 1875 2138 1912 Beatae
2161 1876 2303 1912 Mariae
2327 1889 2360 1918 »,

428 1942 532 1978 illam
561 1943 746 1978 esurienti
769 1943 961 1991 receptori
987 1944 1155 1979 nationis
1178 1944 1323 1979 curiam
1349 1944 1558 1979 Romanam
1586 1945 1734 1992 petenti
1759 1942 1993 1980 concederet
2013 1944 2107 1990 (137,
2134 1944 2203 1991 18).
2224 1946 2362 1981 Postea

427 2012 532 2048 solus
552 2019 730 2061 receptor
750 2013 918 2048 nationis
939 2013 1091 2055 citatur.
1112 2013 1306 2048 Statutum
1328 2020 1387 2048 est
1408 2025 1468 2048 an.
1491 2013 1594 2054 1356,
1617 2013 1742 2049 Martii
1758 2013 1818 2055 23,
1839 2027 1856 2048 «
1872 2012 1922 2049 ob
1943 2014 2197 2050 reverentiam
2217 2015 2258 2050 B.
2277 2015 2363 2052 Vir-

425 2082 542 2130 ginis,
561 2080 665 2130 quod
681 2081 762 2130 ejus
783 2082 986 2131 pecuniam
1003 2088 1229 2130 procurator
1247 2087 1285 2117 et
1305 2089 1481 2132 receptor
1497 2095 1670 2118 seorsum
1689 2089 1878 2132 ponerent
1893 2095 1914 2118 a
1931 2084 2095 2132 pecunia
2112 2084 2293 2126 nationis,
2311 2096 2360 2121 ne

427 2150 492 2187 illa
522 2152 699 2200 pecunia,
740 2150 859 2187 semel
894 2152 934 2186 Β.
976 2152 1126 2200 Virgini
1159 2150 1350 2193 dedicata,
1390 2151 1438 2187 ad
1472 2151 1660 2187 humanos
1695 2164 1787 2188 usus
1822 2151 1988 2201 amplius
2022 2159 2311 2189 converteretur
2340 2167 2356 2188 n

427 2221 523 2266 (193,
549 2221 628 2266 38);
653 2220 731 2269 jam
756 2228 935 2269 receptor
958 2221 1125 2256 nationis
1153 2235 1170 2254 «
1198 2233 1275 2256 non
1300 2222 1425 2256 minus
1450 2220 1498 2257 de
1522 2220 1587 2257 illa
1607 2221 1769 2270 pecunia
1792 2233 1906 2270 quam
1931 2219 1980 2257 de
2003 2222 2165 2270 pecunia
2191 2222 2359 2259 nationis

425 2297 622 2326 teneretur
643 2288 805 2326 reddere
822 2291 1009 2326 rationem
1026 2303 1042 2323 »
1061 2290 1162 2338 (194,
1183 2290 1227 2335 1).

475 2358 693 2395 Secundum
713 2358 867 2408 longam
888 2366 926 2395 et
950 2360 1201 2395 inveteratam
1226 2357 1560 2399 consuetudinem,
1587 2369 1742 2406 semper
1763 2357 1958 2407 antiquior
1981 2358 2167 2406 magister¹
2189 2358 2357 2394 nationis

424 2441 500 2464 non
531 2441 683 2477 regens,
713 2426 789 2463 duo
812 2429 985 2464 seniores
1015 2435 1194 2477 regentes
1222 2441 1296 2464 una
1319 2441 1406 2464 cum
1426 2434 1627 2476 receptore
1650 2427 1800 2476 seipsos
1824 2428 1862 2462 in
1878 2427 2162 2463 examinatores
2182 2426 2358 2462 determi-

422 2499 597 2534 nantt‘um
620 2498 820 2547 elegerunt
839 2498 932 2544 (672,
952 2498 1018 2539 4ος
1035 2498 1118 2539 759,
1135 2498 1194 2540 17ς
1209 2498 1294 2540 865,
1314 2497 1380 2539 24;
1398 2497 1484 2540 915,
1501 2496 1552 2545 3).
1568 2494 1643 2532 Sed
1666 2508 1748 2532 mos
1767 2495 1832 2532 ille
1853 2495 2090 2544 aliquantum
2111 2496 2297 2544 temporis
2318 2496 2356 2531 in

422 2567 656 2603 oblivionem
678 2568 794 2603 ivisse
811 2566 976 2608 videtur,
992 2580 1078 2602 cum
1100 2566 1197 2602 daos
1221 2574 1367 2603 tantum
1389 2573 1642 2616 temptatores
1662 2565 1808 2601 electos
1825 2578 1885 2601 an.
1907 2565 1999 2601 1347
2013 2572 2052 2602 et
2070 2565 2162 2600 1357
2179 2564 2276 2610 (103,
2288 2564 2353 2606 29;

421 2637 505 2679 205,
517 2637 590 2683 28),
605 2650 721 2672 unum
741 2635 933 2685 adjunctis
952 2644 1152 2685 receptore
1171 2643 1210 2672 et
1230 2643 1478 2685 procuratore
1492 2648 1552 2671 an.
1571 2635 1663 2671 1352
1680 2635 1778 2680 (155,
1794 2635 1864 2681 19),
1881 2634 2034 2683 saepius
2054 2641 2132 2670 tres
2150 2634 2355 2682 magistros

421 2707 517 2751 (269,
528 2707 612 2748 293,
625 2707 721 2753 307),
731 2719 974 2755 nequaquam
988 2719 1008 2741 e
1023 2705 1253 2748 senioribus,
1267 2706 1435 2741 unanimi
1450 2706 1716 2753 magistrorum
1732 2704 1989 2753 praesentium
2006 2715 2197 2739 consensu
2209 2701 2354 2739 electos

422 2777 669 2824 reperiamus.
695 2777 924 2812 Procurator
941 2775 1063 2812 solum
1086 2788 1131 2811 ex
1151 2776 1289 2824 gratia,
1312 2787 1389 2810 non
1408 2773 1455 2810 de
1477 2774 1562 2823 jure
1585 2772 1717 2809 aderat
1734 2773 1806 2819 (69,
1833 2772 1902 2819 10).
1927 2774 2059 2808 Mense
2080 2773 2274 2816 Januario,
2291 2771 2352 2808 vel

1442 2917 1590 2956 Kynnard
1603 2916 1663 2956 (51,
1678 2917 1739 2956 36),
1752 2916 1822 2946 Joh.
1838 2917 1875 2945 de
1890 2914 2014 2956 Syberg
2027 2915 2106 2956 (119,
2121 2915 2178 2950 15),
2196 2915 2351 2945 Henricus

1441 2967 1478 2995 de
1495 2966 1598 2995 Minda
1615 2965 1694 3005 (138,
1712 2965 1753 3004 3).

462 2920 487 2947 1.
535 2919 647 2948 Petrus
661 2920 698 2947 de
714 2918 816 2948 Veteri
834 2919 963 2958 Campo,
977 2918 1067 2948 simul
1079 2924 1223 2957 receptor
1236 2927 1332 2957 pecu-

420 2967 488 2996 niae
506 2968 640 2997 nationis
662 2969 721 3007 (13,
739 2968 800 3007 28),
819 2968 903 2997 Suno
924 2968 961 2996 de
983 2967 1103 2997 Swecia
1121 2967 1181 3004 (43,
1200 2967 1239 3006 1),
1259 2966 1329 2996 Joh.
