2632 3464
305 457 362 485 461

310 541 466 575 tamquam
481 541 676 574 procurator.
697 533 794 574 Cujus
811 533 1002 574 supplicacio
1018 532 1074 562 tuit
1085 541 1218 562 concor-

304 584 392 614 ·diter
405 594 564 614 concessa.

717 676 816 707 1374

351 748 600 780 Continuacio
630 748 667 778 in
698 753 980 788 procuratorem
1006 746 1177 787 magistri

535 795 704 837 Hugonis
733 797 775 826 de
802 795 995 826 Hervorst.

349 877 453 913 Anno,
469 887 575 907 mense
594 883 625 907 et
638 876 689 906 die
705 875 820 916 quibus
838 875 1012 906 immediate
1030 885 1125 915 supra
1142 875 1218 905 sacta

305 927 559 968 congregacione
572 925 712 956 nacionis
726 925 898 966 Anglicane
910 925 949 954 ad
968 924 1111 954 Sanctum
1124 924 1218 954 Julia-

310 986 383 1006 num
416 976 454 1006 ad
485 975 671 1005 audiendum
704 980 880 1014 computum
915 974 1087 1013 recepturis
1118 979 1148 1003 et
1179 974 1218 1003 ad

307 1025 484 1066 eligendum
502 1030 734 1065 procuratorem
750 1023 800 1054 vel
821 1024 860 1053 ad
878 1023 1118 1053 continuandum
1135 1023 1218 1062 prio-

309 1084 387 1110 rem,
401 1074 458 1104 fuit
470 1080 504 1104 ut
519 1083 613 1113 supra
632 1073 781 1103 scribitur
801 1072 997 1102 continuatus
1017 1073 1048 1101 in
1068 1081 1218 1111 procura-

307 1129 406 1154 torem
421 1122 570 1163 magister
584 1123 676 1162 Hugo
689 1123 727 1152 de
740 1121 894 1152 Hervorst
907 1121 1114 1157 concorditer,
1133 1120 1218 1150 nullo

309 1172 505 1202 reclamante.
533 1171 570 1202 In
598 1170 685 1212 cujus
717 1170 931 1210 procuratoria
959 1177 1032 1200 sunt
1066 1176 1133 1200 acta
1158 1180 1218 1210 que

311 1227 495 1262 sequuntur.

349 1270 456 1300 Primo
479 1269 616 1310 ejusdem
640 1269 758 1299 mensis
777 1269 827 1298 die
848 1268 932 1298 XXI·
945 1268 1062 1308 incepit
1074 1268 1218 1298 dominus

302 1319 464 1349 Jordanus
497 1319 536 1348 de
571 1317 779 1348 Goerinchem
811 1318 870 1348 sub
895 1317 1036 1358 predicto
1068 1317 1218 1357 magistro

310 1367 447 1409 Hugone
465 1368 504 1398 de
519 1367 667 1403 Hei-vost,
683 1366 771 1408 cujus
788 1367 883 1397 bursa
897 1366 954 1396 Vll
971 1366 1075 1396 solidi.

716 1461 814 1490 1374

309 1533 383 1574 (Pol.
417 1533 504 1574 431’)
550 1531 816 1562 Procuratoria
851 1532 1024 1572 magistri
1063 1531 1216 1562 Henrici

682 1581 843 1621 Spronc.

347 1662 439 1693 Anno
454 1661 581 1693 Domini
593 1661 624 1692 M
638 1661 733 1692 CCC⁰
748 1661 916 1697 Lxxuno,
931 1661 1015 1691 XVI·
1023 1661 1073 1691 die
1085 1661 1218 1691 Decem-

308 1712 376 1742 bris
393 1713 471 1742 facta
487 1711 734 1752 congregacione
754 1711 835 1751 apud
851 1710 996 1740 Sanctum
1011 1710 1164 1740 sulianum
1179 1711 1218 1740 ad

308 1761 495 1791 audiendum
522 1766 697 1800 computum
721 1759 894 1800 receptoria
921 1766 952 1790 et
976 1760 1014 1789 ad
1040 1760 1217 1799 eligendum

309 1816 554 1850 procuratorem,
581 1809 697 1839 electus
724 1808 781 1839 fuit
811 1809 842 1838 in
870 1815 1103 1849 procuratorem
1132 1809 1218 1839 nullo

309 1858 434 1899 penitus
465 1858 650 1888 reclamante
675 1857 824 1899 magister
851 1858 1006 1888 Henricus
1031 1858 1164 1898 Spronc,
1185 1858 1217 1887 in

303 1907 397 1948 >cujus
407 1907 622 1948 procuratoria
635 1913 702 1937 acta
711 1907 834 1937 fuerunt
847 1907 1055 1947 infrascripta.

351 1957 550 1997 Computavit
569 1956 712 1986 dominus
738 1962 897 1996 receptor,
930 1956 979 1986 cui
1009 1956 1162 1996 expositis
1188 1963 1218 1987 et

309 2006 445 2046 receptis
452 2005 660 2045 compensatis
672 2005 786 2035 mansit
792 2005 881 2035 nacio
893 2004 1066 2046 obligatain
1075 2005 1103 2035 11
1114 2005 1216 2042 libris,

312 2055 415 2086 XVIII
429 2055 539 2085 solidis
552 2061 583 2084 et
593 2053 665 2084 Vlll
678 2054 826 2084 denariis.

349 2104 428 2134 Post
451 2103 729 2144 congregacionem
749 2103 878 2140 dictam,
901 2103 1128 2134 deliberacione
1152 2104 1218 2134 sive

279 2192 281 2194 Ι
308 2153 479 2184 concordia
504 2152 723 2193 magistrorum
751 2162 847 2192 super
874 2152 933 2182 hoc
951 2153 1070 2193 previa,
1093 2153 1219 2184 intravit

308 2202 398 2233 nacio
410 2202 568 2232 tabernam
583 2202 628 2230 ad
639 2201 715 2231 duos
725 2202 846 2241 gladios
859 2201 890 2231 in
902 2202 972 2232 vico
985 2201 1216 2239 Sancfihcobi,

309 2258 342 2282 et
360 2251 403 2282 ibi
425 2251 526 2281 dictus
540 2256 724 2291 procurator
737 2251 959 2290 perpotabatur
973 2251 1005 2280 in
1022 2261 1084 2281 uno
1100 2251 1216 2288 franco,

309 2301 383 2342 quia
399 2299 531 2330 officium
549 2299 761 2339 procuratoris
786 2305 856 2329 ante
875 2298 934 2330 hoc
955 2309 1111 2341 nunquam
1126 2310 1218 2330 exer-

310 2350 409 2381 cebat.

350 2398 426 2430 Item
461 2398 569 2428 eodem
601 2397 651 2427 die
687 2397 781 2427 solvit
812 2397 962 2437 magister
993 2397 1147 2428 Jordanus
1179 2399 1218 2428 de

310 2447 498 2484 Bnerdwiic,
529 2446 606 2476 alias
638 2447 677 2476 de
705 2446 908 2482 Gorincbem,
940 2447 955 2476 1
991 2446 1128 2477 francum
1159 2457 1217 2488 pro

299 2496 442 2538 jocundo
456 2505 514 2526 suo
530 2495 658 2526 introitu
673 2496 705 2525 in
722 2495 852 2535 primam
870 2496 1159 2536 congregacionem.

351 2544 426 2575 ltem
442 2545 520 2575 sacta
548 2544 794 2586 congregacione
822 2544 961 2574 nacionis
980 2545 1148 2584 penultima
1167 2545 1216 2576 die

310 2594 428 2625 mensis
463 2593 647 2624 Decembris
674 2594 755 2634 apud
785 2593 928 2623 Sanctum
954 2593 1108 2624 Julianum
1141 2594 1218 2624 hora

307 2643 476 2684 primarum
498 2642 612 2673 Nostre
630 2642 761 2672 Domine
775 2643 813 2672 ad
832 2642 1079 2682 supplicandum,
1094 2643 1217 2684 suppli-

310 2692 391 2722 cavit
405 2691 554 2732 magister
573 2691 698 2722 Ulricus
718 2691 842 2721 Kellaer
864 2692 902 2721 de
921 2691 1118 2727 Constancia‚
1133 2693 1217 2732 quod

313 2749 382 2771 cum
396 2740 541 2770 continue
551 2749 683 2780 presens
692 2740 725 2770 in
735 2741 838 2771 studio
854 2740 951 2771 fuerat
965 2751 983 2770 a
995 2741 1112 2771 oannis
1127 2741 1215 2778 citra,

309 2794 342 2819 et
357 2798 439 2819 nunc
455 2788 579 2819 noviter
595 2798 676 2819 unus
695 2799 786 2819 casus
807 2789 868 2819 sibi
883 2790 1073 2826 emersisset,
1092 2790 1216 2821 racione

312 2836 399 2878 cujus
415 2843 575 2878 oporteret
590 2847 659 2868 eum
675 2837 833 2878 aliquanto
846 2844 986 2879 tempore
1005 2849 1039 2869 se
1053 2839 1216 2870 absentare

308 2896 329 2916 a
346 2885 419 2917 villa
440 2885 596 2923 Parisius,
614 2896 794 2927 proponens
812 2893 912 2918 tamen
934 2887 1063 2918 firmiter
1084 2894 1217 2928 quanto-

310 2934 409 2965 ciciua
436 2939 543 2974 posset
562 2935 677 2971 redire,
695 2941 846 2975 quatenus
861 2942 1007 2976 quantum
1024 2937 1062 2966 ad
1082 2937 1215 2967 rotulum

306 2982 364 3014 <liu
381 2982 414 3013 in
431 2982 640 3014 Universitate
653 2984 844 3021 ventilatum,
859 2985 886 3015 si
904 2995 1085 3026 processum
1100 2985 1216 3016 habue-

811 457 923 484 LIBER
945 456 1258 484 PROCURATORUM
1284 456 1464 483 NATIONIS
1482 456 1728 483 ANGLICANAE

1255 978 1290 1005 10

1255 1223 1289 1250 15

1254 1714 1288 1741 25

1254 1959 1289 1986 30

1254 2205 1289 2232 35

1254 2451 1289 2478 40

1253 2696 1288 2723 45

1253 2941 1287 2968 50

1397 12 1408 19 β
1459 17 1476 30 ‚1
1512 3 1522 9 '¹
1531 3 1542 14 ··
1549 4 1555 31 ,j
1565 0 1620 27 ἢν
1625 0 1950 33 φζζςφυεῃῆῃψ
1956 0 2080 33 &rm-{w-

2180 460 2235 486 462

1326 532 1378 568 rit,
1392 532 1441 562 vel
1459 539 1604 572 quantum
1623 534 1662 562 ad
1681 533 1773 562 alium
1796 534 1929 563 rotulum
1947 535 2025 564 forte
2047 535 2237 565 concluden-

1326 582 1410 616 dum,
1429 581 1456 610 si
1469 587 1609 621 tempore
1619 582 1763 611 absencie
1775 591 1829 611 sue
1842 592 1952 622 papam
1965 583 2043 612 mori
2057 585 2234 624 contigerit,

1326 636 1471 669 tanquam
1489 640 1620 670 presens
1641 636 1848 670 reputaretur.
1873 631 1960 660 Dixit
1976 638 2088 667 tamen,
2112 633 2139 662 si
2157 644 2237 673 papa

1326 679 1503 714 moriretur,
1521 680 1559 708 de
1571 679 1632 709 situ
1648 689 1703 709 sue
1717 679 1959 719 supplicacionis
1970 681 2001 710 in
2012 681 2113 711 rotulo
2128 692 2160 711 se
2175 693 2236 711 non

1327 737 1446 758 curare.
1480 727 1577 767 Cujus
1609 728 1801 768 supplicacio
1835 730 1892 759 fuit
1926 730 2124 760 concorditer
2159 741 2235 760 con-

1327 787 1426 806 cessa.

1367 826 1487 856 Deinde
1506 826 1693 866 supplicavit
1716 827 1865 867 magister
1888 827 2043 857 Jordanus
2066 829 2104 857 de
2125 828 2235 864 Clivis,

1326 876 1410 914 quod
1427 885 1496 905 cum
1522 875 1610 904 sicud
1634 876 1794 906 audiverat
1811 875 1884 911 dici,
1901 877 1989 906 nacio
2005 876 2133 906 haberet
2146 888 2236 907 unam

1327 924 1446 960 cistam,
1472 934 1533 964 qua
1557 934 1619 954 non
1641 931 1780 955 uteretur
1802 925 1834 954 in
1862 925 1975 955 Sancto
2000 925 2173 962 Bernardo,
2204 933 2238 956 ut

1327 974 1483 1009 credebat,
1501 980 1652 1013 quatenus
1674 974 1796 1004 nacioni
1821 974 1959 1014 placeret
1980 975 2040 1004 sibi
2066 976 2236 1005 concedere

1327 1032 1415 1052 usum
1434 1022 1518 1052 illius
1529 1022 1617 1058 ciste‚
1632 1033 1692 1062 que
1707 1023 1803 1052 eciam
1817 1024 1880 1053 fere
1895 1030 1979 1053 tanto
1992 1029 2131 1063 tempore
2146 1031 2236 1054 stete-

1327 1077 1375 1100 rat
1386 1071 1501 1100 ibidem
1519 1072 1586 1101 sine
1601 1082 1660 1102 usu
1675 1072 1827 1107 nacionis,
1842 1073 1925 1112 quod
1944 1073 2021 1102 forte
2039 1073 2091 1102 alii
2108 1080 2238 1113 possent

1329 1120 1542 1151 verisimiliter
1560 1121 1619 1150 sibi
1634 1121 1715 1150 illam
1737 1121 1892 1151 attrahere
1905 1121 1954 1151 vel
1966 1122 2136 1158 ascribere,
2150 1122 2237 1162 cujus

1327 1169 1518 1209 supplicacio
1538 1170 1594 1200 fuit
1609 1170 1805 1200 concorditer
1819 1180 1980 1206 concessa,
1996 1171 2094 1200 donec
2115 1172 2237 1201 nacioni

1326 1225 1505 1248 occurreret
1526 1219 1702 1259 indigencia
1729 1229 1765 1249 ac
1784 1229 1877 1250 causa
1906 1230 1972 1250 eam
1995 1221 2034 1250 ad
2057 1230 2090 1250 se
2112 1230 2237 1250 reassu-

1326 1268 1441 1297 mendi.

1734 1340 1753 1368 1
1758 1340 1832 1369 375

1367 1415 1442 1444 Item
1464 1415 1504 1444 Χ·
1525 1415 1575 1445 die
1597 1415 1714 1445 mensis
1733 1415 1870 1445 Januarii
1893 1416 1971 1445 sacta
1990 1415 2238 1456 congregacione

1327 1464 1467 1494 nacionis
1494 1464 1526 1494 in
1553 1464 1667 1494 Sancto
1689 1464 1845 1494 Maturino
1867 1466 1905 1494 ad
1926 1465 2102 1505 eligendum
2122 1466 2237 1495 exami-

1326 1519 1451 1543 natores
1475 1514 1748 1543 determinancium
1773 1520 1803 1544 et
1824 1514 2051 1544 baculariorum
2070 1514 2237 1544 licencian-

1326 1563 1435 1592 dorum
1451 1563 1482 1592 in
1498 1562 1610 1592 Sancta
1620 1562 1788 1598 Genoveffl,
1803 1562 1892 1592 electi
1904 1564 2027 1592 suerunt
2036 1563 2067 1592 in
2081 1563 2237 1592 examina-

1326 1618 1410 1642 tores
1425 1611 1700 1642 determinancium
1713 1612 1854 1652 magistri
1866 1611 2026 1642 Marcilius
2041 1613 2079 1641 de
2090 1611 2235 1652 Ynghen,

1326 1661 1481 1691 Jordanus
1499 1662 1537 1690 de
1557 1661 1657 1691 Clivis
1674 1667 1705 1690 et
1722 1660 1903 1691 Gherardus
1926 1661 2050 1691 Calker.
2073 1661 2108 1691 ln
2131 1662 2237 1690 eadem

1325 1720 1401 1740 vero
1423 1709 1668 1750 congregacione
1692 1709 1780 1740 electi
1803 1711 1926 1740 fuerunt
1952 1710 1983 1739 in
2010 1710 2236 1740 examinatores

1326 1758 1588 1789 licenciandorum
1599 1759 1748 1799 magister
1759 1759 1916 1789 Johannes
1931 1759 2052 1789 Stralen
2069 1769 2126 1799 pro
2137 1759 2236 1799 primo

1326 1818 1443 1844 mense,
1458 1814 1488 1838 et
1502 1818 1560 1848 pro
1574 1808 1606 1837 2⁰
1615 1818 1721 1838 mense
1736 1808 1886 1848 magister
1902 1808 2062 1838 Walterus
2079 1808 2235 1844 Venedau‚

1326 1863 1357 1887 et
1373 1867 1431 1898 pro
1443 1858 1475 1887 3⁰
1491 1857 1641 1897 magister
1655 1857 1801 1887 Nicolaus
1813 1857 1914 1887 Suker
1928 1858 1966 1886 de
1985 1857 2140 1887 Haerlem.

1368 1906 1443 1936 Item
1459 1907 1567 1936 eodem
1595 1906 1645 1935 die
1670 1906 1796 1936 intravit
1818 1906 1906 1936 nacio
1928 1907 2086 1936 tabernam
2105 1908 2147 1935 ad
2161 1908 2237 1936 duos

1323 1957 1457 1996 gladios,
1476 1962 1506 1985 et
1525 1956 1567 1985 ibi
1585 1955 1744 1985 solverunt
1763 1955 1904 1995 magistri
1921 1955 2078 1985 Johannes
2097 1956 2134 1985 de
2153 1956 2236 1985 Stra—

1326 2005 1377 2035 len
1398 2007 1413 2035 1
1432 2005 1580 2040 francum,
1595 2004 1756 2035 Walterus
1775 2004 1920 2034 Venedau
1938 2005 1953 2033 1
1977 2005 2125 2040 francum,
2142 2005 2236 2035 Nico-

1326 2054 1394 2084 laus
1410 2054 1511 2084 Suker
1527 2055 1565 2084 de
1581 2053 1725 2083 Haerlem
1741 2053 1813 2083 Vlll
1831 2053 1961 2089 solidos,
1976 2053 2093 2084 Hector
2103 2054 2141 2083 de
2156 2054 2236 2084 Hus-

1327 2103 1436 2142 [sen]1
1454 2104 1602 2139 francum,
1618 2113 1677 2142 pro
1695 2112 1751 2132 suo
1760 2101 1898 2142 jocundo
1916 2103 2043 2132 introitu
2059 2102 2091 2132 in
2107 2103 2235 2142 primam

1328 2152 1617 2193 congregacionem,
1633 2151 1788 2182 Jordanus
1805 2152 1842 2181 de
1854 2152 2030 2182 Baerdwiic
2043 2152 2118 2182 alias
2133 2153 2236 2182 dictus

1328 2202 1366 2231 de
1384 2201 1538 2231 Goerkem
1565 2203 1579 2230 1
1597 2201 1733 2230 francum
1750 2210 1845 2241 super
1862 2201 2077 2241 procurator-ia
2094 2201 2236 2241 proxime

1326 2256 1465 2281 ventura.
1483 2250 1524 2280 Et
1540 2250 1598 2280 hoc
1613 2250 1696 2286 fecit,
1715 2250 1786 2290 quia
1804 2250 1944 2290 magistri
1962 2250 2101 2280 nacionis
2114 2250 2236 2290 suppli-

1326 2305 1446 2330 carunt-

1732 2392 1830 2422 13⁷5

1368 2463 1441 2504 (Fol.
1462 2463 1508 2505 44)
1534 2462 1803 2494 Procuratoria
1831 2463 2004 2503 magistri
2037 2463 2194 2493 Jordani

1619 2513 1664 2543 de
1696 2511 1957 2542 Ghorinchem.

1365 2594 1456 2624 Anno
1474 2594 1600 2624 Domini
1616 2593 1647 2624 M
1663 2593 1758 2624 000ο
1772 2593 1929 2629 LXXllll‚
1946 2592 2032 2623 Xlll·
2050 2593 2100 2622 die
2118 2593 2233 2623 mensis

1324 2643 1474 2679 Januarii,
1507 2644 1585 2673 facta
1612 2643 1858 2683 congregacione
1889 2642 2029 2671 nacionis
2062 2642 2233 2682 Anglicane

1324 2693 1406 2732 apud
1428 2692 1573 2722 Sanctum
1601 2691 1755 2722 Julianum
1777 2692 1815 2720 ad
1844 2691 2028 2721 audiendum
2055 2697 2231 2730 computum

1324 2741 1497 2781 receptoris
1520 2747 1551 2770 et
1575 2741 1612 2770 ad
1639 2740 1814 2781 eligendum
1843 2746 2087 2779 procuratorem,
2117 2739 2233 2769 electus

1325 2790 1381 2820 suit
1420 2790 1452 2819 in
1494 2796 1725 2830 procuratorem
1766 2789 1850 2819 nullo
1888 2787 2012 2828 penitus
2049 2788 2233 2818 reclamante

1325 2839 1473 2879 magister
1482 2839 1637 2869 Jordanus
1647 2839 1685 2868 de
1700 2837 1920 2868 Ghorinchem.
1935 2836 1969 2866 ln
1983 2835 2071 2877 cujus
2083 2846 2233 2877 procura-

1325 2888 1404 2918 toria
1421 2894 1487 2917 acta
1503 2888 1626 2917 suerunt
1641 2887 1848 2926 infrascripta.

1365 2936 1471 2967 Primo
1500 2942 1530 2966 et
1553 2936 1608 2975 [in]
1635 2937 1740 2966 eadem
1768 2933 2016 2975 congregacione
2041 2934 2154 2965 dilatus
2176 2934 2233 2964 suit

1325 2991 1489 3026 computus
1505 2985 1677 3025 receptoria
1695 2995 1731 3014 ex
1747 2984 1902 3014 voluntate
1918 2983 2070 3014 nacionis.

2088 0 2260 23 *ffirssfw'p'jss'w
2273 0 2283 6 ν
2293 0 2422 13 -x-'wffi'f'ss
2439 0 2447 7 ,ν
2472 0 2474 2 .
