2632 3464
289 417 341 444 169

331 494 407 523 Item
447 493 627 523 licenciatus
664 492 720 522 fuit
761 491 904 521 dominus
949 490 1120 520 Gobelinus
1163 490 1201 519 de

290 543 431 583 Kempen
459 543 518 572 sub
550 541 698 582 magistro
723 540 853 571 Alberto
874 541 913 570 de
938 539 1084 575 Saxonia,
1114 538 1201 579 cujus

289 593 388 622 bursa
405 591 512 621 nichil.

331 641 407 671 Item
451 640 631 671 licenciatus
670 639 727 670 fuit
761 638 905 668 dominus
938 637 1126 668 Wilhelmus
1164 638 1202 667 de

290 689 488 720 Cheshelme⁴
501 690 558 719 sub
570 688 721 729 magistro
728 687 854 718 Galtero
864 688 903 717 de
911 687 1104 723 Wardelaw,
1115 685 1202 727 cujus

288 740 385 769 bursa
400 739 427 768 V
441 739 499 769 sol.

330 788 405 818 Item
428 789 506 818 facta
522 786 766 827 congregatione
789 785 930 816 nacionis
950 786 1032 825 apud
1057 785 1202 815 Sanctum

290 837 477 867 Maturinum
506 836 538 866 in
561 836 611 866 die
637 836 736 865 sancti
759 833 880 870 Petri²,
905 835 994 864 electi
1026 835 1149 864 fuerunt
1170 834 1202 863 in

289 886 514 916 examinatores
539 884 814 915 determinancium
839 884 923 914 illius
948 883 1021 913 anni
1054 883 1202 924 magister

288 935 475 975 Wyskinus,
487 934 636 975 magister
650 934 664 963 J
669 933 807 963 ohannes
821 934 858 962 de
870 933 970 973 Aquis
982 943 1041 963 una
1051 943 1119 963 cum
1129 943 1202 972 pro-

291 990 432 1014 curatore
453 990 526 1013 tunc
538 982 700 1023 temporis.

331 1033 406 1063 Item
425 1033 503 1062 sacta
521 1031 769 1072 congregacione
792 1031 932 1061 nacionis
950 1032 1032 1071 apud
1056 1031 1200 1061 Sanctum

289 1082 488 1117 Maturinum,
514 1081 631 1121 placuit
652 1081 774 1110 nacioni
798 1087 832 1110 ut
853 1081 1095 1110 determinantes
1117 1080 1201 1110 illius

289 1131 360 1161 anni
387 1131 440 1171 qui
458 1129 634 1170 juramento
657 1130 706 1159 vel
733 1130 912 1159 testimonio
941 1130 1090 1160 docerent
1116 1129 1201 1159 suffi-

289 1181 407 1210 cienter
428 1190 462 1210 se
483 1180 515 1209 in
535 1178 672 1219 presenti
690 1189 754 1208 non
770 1179 884 1208 habere
905 1179 1101 1219 peccuniam,
1119 1179 1201 1209 obli-

289 1235 399 1270 garent
410 1228 564 1269 receptori
580 1229 661 1258 bona
677 1228 821 1268 pignora,
840 1229 953 1268 quibus
966 1228 1055 1258 nacio
1070 1229 1109 1257 de
1126 1238 1201 1268 pre-

290 1278 369 1308 dicta
387 1277 548 1318 peccunia,
564 1278 688 1317 quando
703 1277 884 1317 indiguerit,
900 1283 1008 1317 posset
1023 1288 1056 1307 se
1067 1277 1198 1307 munire.

331 1354 400 1384 Isti
430 1361 516 1384 sunt
543 1354 839 1383 determinantes
869 1354 982 1383 istius
1013 1354 1113 1383 anni.

332 1426 437 1456 Primo
453 1425 670 1455 determinavit
683 1425 826 1454 dominus
836 1425 995 1454 Johannes
1006 1426 1044 1455 de
1056 1425 1200 1455 Velstede

290 1476 349 1505 sub
362 1475 512 1515 magistro
525 1473 681 1514 Eglingho
699 1474 783 1503 dicto
797 1473 872 1509 Bos,
891 1473 979 1514 cujus
994 1475 1088 1504 bursa
1104 1476 1121 1504 5
1140 1475 1198 1504 sol.

331 1524 407 1554 Item
444 1523 588 1553 dominus
625 1523 759 1552 Thomas
791 1523 918 1553 Kolarst
956 1524 1013 1552 sub
1051 1524 1200 1564 magistro

287 1573 445 1603 Themone
461 1573 564 1607 Judei,
584 1571 672 1612 cujus
688 1573 785 1603 bursa
800 1573 818 1602 5
833 1572 937 1602 solidi.

329 1622 404 1652 Item
422 1621 565 1651 dominus
583 1621 729 1651 Nicolaus
751 1621 949 1662 Hemminghi
972 1622 1010 1651 de
1033 1621 1127 1651 Dacia
1143 1623 1200 1652 sub

289 1671 438 1711 magistro
456 1670 613 1700 Themone
628 1670 730 1705 Judei,
748 1669 835 1710 cujus
850 1671 943 1700 bursa
962 1672 980 1700 5
998 1671 1102 1700 solidi.

329 1720 404 1750 Item
419 1720 562 1749 dominus
578 1720 652 1749 Otto
672 1719 755 1749 Punt
779 1720 818 1748 de
840 1719 1008 1750 Daventria
1024 1721 1082 1750 sub
1102 1721 1201 1762 magi-

289 1776 355 1800 stro
368 1769 496 1799 Alberto
512 1769 551 1798 de
567 1768 711 1803 Sinonia,
728 1767 815 1808 cujus
828 1769 924 1798 bursa
938 1770 956 1798 5
976 1769 1079 1799 solidi.

329 1818 405 1848 Item
439 1818 582 1848 dominus
622 1817 782 1847 Arnoldus
825 1818 863 1847 de
906 1818 1060 1848 Essendia
1099 1819 1200 1849 dictus

288 1868 470 1908 Aldendorp
484 1868 541 1897 sub
557 1867 706 1907 magistro
721 1866 879 1896 Themone
890 1867 905 1896 J
910 1867 993 1903 udei,
1006 1867 1094 1908 cujus
1106 1869 1201 1899 bursa

290 1917 395 1947 nichil.

330 1966 406 1997 Item
434 1965 578 1995 dominus
606 1965 765 1995 Arnoldus
799 1966 837 1995 de
866 1965 966 1995 Clivis
994 1966 1095 1996 dictus
1125 1966 1201 1997 Coei

289 2015 438 2055 magistro
463 2014 645 2044 Eadmundo
675 2014 805 2044 Oxoniis
843 2015 1006 2054 respondit
1031 2016 1198 2055 questioni,

289 2075 381 2105 quam
401 2064 638 2103 responsionem
658 2064 799 2103 magistri
825 2064 966 2094 nacionis
989 2074 1054 2100 sue,
1082 2065 1202 2095 scilicet

289 2113 471 2154 Angiicaue,
491 2112 631 2143 Parisios
645 2113 910 2153 approbaverunt,
927 2114 981 2153 qui
999 2120 1029 2144 et
1042 2115 1199 2144 residuum

288 2169 409 2193 actuum
433 2162 704 2191 determinacionis
731 2171 785 2192 sue
809 2162 847 2192 de
878 2172 1034 2193 consensu
1061 2163 1200 2194 nacionis

288 2211 454 2252 complevit
466 2211 607 2241 Parisios
617 2211 676 2241 sub
688 2211 836 2251 magistro
847 2211 862 2241 J
866 2211 987 2242 ohanne
998 2212 1036 2242 de
1047 2211 1198 2249 Wesalia,

288 2260 376 2301 cujus
390 2261 486 2290 bursa
499 2261 519 2290 6
535 2260 640 2290 solidi.

329 2309 404 2340 Item
433 2309 577 2339 dominus
609 2309 766 2339 Rohertus
803 2309 964 2350 Monipeni
997 2310 1110 2340 Scotus
1141 2312 1199 2341 sub

289 2358 438 2399 magistro
451 2358 578 2388 Galtero
591 2359 628 2388 de
648 2357 840 2394 Wardelaw‚
855 2357 942 2399 cujus
962 2359 1056 2389 bursa
1071 2361 1089 2389 4
1107 2360 1200 2390 solidi

289 2418 358 2438 cum
373 2407 513 2437 dimidio.

330 2456 405 2487 Item
438 2457 582 2486 dominus
608 2456 802 2486 Wishelmus
830 2457 869 2486 de
903 2457 1112 2487 Cheshelme⁸
1142 2459 1200 2488 sub

289 2506 438 2546 magistro
457 2505 584 2535 Galtero
605 2506 643 2535 de
667 2505 860 2542 Wardelaw‚
882 2505 970 2547 cujus
991 2507 1084 2536 bursa
1102 2509 1120 2537 5
1139 2507 1198 2537 sol.

331 2554 406 2584 Item
433 2554 577 2584 dominus
607 2554 796 2585 Wilhelmus
820 2555 858 2585 de
889 2555 1108 2596 Dalghernoch
1142 2557 1200 2586 sub

290 2603 439 2644 magistro
461 2603 587 2634 Galtero
608 2604 646 2634 de
666 2603 862 2640 Wardelaw‚
885 2603 972 2643 cuius
993 2605 1087 2635 bursa
1106 2607 1124 2636 5
1140 2605 1199 2635 sol.

331 2652 407 2683 Item
426 2653 569 2683 dominus
586 2652 744 2683 Johannes
764 2653 925 2683 Wilhelmi
938 2653 950 2672 ⁴
974 2655 1031 2684 sub
1053 2655 1200 2695 magistro

290 2701 418 2732 Alberto
433 2702 472 2731 de
491 2701 638 2738 Saxonis,
656 2701 744 2742 cujus
763 2703 858 2733 bursa
873 2704 891 2733 5
909 2703 1012 2733 solidi.

330 2750 406 2781 Item
428 2750 572 2781 dominus
593 2750 750 2782 Johannes
771 2751 849 2782 Uter
867 2752 952 2792 Spiic
974 2753 1032 2782 sub
1053 2753 1201 2793 magistro

290 2799 419 2830 Alberto
437 2800 475 2829 de
490 2799 636 2836 Saxonis,
653 2799 741 2840 cujus
757 2801 851 2831 bursa
865 2802 882 2831 5
901 2801 1004 2831 solidi.

323 2875 344 2899 I.
377 2874 428 2899 Sed
440 2874 523 2906 fnsm,
536 2874 582 2899 lin.
596 2875 635 2904 41,
652 2878 680 2899 ue
692 2876 868 2901 determinari·
883 2877 1001 2909 affertur.

321 2910 345 2934 2.
377 2910 407 2934 In
417 2909 551 2939 cael-edm.
565 2911 596 2935 22
607 2911 750 2936 Februarii.

322 2946 347 2970 3.
380 2946 427 2970 Μ’.
444 2945 599 2970 the-belm.

790 416 905 442 LIBER
930 414 1244 442 PROCURATORUM
1268 414 1451 442 NATIONIS
1472 414 1718 441 ANGLICANAE

1257 691 1274 717 5

1239 937 1273 963 10

1239 1183 1272 1209 15

1238 1429 1272 1454 20

1238 1674 1272 1700 25

1237 1921 1272 1947 30

1237 2166 1272 2193 35

1237 2413 1271 2439 40

1238 2658 1272 2684 45

2169 417 2220 442 170

1350 490 1423 531 (Fal.
1440 493 1476 521 21
1492 490 1516 531 1>)
1536 491 1611 520 Item
1627 491 1843 522 determinavit
1858 493 2001 522 dominus
2011 493 2167 523 Johannes
2182 495 2220 524 de

1310 539 1459 569 Bohemia
1477 541 1536 569 sub
1555 540 1704 580 magistro
1724 541 1901 570 Hermanno
1922 542 1960 571 de
1978 542 2109 578 Rotwil,
2133 542 2220 582 cujus

1311 589 1405 618 bursa
1418 589 1525 619 nichil.

1354 637 1430 668 Item
1446 638 1662 668 determinavit
1677 639 1734 668 sub
1749 639 1858 668 eodem
1874 640 2023 680 magistro
2043 640 2220 670 Hermanno

1314 687 1459 717 dominus
1477 688 1642 718 Conradus
1657 688 1695 717 de
1711 687 1841 723 Rotwil,
1857 687 1944 728 cujus
1962 690 2056 719 bursa
2072 690 2178 718 nichil.

1353 737 1427 766 Item
1457 736 1673 766 determinavit
1705 737 1848 766 dominus
1877 737 2010 767 Mathias
2044 739 2081 767 de
2110 739 2221 768 Lincze

1313 786 1370 816 sub
1388 786 1538 826 magistro
1553 785 1693 815 Johanne
1710 787 1749 815 de
1765 786 1881 826 Aquis,
1902 786 1989 827 cujus
2004 788 2099 817 bursa
2114 788 2218 817 nichil.

1351 835 1427 864 Item
1458 835 1601 864 dominus
1635 835 1790 874 Nycolaus
1819 836 1856 865 de
1883 835 2133 866 Almenkerken⁵
2163 838 2220 867 sub

1312 885 1431 920 eodem,
1449 883 1536 924 cujus
1551 885 1645 914 bursa
1660 884 1767 914 nichil.

1351 933 1426 963 Item
1442 934 1585 963 dominus
1607 933 1788 964 Gherardus
1799 934 1837 963 de
1854 933 2031 974 Ratinghen
2049 936 2106 964 sub
2128 936 2221 976 magi-

1312 989 1378 1013 stro
1395 982 1552 1012 Themone
1564 983 1675 1018 Judeo,
1696 981 1784 1023 cujus
1799 983 1894 1013 bursa
1908 983 2016 1013 nichil.

1354 1032 1428 1061 Item
1455 1032 1598 1061 dominus
1625 1031 1780 1061 Henricus
1808 1033 1847 1062 de
1876 1032 2132 1062 Almenkerken⁵
2164 1035 2221 1063 sub

1311 1082 1461 1121 magistro
1473 1081 1631 1111 Johannes
1644 1081 1682 1111 de
1698 1081 1809 1121 Aquis,
1828 1080 1915 1121 cujus
1930 1082 2025 1111 bursa
2039 1082 2058 1111 4
2073 1083 2131 1112 sol.

1331 1160 1333 1162 ,
1351 1130 1426 1160 Item
1449 1130 1666 1160 determinavit
1687 1130 1831 1160 dominus
1856 1131 2020 1170 Adolphus
2043 1132 2081 1161 de
2102 1132 2222 1162 Werda

1311 1181 1368 1209 sub
1388 1180 1536 1219 magistro
1559 1179 1716 1209 Themone
1739 1179 1841 1223 Judei,
1863 1179 1951 1220 cujus
1972 1181 2067 1210 bursa
2086 1182 2105 1210 3
2128 1182 2220 1211 solidi

1309 1239 1378 1259 cum
1393 1229 1530 1258 dimidio.

1350 1278 1425 1308 Item
1456 1277 1672 1308 determinavit
1702 1278 1847 1308 dominus
1877 1278 2033 1309 Henricus
2063 1280 2102 1309 de
2133 1279 2221 1310 Goch

1311 1329 1368 1357 sub
1387 1327 1535 1367 magistro
1556 1327 1696 1357 Johanne
1715 1328 1753 1356 de
1770 1327 1881 1367 Aquis,
1901 1326 1990 1368 cujus
2010 1329 2107 1358 bursa
2122 1329 2142 1358 4
2160 1329 2217 1359 sol.

1351 1377 1426 1406 Item
1447 1376 1664 1406 determinavit
1680 1377 1823 1406 dominus
1841 1377 1975 1407 Jacobus
1995 1378 2033 1407 de
2052 1377 2139 1407 Goch
2162 1380 2220 1408 sub

1309 1427 1417 1456 eodem
1435 1426 1585 1466 magistro
1602 1425 1742 1455 Johanne
1757 1426 1795 1455 de
1814 1425 1925 1465 Aquis,
1943 1426 2031 1467 cujus
2046 1428 2142 1457 bursa
2156 1429 2174 1457 4
2192 1438 2219 1458 s.

1350 1475 1426 1505 Item
1446 1474 1662 1504 determinavit
1685 1475 1828 1504 dominus
1857 1475 2015 1505 Johannes
2045 1477 2084 1506 de
2111 1476 2222 1507 Sittart

1311 1525 1369 1554 sub
1385 1524 1534 1564 magistro
1546 1523 1675 1554 Alberto
1693 1524 1731 1553 de
1748 1524 1882 1553 Saxonia
1898 1523 1987 1564 cujus
2003 1526 2098 1555 bursa
2110 1526 2217 1562 nichil,

1310 1575 1365 1604 sed
1370 1573 1486 1613 juravit
1501 1573 1585 1613 quod
1599 1573 1626 1603 si
1637 1573 1717 1602 infra
1731 1583 1824 1603 unum
1835 1583 1947 1603 annum
1959 1584 2093 1614 unquam
2107 1575 2220 1605 habere

1309 1629 1429 1663 posset,
1450 1622 1586 1652 solveret
1602 1621 1735 1652 nacioni.

1350 1672 1426 1702 Item
1455 1672 1598 1701 dominus
1626 1672 1790 1701 Conradus
1812 1672 1850 1701 de
1878 1672 1964 1702 Goch
1988 1674 2045 1702 sub
2070 1673 2220 1713 magistro

1309 1721 1448 1752 Johanne
1464 1721 1502 1750 de
1519 1719 1631 1760 Aquis,
1651 1719 1737 1760 cujus
1754 1722 1848 1751 bursa
1865 1721 1970 1751 nichil.

1350 1771 1426 1800 Item
1445 1770 1590 1799 dominus
1609 1771 1759 1799 Ernestus
1780 1771 1818 1800 de
1837 1770 1974 1800 Wulven
1993 1772 2050 1800 sub
2071 1772 2220 1812 magistro

1308 1820 1449 1850 Johanne
1464 1819 1502 1848 de
1518 1818 1667 1855 Lovanio,
1687 1818 1774 1859 cujus
1791 1820 1883 1849 bursa
1897 1819 2004 1850 nichil.

1350 1869 1426 1899 Item
1456 1868 1600 1898 dominus
1628 1868 1795 1898 Bertoldus
1827 1869 2022 1908 apotecarius
2053 1870 2091 1899 de
2120 1870 2220 1900 Stetin

1310 1919 1367 1948 sub
1389 1918 1539 1958 magistro
1559 1917 1707 1947 VViskino
1727 1917 1865 1954 Venslai,
1887 1917 1974 1958 cujus
1996 1919 2091 1948 bursa
2116 1919 2135 1948 4
2159 1919 2218 1949 sol.

1351 1968 1426 1997 Item
1451 1967 1595 1996 dominus
1621 1967 1817 1996 Hermannus
1843 1967 1961 1997 Consul
1985 1968 2043 1998 sub
2070 1968 2220 2009 magistro

1308 2016 1466 2056 Wyskino
1482 2015 1619 2051 Venslai,
1639 2015 1726 2056 cujus
1745 2017 1839 2046 bursa
1856 2017 1874 2046 4
1893 2016 1996 2046 solidi.

1350 2066 1426 2096 Item
1445 2065 1625 2094 licenciatus
1647 2066 1704 2095 suit
1721 2065 1865 2095 dominus
1885 2065 2042 2096 Johannes
2058 2066 2219 2096 Vastrardi

1309 2115 1347 2144 de
1376 2113 1543 2154 Waspiic⁶
1574 2115 1631 2144 sub
1662 2114 1812 2155 magistro
1844 2114 1974 2144 Alberto
2006 2116 2043 2145 de
2073 2116 2218 2152 Saxonia,

1309 2163 1396 2204 cujus
1411 2165 1506 2193 bursa
1518 2163 1624 2193 nichil.

1349 2213 1424 2243 ltem
1450 2214 1527 2242 sacta
1551 2213 1799 2252 congregacione
1825 2213 1964 2243 nacionis
1984 2215 2021 2243 ad
2040 2214 2220 2254 supplican-

1308 2263 1379 2292 dum
1397 2263 1479 2302 apud
1491 2261 1635 2291 Sanctum
1654 2262 1853 2297 Maturinum,
1873 2262 2061 2302 supplicavit
2076 2264 2220 2293 dominus

1307 2311 1464 2342 Johannes
1479 2312 1517 2340 de
1531 2311 1719 2341 Constancia
1732 2321 1788 2351 pro
1801 2311 1934 2341 induciis
1951 2313 2124 2347 bursarum,
2142 2323 2219 2352 quas

1307 2361 1435 2390 deberet
1445 2370 1503 2400 pro
1513 2360 1705 2400 incepcione,
1715 2361 1764 2390 cui
1777 2370 1925 2390 concesse
1939 2361 2061 2390 suerunt
2072 2361 2194 2390 inducie
2203 2371 2221 2391 a

1309 2410 1387 2440 festo
1404 2409 1523 2439 Pasche
1536 2409 1680 2449 proximo
1693 2410 1731 2438 ad
1747 2410 1920 2449 proximum
1936 2410 2055 2439 Pascha
2072 2420 2218 2450 sequens.

1308 2459 1361 2499 qui
1375 2458 1490 2498 juravit
1507 2458 1539 2487 in
1559 2458 1723 2498 presencia
1739 2458 1881 2488 nacionis
1899 2459 2024 2494 ibidem,
2040 2460 2122 2498 quod
2141 2459 2220 2489 infra

1308 2514 1430 2547 tempus
1451 2507 1527 2537 illud
1547 2508 1659 2538 bursas
1680 2507 1748 2537 illas
1767 2507 1914 2543 solveret,
1938 2518 1993 2537 nec
2013 2514 2082 2537 ante
2097 2508 2186 2548 prius
2203 2519 2220 2538 a

1309 2556 1451 2587 Parisius
1475 2557 1645 2592 recederet,
1667 2556 1728 2587 nisi
1752 2557 1937 2586 satisfecerit
1956 2557 2044 2596 prius
2064 2557 2219 2597 receptori

1309 2606 1450 2636 nacionis
1470 2606 1507 2636 de
1524 2606 1628 2636 bursis
1641 2616 1709 2636 cum
1726 2612 1867 2646 prompta
1884 2606 2032 2646 peccunia
2045 2606 2095 2636 vel
2112 2606 2220 2647 pigne·

1309 2655 1408 2685 ribus.

1339 2879 1363 2902 4.
1396 2879 1425 2902 ln
1438 2877 1554 2909 margine
1569 2877 1718 2909 Tri-jectum
1733 2877 1866 2909 nuperius.

1339 2916 1363 2938 5.
1396 2914 1527 2945 Περαίων
1539 2922 1570 2937 ea
1583 2922 1632 2936 ναι·
1649 2914 1674 2936 in
1686 2913 1810 2946 margine.

1337 2951 1362 2974 6.
1396 2949 1426 2973 ld
1435 2957 1524 2973 nomen
1534 2949 1657 2981 repetitur
1669 2949 1694 2972 in
1706 2948 1827 2982 margine.
