2632 3464
422 422 456 448 83

417 498 469 527 XL
484 498 602 527 solidos
619 507 675 536 pro
692 496 787 526 scolis
802 495 944 536 magistri
959 496 1109 525 Johannis
1124 496 1161 524 de
1177 495 1327 529 Wesalia,

416 554 446 576 et
468 548 572 576 decem
596 546 730 575 florenos
753 546 791 575 de
815 545 976 574 Florencia
995 545 1162 573 mittendos
1181 544 1328 583 magistro

417 596 596 626 Christiano
616 596 654 624 de
674 595 758 630 Etsi,
779 594 891 623 nuncio
909 600 981 623 tunc
1000 593 1148 632 temporis
1166 592 1330 622 Universi-

418 645 500 680 tatis,
534 645 571 674 de
605 645 699 674 bursa
730 654 786 673 sua
814 643 954 683 propria,
983 643 1054 681 quia
1084 649 1156 671 tunc
1188 652 1250 670 non
1275 641 1332 670 fuit

419 694 550 734 pecunia
576 694 608 723 in
636 693 782 728 nacione,
812 692 953 732 quamvis
977 691 1090 721 fuerint
1116 691 1222 725 vadia,
1252 700 1331 729 quos

419 743 575 783 reciperet
596 744 634 772 de
655 742 765 782 primis
783 741 955 780 incepturis
976 740 1025 776 vel
1051 739 1271 768 licenciaturis.
1293 738 1332 767 Et

418 792 488 821 ideo
522 793 560 821 ad
593 797 768 831 requestam
801 790 873 819 dicti
905 789 1077 828 receptoris
1110 789 1246 828 positum
1277 788 1333 817 fuit

417 850 475 880 per
492 847 724 880 procuratorem
745 839 775 867 in
794 838 1023 867 deliberacione
1041 844 1144 867 utrum
1162 834 1331 876 expediens

419 897 513 925 esset,
534 891 616 929 quod
630 900 698 918 cum
715 889 798 917 nullo
814 888 1014 916 licenciaturo
1029 887 1078 916 vel
1092 887 1254 925 incepturo
1265 886 1333 915 dis-

418 945 601 978 pensaretur
633 947 727 976 super
758 937 915 965 delacione
946 935 1139 965 solucionum
1169 937 1332 964 bursarum

421 998 561 1022 suarum,
585 996 747 1026 quousque
766 985 959 1025 persolutum
981 991 1065 1014 esset
1089 985 1244 1023 receptori
1265 994 1333 1023 pre-

422 1038 505 1066 dicto
526 1038 563 1066 de
587 1035 798 1065 solucionibus
820 1034 982 1074 predictis.
1003 1034 1042 1063 Et
1059 1033 1261 1062 deliberatum
1280 1033 1335 1062 suit

423 1097 480 1126 per
495 1085 636 1126 singulos
652 1084 818 1124 magistros
834 1084 948 1112 ibidem
965 1083 1133 1112 existentes
1147 1089 1176 1111 et
1192 1092 1248 1121 per
1262 1092 1333 1121 pro-

423 1142 595 1165 curatorem
618 1133 809 1167 conclusum,
832 1133 914 1172 quod
937 1142 1006 1161 cum
1031 1131 1116 1161 nullo
1137 1138 1220 1161 esset
1241 1141 1334 1170 expe-

424 1185 512 1213 diens
531 1184 725 1223 dispensare‚
744 1192 906 1222 quousque
925 1181 1116 1221 persolutum
1135 1187 1218 1210 esset
1235 1181 1334 1210 eidem

422 1233 588 1272 receptori,
607 1238 637 1261 et
652 1231 849 1261 concorditer
864 1231 1049 1260 ordinatum.

464 1283 539 1311 Item
566 1282 747 1311 licenciatus
774 1281 830 1310 suit
852 1280 995 1309 dominus
1020 1280 1177 1309 Johannes
1201 1280 1238 1308 de
1266 1279 1335 1308 Fri-

423 1333 523 1371 burgo
542 1330 721 1360 Allemanus
737 1331 794 1359 sub
811 1330 960 1369 magistro
974 1329 1114 1358 Johanne
1131 1329 1168 1357 de
1182 1327 1333 1363 Wesalia,

420 1380 507 1420 eujus
526 1382 619 1409 bursa
637 1379 743 1408 nichil.

834 1473 852 1500 1
857 1472 932 1501 345

454 1546 611 1585 Tempus
644 1544 932 1583 procuracionis
962 1543 1134 1582 magistri
1163 1542 1307 1571 Galteri

724 1594 766 1622 de
800 1594 878 1622 Dun
915 1593 1032 1622 Scoti.

725 1655 737 1666 ο
829 1654 841 1665 0

465 1675 556 1705 Anno
573 1675 696 1704 Domini
717 1675 746 1703 Μ
765 1674 845 1703 CCC
866 1653 957 1707 XLQ,
974 1673 1072 1712 prima
1089 1672 1138 1701 die
1154 1672 1249 1707 Junii,
1267 1682 1337 1701 con-

425 1731 533 1754 vocata
559 1724 687 1753 nacione
714 1723 886 1763 Anglicana
908 1724 988 1762 apud
1016 1722 1160 1751 Sanctum
1184 1721 1337 1751 Julianum

426 1786 593 1816 pauperem
605 1776 642 1803 ad
657 1775 832 1814 eligendum
844 1780 1077 1814 procuratorem
1091 1773 1172 1802 dicte
1185 1772 1336 1807 nacionis,

427 1825 542 1854 electus
569 1825 625 1853 fuit
652 1824 799 1863 magister
827 1824 971 1853 Galterus
1002 1824 1038 1852 de
1069 1823 1140 1851 Dun
1167 1822 1278 1851 Scotus
1307 1821 1338 1850 in

422 1880 656 1914 procuratorem
676 1873 759 1902 nullo
778 1873 1024 1907 contradicente,
1042 1872 1073 1900 in
1090 1871 1177 1911 cujus
1192 1881 1339 1910 procura-

428 1923 516 1952 cione
532 1929 597 1951 acta
614 1923 737 1951 fuerunt
751 1922 806 1951 hec
822 1931 881 1961 que
898 1927 1059 1960 sequntur.

467 1973 572 2002 Primo
603 1971 782 2000 licenciatus
805 1971 861 2000 suit
889 1971 970 2010 apud
996 1970 1137 1999 Sanctam
1161 1970 1339 1998 Genofefam

428 2022 571 2051 dominus
589 2020 747 2050 Arnoldus
761 2021 798 2049 de
824 2019 981 2049 Gruthus⁴
1002 2020 1059 2048 sub
1077 2019 1226 2058 magistro
1242 2018 1341 2047 Theo·

426 2071 533 2100 dorico
555 2070 683 2104 Brinen,
705 2076 776 2098 tunc
800 2069 948 2108 temporis
971 2069 1052 2097 dicte
1073 2068 1213 2097 nacionis
1231 2077 1341 2106 recep-

428 2127 506 2155 tore,
522 2118 609 2158 cujus
626 2120 718 2147 bursa
732 2118 758 2146 V
771 2118 874 2148 solidi.

470 2168 567 2198 ltem²
592 2169 707 2207 incepit
722 2168 868 2196 dominus
888 2167 1077 2196 Laurencius
1093 2167 1131 2195 de
1151 2166 1271 2195 Sweeia
1284 2166 1342 2195 sub

433 2218 582 2258 magistro
599 2217 755 2256 Halquino
771 2218 808 2246 de
825 2217 956 2251 Sweeia,
971 2215 1058 2255 cujus
1072 2217 1167 2244 bursa
1178 2215 1219 2244 VI
1236 2214 1340 2244 solidi.

470 2269 544 2297 ltem
575 2267 718 2296 dominus
749 2266 906 2295 Johannes
939 2267 977 2294 de
1011 2265 1123 2294 Purcia
1157 2264 1344 2304 supplicavit

427 2316 560 2351 nacioni‚
584 2326 651 2344 cum
675 2315 742 2354 ipse
762 2315 838 2344 alias
862 2315 962 2344 suerat
983 2314 1160 2354 obbligatus
1182 2324 1237 2353 per
1255 2312 1343 2353 jura-

430 2372 563 2394 mentum
596 2375 683 2393 suum
716 2371 745 2393 et
783 2365 840 2393 sub
879 2373 957 2403 pena
989 2363 1181 2403 privacionis
1215 2373 1231 2391 a
1262 2363 1345 2392 dicta

434 2415 578 2448 nacione,
600 2414 682 2453 quod
703 2414 781 2442 infra
798 2420 913 2442 certum
937 2412 1099 2442 terminum
1119 2412 1199 2441 dicte
1222 2411 1343 2441 nacioni

432 2465 577 2494 redderet
597 2463 695 2492 XLIX
714 2462 832 2491 solidos
848 2462 1028 2501 parisiens.‚
1045 2461 1076 2490 in
1090 2461 1203 2500 quibus
1221 2461 1343 2490 teneba-

432 2521 482 2543 tur
503 2523 561 2552 pro
586 2512 691 2541 bursis
716 2511 781 2541 suis
803 2511 834 2540 in
857 2518 996 2550 tempore
1022 2510 1151 2539 licencie
1171 2520 1237 2545 sue,
1260 2515 1290 2538 et
1312 2509 1343 2538 in

434 2562 592 2592 solucione
604 2562 758 2590 defecerat
770 2561 901 2590 termino
914 2560 1055 2599 predicto
1069 2559 1261 2594 adveniente,
1271 2568 1341 2598 pre-

431 2618 571 2651 terquam
594 2611 677 2650 quod
702 2620 794 2639 unum
817 2616 936 2638 scutum
962 2609 1088 2638 miserat
1107 2608 1240 2643 nacioni,
1260 2608 1343 2647 quod

436 2661 553 2699 recepit
571 2660 718 2699 magister
736 2659 880 2688 Galterus
897 2659 935 2687 de
954 2658 1104 2687 Wardlau
1125 2669 1131 2686 ι
1153 2658 1235 2696 quod
1255 2657 1343 2685 nacio

434 2711 534 2749 ipsum
547 2709 679 2748 quitaret
693 2709 730 2737 de
746 2708 890 2737 omnibus
903 2718 962 2747 que
976 2718 1049 2746 erga
1066 2707 1166 2746 ipsum
1181 2705 1343 2735 occasione

515 2817 567 2838 Hoc
581 2823 670 2838 nomen
685 2815 709 2838 in
724 2814 839 2846 margine
855 2813 934 2837 etiam
947 2813 1069 2844 oct-[ptum
1082 2816 1128 2836 est.

517 2851 574 2874 Alio
591 2851 746 2874 charactere.

517 2889 556 2910 Ea
570 2895 617 2910 vox
630 2886 759 2917 repetitur.

517 2925 582 2947 Ante
597 2922 725 2946 rubricam
744 2921 796 2945 allo
811 2921 961 2944 charactere
973 2927 982 2943 .·
994 2919 1151 2943 Notandum.

520 2960 558 2982 Με
579 2958 667 2990 potius
681 2966 686 2981 ι
701 2958 827 2989 partium.

459 2816 484 2983 suppus?

966 419 1189 446 AUCTARIUM
1215 418 1475 445 CHARTULARII
1495 419 1668 445 UNIVERS.
1693 419 1811 445 PARIS.

1387 694 1403 720 5

1371 940 1404 966 10

1373 1186 1406 1212 15

1374 1432 1408 1457 20

1376 1678 1410 1704 25

1378 1925 1412 1950 30

1380 2170 1414 2196 35

1382 2417 1415 2442 40

1382 2662 1415 2688 45

1482 0 1484 3 ·
1501 0 1520 17 νὴ
1530 0 1535 19 ?
1544 0 1701 20 :'22›·=1*vm.'2·''''¹'.†
1708 0 1717 26 :f
1727 0 1960 32 ''W‘ffit‘wfffiff

1562 23 1568 34 ,⁴
1628 22 1635 25 ·
1682 21 1697 31 ι’
1725 21 1739 33 .“
1756 22 1794 40 ,νη-
1856 20 1867 27 υ
1902 23 1924 36 a*
1937 21 1959 40 ,ἡ

2318 414 2355 446 84’

1439 495 1580 524 desectus
1600 495 1770 524 solucionis
1790 495 1929 535 predicte
1944 495 2074 535 pecunie
2090 495 2123 524 in
2137 495 2270 525 termino
2288 502 2352 525 sta-

1441 550 1506 573 tuto
1524 544 1637 573 habere
1652 551 1771 584 posset,
1789 551 1819 574 et
1834 545 1918 584 quod
1933 544 1993 573 sibi
2008 544 2129 574 veniam
2144 551 2174 574 et
2191 544 2352 585 indulgen-

1446 592 1522 621 ciam
1544 593 1582 622 de
1602 593 1746 622 omnibus
1767 593 1943 622 commissis
1962 591 2168 633 tangentibus
2178 593 2352 633 predictum

1438 640 1645 681 juramentum
1663 652 1750 671 suum
1769 649 1799 671 et
1816 642 2005 672 solucionem
2024 642 2105 670 illam
2122 642 2264 681 graciose
2276 652 2353 671 con—

1440 691 1574 720 cederet.
1591 691 1688 728 Quam
1706 692 1830 731 quidem
1847 691 2108 731 supplicacionem
2125 691 2194 730 ipso
2214 690 2354 720 trahente

1442 750 1475 768 se
1496 740 1534 768 ad
1557 746 1685 779 partem,
1710 740 1798 770 nacio
1821 740 1902 769 sicut
1922 739 1988 768 fieri
2007 739 2175 778 postulavit
2197 737 2356 779 gratiose³

1446 789 1612 823 concessit,
1627 789 1699 818 dum
1714 795 1815 819 tamen
1829 789 1987 818 residuum
2003 789 2126 817 illorum
2142 788 2279 827 quinque
2297 787 2355 817 sso-

1444 847 1589 867 renorum
1617 837 1742 867 indilate
1769 838 1903 868 solveret
1925 837 2091 877 receptori.
2117 837 2156 866 Et
2178 837 2222 866 sic
2251 837 2352 877 ipsum

1446 887 1586 926 quitavit,
1604 886 1656 915 illa
1673 893 1773 916 tamen
1790 887 1972 916 condicione
1990 886 2184 926 interposita.
2202 885 2271 915 Una
2286 896 2355 915 cum

1444 935 1502 965 hoc
1518 935 1702 964 dicta-nacio
1716 935 1775 964 sibi
1789 936 1826 964 de
1838 934 2012 975 juramento
2026 935 2157 974 prestito
2171 941 2200 964 et
2212 935 2356 965 omnibus

1445 984 1517 1024 (Fol.
1533 985 1580 1024 52)
1596 984 1664 1014 aliis
1680 984 1855 1014 commissis
1871 985 1911 1013 ob
1924 985 2074 1014 defectum
2090 984 2260 1014 solucionis
2275 983 2357 1014 dicte
2385 1012 2391 1019 ,

1445 1034 1576 1073 pecunie
1603 1033 1848 1063 misericorditer
1874 1034 2063 1073 indulgebat.
2092 1034 2132 1063 Et
2155 1033 2213 1063 hoc
2247 1035 2357 1063 sactum

1446 1083 1503 1112 suit
1516 1083 1617 1122 prima
1631 1082 1681 1112 die
1697 1083 1933 1122 procuracioms
1949 1092 2025 1111 mee.

1446 1185 1632 1214 Statutum
1647 1184 1657 1203 ⁴
1677 1186 1719 1214 de
1742 1185 2016 1224 incipientibus
2036 1190 2071 1214 et
2091 1185 2134 1213 de
2161 1184 2358 1214 solucione

1553 1234 1691 1263 floreni
1721 1245 1784 1274 per
1809 1233 2012 1274 quemque⁵
2038 1234 2255 1263 eorundem.
2356 1234 2359 1236 ’

1486 1325 1560 1354 ltem
1584 1325 1615 1353 in
1639 1324 1689 1353 die
1715 1330 1819 1353 sancte
1841 1324 1982 1352 Barnabe
2008 1322 2164 1362 apostoli⁶
2191 1327 2361 1352 convocata

1448 1374 1575 1403 nacione
1590 1374 1670 1413 apud
1688 1373 1832 1402 Sanctum
1846 1373 2046 1408 Maturinum,
2059 1372 2194 1402 unanimi
2204 1381 2360 1401 consensu

1447 1423 1546 1452 tocius
1563 1423 1703 1452 nacionis
1720 1432 1903 1451 concessum
1919 1422 1985 1457 fuit,
2001 1429 2030 1451 et
2042 1432 2100 1461 per
2114 1427 2358 1461 procuratorem,

1446 1472 1498 1511 qui
1517 1473 1548 1501 in
1565 1471 1793 1501 deliberacione
1809 1471 1866 1500 hoc
1883 1471 1998 1511 posuit,
2015 1470 2206 1505 conclusum,
2221 1470 2305 1509 quod
2321 1469 2360 1498 ab

1447 1522 1499 1551 illo
1519 1528 1658 1560 tempore
1681 1521 1712 1549 in
1734 1521 1867 1550 futurum
1885 1527 2037 1559 perpetuo
2055 1526 2194 1559 tempore
2211 1519 2361 1548 observa-

1446 1577 1542 1605 retur,
1567 1571 1650 1609 quod
1675 1569 1806 1609 quilibet
1823 1569 1972 1609 magister
1991 1570 2028 1598 de
2051 1579 2132 1598 novo
2150 1567 2304 1607 incipiens
2329 1566 2360 1596 in

1449 1620 1529 1649 dicta
1553 1619 1693 1653 nacione,
1717 1618 1777 1647 nisi
1795 1617 1970 1658 juramento
1991 1618 2123 1658 prestito
2144 1616 2361 1656 impotenciam

1448 1669 1589 1699 solvendi
1608 1675 1637 1697 et
1654 1674 1865 1707 paupertatem
1883 1667 2041 1707 allegaret,
2058 1677 2117 1706 pro
2141 1664 2283 1706 bejania⁷
2305 1674 2362 1695 sua

1448 1718 1530 1747 dicte
1555 1718 1678 1747 nacioni
1703 1727 1796 1746 unum
1821 1716 1972 1746 florenum
1992 1717 2030 1745 de
2054 1715 2217 1745 Florencia
2239 1714 2361 1743 solvere

1451 1773 1591 1797 teneatur
1613 1767 1651 1796 ad
1674 1766 1787 1801 minus,
1803 1766 1839 1795 ad
1858 1771 2033 1804 requestam
2053 1763 2277 1804 procuratoris,
2294 1762 2362 1792 sine

1450 1817 1507 1845 hoc
1532 1816 1615 1856 quod
1638 1825 1733 1855 super
1752 1815 1809 1844 hoc
1830 1814 1918 1843 nacio
1938 1820 2119 1849 vocaretur;
2145 1819 2175 1842 et
2197 1813 2223 1842 si
2246 1812 2278 1841 in
2303 1811 2362 1841 hoc

1451 1866 1590 1895 faciendo
1610 1870 1803 1904 procurator,
1821 1864 1874 1903 qui
1894 1874 1951 1903 pro
1972 1870 2110 1903 tempore
2135 1862 2242 1897 suerit,
2264 1861 2362 1890 necli-

1451 1926 1528 1955 gens
1555 1915 1646 1944 fuerit
1667 1919 1718 1943 aut
1738 1913 1901 1948 remissus,
1926 1913 2009 1952 quod
2031 1913 2099 1951 ipse
2121 1917 2305 1951 procurator
2324 1911 2363 1940 ad

1451 1971 1627 2004 requestam
1654 1962 1772 1992 minimi
1799 1962 1955 2002 suppositi
1978 1962 2134 1997 nacionis,
2164 1960 2291 2000 majoris
2313 1965 2364 1990 aut

1451 2015 1563 2049 tocius,
1595 2019 1711 2043 tantum
1739 2012 1862 2042 nacioni
1893 2011 1992 2041 solvat
2020 2011 2157 2040 indilate.
2188 2010 2228 2039 Et
2253 2009 2280 2039 si
2305 2009 2364 2038 hoc

1451 2071 1556 2093 tenere
1574 2069 1631 2092 aut*
1640 2063 1739 2091 facere
1751 2067 1885 2097 recuset,
1900 2067 2044 2100 tanquam
2060 2059 2248 2100 perjuratum
2261 2059 2364 2099 ipsum

1455 2113 1538 2142 licite
1557 2112 1666 2152 puniat
1683 2117 1868 2151 procurator
1883 2110 2069 2144 succedens,
2088 2108 2248 2138 nacionem
2263 2114 2364 2137 tamen

1457 2172 1553 2201 super
1570 2161 1628 2190 hoc
1646 2161 1734 2200 prius
1749 2160 1960 2195 convocando,
1978 2168 2047 2188 cum
2065 2157 2196 2198 quilibet
2213 2166 2364 2197 procura-

1454 2218 1503 2241 tor
1522 2211 1552 2240 in
1569 2210 1725 2250 principio
1745 2219 1799 2238 sue
1819 2208 2054 2248 procuracionis
2073 2206 2196 2236 nacioni
2216 2212 2264 2235 est
2276 2205 2365 2245 jura-

1452 2268 1513 2295 tus,
1527 2260 1610 2300 quod
1621 2265 1743 2293 statuta,
1754 2258 1920 2298 privilegia
1933 2264 1963 2287 et
1973 2256 2214 2286 consuetudines
2224 2254 2365 2284 nacionis

1456 2309 1645 2339 observabit.
1664 2308 1698 2337 ln
1716 2307 1807 2337 istius
1823 2307 1928 2336 statuti
1946 2317 2000 2336 seu
2018 2305 2253 2335 consuetudinis
2268 2304 2365 2333 ratifi-

1457 2359 1577 2389 catione
1606 2363 1768 2397 presentes
1802 2357 1925 2386 fuerunt
1949 2355 2099 2395 magister
2122 2353 2302 2383 Willelmus
2327 2353 2365 2382 de

1455 2408 1557 2437 Viridi
1577 2406 1695 2442 Monte,
1716 2406 1838 2441 Scotus,
1855 2411 1928 2435 tunc
1945 2404 2095 2444 temporis
2112 2409 2216 2432 rector
2231 2402 2366 2432 Univer-

1454 2457 1571 2492 sitatis‚
1600 2456 1748 2495 magister
1772 2454 1933 2484 Walterus
1958 2454 1996 2483 de
2022 2453 2189 2487 Wardlau,
2218 2451 2367 2491 magister

1455 2506 1612 2535 Johannes
1635 2505 1673 2533 de
1694 2503 1864 2542 Salburgo‚
1888 2502 2036 2542 magister
2053 2500 2224 2539 Godfridus
2246 2500 2285 2529 de
2308 2498 2367 2528 Sil-

1454 2555 1592 2594 vagrifis,
1620 2553 1769 2593 magister
1796 2552 1954 2581 Johannes
1980 2551 2019 2580 de
2042 2549 2192 2584 Wesalia‚
2218 2548 2367 2588 magister

1452 2603 1667 2642 Theodoricus
1687 2602 1725 2631 de
1748 2601 1908 2639 Br[in]en,
1933 2606 1968 2629 et
1988 2598 2136 2638 magister
2160 2597 2304 2626 Galterus
2328 2597 2367 2626 de

1454 2654 1541 2688 Dun,
1568 2652 1694 2686 Scotus,
1715 2656 1900 2690 procurator
1921 2655 1993 2679 tunc
2016 2647 2178 2687 temporis.
2202 2647 2242 2676 Et
2264 2646 2296 2675 in
2316 2646 2367 2675 die

1454 2703 1524 2731 lune
1560 2698 1723 2740 sequenti⁸
1754 2699 1964 2728 confirmatum
1997 2697 2054 2726 suit
2082 2697 2166 2726 istud
2206 2701 2366 2730 statutum,

1483 2809 1507 2868 ξ.
1541 2808 1722 2875 {agalmatum
1735 2841 1766 2865 de
1779 2840 1896 2874 bejaunia
1909 2840 1935 2864 in
1951 2839 2070 2864 Cbartul.
2084 2838 2206 2863 Univers.
2224 2837 2320 2866 Paris„
2332 2837 2366 2865 11,

1455 2879 1488 2903 ni·
1502 2880 1571 2906 10³2,
1586 2879 1655 2902 1057.

1484 2917 1507 2939 8.
1545 2915 1574 2938 13
1586 2913 1665 2938 Junii.
