2658 3600
1906 6 1907 9 ,
1930 6 1941 18 m
1954 0 2329 33 .»32<·.;.u4-;-73323Q353=4wngsm
2349 1 2367 21 ¹,
2408 0 2418 10 ι.
2444 0 2583 25 v··.<**¹>,22,*=·.‘'*'.

1950 22 1951 25 ’
1979 24 1982 35 ³
2005 22 2089 46 ‘⁷“‘,·<'
2111 20 2151 46 :js-
2173 20 2198 45 ’,Γ
2217 22 2235 33 ⁴*
2255 21 2329 47 '5⁴33'ss
2357 23 2359 25 ’
2536 26 2539 33 “

777 631 1205 692 ADDENDA
1271 634 1379 690 ET
1447 632 2039 695 CORRIGENDA

475 984 525 1019 61,
543 984 592 1017 22,
608 985 664 1022 leg.
678 982 829 1012 willelmi
837 993 895 1021 pro
909 981 1042 1011 Walteri
1051 994 1059 1018 3
1070 982 1120 1018 34,
1132 983 1189 1021 leg.
1204 981 1346 1021 Reynen-

437 1032 547 1062 husen.

478 1083 546 1117 100,
563 1083 613 1119 33,
633 1082 682 1116 40,
704 1082 753 1116 45,
773 1092 829 1120 pro
854 1080 997 1121 Balgino,
1024 1082 1080 1120 leg.
1106 1080 1241 1120 balgivo,
1267 1080 1288 1110 i.
1317 1090 1345 1110 e.

435 1131 536 1160 balivo
554 1131 615 1160 vici
633 1130 807 1159 Straminis.

477 1181 544 1215 105,
569 1180 614 1209 12.
637 1180 764 1209 Comma
783 1179 1032 1208 transferendum
1052 1185 1126 1219 post
1147 1191 1159 1206 «
1178 1179 1347 1208 licencian-

436 1230 545 1258 dorum
562 1241 591 1258 n.

477 1279 544 1315 138,
560 1285 623 1307 not.
641 1279 670 1313 4,
686 1281 743 1317 leg.
760 1277 937 1307 Guillelmo.

465 1329 544 1365 140,
562 1334 626 1357 not.
645 1329 673 1363 7,
691 1328 796 1356 deleas
813 1327 921 1356 arium.

475 1378 544 1411 171,
558 1378 608 1412 48,
623 1380 680 1416 leg.
702 1377 902 1406 Brfinswich.

473 1427 544 1462 206,
556 1433 620 1455 not.
635 1427 665 1462 6,
681 1428 738 1465 leg.
757 1427 825 1461 197,
842 1426 891 1455 35.

474 1477 544 1512 212,
557 1476 607 1512 22,
624 1478 682 1515 leg.
698 1475 794 1505 Scoti.

454 1519 456 1521 ¹
473 1525 544 1560 253,
561 1526 590 1554 7.
608 1527 664 1564 leg.
681 1525 747 1554 suit.

473 1575 543 1609 291,
558 1575 597 1603 29
612 1581 642 1603 et
658 1581 778 1613 postea,
793 1575 851 1613 leg.
871 1574 1037 1610 Damerou,
1058 1574 1234 1604 Damerow.

473 1624 543 1658 294,
561 1624 590 1658 4,
610 1624 657 1658 14,
675 1625 733 1663 leg.
751 1623 926 1653 Venedans.

473 1673 544 1708 298,
560 1673 613 1708 43;
632 1673 701 1708 299,
719 1673 769 1708 35,
786 1675 844 1712 leg.
862 1672 989 1702 Mathei.

473 1723 542 1757 307,
560 1723 590 1757 8,
610 1725 667 1761 leg.
684 1722 867 1751 Decembris
879 1733 936 1761 pro
953 1722 1151 1758 Novembris,
1167 1730 1271 1751 contra
1288 1733 1342 1752 ms.

473 1772 542 1806 333,
564 1772 612 1806 13,
631 1774 689 1811 leg.
708 1772 878 1807 solverunt,
896 1772 1046 1811 ipsorum.

473 1821 543 1855 387,
561 1822 608 1856 19,
625 1823 682 1860 leg.
700 1820 886 1850 wernerus.

473 1870 542 1905 427,
560 1871 610 1905 46,
626 1872 757 1907 fortasse
772 1872 829 1909 leg.
850 1870 958 1900 torciis
969 1881 1028 1909 pro
1043 1870 1154 1900 tribus.

471 1919 542 1955 436,
559 1921 588 1954 7,
606 1922 662 1959 leg.
682 1919 791 1959 platee.

472 1970 541 2004 530,
563 1975 628 1998 not.
652 1970 680 1998 7.
700 1969 831 1998 Karolus
851 1969 892 1998 IV
910 1969 1050 1998 Parisios
1071 1976 1187 1999 tantum
1206 1969 1343 2009 reliquit,

432 2025 462 2047 et
473 2028 531 2058 per
544 2018 744 2057 septimanam
759 2018 909 2058 integram
922 2019 952 2047 in
965 2019 1106 2058 partibus
1116 2019 1229 2048 vicinis
1243 2029 1345 2048 mora-

431 2069 531 2097 batur.
553 2067 696 2107 Magistri
722 2074 782 2096 nat.
807 2067 932 2107 Anglic.
954 2068 1057 2108 itaque
1078 2068 1145 2097 sine
1168 2068 1345 2098 difficultate

431 2117 598 2156 petitiones
617 2127 688 2146 suas
704 2117 802 2146 eidem
822 2117 985 2157 porrigere
1004 2124 1180 2157 potuerunt.

472 2167 542 2201 559,
557 2172 620 2195 not.
639 2167 668 2200 2,
684 2168 741 2205 leg.
757 2166 883 2195 Tibure.

471 2216 540 2249 567,
561 2221 623 2244 not.
647 2216 676 2244 3.
699 2227 712 2242 «
731 2215 895 2245 Conradus
914 2215 1022 2244 Sifridi
1040 2216 1078 2245 de
1097 2215 1310 2246 Geilenhusen
1329 2229 1342 2244 »

432 2275 479 2293 an.
500 2265 587 2299 1371,
602 2265 727 2294 Januar.
744 2265 793 2299 28,
811 2264 938 2294 affertur
954 2271 988 2294 ut
1000 2275 1067 2294 can.
1086 2265 1161 2294 eccl.
1178 2266 1209 2294 b.
1227 2265 1343 2295 Mariae

432 2314 469 2343 ad
477 2315 592 2354 gradus
608 2314 760 2354 Magunt.,
776 2326 788 2341 α
803 2314 904 2342 licent.
918 2314 949 2342 in
960 2320 1031 2349 art.,
1043 2315 1095 2354 qui
1110 2315 1200 2344 etiam
1216 2321 1248 2344 ut
1260 2325 1342 2344 asse-

432 2363 473 2392 rit
494 2363 525 2391 in
550 2363 706 2403 theologia
728 2363 846 2402 peritus
869 2363 984 2398 existit,
1004 2370 1034 2392 et
1056 2364 1087 2392 in
1103 2363 1174 2403 jure
1197 2375 1263 2393 can.
1286 2375 1343 2403 per

431 2412 536 2452 plures
550 2423 647 2441 annos
662 2412 779 2442 studuit
792 2425 806 2439 »
820 2412 909 2452 (Reg.
921 2412 979 2441 Av.
994 2411 1140 2452 Gregorii
1151 2413 1204 2449 XI,
1216 2414 1276 2443 vol.
1287 2413 1341 2448 Vl,

432 2462 482 2490 sol.
501 2461 561 2501 38).
585 2462 659 2490 Inde
679 2468 795 2490 certum
813 2462 856 2496 fit,
876 2461 1053 2491 Conradum
1067 2461 1190 2491 minime
1212 2463 1343 2492 Parisiis

432 2511 462 2539 in
478 2510 571 2539 theol.
590 2511 777 2540 licentiatum
793 2520 874 2546 esse,
891 2517 924 2540 ut
939 2509 997 2549 jam
1013 2511 1258 2547 observavimus,
1273 2522 1342 2540 nam

431 2570 479 2588 an.
500 2560 575 2589 1371
593 2560 723 2599 simplex
739 2560 869 2589 scolaris
883 2566 1012 2595 tantum,
1028 2560 1094 2589 sine
1110 2561 1214 2600 aliquo
1229 2562 1340 2601 gradu,

431 2609 462 2637 in
474 2609 566 2638 theol.
586 2610 652 2646 suit,
672 2610 713 2638 ita
726 2616 758 2638 ut
773 2620 822 2638 an.
842 2609 919 2638 1378
933 2609 982 2638 vel
998 2610 1074 2638 1379
1090 2609 1243 2639 licentiam
1260 2610 1343 2639 obti-

432 2668 505 2687 nere
522 2669 583 2687 non
597 2659 742 2698 potuerit.
755 2658 803 2687 Ab
818 2669 866 2687 an.
881 2659 958 2688 1373
969 2657 1068 2697 (1374)
1083 2665 1182 2687 exstat
1197 2660 1343 2688 Elenchus

432 2709 650 2736 licentiatorum
673 2708 805 2737 Parisiis
826 2708 857 2736 in
880 2707 989 2743 theol.,
1013 2707 1045 2736 in
1066 2718 1127 2746 quo
1150 2714 1250 2737 tamen
1275 2707 1342 2748 ejus

431 2766 542 2785 nomen
561 2758 657 2787 deest.
673 2756 732 2786 An.
752 2758 828 2786 1369
846 2767 914 2786 eum
929 2756 1088 2786 Bononiae
1106 2757 1289 2786 invenimus.
1305 2757 1342 2786 V.

430 2809 507 2834 Acta
525 2814 587 2835 nat.
607 2809 762 2841 German„
778 2817 808 2845 p.
831 2807 886 2835 132
905 2816 953 2845 sq.

1497 983 1567 1017 607,
1586 988 1651 1012 not.
1670 982 1700 1018 4,
1717 982 1772 1012 lin.
1795 984 1824 1019 7,
1845 985 1901 1023 leg.
1924 983 2108 1019 informatis,
2125 994 2183 1024 pro
2203 985 2370 1015 infortuni-

1456 1037 1540 1061 tatis.

1496 1082 1566 1116 616,
1584 1082 1634 1117 50,
1650 1083 1708 1121 leg.
1728 1081 1832 1111 Harue
1848 1083 1909 1111 sive
1925 1081 2039 1112 Harve.

1496 1131 1567 1165 617,
1586 1131 1614 1166 1,
1631 1132 1688 1170 leg.
1706 1131 1879 1170 provincie.

1497 1180 1566 1215 622,
1584 1186 1648 1209 not.
1663 1181 1694 1216 3,
1711 1182 1768 1220 leg.
1784 1180 1925 1210 ΤοΕΡκΕ.

1496 1229 1567 1264 647,
1586 1235 1651 1258 not.
1669 1229 1698 1264 2,
1713 1231 1772 1269 leg.
1789 1229 1960 1260 Cameraci.

1496 1278 1566 1314 667,
1587 1279 1637 1313 20,
1657 1279 1714 1315 223
1734 1279 1804 1314 668,
1826 1279 1875 1308 22.
1896 1279 2043 1309 Kssussmv
2064 1279 2153 1310 affert
2170 1281 2208 1310 ad
2223 1290 2272 1310 an.
2292 1280 2370 1311 1404

1456 1337 1536 1367 mag.
1557 1327 1721 1368 Hugonem
1738 1327 1909 1358 Franconis
1925 1329 1963 1358 de
1973 1328 2111 1368 Leyden,
2130 1340 2210 1370 mag.
2225 1337 2297 1366 art,
2315 1330 2366 1361 lic.

1456 1377 1487 1406 in
1508 1377 1588 1406 med.
1608 1377 1772 1417 (Matr-ilcel,
1788 1378 1812 1413 Ι,
1829 1378 1880 1413 95,
1899 1377 1958 1418 10),
1975 1388 2106 1418 eumque
2124 1379 2155 1408 in
2175 1385 2239 1409 not.
2255 1390 2370 1420 perpe-

1455 1436 1520 1455 ram
1541 1436 1609 1456 cum
1629 1426 1762 1466 Hugone
1778 1427 1816 1456 de
1833 1426 1949 1466 Leydis
1965 1428 2137 1463 confundit,
2152 1429 2206 1468 qui
2225 1439 2273 1458 an.
2291 1429 2370 1459 1400

1455 1475 1576 1515 Pragae
1593 1476 1679 1505 bacc.
1697 1476 1728 1505 in
1744 1482 1801 1505 art.
1820 1477 1916 1506 factus
1934 1483 1993 1512 est,
2011 1487 2079 1507 cum
2094 1477 2152 1507 iste
2170 1477 2370 1508 Coloniensis

1455 1525 1496 1554 sit
1522 1525 1626 1565 potius
1655 1531 1763 1555 noster
1791 1525 1981 1555 parisiensis
2010 1526 2102 1566 Hugo
2130 1526 2301 1557 Franconis
2330 1528 2368 1557 de
2395 1555 2399 1558 ,

1455 1574 1582 1614 Leydis,
1597 1574 1722 1604 minime
1740 1575 1922 1615 pragensis,
1935 1576 1973 1604 de
1989 1575 2075 1615 cujus
2090 1575 2214 1606 licentia
2227 1582 2257 1606 et
2269 1577 2369 1617 magi-

1455 1624 1551 1653 sterio
1566 1624 1644 1653 nihil
1660 1624 1787 1654 scimus.

1494 1674 1565 1709 690,
1582 1674 1630 1709 18,
1645 1675 1702 1713 leg.
1721 1673 1863 1703 Cariber.

1495 1724 1565 1758 706,
1577 1728 1641 1752 not.
1655 1723 1688 1758 3;
1706 1723 1775 1758 719,
1790 1723 1837 1758 1*;
1853 1723 1922 1759 721,
1935 1723 1984 1760 2*;
2001 1724 2070 1759 737,
2085 1724 2132 1760 1*;
2149 1725 2219 1760 759,
2234 1724 2282 1761 1*;
2295 1725 2366 1760 763,

1456 1772 1503 1808 1*;
1520 1773 1591 1807 817,
1604 1772 1637 1808 2;
1652 1773 1722 1807 863,
1738 1773 1785 1808 1*;
1800 1773 1870 1808 915,
1883 1773 1925 1802 1*.
1940 1772 2053 1803 Verum
2065 1783 2177 1803 nomen
2189 1780 2237 1803 est
2248 1773 2367 1803 Johan-

1454 1831 1510 1850 nes
1532 1821 1771 1857 Murmcmwm
1795 1828 1986 1862 corruptum,
2009 1823 2092 1862 quod
2112 1823 2297 1863 quandoque
2318 1823 2368 1852 in-

1454 1871 1588 1906 venitur,
1607 1872 1781 1910 Mullinger.

1495 1922 1564 1955 715,
1586 1926 1651 1949 not.
1672 1921 1702 1949 3.
1725 1920 1882 1950 Johannes
1908 1920 2031 1950 Gerson
2055 1921 2145 1950 etiam
2170 1921 2203 1950 in
2225 1931 2368 1952 sermone

1454 1979 1502 1998 an.
1523 1970 1599 1999 1403
1617 1979 1720 1999 coram
1748 1969 1918 1999 Benedicto
1937 1970 2011 1999 XIII
2032 1970 2123 2006 facto,
2141 1980 2208 2000 cum
2234 1970 2367 2000 rotulum

1454 2018 1675 2049 Universitatis
1689 2025 1913 2059 praesentaret,
1929 2019 2062 2049 asseruit
2071 2018 2134 2058 jam
2148 2030 2165 2049 a
2176 2019 2262 2049 XVII
2277 2019 2368 2050 annis

1453 2068 1621 2108 magistros
1637 2068 1738 2098 Paris.
1749 2068 1816 2098 sine
1831 2068 2010 2108 provisione
2024 2068 2120 2098 fuisse
2134 2068 2289 2108 (Opp.,11‚
2299 2068 2364 2109 52),

1453 2119 1534 2147 unde
1548 2118 1698 2157 probatur
1712 2117 1845 2147 rotulum
1862 2117 1933 2146 anni
1950 2118 2026 2147 1387
2045 2130 2059 2146 «
2076 2117 2215 2147 ultimum
2234 2128 2367 2158 genera-

1454 2167 1512 2196 lem
1536 2178 1550 2194 »
1578 2166 1685 2201 fuisse,
1709 2167 1904 2206 proindeque
1929 2166 1961 2196 in
1986 2167 2143 2206 principio
2170 2167 2367 2207 pontificatus

1454 2215 1615 2245 Benedicti
1646 2215 1720 2245 XIII
1749 2215 1873 2245 minime
1902 2216 2035 2245 rotulum
2058 2216 2235 2256 generalem
2266 2222 2365 2247 trans-

1453 2265 1582 2295 missum
1596 2265 1702 2294 fuisse.
1752 2271 1755 2275 '

1494 2315 1563 2350 744,
1580 2315 1630 2350 28,
1643 2317 1701 2354 leg.
1716 2322 1819 2343 contra
1834 2325 1888 2343 ms.
1907 2326 1921 2342 κ
1939 2314 1999 2344 IIII
2017 2315 2088 2343 den.
2106 2326 2120 2342 ῃ

1494 2364 1563 2399 764,
1579 2370 1642 2393 not.
1658 2364 1688 2399 2,
1703 2363 1758 2392 lin.
1774 2363 1843 2399 ult.,
1859 2365 1916 2403 leg.
1934 2364 2001 2393 104.

1493 2414 1563 2448 766,
1578 2419 1641 2442 not.
1656 2414 1685 2448 3,
1702 2413 1757 2442 lin.
1773 2413 1841 2448 ult.,
1858 2415 1915 2452 leg.
1931 2413 2000 2442 397.

1492 2463 1562 2497 788,
1577 2469 1641 2491 not.
1656 2462 1686 2497 4,
1702 2463 1835 2500 transfer
1848 2472 1947 2502 usque
1963 2462 2002 2491 ad
2019 2469 2088 2491 ante
2101 2471 2150 2491 an.
2167 2463 2255 2492 1399.

1492 2512 1562 2546 831,
1582 2512 1618 2540 14
1637 2513 1693 2550 leg.
1705 2510 1718 2529 ²
1731 2513 1811 2550 pro?

1492 2561 1563 2597 839,
1581 2562 1610 2596 5,
1626 2562 1685 2599 leg.
1706 2560 1794 2590 1402.

1492 2610 1563 2647 850,
1580 2616 1644 2639 not.
1659 2611 1688 2645 3,
1704 2612 1762 2648 leg.
1781 2619 1876 2649 supra
1889 2620 1921 2649 p.
1936 2610 2007 2645 800,
2022 2615 2086 2638 not.
2101 2609 2131 2640 4.

1492 2660 1563 2694 901,
1581 2659 1631 2694 20,
1645 2661 1702 2698 leg.
1715 2659 1849 2688 Jacobus
1863 2660 1900 2688 de
1914 2658 2029 2698 Leydis
2039 2669 2098 2697 pro
2113 2657 2281 2688 =Iohannes.

1492 2708 1562 2744 902,
1577 2709 1627 2744 37,
1642 2709 1692 2744 39,
1707 2710 1765 2748 leg.
1781 2707 1981 2748 Luneborgh,
1991 2718 2049 2747 pro
2065 2707 2200 2737 Lubeck.

1493 2758 1564 2794 948,
1582 2758 1636 2787 ult.
1652 2759 1710 2797 leg.
1731 2757 1967 2787 Hollandrinus.

1118 2961 1281 2983 MATISCONE,
1295 2961 1328 2977 Hx
1341 2961 1419 2978 'rmus
1432 2961 1559 2978 FRATRUM
1573 2961 1677 2978 PROTAT
