2632 3464
809 35 825 46 „4
861 36 868 42 ,
1139 26 1153 40 e
1517 22 1531 33 ³
1565 30 1573 43 r
1754 18 1767 28 ⁴
1914 11 1989 49 „fv
2120 24 2137 36 ‹-

822 457 935 483 LIBER
957 455 1268 482 PROCURATORUM
1289 455 1469 482 NATIONIS
1488 456 1732 482 ANGLICANAE
2185 455 2236 482 :30

711 533 808 563 1898
1329 541 1418 561 sores
1443 532 1564 571 prandii
1586 532 1734 572 magister
1757 531 1913 561 Johannes
1935 532 2040 571 Greyn
2064 532 2186 566 Scotus‚
2208 539 2238 562 et

352 605 425 645 (Fol.
460 606 508 644 27)
536 604 628 634 Acta
652 605 688 634 in
716 604 976 644 procuratoris
1009 602 1179 643 magistri

568 653 716 683 Andree
744 652 958 682 Hermanni.

351 728 444 758 Facta
480 728 726 770 congregacione
762 728 901 758 nacionis
929 727 1099 768 Anglicane
1138 728 1220 767 apud

313 777 458 808 sanctum
476 777 663 808 Maturinum
678 777 763 807 XXI·
775 777 826 807 die
839 777 984 806 Octobris
999 787 1080 806 anno
1096 776 1220 806 Domini

316 826 363 856 M⁰
376 826 472 857 CCC⁰
482 826 596 858 XCV1⁶
610 836 705 866 super
717 827 839 856 duobus
851 826 1001 856 articulis.
1016 825 1139 855 Primus
1156 832 1222 855 erat

310 876 350 906 ad
368 876 543 916 eligendum
567 882 798 916 procuratorem
815 875 864 904 vel
880 875 1120 904 continuandum
1141 874 1222 904 anti-

311 935 416 965 quum.
434 925 473 955 Et
496 925 564 963 quia
585 924 729 964 antiquus
745 930 930 964 procurator
951 925 1044 954 certis
1062 934 1099 953 ex
1119 923 1222 954 causis

312 974 344 1003 in
359 974 460 1004 sutura
477 973 690 1014 procuratoris
710 983 773 1002 non
794 979 903 1013 posset
920 983 1040 1008 vacare,
1057 972 1222 1002 concordi-

313 1029 362 1053 ter
373 1023 470 1052 fuerat
487 1022 604 1052 electus
622 1022 770 1063 magister
788 1022 930 1052 Andreas
948 1021 1116 1052 Hermanni
1133 1031 1222 1051 cura-

312 1077 362 1102 tus
377 1071 408 1101 in
426 1071 556 1101 Malsen.

352 1120 513 1150 Secundus
523 1119 671 1150 articulus
687 1119 743 1150 fuit
755 1130 850 1159 super
866 1120 1098 1160 computacione
1113 1129 1223 1160 recep-

312 1169 390 1199 toris
407 1169 547 1210 magistri
562 1169 666 1209 Egidii
683 1170 721 1199 de
737 1169 866 1204 Jutfaes,
885 1179 945 1209 que
957 1169 1150 1208 computacio
1168 1169 1224 1198 suit

311 1218 414 1249 dilata.
435 1219 473 1248 Et
492 1218 585 1248 solvit
605 1217 747 1248 Andreas
765 1218 933 1248 Her-manni
950 1218 1108 1258 predictus
1129 1228 1222 1247 unum

312 1268 449 1298 francum
462 1277 520 1308 pro
532 1277 612 1297 nova
622 1277 678 1297 sua
693 1267 916 1307 procuratoria,
930 1273 960 1296 et
974 1277 1054 1307 mag.
1066 1267 1223 1297 lohannes

311 1317 350 1347 de
374 1316 572 1356 Ghalencoep
592 1322 664 1346 tunc
687 1316 783 1346 eciam
810 1316 903 1346 solvit
925 1317 1061 1346 francum
1089 1326 1146 1356 pro
1168 1326 1223 1346 sua

312 1376 391 1396 nova
414 1365 627 1406 procurator-ia
648 1366 759 1401 futura,
785 1365 839 1405 qui
858 1365 954 1395 franci
978 1371 1065 1395 erant
1089 1365 1223 1406 expositi

315 1415 347 1445 in
361 1415 430 1445 vico
446 1414 551 1445 Sancti
564 1413 671 1444 Jacobi
689 1425 746 1454 pro
762 1424 822 1444 uno
838 1414 970 1455 prandio
984 1415 1014 1444 in
1033 1414 1173 1454 hospicio
1186 1415 1224 1443 de

312 1474 408 1499 cervo,
428 1463 624 1503 presentibus
643 1463 758 1492 ibidem
780 1463 929 1503 magistro
948 1463 1087 1493 Johanne
1104 1463 1143 1493 de
1162 1463 1223 1492 Au-

313 1512 389 1544 stria
406 1513 568 1542 licenciam
591 1513 623 1542 in
637 1512 802 1553 theologia,
827 1518 857 1542 et
875 1513 1024 1552 magistro
1050 1512 1163 1553 Egidio
1185 1513 1223 1542 de

317 1562 435 1592 Jutsaes
450 1567 622 1601 receptore,
639 1567 670 1591 et
688 1561 872 1602 quibusdam
889 1562 958 1591 aliis
973 1561 1130 1602 magistris
1148 1561 1223 1591 mul-

316 1611 357 1641 tis
372 1610 512 1641 nacionis
529 1609 710 1651 Anglicane.

354 1659 430 1690 ltem
441 1660 549 1690 eodem
561 1659 612 1689 die
623 1659 678 1689 fuit
690 1659 896 1700 congregacio
912 1659 1130 1689 Universitatis
1142 1659 1224 1699 apud

312 1709 458 1739 Sanctum
474 1708 680 1738 Mathurinum
699 1718 794 1749 super
808 1708 1040 1738 contribucione
1056 1715 1086 1738 et
1103 1708 1224 1748 suppli·-

313 1758 440 1788 cacione
450 1757 566 1787 domini
578 1757 722 1793 rectoris,
736 1767 795 1798 que
809 1757 999 1798 supplicacio
1010 1757 1066 1787 suit
1075 1767 1224 1787 concessa

313 1807 353 1837 ad
375 1806 580 1837 ordinandum
602 1805 708 1836 literas
729 1812 802 1846 post
823 1817 927 1847 regem
949 1806 1076 1836 Francie
1094 1813 1124 1836 et
1146 1806 1224 1837 alios

312 1855 473 1896 principes
508 1855 672 1885 mittendas
683 1854 708 1891 ⁴,
740 1861 771 1885 et
800 1857 883 1896 quod
920 1855 1113 1886 contribucio
1146 1856 1225 1886 infra

315 1905 491 1945 quindecim
507 1904 574 1934 dies
589 1905 647 1934 sub
662 1914 741 1944 pena
756 1911 836 1935 tacta
852 1905 890 1934 ab
902 1904 971 1934 aliis
984 1905 1177 1935 facultatibus
1194 1910 1225 1935 et

314 1953 498 1984 nacionibus
512 1953 638 1983 daretur
649 1954 688 1983 ab
701 1953 775 1989 illis,
790 1953 844 1994 qui
859 1963 920 1983 non
932 1953 1102 1984 solverunt.

356 2002 430 2032 ltem
444 2001 559 2032 xxlll·
571 2002 620 2032 die
637 2002 783 2032 Octobris
796 2002 912 2043 incepit
925 2003 1068 2033 dominus
1083 2003 1224 2033 Andreas

315 2051 433 2092 Glaync
455 2052 513 2081 sub
528 2051 677 2091 magistro
695 2051 808 2092 Egidio
825 2052 863 2081 de
877 2052 1006 2089 Jutfaes,
1025 2051 1112 2092 cujus
1131 2053 1224 2083 bursa

314 2101 332 2131 7
352 2101 456 2131 solidi.

356 2150 430 2180 Item
459 2148 704 2189 congregacione
729 2149 948 2179 Universitatis
969 2150 1121 2180 celebrata
1143 2151 1224 2190 apud

315 2198 460 2229 Sanctum
488 2197 695 2228 Mathurinum
726 2197 794 2228 XV·
819 2198 1015 2234 Novembris,
1043 2199 1137 2229 eciam
1170 2200 1226 2230 suit

314 2246 521 2288 congregacio
535 2247 676 2276 nacionis
691 2257 786 2287 super
800 2248 923 2277 duobus
939 2247 1088 2278 articulis.
1103 2249 1226 2278 Primus

315 2302 381 2327 erat
404 2297 442 2326 ad
465 2296 668 2326 ordinandum
692 2297 730 2326 de
748 2297 827 2326 sesto
844 2296 984 2326 nacionis
998 2303 1028 2326 et
1044 2298 1082 2326 ad
1106 2297 1226 2338 eligen-

315 2346 387 2375 dum
405 2351 624 2385 procuratores
642 2345 706 2374 sive
724 2344 904 2385 provisores
922 2355 1126 2385 expensarum
1144 2352 1175 2376 et
1188 2347 1226 2376 de

315 2394 446 2435 pecunia
462 2393 612 2423 habenda.
629 2393 791 2424 Secundus
803 2393 952 2424 articulus
966 2400 1032 2424 erat
1047 2405 1141 2434 super
1155 2405 1227 2435 sup-

315 2442 540 2483 plicacionibus
558 2448 587 2472 et
605 2441 738 2483 injuriis.
761 2443 914 2480 Quantum
938 2443 976 2472 ad
998 2443 1130 2483 primum
1152 2444 1227 2474 arti-

316 2491 417 2522 culum
430 2492 469 2521 de
483 2492 611 2531 pecunia
625 2492 680 2521 suit
691 2492 887 2522 concorditer
898 2492 1099 2522 deliberatum
1116 2499 1146 2522 et
1155 2503 1227 2522 con-

316 2540 451 2575 clusum,
476 2540 558 2580 quod
585 2546 729 2580 receptor
750 2546 918 2579 exponeret
941 2541 1117 2580 pecuniam;
1146 2547 1176 2571 et
1200 2541 1226 2571 si

317 2598 379 2619 non
394 2588 532 2625 baberet,
551 2589 796 2619 accommodaret
811 2599 865 2618 seu
880 2589 1033 2628 reciperet
1045 2596 1148 2620 mutuo
1164 2596 1193 2620 et
1210 2601 1228 2620 a

317 2647 379 2678 quo
402 2637 452 2668 vel
476 2638 589 2678 quibus
611 2638 764 2678 reciperet
789 2644 819 2668 et
846 2644 930 2668 esset
955 2638 1120 2678 obligatus,
1144 2640 1226 2679 quod

317 2685 392 2716 nulli
419 2696 611 2727 quacumque
636 2687 819 2716 necessitate
841 2693 971 2727 urgente
994 2687 1082 2717 alteri
1109 2688 1226 2728 aliquid

318 2735 356 2765 de
370 2735 501 2775 pecunia
516 2735 655 2765 nacionis
669 2742 849 2776 exponeret.
866 2746 1028 2776 quousque
1043 2735 1087 2766 illi
1100 2736 1148 2766 vel
1165 2737 1228 2767 illis

317 2789 402 2814 esset
423 2783 622 2814 satisfactum.
644 2784 683 2814 Et
699 2784 896 2814 concorditer
911 2791 998 2814 erant
1014 2785 1103 2815 electi
1121 2786 1228 2825 provi-

354 2880 377 2904 ¹.
411 2880 504 2912 Agitur
516 2889 614 2914 comper
624 2880 657 2905 de
669 2882 740 2913 sacto
755 2881 857 2906 unioni·
869 2881 966 2909 occ-len..
981 2890 1026 2906 neu
1041 2882 1128 2914 potius
1139 2882 1172 2906 dc
1186 2882 1227 2906 oia

320 2915 441 2940 οεηὶοιιῐσ
449 2916 580 2940 amborum
587 2924 725 2949 paparum.
742 2917 795 2941 rid.
810 2917 928 2941 Cbartul.
939 2917 979 2941 lv.

354 2952 378 2975 2.
411 2952 544 2984 Hucusque
560 2951 623 2976 leaeo
637 2951 745 2984 epistola
767 2952 834 2985 rugia
849 2952 960 2985 Aulius
973 2953 1141 2977 Univetu'lati
1154 2953 1228 2978 Part*-

326 2986 407 3011 u'cnu'
425 2986 523 3011 diram
544 2987 581 3011 ad
603 2995 646 3012 aa.
674 2987 735 3013 1895
753 2988 911 3020 nfitebatur
933 2988 1002 3019 (Vid.
1022 2989 1164 3018 ΒυιΑιυκ,
1184 2989 1225 3018 lv,

1261 977 1294 1002 1⁰

1260 1221 1294 1248 15

1260 1467 1295 1494 20

1261 1712 1295 1738 25

1260 1957 1295 1983 80

1262 2202 1296 2228 35

1264 2445 1298 2472 40

1264 2690 1298 2717 45

1328 580 1475 620 magister
1488 581 1645 610 Johannes
1663 581 1840 610 Bonroden.
1863 581 1901 610 Et
1916 587 1980 610 erat
1998 581 2110 610 dictum
2131 582 2237 610 bedel-

1327 629 1366 659 lis
1382 636 1415 659 ut
1431 631 1540 659 darent
1556 630 1587 659 in
1605 630 1731 669 scriptis
1752 630 1945 669 procuratori
1959 630 2097 659 nacionis
2116 631 2238 659 nomina

1327 678 1450 708 illorum
1474 679 1704 718 magistrorum,
1730 678 1782 718 qui
1804 688 1865 707 non
1890 679 2048 708 solverunt
2070 677 2237 718 jocundum

1328 727 1498 757 introitum.

1757 821 1853 851 1396

1351 893 1424 932 (Fal.
1458 896 1494 924 27
1510 893 1533 934 1’)
1562 893 1652 923 Acta
1688 893 1721 922 in
1756 894 2019 933 procuratoria
2048 893 2218 932 magistri

1623 943 1770 972 Andree
1796 942 1951 982 Glaync.

1371 1023 1462 1053 Facta
1498 1023 1745 1063 congregacione
1780 1022 1920 1052 nacionis
1951 1022 2120 1062 Anglicane
2158 1023 2239 1062 apud

1331 1072 1475 1102 Sanctum
1500 1072 1686 1101 Maturinum
1710 1072 1759 1101 die
1784 1071 1898 1101 XVlll⁸
1918 1071 2033 1101 mensis
2055 1072 2240 1101 Novembris

1331 1131 1412 1151 anno
1428 1121 1551 1150 Domini
1567 1120 1612 1150 Μο
1627 1120 1720 1150 CCC⁰
1735 1120 1846 1150 XCVI⁰
1863 1131 1958 1160 super
1973 1121 2074 1150 tribus
2090 1120 2238 1150 articulis.

1333 1170 1457 1200 Primus
1477 1176 1542 1199 erat
1563 1170 1600 1199 ad
1623 1170 1796 1209 eligendum
1816 1180 1926 1199 novum
1944 1175 2174 1208 procuratorem
2191 1169 2239 1198 vel

1331 1220 1368 1250 ad
1395 1219 1634 1249 continuandum
1663 1218 1832 1258 antiquum.
1860 1220 1906 1247 2¹¹·
1931 1218 2078 1248 articulus
2105 1224 2171 1247 erat
2202 1218 2239 1247 ad

1331 1269 1514 1298 audiendum
1533 1274 1707 1307 compotum
1725 1267 1841 1297 domini
1861 1267 2032 1307 receptoris
2047 1267 2072 1296 si
2093 1267 2239 1306 placeret,

1332 1324 1362 1347 et
1376 1317 1472 1347 eciam
1485 1317 1523 1346 ad
1536 1317 1740 1346 ordinandum
1756 1317 1936 1356 provisores
1951 1316 1982 1345 in
1999 1317 2076 1345 festo
2089 1316 2238 1345 nacionis.

1332 1367 1378 1395 3¹¹·
1411 1372 1459 1396 est
1492 1376 1587 1405 super
1612 1365 1897 1406 supplicacionibus
1925 1371 1955 1395 et
1978 1365 2111 1404 injuriis.
2140 1364 2242 1404 Super

1332 1416 1432 1456 primo
1448 1426 1485 1445 ex
1503 1425 1563 1455 quo
1577 1415 1721 1454 antiquus
1736 1421 1919 1454 procurator
1934 1414 2027 1443 certis
2042 1415 2079 1443 de
2095 1414 2197 1443 causis
2210 1414 2240 1443 in

1332 1466 1432 1495 futura
1455 1464 1668 1504 procuratoris
1692 1474 1754 1493 non
1780 1470 1887 1503 posset
1909 1473 2029 1498 vacare,
2051 1463 2166 1492 electus
2195 1469 2242 1492 est

1332 1513 1527 1544 concorditer
1549 1513 1691 1542 Andreas
1715 1513 1844 1552 Glaync.
1871 1512 1972 1552 Super
1995 1513 2028 1541 20
2051 1512 2241 1551 computacio

1332 1563 1504 1603 receptoris
1541 1568 1607 1591 erat
1646 1562 1738 1591 dilata
1772 1571 1870 1601 usque
1903 1568 1975 1601 post
2016 1562 2125 1591 festum
2161 1561 2240 1590 beati

1332 1611 1498 1652 Egmundi.
1516 1610 1556 1640 Et
1573 1610 1751 1650 provisores
1768 1617 1855 1640 erant
1869 1610 2002 1639 ordinati
2019 1611 2055 1639 ad
2074 1610 2242 1650 providen-

1331 1662 1403 1691 dum
1428 1661 1466 1690 de
1486 1661 1564 1690 festo
1586 1660 1733 1700 magister
1753 1659 1909 1689 Johannes
1932 1659 2015 1699 Gray
2040 1666 2069 1689 et
2097 1659 2242 1699 magister

1331 1710 1488 1740 Johannes
1508 1709 1656 1749 Campen.
1675 1709 1775 1748 Super
1792 1710 1825 1738 3⁰
1839 1708 1969 1738 articulo
1991 1708 2242 1748 supplicaverunt

1332 1758 1444 1789 bedelli
1461 1759 1544 1798 quod
1559 1758 1647 1787 nscio
1658 1757 1704 1787 eis
1719 1759 1889 1787 concedere
1902 1757 2004 1793 vellet,
2021 1758 2103 1797 quod
2116 1758 2153 1786 de
2167 1767 2241 1797 quo·

1332 1807 1408 1837 libet
1424 1807 1646 1836 determinante
1668 1806 1750 1836 illius
1773 1807 1845 1835 anni
1867 1817 1977 1846 capere
1999 1813 2129 1846 possent
2150 1806 2241 1835 dimi-

1333 1857 1415 1886 dium
1434 1857 1581 1885 francum.
1603 1856 1642 1885 Et
1662 1855 1852 1895 supplicacio
1870 1865 1974 1884 eorum
1995 1861 2060 1884 erat
2081 1864 2238 1884 concessa.

1373 1906 1447 1935 ltem
1470 1905 1578 1934 eodem
1599 1905 1649 1934 die
1675 1904 1767 1934 solvit
1790 1904 1937 1944 magister
1958 1904 2098 1933 Andreas
2124 1903 2241 1943 Glaync

1333 1961 1463 1995 protunc
1485 1959 1670 1994 procurator
1694 1963 1786 1982 unum
1816 1953 1951 1982 francum
1977 1963 2033 1992 pro
2062 1953 2161 1992 prima
2186 1963 2241 1982 sua

1332 2002 1554 2043 procuratoris.

1372 2051 1627 2092 Congregacione
1643 2050 1860 2080 Universitatis
1875 2050 2026 2079 celebrata
2045 2051 2125 2090 apud
2144 2050 2242 2079 Sanc-

1333 2108 1396 2132 tum
1424 2100 1610 2130 Maturinum
1633 2100 1682 2130 die
1709 2100 1776 2129 XX-
1797 2100 1912 2129 mensis
1943 2099 2127 2128 Novembris
2154 2099 2241 2128 nacio

1333 2149 1504 2190 Anglicana
1519 2149 1575 2178 ivit
1589 2149 1626 2178 ad
1642 2148 1741 2178 locum
1760 2154 1938 2177 consuetum
1955 2149 1991 2177 ad
2010 2148 2239 2177 deliberandum

1333 2209 1429 2239 super
1442 2199 1563 2228 duobus
1576 2198 1714 2227 articulis
1734 2198 1904 2238 propositis
1921 2207 1976 2237 per
1990 2204 2151 2226 rectorem.
2170 2197 2241 2226 Pri-

1334 2258 1401 2278 mus
1417 2247 1564 2278 articulus
1577 2253 1642 2277 erat
1654 2248 1692 2277 de
1709 2247 1796 2276 litera
1810 2247 1903 2276 missa
1920 2257 1936 2275 a
1952 2257 2024 2286 rege
2040 2246 2151 2286 Anglie
2165 2246 2242 2275 Uni-

1333 2296 1473 2327 versitati
1497 2296 1680 2330 parisiensi,
1704 2296 1859 2335 quomodo
1883 2306 2022 2334 magnam
2051 2295 2240 2324 allectionem

1335 2346 1464 2376 haberet
1480 2345 1517 2374 ad
1535 2345 1679 2374 unionem
1698 2344 1862 2374 ecclesic².
1883 2345 1927 2373 De
1945 2355 2003 2383 qua
2026 2345 2112 2373 nacio
2135 2354 2242 2383 regra-

1336 2394 1637 2424 tiabatursibivalde.
1648 2393 1686 2423 Et
1699 2394 1852 2433 quomodo
1864 2393 2010 2432 magister
2022 2393 2132 2422 l’etrus
2146 2392 2219 2422 Plev
2230 2391 2242 2409 ²

1334 2449 1499 2483 cogeretur
1515 2452 1571 2482 per
1591 2452 1699 2482 penam
1720 2442 1918 2482 privacionis,
1938 2442 1963 2470 si
1983 2452 2043 2470 non
2060 2441 2153 2470 venet
2168 2451 2242 2480 pro-

1334 2501 1450 2532 ponere
1470 2501 1570 2521 coram
1593 2490 1724 2521 consilio
1746 2491 1829 2530 regis
1856 2492 1893 2519 de
1917 2491 1995 2519 sacto
2020 2490 2153 2519 unionis.
2177 2490 2242 2519 Hoc

1335 2547 1400 2571 erat
1415 2550 1597 2570 concessum
1617 2550 1673 2580 per
1694 2540 1862 2569 nacionem.
1885 2539 1986 2568 Eciam
2005 2540 2159 2578 quomodo
2178 2539 2243 2578 pri-

1334 2589 1447 2630 vilegia
1463 2595 1568 2619 nostra
1585 2589 1698 2618 cotidie
1711 2594 1919 2628 aggravantur
1938 2594 1966 2617 ct
1979 2588 2060 2627 quod
2080 2587 2243 2617 haberetur

1335 2649 1414 2668 unus
1429 2638 1591 2678 deputatus
1610 2637 1768 2672 honestus,
1790 2637 1841 2676 qui
1865 2643 2051 2676 proponeret
2068 2635 2241 2675 hujusmodi

1336 2688 1444 2717 sactum
1469 2686 1593 2717 unionis
1617 2697 1718 2716 coram
1742 2696 1823 2725 rege.
1845 2686 1928 2714 'l'unc
1955 2685 2135 2714 deliberavit
2154 2685 2242 2714 nacio

1335 2736 1506 2777 Anglicana
1518 2736 1600 2775 quod
1618 2735 1742 2764 facultas
1757 2735 1910 2774 theologie
1927 2734 2084 2763 ordinaret
2099 2744 2190 2763 unum
2204 2734 2242 2764 de

1336 2785 1415 2825 ipsis
1428 2784 1581 2825 theologis
1595 2784 1748 2824 apciorem
1765 2790 1794 2812 ct
1813 2783 1842 2812 in
1859 2783 1908 2812 illa
1925 2783 2046 2812 materia
2061 2783 2158 2822 magis
2174 2793 2242 2813 rec-

1338 2883 1409 2914 772);
1425 2882 1472 2906 ned
1485 2890 1517 2906 et
1533 2881 1706 2914 aperior-ihm
1722 2883 1828 2912 apparel
1843 2889 1897 2903 eam
1916 2880 1952 2903 ad
1970 2888 2013 2903 an.
2036 2880 2094 2903 13⁹6
2103 2879 2241 2912 pertinet-e.

1369 2920 1392 2942 ³.
1427 2919 1447 2941 1.
1464 2926 1486 2941 e.
1501 2918 1592 2942 Petrus
1610 2917 1710 2943 Plaoul.
1727 2917 1758 2939 de
1774 2924 1823 2947 qun
1840 2915 1957 2939 chartul.
1976 2915 2019 2939 m.
2037 2916 2142 2947 lpeemel
2156 2915 2243 2939 nce-ibn

1335 2953 1380 2982 nic,
1395 2952 1471 2977 Arch.
1484 2955 1540 2977 nal.
1554 2954 1646 2980 Pam„
1659 2952 1683 2976 J.
1695 2952 1750 2980 517,
1762 2957 1789 2974 n·
1805 2952 1859 2974 20ss.
1872 2950 1925 2974 Alii
1935 2959 2009 2983 saepe
2022 2951 2030 2975 Ι
2047 2951 2072 2975 t'n
2085 2952 2136 2983 fine
2150 2951 2242 2975 omine-

1337 2991 1402 3013 runa

2291 11 2301 20 ι
2316 7 2322 11 ·
2360 10 2362 14 ·
2371 3 2404 29 Τ
2428 0 2632 28 Ψέψὶψᾎᾞ*
