2632 3464
897 409 1169 437 MEMORABILIA
1188 409 1279 436 NAT.
1299 408 1545 435 ANGLICANAE
2116 417 2179 434 xux

260 491 350 539 (vid.
369 490 513 540 supra),
529 501 730 526 numerare
750 487 982 529 debuerunt,
996 485 1071 527 vel,
1090 486 1122 521 si
1140 486 1303 534 pecunia
1321 491 1498 534 prompta
1519 490 1737 527 caruerunt,
1750 482 1862 519 vadia
1877 483 2103 520 sufficientia
2120 491 2184 519 aut

262 561 430 597 litteram
445 559 714 609 obligatoriam
733 563 798 593 aut
817 555 1067 606 sponsorem¹
1085 555 1230 591 nationi
1247 553 1339 590 dare
1355 554 1380 589 ².

310 627 369 664 Ad
384 627 564 664 licentiae
574 637 731 662 examen
743 622 1043 660 admittebantur
1058 624 1083 659 ii
1097 624 1161 674 qui
1175 623 1272 659 alibi
1285 622 1633 659 determinaverant
1653 621 1741 668 (vid.
1766 634 1850 671 cap.
1866 622 1914 668 7),
1931 621 2000 657 sed
2014 636 2031 656 «
2048 621 2184 658 solutis

261 695 456 734 solvendis
475 709 509 739 n,
526 694 566 731 id
585 700 646 731 est
665 706 710 730 ea
733 692 962 729 condicione
985 700 1027 729 ut
1053 692 1189 729 bursas
1210 691 1366 729 easdem
1382 693 1527 728 nationi
1541 690 1789 728 refunderent
1804 704 1899 740 quas
1921 690 2134 733 dedissent,
2152 691 2184 726 si

263 767 418 803 Parisiis
439 764 487 802 ab
513 765 663 814 origine
684 761 936 805 studuissent,
957 761 1092 798 bursas
1113 774 1182 811 pro
1201 760 1323 810 gradu
1344 760 1675 803 determinantiae‚
1700 773 1770 810 pro
1789 759 1946 803 scholis,
1969 773 2039 809 pro
2064 759 2184 809 gradu

263 834 442 871 licentiae
460 831 574 870 simul
589 830 826 868 numerando
847 831 945 878 (498,
968 831 1042 878 26).

313 902 505 952 Incepturi
521 902 560 937 in
576 901 722 937 artibus
736 913 889 950 quoque
909 901 1079 949 quinque
1094 900 1231 936 bursas
1252 901 1344 946 (sive
1364 912 1443 943 sex,
1462 907 1503 936 ut
1519 913 1634 949 supra
1649 898 1827 946 vidimus)
1849 899 2040 948 receptori
2062 899 2187 934 natio-
2207 908 2391 959 Incipientes.

262 974 322 1009 nis
337 973 351 995 ³
367 970 569 1008 refundere
585 969 791 1010 debebant,
810 971 1010 1006 Praeterea
1025 971 1264 1019 procuratori
1285 970 1452 1006 nationis
1468 969 1648 1018 jurabant
1661 983 1678 1004 «
1697 968 1800 1018 quod
1818 969 2043 1018 magistrum
2060 981 2183 1010 suum,
2220 958 2248 980 ‘³‘
2261 953 2392 987 M³g¹str¹

262 1041 334 1078 sub
353 1053 430 1091 quo
454 1040 652 1090 incipient,
680 1052 758 1075 non
782 1038 1076 1083 defraudabunt,
1100 1039 1168 1075 sed
1188 1039 1379 1088 promissa
1399 1038 1523 1075 eidem
1552 1038 1665 1089 plene
1684 1046 1723 1075 et
1746 1039 1909 1088 integre,
1929 1039 2032 1074 omni
2056 1037 2187 1074 fraude

263 1117 424 1153 semota,
446 1109 612 1146 fideliter
632 1107 910 1158 adimplebunt.
936 1122 953 1143 »

310 1180 573 1230 Magisterium
588 1179 706 1228 igitur
723 1190 800 1214 non
822 1177 918 1213 levis
947 1179 1123 1227 impensa
1145 1178 1386 1215 scholaribus
1409 1178 1492 1220 fuit,
1513 1191 1599 1214 cum
1625 1177 1761 1214 eodem
1784 1190 1897 1220 anno,
1920 1190 1996 1226 quo
2017 1177 2185 1221 licentia,

260 1248 404 1299 gradus
424 1247 488 1285 ille
508 1249 683 1298 conquiri
707 1248 899 1297 potuerit;
929 1248 1059 1296 itaque
1092 1260 1169 1284 non
1193 1260 1402 1297 paucorum
1429 1247 1712 1284 licentiatorum
1739 1248 1894 1284 nomina
1924 1247 2062 1283 frustra
2089 1247 2190 1284 inter

264 1318 470 1368 magistros
489 1318 721 1367 quaerimus.
740 1317 796 1353 De
809 1316 994 1353 dilatione
1016 1316 1221 1353 solutionis
1239 1317 1567 1366 eaedemregulae
1580 1330 1678 1367 quae
1696 1330 1766 1367 pro
1784 1316 2130 1354 determinantione
2145 1330 2187 1354 ac

265 1387 421 1424 licentia
439 1388 476 1422 in
494 1387 648 1422 natione
665 1385 978 1422 admittebantur.

314 1457 467 1493 Praeter
486 1455 635 1498 bursas,
656 1455 844 1505 quaedam
858 1468 878 1491 a
899 1456 1008 1491 novis
1027 1457 1221 1505 magistris
1240 1468 1307 1492 scu
1323 1455 1485 1505 bejanis,
1499 1456 1673 1498 noviciis,
1692 1455 1876 1492 solvenda
1895 1456 2060 1493 fuerunt.
2078 1458 2189 1493 Anno

268 1526 360 1562 1345
383 1526 423 1560 in
446 1526 602 1561 natione
622 1531 807 1561 statutum
831 1524 902 1560 fuit
926 1539 943 1559 (ι
964 1524 1067 1574 quod
1088 1525 1251 1574 quilibet
1273 1526 1455 1574 magister
1474 1524 1523 1561 de
1540 1537 1639 1561 novo
1658 1525 1859 1575 incipiens,
1878 1526 1951 1562 nisi
1972 1526 2189 1574 juramento

266 1595 451 1644 praestito
463 1594 727 1643 impotentiam
742 1592 917 1630 solvendi
931 1600 969 1629 et
983 1601 1248 1644 paupertatem
1263 1594 1459 1644 allegaret,
1474 1607 1543 1643 pro
1557 1594 1711 1643 bejanz'a
1726 1607 1794 1630 sua
1810 1608 1826 1629 »
1841 1607 1906 1630 seu
1923 1609 1939 1629 c<
1955 1608 2024 1644 pro
2038 1595 2189 1644 bejanio

265 1664 444 1700 introitus
467 1662 514 1699 ad
534 1663 695 1713 primam
719 1663 1061 1712 congregationem
1085 1678 1102 1698 ³>
1130 1664 1226 1709 (302,
1249 1665 1308 1710 21)
1323 1677 1440 1700 unum
1462 1663 1649 1700 florenum
1671 1665 1815 1700 nationi
1831 1664 1980 1701 solvere
1994 1672 2191 1701 teneretur

265 1715 432 1779 (84,¹15).
464 1731 580 1782 ldque
607 1738 793 1769 statutum
819 1732 1065 1769 observatum
1098 1746 1184 1769 esse
1212 1733 1398 1783 plurimae
1425 1733 1537 1782 hujus
1560 1733 1766 1770 voluminis
1793 1735 1956 1783 paginae
1983 1734 2191 1771 ostendunt

265 1804 311 1849 (e.
335 1814 374 1852 g.
402 1802 482 1843 153,
507 1802 572 1843 25;
602 1802 682 1844 173,
711 1802 773 1844 18;
799 1802 883 1844 211,
913 1803 982 1846 17),
1006 1803 1231 1851 praesertim
1252 1815 1310 1838 an.
1340 1803 1447 1847 1369,
1474 1815 1549 1852 quo
1573 1811 1816 1853 procurator,
1836 1804 1996 1852 jubente
2021 1805 2188 1847 natione,

265 1884 386 1908 novos
409 1871 613 1920 magistros
638 1871 838 1920 requisivit
862 1885 878 1906 «
898 1879 938 1908 ut
955 1873 1084 1908 statim
1106 1871 1342 1922 praedictum
1350 1872 1575 1921 J'aczmdum
1593 1874 1791 1909 introitum
1815 1873 2020 1916 solverent,
2044 1874 2192 1911 scilicet

266 1939 314 1976 ad
345 1941 543 1976 minimum
570 1953 687 1976 unum
712 1940 901 1984 francum,
935 1941 1005 1977 sub
1032 1954 1157 1991 poena
1182 1942 1316 1978 statuti
1341 1941 1444 1991 quod
1467 1941 1687 1990 juraverant
1716 1955 1868 1979 servare
1892 1943 2191 1980 consuetudines

265 2010 447 2053 nationis,
468 2022 628 2058 quarum
646 2010 719 2046 ista
739 2017 799 2046 est
814 2023 888 2046 una
903 2024 937 2053 2),
961 2011 1021 2047 sin
1041 2012 1165 2047 minus
1184 2012 1354 2060 ipsorum
1368 2024 1483 2047 voces
1505 2012 1542 2046 in
1559 2013 1714 2048 natione
1731 2025 1808 2048 non
1827 2011 2050 2049 audirentur
2068 2026 2192 2063 neque

266 2078 313 2115 ad
338 2078 493 2128 aliquod
517 2078 686 2115 officium
713 2080 880 2116 nationis
907 2080 967 2116 vel
991 2079 1291 2117 emolumentum
1315 2079 1609 2117 admitterentur
1629 2081 1713 2123 333,
1747 2081 1821 2128 12);
1847 2094 1907 2118 an.
1939 2083 2043 2125 1378,
2067 2085 2192 2119 nomi-

265 2155 405 2184 nantur
419 2148 465 2183 23
479 2148 650 2197 magistri
666 2149 730 2198 qui
745 2149 857 2185 simul
868 2148 1039 2198 jucundo
1058 2150 1215 2186 introitu
1232 2162 1274 2186 se
1290 2148 1514 2193 liberarunt,
1532 2157 1573 2186 ut
1587 2151 1693 2199 virga
1710 2151 1875 2187 nationis
1893 2159 1979 2200 apta
1996 2160 2192 2201 pararetur

269 2218 378 2263 (555).
672 2210 675 2213 ’

315 2286 500 2322 Francum
515 2285 575 2322 vel
589 2285 777 2323 florenum
791 2286 850 2323 vel
863 2295 1013 2323 scutum
1030 2301 1160 2330 unum,
1176 2287 1279 2337 quod
1293 2287 1428 2325 eodem
1441 2290 1623 2338 pertinet,
1638 2288 1787 2326 solvere
1803 2291 1840 2325 in
1855 2291 2010 2327 natione
2027 2304 2108 2327 mos
2122 2291 2192 2328 fuit

266 2355 417 2404 quoties
434 2356 617 2404 magister
634 2355 796 2405 quilibet
812 2355 860 2392 ad
874 2355 1042 2393 officium
1059 2356 1329 2407 quodcumque
1339 2357 1565 2407 eligeretur3
1583 2365 1763 2395 sexcenta
1780 2359 1882 2396 illius
1901 2360 2191 2397 consuetudinis

265 2425 433 2461 inveniet
459 2425 491 2460 si
523 2426 610 2474 quis
643 2424 750 2461 locos
782 2425 983 2476 collegerit
1012 2425 1077 2462 ubi
1111 2439 1232 2462 novus
1262 2434 1487 2476 procurator
1522 2428 1701 2471 nationis,
1737 2436 1928 2478 receptor,
1957 2431 2192 2466 examinator

267 2493 304 2530 S.
335 2492 562 2535 Genovefae,
597 2495 753 2531 nuntius
782 2496 820 2530 in
849 2495 953 2531 curia
987 2497 1155 2532 Romana
1186 2495 1369 2546 suffragio
1396 2504 1717 2547 congregatorum
1745 2497 1970 2548 designatus
1995 2506 2066 2535 est.
2108 2500 2191 2547 Quo

307 2644 334 2672 1.
380 2642 432 2672 Sic
451 2653 500 2673 an.
528 2644 606 2674 1359
623 2644 775 2674 scholaris
798 2644 952 2684 hospitem
981 2655 1081 2680 suum,
1110 2651 1172 2675 tum
1283 2645 1451 2682 Genovefa,
1470 2647 1487 2676 2
1506 2647 1601 2676 franci
1621 2658 1671 2687 ap,
1690 2647 1727 2678 N.
1747 2648 1909 2678 Dominam
1927 2649 2060 2679 citantur
2080 2649 2191 2690 (Clear-

268 2691 453 2728 debitorem,
475 2692 690 2733 fidejussorem
716 2703 774 2733 pro
796 2694 901 2724 bursis
923 2694 1063 2724 licentiae
1085 2695 1174 2734 ponit
1283 2698 1349 2731 tul„
1366 2695 1406 2731 11,
1426 2707 1456 2736 p.
1473 2697 1544 2731 676,
1559 2703 1622 2726 not.
1646 2697 1686 2736 6).

265 2740 346 2780 (244,
362 2741 403 2780 2).
1321 2745 1351 2774 3.
1395 2744 1466 2774 Vid.
1497 2747 1645 2780 Char-ml„
1676 2746 1715 2781 ll,
1746 2756 1776 2785 p.
1802 2747 1860 2775 682
1878 2746 1948 2786 (17).
1965 2747 2078 2777 —An.
2101 2749 2189 2784 1342,

304 2790 334 2819 2.
383 2790 550 2820 Praeterea
569 2791 686 2831 aliquid
703 2801 761 2831 pro
785 2792 985 2822 straminibus
1007 2793 1056 2822 vel
1078 2792 1174 2822 herba
1283 2793 1435 2823 scholaris
1448 2795 1584 2834 quintum
1607 2795 1730 2824 bursam
1750 2795 1863 2824 rectori
1882 2796 2014 2825 debitam
2038 2803 2188 2831 numerat,

264 2838 378 2868 clerico
395 2846 445 2870 aut
461 2840 549 2870 alteri
566 2841 711 2870 servitori
731 2841 907 2870 cancellarii
923 2841 999 2881 (sive
1019 2842 1050 2871 S.
1073 2842 1173 2871 Geno-
1282 2849 1327 2878 et,
1347 2843 1494 2873 dilatione
1513 2854 1571 2883 pro
1587 2850 1732 2883 quattuor
1755 2844 1884 2873 caeteris
1900 2855 2065 2881 concessa,
2087 2847 2191 2876 taber-

264 2887 444 2923 vesae;sive
463 2889 500 2918 N.
520 2889 680 2929 Dominae)
691 2890 877 2919 licentiaturi
893 2892 1034 2920 conferre
1048 2891 1174 2931 permit-
1282 2891 1400 2921 narium
1433 2892 1620 2933 Richgerum
1646 2893 1846 2922 Alamannum
1868 2893 2080 2934 fidejussorem
2103 2895 2191 2935 ponit

264 2937 418 2966 tebantur.
436 2936 574 2968 Variavit
596 2948 631 2968 ea
655 2938 844 2968 contributio
860 2939 897 2968 :2
915 2939 964 2970 vel
979 2940 997 2969 4
1015 2940 1072 2970 sol.
1092 2940 1122 2969 in
1138 2940 1171 2970 S.
1281 2940 1342 2980 (55,
1364 2941 1424 2981 22).

347 2990 461 3010 Auenti-m
472 2990 596 3012 cta-reuma
607 2991 695 3012 Univen.
706 2992 774 3013 Paris.
782 3002 810 3008 —
820 2991 836 3012 1.
2098 3005 2111 3023 8
