2632 3464
0 2630 11 2744 *uvat-”5
0 2520 7 2608 --.‹.‹-w
0 2478 5 2482 “
0 2425 3 2434 Α*
0 2378 5 2388 ¹
0 2324 7 2347 „w

258 456 312 483 913
770 453 883 480 LIBER
903 451 1217 480 PROCURATORUM
1238 451 1418 477 NATIONIS
1437 452 1681 477 ANGLICANAE
2133 449 2184 476 914

686 530 784 560 14⁰5

260 591 413 644 (Vol-¹84¹
429 600 454 644 ¹²)
490 603 581 635 Acta
618 602 656 633 in
695 600 959 642 procuratoris
1001 599 1171 640 magistri

462 651 618 699 Heznrici
659 651 703 681 de
744 650 968 681 Dintheren.

301 725 395 755 Facta
429 723 677 764 congregacione
712 722 851 752 nacionis
888 720 1061 761 Anglicane
1090 721 1172 760 apud

261 774 413 804 Sanctum
423 773 578 803 lulianum
593 780 772 812 pauperem,
786 781 867 800 anno
882 779 944 810 quo
959 779 1064 809 supra,
1079 768 1172 799 XVl‘·

260 822 460 858 Decembris,
478 831 575 862 super
593 821 695 851 tribus
716 820 866 850 articulis.
893 819 1030 856 Quorum
1050 819 1171 859 primus

261 877 329 903 erat
345 873 385 901 ad
401 871 578 911 eligendum
606 880 719 900 novum
737 875 984 910 procuratorem,
1010 869 1056 897 2¹¹·
1078 877 1173 907 super

260 920 548 961 supplicationibus
565 925 601 949 et
612 919 747 959 injuriis,
762 925 792 948 et
806 918 916 948 tertius
933 918 971 947 ad
987 917 1172 946 audiendum

261 976 436 1010 compotum
457 969 641 1009 recepturis.
663 968 817 1006 Quantum
839 968 876 996 ad
902 967 1036 1007 primum
1058 966 1173 996 articu-

261 1018 325 1048 lum
341 1018 459 1049 clectus
477 1017 534 1048 fuit
551 1017 751 1047 concorditer
770 1017 802 1046 in
823 1021 1056 1056 procuratorem
1074 1015 1174 1055 magi-

261 1073 327 1097 ster
341 1066 509 1096 Heinricus
527 1067 566 1096 de
585 1066 768 1096 Dintheren.
787 1065 941 1103 Quantum
954 1065 991 1094 ad
1001 1065 1042 1093 2¹³
1054 1064 1172 1104 suppli-

261 1116 342 1147 cavit
353 1122 541 1157 procurator
556 1115 729 1156 precedens
742 1115 888 1155 quatinus
903 1114 935 1144 in
948 1114 1024 1143 actis
1031 1123 1090 1153 per
1104 1123 1172 1143 eum

260 1165 428 1196 habemur
458 1171 567 1205 gratus
597 1171 628 1194 et
658 1170 797 1199 aventus,
823 1170 854 1193 et
884 1162 951 1203 ejus
981 1162 1173 1203 supplicacio

260 1214 397 1244 admissa
411 1214 478 1244 fuit.
496 1213 536 1244 Et
549 1214 589 1243 ad
605 1213 728 1243 tertium
752 1213 808 1242 suit
823 1218 985 1252 compotus
999 1211 1173 1252 receptoris

260 1263 374 1293 dilatus
390 1273 448 1303 pro
461 1263 603 1303 proxima
617 1262 876 1302 congregacione.

301 1312 393 1342 Facta
404 1311 653 1352 congregacione
666 1311 806 1341 nacionis
824 1311 906 1350 apud
917 1310 1062 1340 Sanctum
1075 1309 1172 1339 Matu-

261 1361 363 1391 riuum
386 1371 467 1390 anuo
490 1371 553 1400 quo
574 1370 681 1400 supra,
706 1359 835 1390 xxvu·
859 1359 1059 1396 Decembris,
1078 1369 1174 1398 super

261 1411 383 1440 duobus
399 1409 550 1440 articulis.
573 1409 699 1440 Primus
719 1415 785 1438 erat
805 1409 843 1438 ad
862 1408 1047 1438 audiendum
1072 1408 1173 1437 minu-

262 1466 335 1494 tam,
358 1459 549 1488 mensionem
573 1458 734 1488 facientem
760 1459 798 1487 de
823 1457 915 1486 domo
939 1458 981 1486 ad
1003 1459 1172 1496 ymaginem

261 1515 360 1537 nostre
376 1509 504 1537 Domine
520 1507 581 1537 sita
595 1507 626 1536 in
639 1507 708 1536 vico
723 1506 876 1542 Brunelli,
893 1516 1043 1535 concessa
1057 1511 1087 1535 et
1104 1507 1173 1535 data

268 1557 430 1587 Bomundo
448 1556 571 1586 bedello
592 1556 733 1586 nacionis
754 1556 792 1585 ad
809 1554 875 1595 ejus
892 1555 984 1584 vitam
1004 1556 1172 1584 secundum

262 1613 400 1636 tenorem
416 1605 506 1635 litere
520 1605 705 1646 principalis
719 1605 791 1634 inde
809 1605 957 1634 confecte.
977 1604 1043 1642 Que
1058 1604 1174 1634 minuta

261 1665 320 1695 per
340 1655 506 1695 deputatos
522 1654 663 1684 nacionis
687 1654 810 1684 visitata
827 1660 858 1683 et
878 1653 1042 1683 reformata
1058 1653 1174 1693 placuit

265 1703 388 1734 nacioni
404 1703 436 1734 in
455 1704 563 1739 forma,
580 1709 673 1743 prout
688 1703 719 1732 in
737 1703 865 1732 nacione
881 1708 947 1732 erat
962 1702 1050 1732 lecta.
1068 1702 1173 1731 Eciam

264 1753 424 1783 consensit
443 1753 532 1782 nacio
551 1753 635 1793 quod
656 1752 795 1792 predicta
810 1751 926 1781 minuta
943 1751 1174 1791 ingrossaretur

262 1807 293 1832 et
306 1801 500 1842 sigillaretur
511 1811 624 1841 magno
639 1801 745 1841 sigillo
757 1800 909 1830 nacionis.
925 1800 1087 1830 Secundus
1102 1800 1174 1829 arti-

262 1850 351 1881 culus
385 1850 441 1880 fuit
469 1860 566 1891 super
594 1849 881 1891 supplicacionibus
912 1855 943 1879 et
970 1848 1104 1888 injuriis.
1135 1849 1174 1879 Et

263 1899 452 1940 supplicavit
459 1899 605 1929 dominus
617 1905 762 1938 receptor
777 1898 916 1928 nacionis
927 1898 1072 1938 quatinus
1085 1898 1174 1927 nacio

267 1948 457 1988 provideret,
476 1954 510 1978 ut
527 1947 579 1978 ille
596 1954 774 1988 coopertor,
794 1947 847 1987 qui
868 1947 1029 1987 cooperuit
1050 1948 1172 1977 domum

261 1998 305 2027 ad
328 1998 499 2036 ymaginem
523 2004 624 2026 nostre
651 1998 778 2026 Domine
803 1996 988 2036 predictam,
1011 1996 1174 2036 persolve-

262 2052 359 2082 retur.
387 2045 436 2076 cui
462 2045 552 2075 uacio
580 2046 713 2075 debebat
738 2045 838 2075 adhuc
867 2045 1004 2085 quinque
1038 2046 1172 2079 francos,

261 2101 378 2125 attento
393 2095 478 2134 quod
495 2094 639 2124 dominus
661 2101 806 2134 receptor
822 2094 933 2124 multas
954 2094 1100 2133 pecunias
1118 2104 1173 2123 na-

262 2144 344 2174 cioni
368 2143 536 2179 concessit,
555 2149 585 2173 et
606 2143 707 2173 nullas
729 2143 911 2183 recepisset.
935 2142 974 2172 Et
993 2143 1174 2173 deliberavit

262 2192 350 2223 nacio
374 2193 457 2222 circa
480 2192 538 2222 hoc
562 2198 596 2222 ut
617 2198 817 2222 monerentur
838 2192 996 2222 debitores
1020 2192 1171 2223 nacionis.

261 2241 382 2272 scilicet
397 2241 546 2281 magister
559 2240 694 2271 Jacobus
709 2241 747 2270 de
762 2241 904 2270 Haerlem
921 2247 951 2270 et
964 2241 1028 2276 alii,
1043 2247 1073 2270 et
1089 2242 1172 2281 quod

262 2290 326 2321 illis
343 2290 484 2330 pecuniis
500 2290 665 2320 satisfieret
679 2290 856 2329 coopertori
872 2290 1023 2330 predicto.

669 2383 767 2413 1406

261 2455 352 2486 Acta
397 2455 432 2485 in
474 2454 739 2495 procuratoris
781 2454 947 2495 magistri
990 2454 1171 2484 Johannis

582 2505 625 2533 de
671 2503 844 2533 Colonia.

302 2583 394 2615 Facta
431 2585 678 2625 congregacione
711 2584 851 2614 nacionis
884 2583 1055 2624 Anglicane
1090 2585 1170 2624 apud

262 2634 408 2664 Sanctum
423 2633 611 2663 Maturinum
631 2643 712 2663 anno
731 2643 793 2673 quo
810 2633 982 2662 immediate
998 2642 1103 2672 supra,
1122 2633 1171 2662 die

261 2682 428 2712 tredecima
459 2683 576 2712 mensis
600 2682 749 2718 Januarii,
777 2692 872 2722 super
895 2682 995 2711 tribus
1019 2681 1168 2711 articulis.

262 2731 401 2768 Quorum
418 2731 539 2771 primus
556 2737 623 2761 erat
639 2732 677 2760 ad
695 2731 871 2771 eligendum
891 2741 1001 2760 novum
1022 2740 1171 2770 procura-

261 2786 377 2815 torem;
396 2780 443 2809 2·-
459 2789 555 2820 super
567 2780 851 2820 supplicacionibus
863 2786 892 2809 et
907 2779 1046 2819 injuriis;
1061 2779 1170 2809 tertius

261 2829 300 2858 ad
328 2828 513 2858 audiendum
541 2835 715 2868 compotum
742 2829 924 2868 receptoris.
955 2829 1107 2865 Quantum
1133 2829 1170 2857 ad

262 2877 394 2917 primum
414 2877 612 2908 concorditer
626 2877 742 2907 electus
764 2884 830 2907 erat
849 2877 996 2917 magister
1014 2877 1170 2907 Johannes

262 2925 411 2956 Stummel
430 2926 468 2955 de
493 2925 623 2956 Colonia
648 2926 679 2956 in
700 2933 943 2966 procuratorem.
961 2926 1114 2964 Quantum
1133 2927 1169 2955 ad

260 2976 301 3005 2¹·
328 2974 514 3015 supplicavit
540 2981 723 3014 procurator
749 2976 920 3015 precedens
948 2981 979 3005 ut
1006 2975 1171 3005 haberetur

350 3028 464 3048 Aves-riu-
476 3027 600 3049 shenulnn'i'
610 3028 698 3049 Um'nn.
710 3029 776 3049 P-ria.
787 3039 812 3044 —
822 3027 839 3049 1.

1210 971 1244 997 ’10

1214 1217 1244 1243 15

1211 1463 1244 1488 20

1211 1707 1244 1733 25

1211 1952 1245 1978 30

1210 2198 1244 2223 35

1210 2442 1243 2468 40

1209 2687 1242 2712 45

1208 2931 1242 2957 50

1279 533 1386 566 gratus
1402 533 1473 560 etc.‚
1486 533 1516 555 et
1530 537 1679 556 concessa
1695 532 1760 555 erat
1772 526 1967 565 supplicatio.
1984 526 2056 556 ltem
2069 525 2188 565 suppli-

1279 574 1360 604 cavit
1383 575 1532 614 magister
1549 575 1707 604 Johannes
1728 574 1855 604 Derlinc
1874 584 1931 614 pro
1951 575 2117 614 deputatis,
2135 574 2187 614 qui

1280 634 1384 653 secum
1403 624 1524 653 adirent
1545 624 1701 653 dominum
1725 624 1905 663 episcopum
1927 623 2187 653 Silvanectensem

1280 673 1318 702 ad
1341 673 1515 702 habendum
1539 673 1650 703 bursas
1675 673 1706 702 in
1729 673 1880 706 Sarbona,
1903 678 1932 701 et
1956 682 2102 701 concessa
2125 679 2189 701 erat

1280 722 1472 762 supplicacio
1507 732 1572 751 sua.
1611 721 1764 759 Quantum
1798 722 1835 750 ad
1872 721 2011 756 tertium,
2046 722 2190 750 dominus

1281 778 1424 811 receptor
1443 771 1582 800 nacionis
1600 771 1739 810 predicte
1758 770 1956 810 computavit,
1973 777 2003 799 et
2022 770 2191 799 habebatur

1281 826 1442 860 compotus
1461 830 1536 850 suus
1551 826 1670 860 gratus,
1688 826 1717 850 et
1733 821 1810 849 bene
1828 820 1941 859 placuit
1956 819 2088 848 nacioni.

1322 869 1414 899 Facta
1444 869 1690 910 congregacione
1725 869 1864 898 nacionis
1903 868 2074 908 Anglicane
2109 869 2189 908 apud

1283 918 1427 948 Sanctum
1449 918 1635 948 Maturinum
1653 928 1734 947 auno
1755 928 1817 958 quo
1838 927 1944 958 supra,
1969 917 2086 947 decima
2110 927 2189 946 nona

1281 967 1332 997 die
1345 967 1495 1002 Januarii,
1512 967 1588 997 hora
1601 968 1633 997 8·
1647 977 1743 1006 super
1759 967 1880 996 duobus
1899 966 2048 996 articulis.
2067 966 2191 996 Primus

1282 1023 1347 1046 erat
1364 1017 1402 1046 ad
1419 1017 1597 1046 avisandum
1614 1017 1688 1056 quid
1700 1017 1851 1056 agendum
1864 1021 1947 1045 esset
1962 1025 2019 1055 per
2031 1015 2190 1044 nacionem

1282 1066 1313 1095 in
1333 1067 1412 1095 sacto
1437 1065 1567 1095 ecclesie
1588 1065 1792 1105 parrochialis
1818 1065 2000 1094 Sanctorum
2024 1065 2136 1094 Cosme
2163 1071 2192 1093 et

1283 1115 1434 1150 Damiani.
1452 1125 1512 1155 que
1533 1121 1664 1154 protunc
1679 1115 1806 1143 vacabat
1825 1124 1882 1154 per
1898 1120 2027 1143 mortem
2052 1114 2191 1153 magistri

1281 1164 1431 1195 Johannis
1447 1163 1573 1199 Rotelli,
1597 1170 1627 1193 et
1648 1164 1686 1192 ad
1708 1163 1957 1193 concordandum
1980 1163 2146 1202 magistros
2164 1163 2191 1192 si

1282 1220 1387 1243 essent
1404 1213 1511 1253 plures
1531 1213 1562 1242 in
1580 1212 1708 1242 nacione
1725 1212 1777 1252 qui
1802 1212 1979 1252 supplicare
1997 1212 2122 1246 vellent,
2145 1212 2191 1240 sic

1282 1263 1365 1303 quod
1383 1273 1462 1292 unus
1480 1262 1604 1292 cederet
1618 1262 1718 1291 alteri.
1735 1262 1782 1290 2=··
1797 1267 1862 1290 erat
1875 1271 1970 1300 super
1988 1260 2191 1300 supplicacio-

1282 1312 1374 1342 nibus
1390 1318 1420 1341 et
1437 1311 1572 1351 injuriis.

1323 1361 1475 1398 Quantum
1500 1361 1537 1389 ad
1555 1359 1686 1399 primum
1707 1359 1821 1399 placuit
1840 1359 1960 1388 nacioni
1978 1360 2052 1388 dare
2073 1369 2191 1398 propo-

1282 1416 1416 1444 nentem,
1437 1416 1468 1439 et
1490 1409 1575 1438 dedit
1597 1408 1779 1448 magistrum
1802 1407 1995 1437 Gherardum
2022 1407 2189 1442 Dumhere,

1282 1459 1334 1499 qui
1358 1459 1485 1488 haberet
1504 1458 1588 1498 loqui
1606 1458 1637 1486 in
1660 1457 1866 1487 Universitate
1887 1467 1923 1486 ex
1946 1463 2031 1496 parte
2052 1456 2191 1486 nacionis

1281 1518 1340 1548 pro
1353 1508 1412 1538 ista
1425 1507 1557 1537 ecclesia
1567 1507 1706 1547 predicta
1715 1513 1744 1536 et
1761 1506 1901 1535 colorare
1915 1507 2024 1535 factum
2036 1506 2188 1539 nacionis,

1282 1563 1312 1586 et
1329 1556 1543 1596 principaliter
1563 1566 1600 1585 ex
1619 1561 1706 1595 parte
1724 1555 1863 1584 nacionis
1885 1554 2010 1583 haberet
2033 1555 2191 1583 nominare

1282 1612 1312 1636 et
1328 1606 1579 1635 recommendare
1595 1604 1775 1643 magistrum
1799 1603 1946 1632 Thomam
1968 1604 2006 1632 de
2027 1603 2190 1636 Kracovia‚

1282 1665 1369 1684 sacre
1394 1653 1550 1694 theologie
1575 1654 1783 1693 professorem
1808 1658 1837 1681 et
1858 1653 2029 1686 doctorem.
2053 1652 2192 1691 predicte

1283 1703 1421 1733 nacionis
1433 1702 1640 1743 suppositum.
1651 1708 1682 1731 et
1697 1701 1796 1730 minus
1811 1701 2024 1740 principaliter
2036 1701 2107 1730 etin
2119 1711 2191 1730 casu

1282 1752 1438 1782 discordie
1461 1758 1490 1781 et
1511 1762 1573 1791 quo
1591 1761 1653 1780 non
1672 1757 1779 1790 posset
1796 1751 1946 1790 prolicere
1968 1759 2025 1789 pro
2049 1749 2121 1789 (F'ol.
2142 1751 2191 1788 85)

1282 1802 1423 1842 predicto
1447 1801 1612 1840 magistro,
1639 1800 1766 1829 haberet
1795 1799 1952 1828 nominare
1982 1798 2189 1832 Bomundum,

1283 1850 1476 1891 superiorem
1490 1849 1643 1879 bedellum
1657 1848 1796 1878 nacionis
1810 1848 1960 1887 predicte.

1323 1900 1475 1937 Quantum
1501 1899 1538 1928 ad
1563 1899 1603 1927 2¹¹¹
1632 1897 1792 1927 articulum
1822 1896 2008 1936 supplicavit
2033 1896 2192 1936 predictus

1282 1948 1430 1989 magister
1451 1947 1584 1977 Thomas
1606 1947 1750 1986 quatinus
1771 1946 1859 1975 nacio
1882 1945 1974 1975 vellet
1997 1945 2138 1974 laborare
2160 1945 2190 1974 in

1283 1997 1491 2027 Universitate
1506 2006 1564 2036 pro
1582 1996 1651 2035 ipso
1669 1996 1706 2024 ad
1725 1995 1897 2024 habendum
1914 1994 2083 2034 predictum
2100 1994 2191 2022 bene-

1283 2047 1395 2081 ficium,
1408 2052 1438 2075 et
1453 2055 1601 2074 concessa
1615 2051 1680 2074 erat
1697 2043 1887 2084 supplicacio
1899 2053 1964 2072 sua.
1978 2043 2052 2072 ltem
2069 2042 2191 2082 suppli-

1283 2095 1362 2125 cavit
1381 2095 1539 2135 predictus
1558 2094 1738 2123 Bomundus
1759 2093 1902 2132 quatinus
1925 2098 1995 2131 post
2018 2091 2188 2131 predictum

1283 2144 1462 2184 :nagistrum
1485 2142 1631 2172 Thomam
1652 2142 1739 2171 nacio
1756 2141 1848 2171 vellet
1868 2141 2007 2170 laborare
2026 2150 2083 2180 pro
2107 2140 2189 2180 ipso,

1282 2199 1312 2222 et
1326 2203 1476 2222 concessa
1496 2197 1560 2221 erat
1578 2191 1769 2231 supplicacio
1788 2201 1853 2220 sua.

1691 2283 1788 2313 1408

1391 2357 1638 2387 Continuacio
1681 2355 1850 2395 magistri
1896 2354 2078 2384 Johannis

1508 2405 1683 2435 Stummel
1714 2405 1756 2433 de
1787 2404 1958 2433 Colonia.

1322 2487 1412 2516 Facta
1431 2485 1677 2525 congregacione
1694 2484 1831 2513 nacionis
1848 2483 2016 2523 Anglicanc
2033 2493 2112 2511 anno
2127 2493 2189 2522 quo

1280 2545 1375 2575 supra
1400 2534 1572 2564 immediate
1603 2534 1683 2573 apud
1712 2533 1854 2562 Sanctum
1884 2532 2068 2561 Maturinum
2101 2531 2181 2560 inter

1281 2584 1440 2624 septimam
1455 2589 1484 2613 et
1496 2584 1537 2612 8²·
1553 2583 1644 2612 horas
1659 2592 1752 2622 super
1765 2582 1885 2611 duobus
1900 2580 2046 2610 articulis.
2061 2580 2183 2610 Primus

1280 2639 1344 2663 erat
1359 2633 1395 2662 ad
1417 2632 1591 2672 eligendum
1609 2642 1720 2661 novum
1740 2637 1970 2671 procuratorem
1992 2629 2039 2658 vel
2057 2630 2094 2657 ad
2111 2639 2188 2658 con-

1280 2682 1458 2712 tinuandum
1470 2681 1638 2720 antiquum.
1658 2680 1696 2709 Et
1714 2680 1908 2709 continuatus
1924 2684 1988 2707 erat
2007 2684 2190 2717 procurator

1280 2731 1435 2770 antiquus.
1455 2730 1501 2758 2²·
1518 2736 1583 2758 erat
1601 2739 1695 2768 super
1709 2727 1992 2767 supplicacionibus
2009 2733 2037 2755 et
2053 2725 2186 2766 injuriis.

1283 2779 1319 2809 Et
1339 2778 1524 2819 supplicavit
1546 2778 1624 2807 idem
1650 2783 1832 2817 procurator
1855 2775 2000 2815 quatinus
2023 2775 2189 2804 haberetur

1279 2834 1386 2868 gratus
1399 2834 1429 2857 et
1439 2834 1576 2861 avoatus,
1592 2833 1621 2855 et
1634 2836 1780 2855 com-essa
1795 2831 1858 2854 erat
1873 2835 1926 2853 sua
1944 2824 2144 2863 supplicacio.

1322 2877 1411 2906 Facta
1429 2875 1674 2915 congregacione
1690 2874 1828 2903 nacionis
1846 2873 2013 2910 Anglicanc
2030 2883 2109 2901 anno
2126 2883 2187 2912 quo

1281 2936 1374 2965 supra
1391 2925 1572 2958 immediate,
1586 2924 1634 2952 die
1651 2925 1698 2952 16Ι
1711 2921 2009 2957 ιιιυηείειῆ”ε1)ιίιιι“ἰὶ,
2022 2921 2053 2951 in
2065 2922 2096 2951 8·
2113 2921 2186 2950 liora

1281 2975 1360 3014 apud
1380 2975 1522 3003 Sanctum
1534 2972 1686 3002 lulianum
1702 2981 1866 3011 pauperem
1883 2980 1977 3010 super
1985 2971 2106 2999 duobus
2117 2970 2186 2999 arti-

2067 3023 2093 3041 :a
