2632 3464
269 439 319 467 1⁴1

288 517 382 546 Item
406 517 469 546 Leo
493 517 531 546 de
554 515 709 546 Arnheem
733 516 791 544 sub
819 514 939 548 eodem,
966 512 1054 552 eujus
1081 514 1177 542 bursa

265 565 372 596 nichil.
392 564 514 595 Solvit⁴
537 575 618 595 anno
634 565 674 594 62
689 573 794 593 mense
811 562 952 592 Octobri.

307 615 382 644 Item
413 614 557 644 dominus
582 613 772 643 ·-Ghernrdus
799 611 905 641 Wilde
936 612 994 641 sub
1025 611 1176 651 magistro

265 663 459 694 Theoderico
477 664 516 693 de
535 662 711 697 Holhndia,
734 660 822 700 cujus
843 661 938 690 bursa
957 660 1094 700 quinque
1115 659 1173 689 sol.

306 712 532 743 Itemdominus
537 710 724 741 wilhelmus
732 710 834 740 dictus
841 709 980 750 Cogman
988 710 1046 738 sub
1054 709 1174 743 eodem,

264 761 352 802 cujus
369 762 465 791 bursa
480 761 617 801 quinque
634 759 738 790 solidi.

307 811 382 841 Item
411 809 664 840 idemdominus
698 807 888 838 Wilhelmus
928 807 1116 847 supplicavit
1145 807 1176 836 in

265 859 394 889 nacione
415 865 567 898 quatenus
593 858 632 886 de
652 857 812 887 solucione
835 856 1043 896 predictarum
1065 857 1177 885 bursa-

264 918 332 939 rum
356 907 445 938 nacio
471 907 656 936 concederet
678 906 738 935 sibi
766 906 948 940 terminum,
982 905 1062 934 infra
1085 914 1176 944 quem

265 963 373 998 posset
387 956 510 987 solvere
525 955 578 985 tali
598 955 782 985 condicione
798 953 927 994 adjecta,
948 955 1032 994 quod
1053 954 1079 984 si
1097 954 1178 983 infra

265 1006 437 1046 predictum
455 1004 619 1035 terminum
641 1014 704 1034 non
726 1004 930 1039 satisfaceret,
956 1003 1177 1033 determinacio

265 1065 321 1085 sna
350 1054 434 1084 nulla
458 1060 543 1084 esset
570 1059 720 1094 reputata.
746 1053 787 1083 Et
814 1052 956 1093 magistri
981 1052 1179 1082 concorditer

264 1103 350 1134 nullo
361 1103 546 1134 reclamante
559 1102 723 1132 terminum
737 1112 837 1142 usque
855 1103 893 1131 ad
906 1101 1093 1142 quindenam
1106 1107 1179 1142 post

264 1154 375 1183 festum
389 1152 510 1182 Pasche
525 1152 874 1182 eidemconcesserunt.

306 1202 381 1232 Item
403 1201 547 1231 dominus
565 1200 692 1230 Brixius
713 1201 750 1230 de
770 1200 921 1230 Dumfriis
941 1201 979 1230 de
995 1200 1103 1229 Scocia
1120 1200 1177 1229 sub

265 1251 415 1291 magistro
431 1249 558 1280 Galtero
571 1249 753 1285 Wardelau,
771 1248 858 1289 cujus
873 1250 967 1278 bursa
982 1248 1088 1278 nichil.

413 1331 502 1362 Item
530 1330 678 1360 nomina
704 1329 1041 1359 licenciandorum.

305 1397 412 1427 Primo
431 1397 488 1427 fuit
506 1397 687 1426 licenciatus
705 1397 848 1426 dominus
867 1395 1056 1426 Wilhelmus
1076 1396 1178 1425 dictus

265 1447 403 1487 Cogman
414 1447 472 1476 sub
485 1445 634 1486 magistro
645 1445 840 1476 Theoderico
849 1446 887 1475 de
899 1445 1075 1480 Hollandia,
1089 1443 1177 1485 cujus

265 1496 359 1525 bursa
375 1495 512 1535 quinque
527 1494 632 1524 solidi.

305 1544 379 1574 Item
397 1544 541 1574 dominus
559 1543 736 1583 Nycholaus
752 1543 854 1572 dictus
870 1543 977 1572 Roede
996 1543 1177 1572 licenciatus

265 1593 322 1623 suit
335 1593 394 1623 sub
409 1593 559 1633 magistro
573 1592 748 1627 Dominico‚
766 1591 854 1632 cujus
872 1593 967 1621 bursa
982 1591 1054 1621 VIII
1071 1592 1175 1621 solidi.

306 1642 382 1672 Item
395 1642 540 1672 dominus
552 1641 741 1671 Wilhelmus
754 1641 856 1671 dictus
873 1641 1012 1681 Cogman
1029 1641 1179 1671 satisfecit

264 1691 420 1732 receptori
441 1692 479 1720 de
500 1691 642 1731 pecnnia,
662 1691 700 1720 de
721 1701 781 1730 qua
802 1690 891 1720 nacio
910 1700 967 1730 pro
990 1690 1179 1720 determina-

265 1740 354 1770 cione
371 1740 432 1770 sibi
444 1739 601 1770 concessit
615 1739 810 1769 dilacionem.

306 1789 381 1819 Item
412 1789 556 1819 dominus
586 1789 734 1829 Hilgerus
760 1789 799 1818 de
830 1788 961 1819 Colonia
998 1788 1178 1818 licenciatus

265 1838 322 1868 fuit
342 1839 401 1868 suh
421 1837 569 1878 magistro
590 1837 730 1868 Johanne
750 1838 789 1867 de
811 1837 952 1873 Colonia,
977 1837 1064 1877 cujus
1084 1838 1179 1867 bursa

265 1886 306 1917 Vl
322 1887 425 1917 solidi.

306 1936 380 1966 Item
396 1936 540 1966 dominus
556 1935 705 1976 Hilgerns
720 1935 881 1976 predictus
897 1937 935 1966 de
951 1935 1083 1966 Colonia
1098 1936 1179 1965 ince-

266 1986 312 2026 pit
331 1986 388 2015 sub
410 1985 518 2015 eodem
536 1985 686 2025 magistro
704 1985 844 2015 Johanne
865 1985 903 2015 de
925 1985 1068 2020 Colonia,
1091 1984 1179 2025 cujus

265 2035 360 2065 bursa
375 2034 415 2063 VI
437 2034 542 2064 solidi.

673 2126 771 2157 1850

267 2199 507 2239 [Procuratio
535 2199 705 2239 magistri
737 2199 885 2239 Hilgeri
912 2200 954 2230 de
984 2200 1176 2239 Colonia.]

307 2279 380 2320 (1701.
402 2281 440 2310 13
454 2279 479 2320 ¹²)
499 2279 590 2309 Anno
610 2279 734 2309 Domini
754 2267 785 2310 lii
805 2279 886 2310 CCC
907 2279 1176 2321 quinquagesimo,

265 2328 315 2358 die
331 2327 479 2358 veneris²
490 2335 560 2358 ante
574 2329 683 2358 festum
700 2328 886 2364 Palmarum,
907 2330 985 2359 facta
1005 2339 1180 2370 congrega-

266 2375 355 2405 cione
370 2375 510 2406 nacionis
526 2375 698 2416 Anglicane
711 2376 749 2405 ad
770 2375 915 2406 Sanctum
931 2376 1084 2406 sulianum
1102 2387 1179 2416 pau·

267 2434 371 2464 pei-em
387 2434 483 2464 super
497 2424 648 2454 electione
661 2425 875 2465 procuratoris
890 2425 1078 2461 ordinanda,
1097 2425 1179 2455 elec-

267 2479 317 2503 tus
337 2479 385 2503 est
404 2473 601 2503 concorditer
621 2473 652 2503 in
672 2480 905 2513 procuratorem
931 2474 1013 2504 dicte
1040 2475 1179 2505 nacionis

267 2522 415 2563 magister
436 2522 584 2563 Hilgerus
607 2523 646 2552 de
672 2523 803 2553 Colonia
828 2523 912 2553 nullo
934 2524 1059 2564 penitus
1079 2524 1180 2554 recla-

267 2577 379 2607 mante,
392 2571 423 2601 in
434 2570 522 2612 cujus
530 2572 754 2612 procuracione
764 2578 830 2602 acta
841 2579 913 2602 sunt
924 2583 983 2612 que
994 2580 1178 2613 sequuntur.

307 2620 414 2650 Primo
429 2620 545 2661 incepit
559 2621 703 2651 dominus
718 2621 875 2651 Johannes
891 2622 929 2651 de
948 2622 1103 2652 Kathenes
1121 2624 1179 2653 sub

267 2669 417 2710 magistro
440 2669 566 2700 Galtero
585 2671 624 2700 de
647 2669 832 2711 Wardelay‚
864 2670 951 2711 cujus
977 2672 1072 2702 bursa
1106 2671 1178 2702 VIII

268 2717 372 2749 solidi.
1174 2745 1175 2749 ,

309 2766 384 2798 Item
410 2767 555 2798 dominus
581 2767 715 2798 Thomas
738 2769 775 2798 de
806 2770 892 2799 Duns
920 2769 975 2799 snit
1000 2769 1180 2800 licenciatus

268 2817 326 2846 sub
341 2817 449 2846 eodem
466 2817 628 2857 magistro,
647 2816 734 2858 cujus
750 2818 843 2848 bursa
862 2817 900 2847 VI
917 2817 1023 2848 solidi.

300 2895 324 2920 1.
357 2894 513 2921 charactere
522 2897 670 2922 recentiori.

300 2931 324 2955 ².
360 2930 389 2956 1⁹
401 2931 499 2956 Martii.

301 2968 324 2991 ³.
360 2968 389 2991 1⁶
401 2967 506 3000 Aprilis.

767 439 880 466 LIBER
906 436 1220 465 PROCURATORUM
1245 436 1426 463 NATIONIS
1448 436 1693 462 ANGLICANAE

1215 958 1249 984 10

1217 1204 1249 1229 15

1215 1449 1250 1475 20

1216 1694 1250 1720 25

1217 1940 1251 1966 80

1217 2433 1251 2459 40

2143 437 2197 462 142

1326 511 1401 542 Item
1417 512 1560 541 dominus
1578 511 1773 540 Hermannus
1791 512 1829 541 de
1847 511 1969 541 Vesalia
1985 512 2040 541 fuit
2058 512 2200 542 licencia—

1285 567 1334 590 tus
1355 561 1412 590 sub
1431 560 1580 600 magistro
1597 560 1736 590 ⁷Iohanne
1759 561 1796 589 de
1818 560 1972 596 Wesalia,
1995 560 2083 600 cujus
2106 562 2199 590 bursa

1285 609 1391 640 nichil.
1539 639 1541 641 .

1326 658 1401 688 Item
1424 659 1566 688 dominus
1588 658 1741 687 Henricus
1764 659 1802 687 de
1826 658 1926 687 Hallis
1945 659 2125 688 licenciatus
2144 659 2200 688 suit

1286 708 1343 737 sub
1355 708 1504 747 magistro
1514 707 1654 737 Johanne
1666 708 1704 737 de
1716 707 1866 742 Wesafia,
1880 706 1967 747 cujus
1980 708 2075 737 bursa
2090 707 2197 737 nichil.

1328 756 1403 786 Item
1421 757 1564 787 dominus
1581 756 1763 786 Dechardus
1779 757 1817 786 de
1835 756 1963 786 Minden
1980 756 2036 786 fuit
2053 756 2200 787 licencia-

1286 812 1335 835 tus
1354 807 1411 835 sub
1427 806 1575 846 magistro
1590 806 1726 835 Henrico
1745 807 1782 834 de
1798 805 1937 835 Minden.

1328 855 1402 884 Item
1425 855 1505 884 idem
1527 855 1671 885 dominus
1697 854 1879 884 Dechardus
1903 855 2050 895 promisit
2077 855 2200 884 nacioni

1287 914 1342 933 sue
1355 914 1447 934 unum
1466 904 1615 934 florenum
1634 904 1712 934 infra
1732 904 1803 934 hinc
1823 910 1853 934 et
1871 905 1981 934 festum
1996 904 2078 934 beati
2094 904 2201 934 Remi-

1287 953 1331 993 gii
1347 953 1497 983 solvendo
1511 953 1586 994 (sic).

1696 1047 1793 1077 1350

1369 1118 1608 1157 [procuratio
1640 1118 1812 1159 magistri
1847 1118 2041 1148 Malcolini
2070 1120 2114 1148 de

1636 1168 1850 1206 Dunbrek.]

1327 1247 1418 1277 Anno
1442 1247 1566 1277 Domini
1589 1247 1752 1277 millesimo
1773 1248 1984 1278 tricentesimo
2006 1248 2201 1288 quinquage-

1287 1296 1378 1331 simo,
1398 1297 1447 1326 die
1460 1297 1584 1326 veneris
1598 1296 1610 1315 ³
1626 1297 1769 1336 proximo
1788 1303 1860 1336 post
1871 1298 1980 1327 festum
1992 1297 2158 1337 Tyhurtini
2172 1304 2201 1327 et

1287 1345 1454 1381 Valeriani,
1483 1346 1559 1375 facta
1584 1346 1832 1386 congregacione
1857 1346 1998 1376 nacionis
2028 1345 2200 1387 Anglicane

1287 1395 1325 1424 ad
1340 1395 1484 1424 Sanctum
1499 1395 1653 1424 ,lulianum
1672 1405 1840 1435 pauperem
1852 1405 1948 1435 super
1962 1395 2112 1425 electione
2128 1406 2199 1435 pro—

1287 1444 1439 1474 curatoris
1456 1444 1605 1479 facienda,
1618 1444 1734 1477 electus
1747 1444 1839 1474 estin
1855 1450 2086 1484 procuratorem
2102 1445 2200 1485 magi-

1287 1499 1352 1523 ster
1367 1493 1552 1522 Malcolinus
1565 1494 1603 1523 de
1617 1493 1767 1523 Dunhrek
1781 1493 1893 1523 Scotus
1903 1504 1921 1523 a
1933 1494 2092 1534 magistris
2103 1495 2200 1523 omni-

1287 1543 1346 1572 bus
1370 1542 1577 1577 concorditer,
1607 1542 1638 1572 in
1665 1541 1752 1581 cujus
1782 1543 2005 1582 procuracione
2031 1549 2097 1572 acta
2129 1549 2202 1573 sunt

1287 1601 1347 1631 que
1363 1598 1546 1631 sequuntur.

1328 1641 1363 1670 In
1381 1641 1490 1680 primis
1513 1641 1662 1681 magister
1679 1641 1833 1671 Henricus
1855 1642 1893 1670 de
1914 1641 2067 1671 Smalham
2089 1641 2201 1671 Scotus

1288 1690 1437 1720 satisfecit
1453 1690 1491 1719 de
1507 1690 1611 1720 bursis
1628 1690 1705 1726 suis,
1723 1690 1755 1719 in
1771 1690 1884 1730 quibus
1902 1691 2064 1720 tenebatur
2078 1690 2201 1720 nacioni

1287 1739 1412 1769 racione
1427 1739 1474 1769 sui
1491 1739 1649 1779 principii.

1330 1788 1404 1818 Item
1431 1788 1574 1818 dominus
1595 1788 1752 1818 Johannes
1776 1788 1843 1818 Red
1867 1788 1978 1818 scotus
2005 1788 2121 1828 incepit
2144 1790 2201 1818 sub

1288 1838 1438 1878 magistro
1453 1837 1594 1867 Waltero
1612 1838 1650 1867 de
1667 1837 1860 1873 Wardelaw,
1880 1837 1967 1878 cujus
1987 1839 2082 1867 bursa
2099 1837 2155 1867 VII
2174 1848 2199 1867 s.

1330 1887 1404 1916 Item
1427 1887 1570 1916 dominus
1601 1886 1757 1916 Recoldus
1787 1888 1825 1916 de
1859 1887 1967 1916 Hastal
1997 1887 2113 1927 incepit
2144 1888 2201 1916 sub

1289 1936 1438 1977 magistro
1459 1935 1599 1966 «Iohanne
1615 1937 1653 1966 de
1668 1936 1801 1972 Vesalia,
1819 1935 1907 1976 cujus
1927 1937 2022 1965 bursa
2039 1936 2079 1965 Vl
2097 1936 2199 1966 solidi.

1331 1985 1404 2014 Item
1423 1985 1472 2014 die
1495 1984 1616 2014 sabati⁴
1637 1985 1667 2014 in
1688 1986 1766 2014 sesto
1786 1985 1998 2025 apostolorum
2017 1985 2155 2025 Philippi
2173 1991 2202 2014 et

1287 2035 1395 2064 Jacobi
1415 2034 1663 2074 congregacione
1685 2034 1826 2063 nacionis
1852 2035 1929 2064 sacta
1948 2035 2029 2074 apud
2054 2034 2199 2064 Sanctum

1288 2083 1470 2114 Matulinum
1483 2083 1655 2113 immediate
1663 2089 1736 2124 post
1747 2093 1933 2119 sermonem,
1945 2084 2093 2124 magister
2103 2084 2201 2114 Theo-

1288 2133 1394 2162 dricus
1410 2134 1447 2162 de
1462 2133 1616 2162 Alcmaria
1637 2139 1781 2172 receptor
1800 2133 1941 2162 nacionis
1963 2133 2100 2163 reddidit
2116 2143 2203 2163 com-

1288 2188 1395 2222 putum
1409 2192 1498 2212 suum
1520 2183 1558 2211 de
1576 2182 1720 2212 omnibus
1739 2182 1874 2222 receptis
1890 2182 1968 2217 suis,
1988 2182 2040 2222 qui
2063 2182 2202 2212 allocatis

1288 2231 1432 2261 omnibus
1449 2231 1619 2261 allocandis
1638 2237 1668 2261 et
1682 2230 1844 2261 diffalcatis
1858 2230 2052 2260 diffalcandis
2066 2237 2126 2261 tam
2144 2241 2202 2271 pro

1288 2280 1393 2310 bursis
1404 2280 1548 2316 rectoris,
1567 2280 1710 2310 luminari
1725 2280 1819 2310 Beate
1833 2280 1985 2321 Virginis,
1998 2291 2056 2320 pro
2072 2281 2202 2310 bedellis

1288 2336 1318 2360 et
1356 2329 1462 2365 scolis,
1507 2329 1587 2359 idem
1623 2329 1772 2370 magister
1809 2329 2003 2359 Theodricus
2040 2330 2203 2359 tenebatur

1288 2378 1410 2408 micioni
1427 2378 1458 2408 in
1475 2378 1541 2408 LVI
1558 2378 1668 2408 solidis
1687 2385 1716 2408 et
1733 2385 1802 2408 octo
1820 2378 1968 2408 denariis.

1330 2427 1405 2458 Item
1424 2428 1568 2458 dominus
1590 2427 1714 2457 Bricius
1735 2428 1797 2457 Ker
1817 2427 1928 2457 Scotus
1946 2427 2125 2457 licenciatus
2147 2428 2203 2457 suit

1289 2478 1326 2507 ad
1355 2477 1499 2507 Nostram
1535 2477 1698 2506 Dominam
1737 2477 1795 2506 sub
1824 2477 1972 2517 magistro
2005 2476 2131 2506 Galtero
2164 2477 2202 2506 de

1289 2525 1469 2556 Wardelaw
1487 2525 1592 2561 Scoto,
1611 2525 1698 2566 cujus
1716 2526 1810 2555 bursa
1828 2525 1934 2555 nichil.

1330 2575 1405 2605 Item
1436 2575 1581 2605 dominus
1611 2574 1770 2604 Gerardus
1805 2574 1902 2614 Wyld
1938 2575 1976 2604 de
2009 2574 2202 2605 Buscoducis

1290 2624 1469 2655 licenciatus
1487 2624 1542 2654 suit
1557 2625 1615 2653 sub
1635 2624 1785 2664 magistro
1804 2623 1998 2653 Theoderico
2019 2624 2056 2653 de
2078 2623 2203 2653 Alcma-

1290 2673 1347 2709 ria,
1364 2672 1452 2714 cujus
1467 2674 1562 2703 bursa
1579 2673 1619 2702 vt
1639 2673 1742 2703 solidi.

1331 2771 1422 2801 Anno
1445 2771 1567 2801 Domini
1590 2771 1753 2801 millesimo
1776 2771 1986 2800 tricentesimo
2007 2771 2204 2812 quinquage-

1291 2821 1381 2855 simo,
1407 2821 1456 2850 die
1484 2820 1630 2850 veneris³
1652 2821 1794 2860 proxima
1818 2826 1888 2860 post
1920 2821 2028 2849 festum
2055 2820 2146 2849 Nerei
2174 2826 2205 2850 et

1322 2900 1346 2923 ¹1.
1380 2898 1478 2923 IMat'i.

1322 2937 1346 2958 5.
1378 2935 1407 2958 ¹4
1421 2934 1494 2958 Maii.
