2632 3464
316 444 370 472 6⁶5

316 522 362 552 ris
374 531 480 552 eorum
491 527 522 551 et
535 520 649 561 sigillis
661 521 700 551 de
714 519 876 560 predictis,
894 520 1104 560 promittendo
1123 526 1224 549 tamen

315 571 493 602 satisfacere
507 570 630 600 interim
650 570 677 599 si
695 569 852 610 predictas
870 569 1018 608 pecunias
1033 570 1071 598 ab
1089 579 1125 599 eo
1142 569 1224 599 reci-

315 627 437 661 perent.
455 620 546 658 Quod
564 625 593 649 et
611 619 759 648 fecerunt.
781 618 953 648 Residuum
967 618 1063 647 debiti
1081 625 1225 658 receptor

315 676 376 700 met
389 669 501 699 mansit
514 668 681 709 obligatus.

357 719 432 749 ltem
448 717 627 748 licenciatus
643 723 691 746 est
707 715 852 746 dominus
874 716 1017 746 Andreas
1040 717 1079 746 de
1095 717 1225 746 Bavaria

315 769 374 798 sub
393 767 542 808 magistro
563 765 677 806 Egidio
696 766 734 795 de
752 765 881 801 Jutl'aes,
899 765 986 805 cujus
1003 766 1098 795 bursa
1114 772 1178 795 tres
1196 775 1222 795 s.

724 858 822 889 1392

357 933 430 973 (Fol.
453 932 510 973 2⁵)
539 931 632 962 Acta
659 931 696 960 in
724 931 986 971 procuratoria
1014 930 1186 971 magistri

575 979 757 1011 Johannis
785 980 828 1009 de
854 979 961 1009 Veen.

356 1063 448 1093 Anno
470 1061 595 1092 Domini
612 1060 776 1090 millesimo
794 1060 890 1090 CCC⁰
908 1060 1110 1100 nonagesimo
1132 1061 1174 1096 20,
1195 1061 1227 1090 3·

317 1112 367 1142 die
387 1111 504 1142 mensis
527 1111 611 1141 Junii
632 1110 680 1140 vel
702 1110 838 1145 circiter,
859 1109 935 1139 hora
960 1110 1127 1149 primarum
1150 1110 1228 1140 facta

316 1161 563 1201 congregacione
582 1159 723 1189 nacionis
738 1158 910 1199 Anglicane
926 1159 957 1188 in
974 1158 1087 1188 Sancto
1103 1159 1119 1188 J
1124 1158 1226 1188 uliano

315 1220 411 1250 super
427 1210 527 1240 tribus
547 1208 696 1239 articulis.
714 1207 839 1237 Primus
857 1209 896 1237 ad
916 1208 1092 1248 eligendum
1114 1218 1226 1238 novum

315 1265 563 1300 procuratorem;
580 1259 626 1287 2¹·-
638 1259 674 1287 ad
692 1258 878 1287 audiendum
895 1263 1070 1296 compotum
1088 1263 1228 1297 recepto-

316 1309 378 1344 ris3
395 1309 442 1338 3⁸¹·
453 1318 548 1348 super
560 1307 845 1347 supplicacionibus
858 1313 888 1336 et
902 1306 1035 1346 injuriis.
1051 1306 1153 1346 Super
1166 1306 1228 1346 pri-

317 1368 367 1388 mo
390 1357 507 1388 electus
531 1357 587 1387 fuit
614 1356 811 1386 concorditer
839 1355 987 1395 magister
1015 1355 1161 1385 Nicolaus
1190 1355 1227 1384 de

318 1407 445 1447 Leydis,
470 1406 523 1446 qui
548 1405 679 1436 officium
701 1404 915 1445 procuratorie
936 1404 1046 1434 nolens
1067 1410 1227 1444 acceptare

318 1462 447 1496 propter
471 1454 689 1485 racionabilem
715 1464 854 1489 causam,
883 1453 976 1483 solvit
1007 1454 1143 1483 francum
1171 1463 1228 1493 pro

317 1505 416 1545 prima
434 1515 489 1534 sua
509 1503 735 1544 procuratoris,
754 1513 844 1543 quem
859 1502 949 1532 nacio
968 1502 1108 1543 predicta
1127 1502 1228 1532 statim

318 1553 494 1594 perpotavit
508 1553 540 1582 in
561 1554 704 1592 Ymagine
720 1553 818 1581 sancei
830 1553 976 1582 Iohannis
995 1551 1026 1581 in
1042 1551 1225 1591 quadruvio.

318 1602 358 1632 Et
374 1602 490 1632 electus
508 1602 565 1632 fuit
581 1602 717 1631 secunda
733 1601 884 1631 electione
903 1601 1100 1630 concorditer
1116 1600 1228 1630 Johan-

318 1661 374 1682 nes
391 1652 429 1681 de
443 1651 527 1680 Veen
538 1650 560 1680 ⁴.

358 1700 459 1740 Super
471 1701 502 1730 2⁰
519 1699 662 1735 articulo,
678 1699 792 1729 dilatus
810 1699 865 1729 fuit
879 1705 1041 1739 compotus
1056 1698 1228 1738 receptoris

317 1759 416 1790 usque
432 1750 471 1779 ad
486 1749 615 1789 primam
628 1748 917 1789 congregacionem.
934 1748 1037 1788 Super
1053 1749 1084 1778 3⁰
1099 1747 1228 1778 articulo

317 1798 425 1834 nichil,
444 1798 505 1828 nisi
525 1799 608 1838 quod
624 1807 683 1837 ego
704 1797 861 1827 Jobannes
881 1798 919 1826 de
940 1797 1023 1827 Veen
1040 1803 1228 1837 protestatus

317 1847 359 1877 fui
379 1848 462 1887 quod
483 1847 614 1877 officium
636 1847 850 1887 procuratoris
872 1857 934 1876 non
958 1853 1149 1886 acceptarern
1171 1855 1228 1875 nec

317 1896 413 1926 eciam
429 1905 616 1930 exercerem,
630 1896 692 1925 nisi
706 1905 763 1936 per
776 1905 923 1931 mensem,
937 1895 1008 1935 quia
1023 1895 1149 1925 dubium
1163 1901 1229 1924 erat

317 1952 456 1986 tempore
477 1945 638 1975 electionis
656 1944 826 1985 magistris,
843 1951 945 1974 utrum
965 1950 1049 1974 esset
1065 1943 1118 1974 illa
1136 1944 1228 1984 longa

318 1994 543 2035 procuratoria‚
562 2003 621 2034 que
641 1993 721 2024 solet
742 1994 854 2023 durare
871 2003 970 2034 usque
985 1994 1023 2023 ad
1037 1993 1226 2023 ordinarium

318 2053 446 2084 parvum
461 2042 510 2073 vel
521 2053 593 2073 non.

725 2135 822 2166 1892

338 2208 428 2238 Acta
467 2208 503 2237 in
540 2207 807 2247 procuratoris
841 2207 998 2237 Arnoldi
1035 2206 1205 2247 Bloeyer.

357 2288 450 2318 Anno
460 2294 493 2318 ut
505 2298 611 2328 supra,
623 2289 700 2318 sacta
711 2287 957 2328 congregacione
968 2287 1108 2317 nacionis
1121 2287 1227 2327 Angli-

318 2347 394 2367 cane
424 2337 506 2378 apud
541 2337 685 2367 Sanctum
716 2337 902 2367 Maturinum
933 2336 1009 2366 hora
1038 2337 1206 2376 primarum
1218 2359 1225 2372 ‚

318 2386 455 2416 secunda
470 2386 520 2416 die
536 2386 652 2416 mensis
669 2386 755 2421 Julii,
774 2395 869 2425 super
883 2386 1016 2415 duobus.
1034 2385 1158 2415 Primus
1173 2386 1228 2415 suit

318 2436 357 2465 ad
372 2434 548 2476 eligendum
567 2445 678 2465 novum
701 2442 950 2475 procuratorem;
968 2435 1013 2464 2¹·-
1031 2435 1087 2464 fuit
1100 2435 1138 2463 ad
1156 2445 1227 2474 sup-

318 2484 506 2524 plicandum.
540 2484 580 2514 Et
609 2484 725 2514 electus
755 2484 810 2514 fuit
842 2484 990 2524 magister
1018 2483 1164 2514 Nicolaus
1190 2484 1227 2513 de

320 2532 472 2563 Gamereu
492 2533 524 2563 in
545 2540 789 2573 procuratorem,
813 2533 865 2573 qui
889 2533 1020 2562 officium
1043 2533 1126 2572 (quia
1147 2542 1228 2562 nun-

318 2582 391 2612 dum
408 2588 512 2612 certus
528 2582 558 2612 in
569 2582 620 2612 tali
637 2582 774 2618 materia,
795 2589 827 2612 ut
845 2582 975 2621 dicebat)
991 2587 1151 2621 acceptare
1166 2591 1228 2611 non

319 2630 452 2661 volebat.
478 2630 622 2671 Magistri
642 2631 738 2671 igitur
758 2632 796 2660 ad
821 2640 928 2661 novam
954 2630 1133 2660 electionem
1154 2640 1229 2670 pro·

320 2680 467 2710 cedentes
483 2680 664 2720 magistrum
685 2680 856 2710 Arnoldum
881 2680 1014 2719 Bloeyer
1033 2679 1229 2709 concorditer

320 2727 351 2758 iu
366 2734 599 2768 procuratorem
613 2729 787 2769 elegerunt,
799 2729 852 2768 qui
863 2728 974 2769 viginti
988 2728 1106 2758 solidos
1117 2738 1229 2757 secun-

319 2777 391 2806 dum
408 2777 662 2808 consuetudinem
678 2778 802 2808 racione
820 2777 936 2807 laboris
957 2777 987 2807 in
1006 2777 1063 2806 ista
1079 2786 1229 2817 procura-

319 2825 399 2855 toria
428 2826 589 2857 debuisset
611 2826 774 2862 habuisse,
801 2837 880 2867 quos
911 2833 1010 2856 tamen
1039 2826 1230 2866 integraliter

350 2905 374 2929 1.
407 2906 456 2929 Aa.
473 2905 534 2931 18⁸7
555 2905 739 2939 noidelbergnae
758 2908 785 2930 ut
799 2905 908 2930 notaris
931 2905 1087 2930 intitulatae.
1109 2905 1229 2935 Τοινιι,

320 2940 450 2969 nntriket.
463 2941 483 2969 Ι,
495 2948 521 2973 p.
538 2941 575 2965 ¹⁸.

351 2976 375 3000 2.
409 2975 451 3000 sie
460 2975 486 3000 ιἰι
498 2978 565 3000 mu.
575 2976 627 3001 aad
636 2976 807 3001 verisimiliter
816 2977 914 3009 incepit
923 2976 1092 3006 sorbendum,
1103 2984 1162 3000 nam
1172 2976 1229 3008 sitm

816 444 930 470 LIBER
956 443 1269 470 PROCURATORUM
1290 444 1471 471 NATIONIS
1492 445 1738 472 ANGLICANAE

1264 968 1297 994 ¹0

1264 1215 1298 1241 15

1265 1461 1299 1487 20

1265 1708 1299 1734 25

1265 1954 1299 1980 30

1265 2199 1298 2225 35

1265 2444 1299 2470 40

1266 2688 1300 2714 45

1419 3 1444 26 ⁷„
1463 2 1474 25 ᾗ
1503 0 1875 24 ζηῑκν-’.ζε-ῒψσᾷ-οᾞττιῑςμῇττ-τοε
1911 12 1919 18 ⁷.

2186 448 2239 474 666

1332 521 1462 561 proprio
1479 528 1561 551 motu
1582 522 1702 551 nacioni
1721 523 1848 552 dimisit.
1871 523 2057 552 Conclusum
2076 523 2131 553 fuit
2147 524 2241 563 igitur

1332 571 1416 610 quod
1430 570 1562 610 predicti
1580 571 1653 600 xx=³
1673 571 1763 600 solidi
1780 581 1847 600 cum
1867 572 1970 600 franco
1991 573 2129 612 magistri
2146 573 2240 602 Nico-

1332 619 1374 649 lai
1400 620 1531 659 predicti
1551 630 1609 659 pro
1630 620 1727 659 prima
1749 630 1805 650 sua
1826 621 2040 660 procuratoria
2063 621 2093 649 in
2115 622 2239 650 taberna

1334 675 1583 708 perpotarentur.
1601 669 1639 698 Et
1651 668 1693 698 ita
1706 670 1815 698 factum
1831 669 1896 698 fuit.
1913 669 2014 709 Super
2029 670 2060 698 20
2075 670 2179 699 nichil.

1373 716 1587 747 Licenciatus²
1610 724 1658 747 est
1679 718 1822 747 dominus
1844 718 2001 748 Johannes
2024 719 2107 758 Gray
2130 719 2241 749 Scotus

1334 768 1392 797 sub
1408 766 1558 807 magistro
1574 767 1688 807 Egidio
1703 768 1742 797 de
1756 767 1885 803 Jutfaes,
1901 767 1988 807 cujus
2004 769 2096 797 bursa
2113 768 2138 796 V
2153 768 2210 797 sol.

1375 816 1466 846 Facta
1480 816 1728 856 congregacione
1741 817 1892 852 nacionis,
1903 827 1984 846 anno
2000 823 2148 856 utsupra,
2162 817 2241 846 deci-

1335 875 1384 895 ma
1410 871 1497 895 sexta
1519 865 1569 894 die
1592 866 1709 895 mensis
1727 865 1813 901 Julii,
1837 876 1932 905 super
1951 867 2073 895 duobus
2091 866 2239 896 articulis.

1335 914 1459 944 Primus
1472 914 1620 944 articulus
1631 914 1697 950 fuit,
1708 925 1775 944 cum
1783 913 1847 954 jam
1859 914 2053 945 Universitas
2067 925 2123 954 per
2132 916 2241 955 viginti

1334 969 1404 993 octo
1428 964 1495 993 dies
1517 970 1672 993 cessasset
1692 965 1730 993 ab
1755 964 1838 993 omni
1867 963 1967 999 actu³,
1991 970 2021 994 et
2047 965 2186 1004 magistri
2208 975 2242 994 ac

1335 1012 1472 1042 scolares
1486 1013 1586 1042 nostri
1601 1023 1663 1042 non
1679 1013 1746 1042 sine
1764 1013 1911 1052 gravibus
1926 1013 2072 1052 expensis
2089 1019 2119 1043 et
2135 1014 2243 1053 damp-

1334 1062 1384 1092 nis
1397 1062 1446 1091 hic
1459 1068 1574 1097 essent,
1593 1068 1623 1091 et
1638 1072 1745 1101 parum
1763 1061 1903 1092 utilitatis
1919 1063 2063 1097 facerent,
2081 1073 2136 1091 nec
2152 1073 2243 1092 causa

1334 1111 1541 1141 cessationum
1561 1111 1758 1151 aliquomodo
1783 1117 1889 1140 nostra
1910 1111 2071 1151 supposita
2090 1118 2242 1151 tangeret,

1335 1167 1368 1190 ut
1385 1161 1472 1190 nacio
1492 1161 1523 1189 in
1546 1170 1580 1189 se
1600 1166 1664 1190 tota
1684 1167 1834 1190 rectorem
1857 1161 2016 1200 requirere
2038 1160 2140 1195 vellet,
2162 1167 2194 1189 ut
2212 1161 2242 1189 in

1335 1209 1616 1239 deliberacionibus
1641 1208 1860 1239 Universitatis
1882 1216 2010 1249 poneret
2042 1210 2079 1239 de
2112 1209 2243 1239 termino

1335 1259 1500 1288 recedendi
1532 1258 1754 1288 Universitatis
1775 1258 1924 1293 ultimam,
1954 1269 2045 1298 quern
2075 1259 2242 1288 secundum

1336 1307 1501 1348 privilegia
1518 1314 1549 1337 et
1563 1314 1674 1337 statuta
1690 1307 1908 1337 Universitatis
1922 1307 2115 1342 haberemus,
2132 1307 2244 1336 videli-

1335 1363 1384 1387 cet
1401 1363 1501 1386 utrum
1517 1367 1574 1396 per
1585 1357 1788 1396 quadraginta
1801 1357 1867 1386 dies
1885 1363 2012 1391 tantum,
2029 1363 2080 1386 aut
2096 1367 2152 1396 per
2170 1356 2244 1386 XL·-

1336 1407 1403 1436 dies
1422 1406 1598 1435 ordinarios
1613 1413 1643 1435 et
1661 1405 1763 1440 utiles,
1779 1412 1811 1435 ut
1832 1405 1937 1445 plures
1952 1406 2105 1440 dicebant,
2123 1412 2173 1435 aut
2187 1416 2244 1446 per

1335 1455 1412 1485 XLt·
1426 1455 1492 1484 dies
1506 1454 1660 1494 legibiles.
1674 1455 1776 1494 Super
1791 1465 1852 1494 quo
1865 1454 2048 1484 deliberavit
2060 1455 2148 1483 nacio
2161 1456 2242 1494 quod

1336 1504 1496 1544 predictus
1512 1504 1621 1533 modus
1637 1514 1698 1533 non
1709 1503 1880 1543 expediret,
1897 1503 2059 1543 potissime
2074 1514 2141 1533 cum
2156 1504 2243 1533 nacio

1337 1560 1443 1582 nostra
1465 1553 1496 1582 in
1522 1552 1635 1582 talibus
1658 1553 1786 1582 maxime
1812 1559 1955 1592 suspecta
1977 1552 2152 1587 haberetur,
2174 1553 2243 1582 licet

1336 1602 1479 1643 pluribus
1489 1609 1589 1631 tamen
1602 1602 1776 1631 omnimode
1788 1602 1945 1630 videretur
1955 1602 2111 1640 expedire.
2126 1602 2244 1631 Secun-

1337 1653 1394 1681 dus
1408 1651 1464 1681 fuit
1481 1661 1576 1691 super
1592 1650 1887 1691 supplicacionibus,
1908 1651 1945 1679 de
1961 1661 2022 1690 quo
2037 1650 2141 1679 nichil.

1377 1700 1469 1730 Facta
1486 1700 1733 1740 congregacione
1749 1700 1888 1729 nacionis
1905 1709 1985 1728 anno
1999 1706 2031 1729 ut
2043 1710 2148 1739 supra,
2165 1700 2243 1728 vice-

1337 1750 1414 1779 sima
1429 1749 1559 1789 septima
1577 1749 1626 1778 die
1643 1748 1762 1778 Mensis
1776 1748 1849 1778 Julii
1868 1758 1962 1788 super
1980 1749 2079 1778 tribus
2093 1749 2241 1778 articulis.

1337 1798 1461 1828 Primus
1485 1798 1634 1828 articulus
1655 1798 1721 1833 fuit,
1745 1807 1811 1827 cum
1831 1796 1892 1837 jam
1915 1797 2114 1826 subbedellus
2138 1804 2243 1827 nostre

1336 1847 1476 1877 nacionis
1492 1847 1572 1877 diem
1589 1857 1677 1876 suum
1693 1846 1857 1876 clausisset
1873 1853 2052 1881 extremum,
2071 1847 2109 1875 ad
2125 1846 2243 1886 eligen-

1336 1897 1407 1926 dum
1423 1907 1535 1926 novum
1554 1895 1766 1925 subbedellum
1784 1902 1889 1924 nostre
1908 1895 2058 1924 nacionis.
2077 1895 2122 1924 2===
2136 1895 2191 1924 suit
2205 1896 2242 1924 ad

1336 1946 1540 1975 ordinandum
1554 1946 1592 1974 de
1606 1945 1699 1974 missa
1715 1955 1774 1984 que
1786 1944 1852 1973 fieri
1868 1945 1998 1973 debebat
2014 1954 2070 1983 per
2085 1944 2242 1973 nacionem

1336 2004 1394 2034 pro
1406 1994 1507 2023 anima
1522 1993 1588 2034 ejus
1601 1994 1633 2023 in
1644 1993 1775 2023 ecclesia
1790 1994 1902 2023 Cosme
1918 2000 1947 2022 et
1962 1993 2113 2022 Damiani.
2130 1994 2174 2022 3⁰·
2189 1993 2243 2022 suit

1336 2054 1431 2083 super
1446 2043 1742 2083 supplicacionibus.

1376 2092 1448 2132 (Fal.
1466 2093 1494 2131 3)
1512 2091 1550 2121 Et
1567 2091 1760 2131 supplicabat
1776 2090 1932 2120 lohannes
1950 2090 2070 2119 Danton
2082 2089 2106 2125 ⁴,
2125 2090 2243 2119 balivus

1335 2141 1395 2171 vici
1411 2141 1609 2175 straminum,
1627 2150 1684 2180 pro
1706 2140 1788 2169 dicto
1806 2139 2035 2175 subbedellum
2059 2139 2244 2179 supplicavit

1337 2191 1430 2220 eciam
1450 2189 1632 2219 Guillelmus
1650 2190 1688 2218 de
1708 2189 1811 2218 Rodes
1828 2188 2031 2218 consimiliter
2046 2198 2103 2228 pro
2123 2190 2240 2218 eodeni.

1337 2239 1438 2279 Super
1459 2239 1559 2278 primo
1582 2238 1764 2267 deliberavit
1777 2237 1876 2272 nacio,
1895 2237 1967 2276 quia
1983 2237 2087 2276 plures
2103 2238 2241 2277 magistri

1336 2288 1416 2318 dicte
1433 2287 1573 2317 nacionis
1588 2286 1702 2326 jamdiu
1720 2286 1899 2316 Wilelmum
1913 2287 1950 2315 de
1965 2286 2069 2315 Rodes
2087 2297 2242 2326 cognove-

1336 2343 1405 2367 rant
1420 2347 1454 2366 ac
1473 2336 1645 2375 messagius
1662 2335 1889 2375 particularium
1906 2334 2077 2374 aliquorum
2094 2336 2144 2364 diu
2164 2335 2243 2364 exti-

1335 2392 1424 2421 terat.
1442 2386 1494 2425 qui
1510 2395 1634 2425 semper
1651 2385 1752 2425 ipsum
1771 2384 1889 2414 fidelem
1904 2385 2107 2423 reperierunt,
2126 2391 2156 2413 ut
2170 2394 2243 2423 pre-

1335 2435 1437 2464 dictus
1451 2434 1616 2464 VVilelmus
1631 2434 1660 2463 in
1677 2434 1807 2463 officium
1824 2433 2052 2463 subbedellatus
2069 2443 2243 2462 assumere-

1336 2490 1397 2519 tur,
1420 2483 1598 2522 juramentis
1617 2483 1755 2523 prestitis
1779 2482 1878 2512 solitis
1900 2488 1928 2511 et
1952 2482 2118 2511 consuetis.
2143 2482 2243 2521 Super

1336 2533 1367 2562 2⁰
1382 2532 1496 2572 placuit
1513 2533 1607 2562 eciam
1627 2532 1747 2561 nacioni
1764 2531 1908 2560 ordinare
1925 2541 2015 2560 unum
2033 2531 2111 2559 diem
2127 2531 2155 2559 in
2174 2541 2241 2570 sep-

1337 2582 1448 2611 timana
1471 2582 1582 2615 futura,
1604 2581 1634 2610 in
1654 2591 1713 2621 qua
1734 2581 1864 2610 officium
1884 2580 2055 2619 predictum
2081 2589 2242 2609 exercere-

1337 2637 1397 2660 tur.
1413 2631 1514 2670 Super
1526 2632 1558 2660 30
1574 2630 1755 2669 interempta
1770 2630 1825 2658 suit
1837 2629 1894 2658 alia
1910 2628 2111 2668 supplicario.
2130 2628 2240 2658 Verum

1337 2679 1425 2709 nacio
1444 2686 1575 2719 protunc
1595 2679 1704 2708 intuitu
1725 2678 1847 2717 pietatis
1863 2678 2017 2707 concessit
2032 2684 2061 2706 et
2076 2677 2160 2706 dedit
2176 2687 2242 2707 mu-

1338 2728 1404 2758 lieri
1424 2728 1555 2768 predicti
1575 2727 1747 2757 subbedelli
1764 2726 1898 2755 defuncti
1916 2727 1994 2755 duos
2011 2727 2144 2761 francos,
2163 2737 2242 2766 quos

1337 2784 1480 2817 receptor
1501 2777 1560 2807 sibi
1584 2777 1718 2806 traderet
1740 2786 1828 2815 quam
1852 2775 1911 2804 cito
1934 2775 2080 2814 pecunias
2104 2775 2242 2804 nacionis

1337 2827 1375 2856 de
1391 2826 1584 2855 debitoribus
1602 2826 1765 2865 reciperet.

1338 2913 1380 2929 an.
1396 2905 1455 2928 1³7¹·
1469 2904 1615 2928 licentiam
1625 2907 1661 2927 en
1671 2904 1733 2935 (vid.
1745 2911 1770 2935 p.
1784 2903 1836 2928 45¹.
1850 2904 1887 2929 ¹0³.
1903 2906 1927 2926 el
1941 2902 2010 2933 infra
2024 2911 2050 2934 p.
2064 2904 2118 2931 668,
2130 2904 2179 2934 ³0).

1369 2942 1391 2963 3.
1426 2942 1462 2964 De
1471 2940 1518 2963 lm«.-
1529 2940 1610 2963 adea·
1621 2940 1728 2963 Chnrtul
1743 2957 1747 2966 ,
1761 2939 1806 2965 ΙΙΙ,
1825 2943 1851 2962 η·
1866 2939 1933 2962 lava.

1370 2977 1392 2999 4.
1429 2976 1486 2999 Fuit
1498 2978 1551 2999 nat.
1566 2974 1669 3004 Gauio,
1683 2974 1714 2997 dc
1723 2974 1874 3006 qeeoplurin
1891 2974 1915 2997 in
1928 2973 2056 3002 Cburtul.,
2068 2974 2113 2998 ΙΙΙ.

2279 8 2298 22 ff*-

1964 0 2046 26 *qe-”syr
2050 0 2164 22 Ῥέη-υ
2168 0 2282 25 save-„5⁵-
2288 0 2350 15 ’πω-τ
2356 3 2364 19 1
2371 17 2373 19 ,
2411 2 2414 3 ⁷
2448 4 2452 5 ⁷
2464 1 2470 10 Ἰ
2477 3 2481 5 ⁷
2488 0 2492 8 ³

1959 34 1962 38 .
1982 35 1985 37 ,
2074 24 2078 30 “
2139 27 2149 35 ¹
2208 30 2211 32 ψ
2222 23 2224 26 '
2239 22 2253 26 ’⁴
