2632 3464
973 0 1019 5 -W
1036 0 1239 24 *i-.¹*⁴-³t‚{⁷'-*·**5‹¹*l⁷s
1287 0 1292 3 .
1339 0 1341 2 .
1360 0 1382 10 „p
1402 0 1418 4 v
1456 0 1472 13 ¹>
1559 0 1565 3 ,
1610 0 1615 4 ,
1645 5 1648 8 ⁴
1674 2 1694 5 ,ἶ
1718 0 1730 3 „
1746 0 1752 7 (χ
1770 0 1791 10 =e
1806 0 1831 2 ,,

422 12 430 20 ,
456 4 463 8 ’·
547 0 971 27 J'w-ssr—wz‘v‘w-zwwffsw
989 9 1002 18 ⁴-
1023 0 1062 22 ’,η

297 438 349 464 393

339 513 412 543 ltem
426 514 457 543 in
471 513 538 554 ejus
554 513 789 554 procuracionis
803 513 1039 543 continu-acione
1056 519 1123 542 acta
1139 513 1201 542 fue-

298 569 370 592 runt
385 573 444 602 que
458 569 640 602 sequuntur.

337 611 443 641 Primo
462 612 494 641 in
513 612 619 641 eadem
638 611 884 652 congregacione
899 611 1087 650 computavit
1101 609 1202 640 domi-

296 671 355 690 nus
379 667 538 701 receptor,
563 661 652 690 etiam
676 660 764 690 sicud
787 660 994 700 prescribitur
1019 660 1051 689 in
1076 660 1127 690 10·
1151 659 1201 689 die

296 709 417 739 Marcii.

336 759 411 788 ltem
424 759 456 788 in
469 759 574 788 eadem
591 758 836 798 congregacione
852 758 1057 798 supplicatum
1073 757 1129 787 suit
1143 768 1201 797 pro

295 808 420 837 domino
441 807 595 847 Hughone
618 807 656 836 de
676 807 756 842 Delf,
775 807 871 836 eciam
887 807 974 836 sicud
996 807 1202 846 prescribitur

296 856 328 886 in
341 857 447 886 eadem
464 857 515 886 10·
526 856 576 885 die
589 855 710 885 Marcii.

337 906 412 935 Item
436 906 485 934 12·
503 905 553 934 die
574 904 683 934 Marcii
700 905 775 934 sacta
791 905 1037 944 congregacione
1061 905 1201 934 nacionis

295 955 332 984 ad
352 954 587 994 supplicandum
610 954 690 993 apud
714 953 860 983 Sanctum
885 953 1072 983 Maturinum
1094 954 1201 984 imme-

296 1003 378 1033 diate
400 1009 471 1043 post
493 1002 701 1038 sermonem¹,
724 1002 910 1042 supplicavit
925 1003 1068 1032 dominus
1087 1003 1200 1043 Hugho

297 1053 334 1082 de
358 1052 434 1082 Delf
450 1051 620 1092 predictus,
643 1061 711 1081 cum
734 1051 801 1091 ipse
821 1052 873 1081 diu
894 1052 949 1081 fuit
970 1051 1125 1091 obligatus
1145 1062 1201 1081 na-

295 1101 377 1131 cioni
402 1101 433 1130 in
455 1100 596 1141 pecuniis
617 1101 657 1130 de
679 1110 733 1130 sua
756 1100 997 1130 determinancia
1022 1107 1051 1130 et
1072 1101 1201 1130 licencia

296 1150 465 1185 solvendis,
482 1156 512 1179 et
525 1149 625 1179 adhuc
640 1159 702 1178 non
716 1155 800 1179 esset
815 1156 926 1189 potens
944 1149 1078 1186 solvere,
1093 1156 1201 1190 quate-

294 1209 353 1230 nus
367 1199 455 1229 nacio
473 1198 555 1228 illam
575 1199 749 1228 diuturnam
769 1198 911 1228 solvendi
933 1198 1115 1228 dilacionem
1139 1209 1201 1228 non

295 1258 368 1288 egre
385 1249 489 1282 ferret,
507 1258 563 1277 nec
581 1248 642 1277 sibi
656 1247 761 1287 aliquo
778 1248 869 1277 modo
890 1247 1080 1287 indignando
1098 1248 1201 1287 impu-

295 1304 388 1332 taret,
420 1297 475 1326 sed
501 1296 610 1336 pocius
637 1297 675 1326 de
705 1296 786 1326 omni
814 1296 1009 1337 negligencia
1037 1297 1201 1326 commissa

296 1347 355 1376 sibi
390 1346 439 1386 pie
479 1351 621 1385 parceret
654 1345 857 1385 indulgendo.
898 1345 973 1375 Item
1013 1345 1201 1386 supplicavit

295 1396 388 1430 idem,
404 1405 472 1425 cum
487 1394 651 1424 occasione
665 1395 746 1424 dicte
761 1394 967 1434 obligacionis
985 1395 1061 1424 facte
1079 1395 1200 1424 nacioni

295 1451 379 1474 esset
402 1444 558 1474 involutus
578 1443 735 1473 sentencie
758 1444 1089 1474 excommunicacionis
1110 1445 1201 1484 igno-

297 1500 411 1528 ranter,
435 1499 586 1532 quatenus
607 1492 697 1522 nacio
713 1491 837 1532 juvaret
858 1492 959 1532 ipsum
982 1498 1014 1522 ut
1035 1493 1073 1522 ab
1095 1494 1200 1522 eadem

295 1542 479 1572 solveretur.
493 1541 567 1571 Item
578 1540 764 1581 supplicavit
771 1540 863 1576 idem,
874 1542 957 1581 quod
966 1541 1054 1571 nacio
1063 1541 1203 1572 differret

295 1591 355 1622 sibi
371 1590 534 1620 terminum
553 1589 695 1623 solvendi
712 1600 812 1630 usque
835 1591 872 1619 ad
893 1590 1003 1619 festum
1026 1590 1201 1620 Nativitatis

294 1639 418 1670 Domini
431 1639 572 1679 proxime
587 1639 720 1674 venturi,
740 1639 786 1668 sic
801 1639 920 1668 scilicet
935 1645 967 1668 ut
985 1639 1052 1679 ipse
1069 1650 1102 1669 se
1120 1640 1201 1669 obli-

295 1695 383 1729 garet
393 1689 431 1718 ad
443 1687 623 1718 solvendum
633 1688 754 1717 nacioni
767 1687 961 1728 integraliter
975 1689 1033 1718 sub
1049 1699 1127 1728 pena
1142 1689 1200 1719 late

295 1737 451 1768 sentencie
474 1737 505 1766 in
523 1737 631 1766 eodem
651 1737 730 1766 festo
751 1736 864 1772 omnia,
889 1737 920 1766 in
942 1737 1056 1776 quibus
1078 1738 1201 1767 nacioni

290 1786 353 1827 jam
374 1792 496 1816 tenetur
520 1792 550 1816 et
572 1785 603 1814 in
629 1786 743 1826 quibus
768 1786 924 1815 tenebitur
949 1785 1010 1815 sibi
1038 1796 1137 1826 usque
1163 1788 1201 1816 ad

295 1837 405 1866 festum
430 1835 652 1875 supradictum.
681 1835 755 1864 ltem
785 1835 867 1874 quod
897 1834 986 1864 nacio
1010 1835 1203 1875 permitteret

295 1895 363 1914 eum
378 1884 516 1924 incipere
529 1890 559 1913 et
571 1883 760 1913 solucionem
775 1883 905 1923 pecunie
924 1883 1071 1914 solvende
1090 1885 1128 1914 de
1146 1895 1202 1914 sua

295 1933 476 1973 incepcione
499 1932 620 1962 nacioni
647 1931 785 1962 differret
806 1933 867 1962 sibi
896 1933 983 1962 sicud
1010 1933 1201 1963 solucionem

297 1982 425 2023 pecunie
442 1981 475 2011 in
490 1991 551 2021 qua
562 1980 625 2022 jam
642 1987 776 2017 tenetur,
796 1981 868 2021 quia
883 1982 914 2011 in
933 1983 1011 2012 sesto
1026 1982 1201 2013 Nativitatis

296 2031 421 2062 Domini
437 2037 470 2060 ut
487 2030 565 2060 dixit
580 2030 732 2070 percipiet
751 2030 892 2060 redditus
911 2032 949 2060 de
967 2041 1023 2061 suo
1039 2032 1199 2068 beneficio,

294 2087 326 2110 et
342 2079 510 2110 satisfaciet
519 2079 640 2108 nacioni
651 2080 689 2109 de
699 2080 843 2109 omnibus
854 2080 915 2109 sibi
927 2080 1054 2109 creditis
1067 2080 1200 2121 integra-

294 2129 364 2159 liter
381 2135 411 2158 et
430 2139 467 2158 ex
485 2134 560 2158 toto.
585 2127 682 2168 Cujus
704 2129 964 2168 supplicaciones,
986 2129 1058 2168 quia
1078 2130 1202 2160 fuerunt

295 2178 469 2218 aliqualiter
494 2183 602 2207 contra
623 2183 769 2207 statutum
794 2178 948 2218 quoddam
972 2178 1123 2213 nacionis,
1144 2179 1201 2208 ad-

296 2227 390 2257 misse
406 2236 467 2256 non
486 2227 618 2256 fuerunt.

335 2276 409 2306 Item
427 2277 477 2305 16·
491 2276 540 2304 die
558 2274 686 2305 Murcii²
706 2276 783 2306 sacta
795 2276 1042 2316 congregacione
1060 2277 1200 2307 nacionis

294 2325 325 2355 in
351 2325 443 2354 domo
471 2324 632 2364 capitulari
663 2325 745 2364 apud
779 2324 995 2355 Predicatores
1027 2325 1200 2356 immediate

294 2379 367 2414 post
397 2383 570 2404 sermonem
601 2374 639 2403 ad
666 2373 919 2414 supplicandum,
948 2374 1201 2414 supplicaverunt

294 2422 437 2452 dominus
449 2422 596 2452 Hinricus
611 2423 649 2452 de
665 2422 751 2452 Rane
762 2422 885 2458 Scotus‚
902 2423 1045 2453 dominus
1056 2423 1200 2454 Nicolaus

295 2471 431 2511 Mathye,
447 2477 477 2501 et
487 2471 631 2501 dominus
643 2471 801 2501 Johannes
814 2473 852 2501 de
864 2470 973 2502 Gflvan
985 2471 1108 2507 Scotus,
1123 2483 1200 2512 qua-

293 2526 383 2550 tenus
410 2520 497 2550 nacio
518 2520 694 2550 admitteret
717 2531 770 2550 eos
793 2521 831 2550 ad
856 2521 1120 2551 determina-ndum
1145 2532 1200 2552 seu

294 2575 381 2599 actus
409 2569 648 2599 determinancie
674 2569 902 2609 complendum,
931 2575 961 2599 et
991 2570 1129 2600 diflerret
1154 2571 1200 2600 eis

295 2617 484 2648 solucionem
497 2618 626 2657 pecunie
641 2618 788 2648 solvende
801 2628 859 2659 per
873 2629 927 2648 eos
943 2618 1065 2648 micioni
1081 2619 1119 2649 de
1134 2620 1200 2650 suis

295 2667 557 2697 determinanciis.
586 2667 706 2704 Quibus
734 2677 917 2697 concessum
947 2667 1002 2697 suit
1029 2674 1062 2698 ut
1087 2668 1200 2708 positis

296 2715 477 2756 pigneribus
497 2716 575 2745 bene
593 2715 767 2746 valentibus
786 2716 960 2756 pecuniam,
984 2716 1015 2746 in
1036 2727 1097 2757 qua
1119 2717 1200 2747 obli-

295 2770 407 2804 gantur
430 2764 552 2794 nacioni
576 2765 700 2794 racione
727 2775 851 2795 suarum
878 2765 1198 2802 determinandum,

297 2812 427 2842 habeant
442 2812 626 2843 dilacionem
645 2813 786 2844 solvendi
805 2824 903 2853 usque
924 2815 962 2843 ad
983 2815 1092 2844 festum
1113 2814 1200 2845 Nati-

296 2861 399 2891 vitntis
413 2861 511 2891 sancti
524 2861 686 2899 Johannis,
698 2869 727 2892 et
743 2873 804 2892 non
818 2862 907 2892 ultra.
925 2863 998 2893 ltem
1014 2863 1201 2903 supplicavit

329 2962 351 2987 1.
386 2962 452 2994 Quia
464 2963 557 2995 sentum
570 2962 594 2987 ὸ.
607 2963 731 2995 Gregorii.

793 438 907 464 LIBER
931 436 1245 464 PROCURATORUM
1269 436 1449 463 NATIONIS
1471 437 1716 464 ANGLlCANAE

1257 711 1274 738 5

1239 956 1273 983 10

1239 1203 1272 1228 15

1238 1448 1272 1474 20

1238 1694 1272 1720 25

1238 1939 1273 1966 30

1237 2185 1272 2211 35

1239 2430 1271 2457 40

1237 2675 1271 2702 45

2163 439 2214 465 394

1310 512 1453 541 dominus
1472 512 1679 551 Tylemannus
1700 513 1737 542 de
1755 513 1907 553 Nfisscya,
1929 524 1996 542 cum
2013 521 2096 543 esset
2116 515 2216 554 impo-

1309 567 1378 590 tens
1395 561 1427 590 in
1442 561 1604 597 solvendo,
1619 568 1652 591 ut
1665 563 1755 591 nacio
1768 562 1829 591 sibi
1845 562 2020 602 indulgeret
2035 564 2072 592 de
2086 564 2217 603 pecunia

1310 609 1459 639 solvenda
1474 610 1597 639 nacioni
1611 610 1733 640 racione
1745 621 1799 640 sue
1812 611 2064 647 determinancie,
2079 618 2108 641 et
2121 612 2218 642 voluit

1305 657 1411 698 jurare
1425 657 1632 698 juramentum
1647 659 1851 698 paupertatis.
1867 659 1927 696 Qui
1940 666 2040 689 tamen
2058 661 2114 690 suit
2125 661 2216 690 inter-

1309 713 1448 747 rogatus,
1473 708 1614 747 nunquid
1634 708 1737 738 mallet
1758 708 1871 738 habere
1890 709 2074 738 dilacionem
2094 710 2216 739 termini

1310 756 1480 786 solucionis
1489 757 1571 786 dicte
1582 757 1711 796 pecunie
1720 767 1819 797 usque
1828 758 1865 786 ad
1876 764 2009 797 tempus,
2021 758 2051 787 in
2063 769 2124 797 quo
2135 765 2219 788 esset

1309 811 1421 845 potens
1445 806 1477 834 in
1501 805 1664 840 solvendo,
1685 816 1775 845 quam
1791 805 1897 846 jurare
1914 806 2121 845 juramentum
2142 818 2218 846 pau-

1309 855 1629 894 pertatis.Respondit
1644 856 1728 894 quod
1741 855 1796 885 sic.
1811 855 1882 885 Fuit
1893 855 1989 895 igitur
1999 856 2058 885 sibi
2070 866 2218 886 concessa

1310 903 1421 933 dilacio
1441 914 1539 943 usque
1564 904 1602 933 ad
1624 903 1716 933 alium
1740 905 1881 944 gradum,
1905 905 2071 934 dummodo
2096 906 2218 935 nacioni

1309 959 1492 992 procuraret
1515 953 1634 982 literam
1658 953 1774 982 domini
1795 953 1934 982 officialis
1955 953 2159 990 parisiensis,
2186 955 2216 983 in

1310 1012 1371 1041 qua
1385 1011 1419 1031 se
1436 1002 1589 1041 obligaret
1606 1003 1664 1031 sub
1682 1012 1762 1041 pena
1779 1002 1837 1031 late
1856 1003 2013 1032 sentencie
2033 1004 2071 1032 ad
2094 1003 2217 1033 solven—

1309 1051 1381 1080 dum
1404 1051 1515 1080 dictam
1537 1051 1697 1090 pecuniam
1715 1051 1838 1080 nacioni
1861 1051 1892 1080 in
1915 1052 2100 1092 accepcione
2124 1053 2216 1092 primi

1309 1100 1436 1140 gradus,
1462 1100 1523 1129 nisi
1549 1106 1679 1139 protunc
1711 1100 1799 1129 nacio
1836 1107 1966 1140 propter
2001 1101 2217 1140 impotenciam

1310 1159 1395 1178 suam
1410 1149 1442 1178 in
1455 1148 1605 1178 solvendo
1622 1159 1725 1178 secum
1743 1149 1974 1189 dispensaverit
1991 1150 2145 1189 graciose.

1351 1198 1426 1227 Item
1446 1198 1661 1227 determinavit
1684 1198 1828 1228 dominus
1848 1198 1994 1228 Nicolaus
2015 1199 2139 1238 Mathye
2159 1201 2217 1229 sub

1310 1247 1457 1287 magistro
1483 1247 1612 1276 Hinrico
1634 1247 1672 1276 de
1694 1246 1831 1286 Thenys,
1853 1247 1939 1286 cujus
1962 1249 2057 1277 bursa
2072 1249 2091 1277 8
2112 1248 2216 1284 solidi,

1309 1296 1362 1336 qui
1381 1295 1486 1336 posuit
1503 1296 1644 1335 pignera.

1351 1345 1425 1374 Item
1448 1345 1663 1374 determinavit
1683 1345 1826 1374 dominus
1849 1345 2007 1374 Johannes
2035 1346 2218 1386 Ysebrandy

1310 1395 1367 1423 sub
1385 1394 1492 1423 eodem
1514 1394 1662 1433 magistro
1683 1394 1823 1429 Hinrico,
1845 1393 1931 1434 cujus
1952 1396 2045 1424 bursa
2065 1395 2171 1430 nichil,
2189 1402 2218 1425 et

1304 1442 1421 1483 juravit
1436 1449 1581 1472 statutum
1597 1443 1801 1482 paupertatis.

1351 1492 1426 1522 Item
1446 1491 1661 1520 determinavit
1677 1492 1820 1521 dominus
1838 1492 2051 1522 Theodoricus
2069 1494 2107 1522 de
2125 1493 2218 1522 Keni-

1310 1551 1368 1580 pys
1384 1541 1441 1570 sub
1459 1541 1608 1580 magistro
1625 1540 1790 1570 Guillelmo
1804 1541 2000 1581 Wadenoye,
2019 1541 2106 1581 cujus
2124 1543 2218 1572 bursa

1309 1591 1328 1620 4
1343 1590 1447 1619 solidi.

1351 1639 1425 1668 Item
1436 1639 1652 1668 determinavit
1661 1639 1804 1668 dominus
1814 1639 2021 1678 Tylemannus
2030 1641 2067 1669 de
2076 1639 2219 1679 Nfisscya

1310 1689 1368 1718 sub
1390 1689 1498 1718 eodem
1519 1687 1668 1728 magistro
1689 1687 1865 1723 Guillelmo,
1887 1687 1974 1728 cujus
1995 1689 2089 1718 bursa
2110 1689 2216 1725 nichil,

1311 1743 1341 1767 et
1353 1736 1470 1777 juravit
1489 1743 1634 1766 statutum
1652 1737 1856 1776 paupertatis.

1352 1786 1425 1816 ltem
1453 1786 1669 1816 determinavit
1701 1786 1847 1816 dominus
1879 1786 2027 1816 Hinricus
2060 1787 2098 1816 de
2132 1787 2217 1817 Rane

1311 1835 1422 1865 Scotus
1444 1836 1503 1865 sub
1523 1835 1672 1875 magistro
1695 1834 1861 1864 Guillelmo
1886 1836 1923 1864 de
1946 1835 2104 1871 Trebron,
2130 1835 2217 1876 cujus

1309 1885 1405 1914 bursa
1418 1884 1474 1913 Vll
1492 1884 1597 1919 solidi,
1612 1890 1642 1913 et
1658 1884 1762 1924 posuit
1777 1884 1919 1924 pignora.

1350 1933 1425 1963 Item
1451 1933 1667 1962 determinavit
1690 1933 1834 1963 dominus
1860 1933 2016 1963 Johannes
2043 1935 2081 1963 de
2108 1934 2217 1965 Gfivan

1310 1982 1422 2012 Scotus
1442 1983 1500 2012 sub
1518 1983 1624 2011 eodem
1644 1981 1794 2021 magistro
1817 1981 1994 2018 Guillelmo,
2019 1982 2106 2023 cujus
2124 1985 2217 2014 bursa

1308 2032 1328 2061 8
1343 2031 1447 2066 solidi,
1466 2037 1496 2060 et
1511 2031 1616 2070 posuit
1632 2031 1772 2070 pignera.

1351 2081 1425 2110 Item
1448 2080 1497 2110 18⁸
1514 2080 1563 2109 die
1583 2080 1692 2109 Marcii
1713 2081 1791 2109 facta
1809 2081 2057 2120 congregacione
2078 2082 2217 2112 nacionis

1310 2130 1341 2159 in
1356 2129 1466 2169 primis
1481 2129 1594 2158 Nostre
1613 2129 1743 2158 Domine
1767 2130 1847 2168 apud
1866 2130 2011 2159 Sanctum
2031 2130 2217 2160 Maturinum

1309 2179 1346 2208 ad
1358 2178 1606 2218 supplicandum,
1621 2178 1806 2218 supplicavit
1817 2178 1961 2208 dominus
1976 2179 2089 2219 Hugho
2100 2180 2138 2209 de
2149 2180 2220 2209 Deis

1309 2227 1397 2257 sicud
1415 2227 1503 2267 prius
1519 2228 1569 2256 12·
1584 2227 1634 2256 die
1649 2226 1771 2256 Marcii.
1788 2227 1847 2257 Cui
1862 2237 2010 2257 concessa
2029 2228 2084 2257 suit
2105 2229 2217 2258 dilacio

1309 2277 1346 2306 de
1365 2276 1469 2306 bursis
1490 2286 1544 2306 sue
1565 2276 1756 2315 incepcionis
1776 2277 1858 2305 etde
1879 2276 1948 2305 aliis
1970 2277 2030 2306 sibi
2053 2278 2181 2307 creditis
2200 2288 2217 2307 a

1309 2325 1437 2355 nacione
1453 2335 1551 2365 usque
1567 2326 1605 2354 ad
1623 2325 1733 2354 festum
1755 2324 1930 2355 Nativitatis
1946 2326 2044 2355 sancti
2066 2326 2216 2355 Johannis

1309 2374 1449 2414 Baptiste
1464 2374 1604 2414 proxime
1614 2373 1788 2409 affuturum,
1802 2375 1967 2403 dummodo
1979 2381 2078 2404 tamen
2090 2386 2216 2415 presen-

1308 2429 1388 2453 taret
1400 2422 1522 2452 nacioni
1540 2422 1659 2452 literam
1676 2422 1792 2451 domini
1808 2423 1949 2452 officialis
1966 2423 2164 2459 parisiensis,
2186 2425 2215 2453 in

1309 2482 1369 2512 qua
1392 2482 1426 2502 se
1447 2471 1600 2512 obligaret
1627 2472 1665 2501 ad
1683 2471 1863 2501 solvendum
1889 2472 2010 2501 narioni
2030 2473 2131 2502 omnia
2156 2473 2215 2502 sibi

1308 2521 1425 2550 credita
1443 2522 1500 2550 sub
1522 2530 1600 2560 pena
1620 2520 1679 2550 late
1701 2521 1857 2550 sentencie
1878 2521 1945 2550 sine
1966 2521 2118 2550 dilacione
2137 2522 2216 2551 ulte·

1308 2570 1384 2599 riori
1402 2570 1432 2599 in
1447 2571 1526 2599 sesto
1542 2569 1641 2599 sancti
1656 2569 1807 2598 Johannis
1826 2570 2014 2609 supradicto.

1350 2619 1423 2648 ltem
1442 2619 1492 2648 die
1512 2619 1561 2647 19·
1579 2618 1687 2647 Marcii
1705 2619 1848 2648 dominus
1869 2625 2013 2658 receptor
2033 2625 2063 2648 et
2084 2630 2142 2659 ego
2160 2619 2215 2649 ivi-

1308 2678 1376 2698 mus
1389 2669 1426 2697 ad
1444 2667 1579 2702 archam,
1599 2674 1629 2697 et
1647 2667 1820 2707 recepimus
1838 2668 1875 2696 de
1894 2678 1929 2696 eu
1947 2667 2064 2697 literam
2085 2668 2215 2707 predicti

1308 2717 1424 2746 domini
1456 2716 1620 2756 Hughonis
1645 2717 1682 2745 de
1712 2716 1791 2750 Dels.
1823 2722 1856 2745 ut
1890 2716 1990 2755 possit
2023 2717 2083 2746 sibi
2110 2717 2214 2752 reddi,

1308 2766 1555 2805 quandocunque
1572 2775 1629 2805 pro
1645 2775 1679 2794 ea
1695 2765 1814 2794 literam
1831 2765 1918 2794 aliam
1937 2765 2054 2794 domini
2077 2766 2216 2795 officialis

1308 2814 1497 2845 Parisiensis
1515 2814 1655 2854 predicto
1669 2815 1760 2843 modo
1781 2814 1887 2842 factam
1905 2821 2109 2853 presentaret‚
2128 2815 2215 2844 sicud

1308 2863 1396 2893 nacio
1412 2863 1604 2893 deliberavit.

1339 2966 1360 2990 2.
1397 2965 1443 2989 Die
1455 2965 1540 2989 domin
1544 2965 1594 2990 ica·
