2632 3464
284 437 337 464 221

327 513 403 543 Item
422 513 536 543 ibidem
561 513 676 543 electus
704 512 760 542 fuit
781 511 930 552 magister
957 510 1075 540 Themo
1102 509 1194 540 Judei

281 563 392 592 eadem
421 562 668 602 congregacione
692 561 725 590 in
752 566 945 600 receptorem
974 559 1125 589 nacionis.
1155 561 1195 589 Et

283 612 392 641 eadem
417 612 467 641 die
487 611 576 641 nacio
595 610 790 650 consumpsit
812 609 844 638 in
866 610 994 638 taberna
1013 609 1057 637 ad
1076 610 1192 648 cignum

285 660 317 690 in
329 661 462 691 Civitate
475 661 495 690 6
509 660 606 690 libras
621 665 651 690 et
666 661 704 689 10
719 659 849 688 solidos.

327 710 402 740 Item
418 710 498 739 facto
511 709 627 739 ibidem
642 714 786 748 compoto
803 707 890 737 dedit
906 707 1055 747 magister
1075 706 1194 736 Maleo-

284 758 368 788 linus
385 758 507 788 nacioni
522 768 615 788 unum
630 763 750 787 scutum
768 756 991 786 Edwardinum
1007 757 1045 785 de
1065 756 1101 785 14
1119 756 1192 791 sol„

285 808 487 848 protestando
504 807 587 847 quod
606 806 634 836 si
653 806 831 846 exigeretur
847 806 885 835 ab
902 815 940 835 eo
954 815 1012 845 per
1028 815 1193 845 quemcun-

283 867 357 897 que,
388 862 533 896 receptor
560 855 660 885 eidem
696 855 874 885 satisfacere
908 861 1077 885 teneretur.
1118 855 1192 884 Item

283 912 358 936 tunc
380 905 499 936 addidit
521 911 666 944 receptor
692 905 771 934 duos
803 904 921 934 solidos
950 904 995 933 illi
1021 911 1109 933 scuto
1135 914 1193 944 pro

283 955 358 984 vino
381 954 524 984 habendo
543 960 574 984 et
594 953 771 994 speciebus,
797 959 827 983 et
850 953 896 983 sic
918 960 981 983 tota
1005 963 1123 983 summa
1147 959 1195 983 est

283 1010 403 1044 septem
418 1003 498 1033 libre
509 1004 529 1032 6
542 1003 646 1032 solidi.

325 1053 400 1082 Item
431 1052 581 1092 magister
608 1051 841 1082 Theodericus'
874 1053 912 1081 de
943 1052 1070 1091 Kampis
1102 1051 1195 1081 solvit

289 1101 444 1141 receptori
473 1102 492 1130 4
516 1107 660 1131 mutones
681 1108 712 1131 et
739 1102 774 1130 12
802 1101 936 1136 solidos,
964 1107 1052 1130 scuto
1073 1101 1194 1131 valente

285 1151 324 1181 16
340 1150 476 1186 solidos,
490 1160 549 1190 pro
565 1150 750 1190 pignoribus
766 1150 843 1180 suis.

326 1201 399 1238 (Fal.
417 1201 456 1230 37
469 1198 494 1240 ¹³)
506 1199 581 1229 Item
597 1199 746 1240 magister
760 1199 915 1229 Henricus
928 1200 965 1228 de
981 1200 1118 1240 Kempen
1130 1199 1195 1230 sol-

282 1249 328 1278 vit
337 1249 375 1279 67
394 1248 525 1284 solidos,
543 1255 630 1278 scuto
643 1248 763 1278 valente
780 1250 816 1278 13
831 1248 950 1278 solidos
962 1255 991 1278 et
1003 1249 1020 1278 4
1036 1249 1192 1278 denarios.

327 1298 401 1328 ltem
423 1297 455 1327 in
476 1298 607 1338 quadam
624 1298 872 1338 congregacione
890 1298 978 1327 nacio
992 1297 1085 1338 elegit
1100 1299 1195 1338 depu-

283 1353 364 1376 tatos
382 1347 420 1376 ad
436 1346 641 1376 ordinandum
657 1347 789 1386 aliquam
803 1347 963 1386 pecuniam
977 1357 1035 1386 pro
1046 1347 1194 1388 magistro

284 1395 434 1426 Nicholao
450 1396 488 1425 de
506 1394 702 1431 Almekerch,
724 1395 777 1436 qui
792 1402 950 1431 secuntur,
969 1396 1089 1426 scilicet
1101 1396 1194 1436 magi-

283 1451 383 1474 strum
409 1445 446 1475 G.
477 1445 516 1474 de
542 1445 728 1480 Wardelav,
753 1445 934 1485 magistrum
960 1445 1131 1474 Johannem
1157 1446 1194 1474 de

285 1494 433 1529 Lovanio,
459 1494 640 1534 magistrum
659 1493 819 1523 Albertum
839 1495 877 1523 de
895 1494 1028 1523 Saxonia
1047 1505 1107 1524 una
1126 1505 1194 1524 cum

283 1549 447 1583 receptore
460 1549 490 1572 et
502 1549 715 1583 procuratore,
730 1543 782 1583 qui
794 1543 1013 1573 convenientes
1025 1544 1055 1572 in
1071 1543 1194 1573 Carme-

282 1591 354 1622 litas
368 1592 589 1621 ordinaverunt
598 1602 656 1631 pro
670 1602 706 1622 eo
719 1598 789 1622 octo
803 1599 887 1622 scuta
901 1599 930 1622 et
941 1593 1020 1622 duos
1031 1593 1161 1622 solidos.

324 1641 399 1670 ltem
424 1641 613 1681 computavit
643 1641 791 1681 magister
818 1641 946 1677 Themo,
980 1648 1010 1671 et
1033 1648 1194 1682 compotus

281 1689 350 1730 ejus
363 1689 419 1719 fuit
429 1700 446 1719 a
458 1690 587 1719 nacione
602 1691 804 1730 approbatus,
819 1697 849 1720 et
858 1691 1020 1720 tenebatur
1031 1691 1062 1720 in
1073 1692 1194 1722 duobus

286 1739 384 1769 scutis
396 1749 465 1768 cum
483 1739 623 1768 dimidio.

690 1832 789 1862 1357

456 1904 661 1943 [Johannes
692 1905 734 1934 de
762 1905 1019 1944 Constancia.]

323 1984 414 2014 Anno
432 1984 557 2014 Domini
575 1995 637 2024 quo
650 1995 756 2024 supra,
773 1986 809 2014 21
829 1985 878 2014 die
894 1985 1010 2015 mensis
1034 1985 1191 2021 Octobris,

281 2034 400 2064 electus
430 2034 486 2063 suit
520 2034 551 2063 in
583 2040 814 2073 procuratorem
841 2035 1040 2064 concorditer
1066 2042 1097 2064 et
1126 2036 1193 2066 sine

282 2082 494 2123 cujuscunque
525 2083 769 2112 contradictione
797 2083 944 2123 magister
970 2084 1127 2114 Johannes
1155 2086 1193 2115 de

284 2132 473 2162 Constancia
495 2132 525 2161 in
553 2132 799 2172 congregacione
825 2133 964 2162 nacionis
987 2134 1023 2162 ad
1048 2133 1191 2164 Sanctum

282 2181 471 2211 Maturinum
488 2181 526 2210 ad
546 2181 604 2210 hoc
624 2181 802 2221 specialiter
821 2182 940 2211 factam.
962 2183 994 2212 ln
1013 2182 1102 2222 cujus
1118 2194 1193 2223 pro-

281 2229 462 2271 cur-[atoma]
482 2236 548 2259 acta
566 2236 711 2270 suntque
727 2237 885 2260 secuntur.

323 2279 428 2308 Primo
464 2280 602 2319 prefatus
635 2279 783 2319 magister
817 2280 974 2310 Johannes
1006 2281 1192 2321 supplicavit

280 2334 433 2368 quatenus
455 2339 472 2358 a
494 2328 624 2367 nacione
646 2329 913 2358 recommendatus
937 2337 1021 2360 esset
1042 2331 1192 2371 episcopo

280 2377 531 2412 Constanciensi‚
549 2376 636 2416 cujus
650 2377 763 2417 peticio
782 2378 812 2406 in
825 2379 930 2407 eadem
944 2380 1191 2419 congregacione

282 2426 337 2455 suit
354 2426 499 2456 admissa.

322 2475 397 2504 ltem
410 2475 460 2504 die
473 2475 627 2504 dominica
639 2475 782 2515 sequenti
794 2476 934 2516 proxime
944 2476 957 2495 ²
974 2478 1049 2506 facta
1063 2488 1192 2518 congre-

279 2524 426 2564 gacione,
449 2524 642 2564 propositum
660 2524 715 2553 fuit
732 2525 770 2554 de
790 2525 867 2554 sacto
888 2525 1106 2562 Bikardorum,
1123 2537 1191 2557 cum

280 2573 331 2602 illa
358 2573 409 2602 die
436 2573 586 2603 terminus
617 2573 663 2603 eis
693 2574 731 2602 ad
768 2575 997 2613 procedendum
1036 2576 1066 2605 in
1100 2586 1192 2606 causa

280 2621 401 2657 suisset,
418 2628 511 2662 prout
526 2622 617 2652 habui
637 2632 673 2652 ex
692 2622 840 2652 relatione
862 2624 1001 2663 magistri
1017 2624 1134 2654 Thome
1154 2625 1191 2654 de

281 2670 387 2704 Duns,
417 2671 488 2710 quia
510 2681 567 2700 nec
590 2671 651 2711 ipsi
671 2671 810 2701 Bikaridi
831 2682 886 2702 nec
907 2673 1044 2712 deputati
1067 2683 1190 2713 compa-

281 2726 426 2754 ruerunt,
450 2720 565 2750 dictum
586 2721 642 2750 suit
661 2730 697 2750 ex
718 2731 780 2761 quo
803 2731 942 2752 essemus
967 2722 1011 2751 rei
1030 2729 1060 2752 et
1085 2729 1191 2753 nostra

285 2768 450 2798 interesset
470 2769 568 2799 solum
585 2770 751 2799 defendere
771 2780 826 2800 seu
847 2771 968 2810 sugere,
989 2771 1083 2801 nichil
1109 2778 1192 2802 esset

279 2818 520 2857 attemptandum
553 2829 568 2848 a
602 2819 705 2855 nobis,
733 2825 795 2849 tum
825 2820 862 2849 ad
894 2820 1041 2850 cautelam
1073 2821 1191 2851 accessi

312 2927 335 2951 1.
370 2929 438 2951 Inter
452 2927 641 2960 [inrumpant-0
654 2930 794 2954 Arnoldus.

312 2963 335 2987 2.
370 2963 399 2987 22
414 2963 537 2988 octobrin.

790 435 904 462 LIBER
925 433 1241 462 PROCURATORUM
1261 432 1442 460 NATIONIS
1460 433 1706 459 ANGLICANAE

1232 954 1266 980 10

1232 1199 1266 1226 15

1232 1447 1267 1472 20

1232 1691 1266 1717 25

1231 1937 1265 1963 30

1230 2186 1264 2212 35

1229 2431 1263 2457 40

1229 2676 1263 2702 45

2159 435 2215 460 222

1302 509 1485 549 magistrum
1498 508 1656 538 Odardum
1675 509 1790 544 Billeti‚
1807 515 1879 538 tunc
1895 509 2076 539 existentem
2091 510 2123 539 in
2141 521 2213 540 con·

1301 559 1501 599 gregacione,
1518 564 1548 587 et
1564 568 1602 587 ex
1616 564 1702 597 parte
1720 558 1860 587 nacionis
1873 558 1932 588 mei
1947 559 2072 588 exhibui
2085 569 2213 599 presen-

1302 607 1375 637 tiam
1386 617 1454 637 cum
1465 607 1584 636 actibus
1597 607 1715 636 nostris
1724 613 1868 646 tanquam
1878 614 2063 647 procurator
2072 608 2213 638 nacionis

1302 656 1468 692 antedicte,
1483 662 1608 696 paratus
1628 657 1799 696 procedere
1815 656 1847 685 in
1863 666 1955 686 causa
1967 667 2070 686 coram
2088 658 2213 697 deputa-

1302 705 1354 741 tis,
1372 711 1464 745 prout
1474 704 1557 745 juris
1570 706 1660 740 foret,
1680 711 1710 735 et
1721 706 1759 735 de
1775 705 1834 735 hoc
1852 706 1918 744 ejus
1935 706 2112 735 testimonia
2127 707 2211 736 invo-

1303 755 1369 784 cavi
1386 755 1586 794 presentibus
1606 754 1737 784 badellis
1752 755 1892 784 nacionis
1911 755 2118 784 Bikardorum
2138 766 2212 796 sepe

1302 803 1394 833 dicte.

1344 852 1402 882 Die
1427 852 1581 882 dominica
1596 852 1608 870 ³
1630 859 1703 892 post
1724 853 1834 882 festum
1860 852 2005 882 Omnium
2031 853 2211 883 Sanctorum

1303 901 1456 942 proxima,
1479 902 1597 941 prefixo
1617 902 1709 931 nobis
1729 903 1861 931 termino
1882 912 1900 931 a
1921 903 2076 942 deputatis
2097 903 2134 932 ad
2154 909 2214 932 tra-

1303 951 1436 980 dendum
1468 951 1598 981 ulterius
1622 951 1801 991 posiciones
1829 961 1924 991 super
1949 952 2026 981 facto
2051 958 2160 981 nostro
2185 958 2215 981 et

1304 1000 1522 1035 Bikardorum,
1542 1010 1610 1030 cum
1630 1000 1778 1040 magister
1796 1000 1972 1030 Cristianus
1990 1000 2081 1030 nobis
2101 1001 2215 1030 dixerit

1303 1050 1387 1089 quod
1407 1059 1476 1079 cum
1494 1049 1542 1078 bis
1562 1049 1781 1079 tradiderimus
1805 1055 1834 1079 et
1851 1049 1947 1079 eciam
1962 1060 2058 1090 super
2077 1050 2215 1080 articulis

1303 1099 1439 1128 nondum
1456 1099 1535 1128 foret
1548 1099 1629 1128 clare
1640 1109 1838 1138 responsum,
1856 1105 1885 1128 et
1900 1109 1967 1128 cum
1982 1099 2103 1138 aliquos
2119 1105 2214 1129 testes

1303 1148 1555 1188 produxerimus,
1578 1148 1719 1178 ulteriori
1739 1148 1936 1188 productioni
1957 1149 2140 1178 deberemus
2165 1148 2215 1177 in-

1304 1198 1428 1233 sistere,
1449 1197 1567 1227 idcirco
1584 1197 1734 1237 magistro
1750 1197 1876 1227 Odardo
1895 1197 1926 1226 in
1940 1197 2071 1227 ecclesia
2086 1198 2215 1227 Carme-

1303 1246 1425 1276 litarum
1443 1257 1501 1286 per
1522 1246 1702 1286 magistrum
1724 1246 1930 1276 Macolonium
1952 1246 2076 1276 Scotum
2095 1247 2126 1276 in
2147 1257 2215 1287 pre-

1305 1296 1409 1326 sencia
1431 1295 1490 1325 mei
1514 1296 1544 1325 in
1569 1297 1666 1325 forma
1684 1295 1861 1335 prescripta
1881 1296 2053 1325 insinuacio
2067 1296 2123 1325 suit
2138 1297 2214 1326 sacta

1303 1345 1526 1385 predictorum.

1346 1395 1420 1424 Item
1439 1394 1488 1423 die
1507 1394 1613 1423 martis
1633 1393 1796 1434 proxima*
1817 1401 1888 1433 post
1906 1395 2015 1424 festum
2035 1394 2116 1424 beati
2134 1395 2214 1424 Mar-

1305 1444 1359 1474 tini
1375 1444 1450 1472 facta
1467 1443 1714 1483 congregacione
1725 1444 1807 1483 apud
1819 1443 1963 1472 Sanctum
1974 1443 2127 1473 Julianum
2142 1454 2214 1483 pau-

1303 1503 1408 1533 perem
1431 1503 1488 1532 per
1507 1491 1715 1532 juramentum
1737 1502 1833 1532 super
1856 1492 2009 1522 audiendo
2034 1493 2213 1522 relationem

1304 1542 1444 1582 magistri
1473 1541 1673 1576 Mancolonii,
1701 1541 1835 1581 qualiter
1862 1552 1919 1581 per
1938 1552 2005 1570 eum
2028 1552 2213 1582 responsum

1304 1592 1383 1620 soret
1407 1591 1623 1631 posicionibus
1653 1590 1858 1620 Pikardorum
1886 1597 1916 1620 et
1942 1601 2036 1630 super
2062 1591 2215 1631 eligendis

1304 1640 1459 1680 deputatis
1475 1641 1511 1669 ad
1529 1640 1721 1670 tractandum
1738 1641 1775 1669 de
1790 1640 1957 1670 concordia
1968 1641 2119 1669 amicabili
2133 1641 2214 1670 inter

1304 1690 1463 1719 nacionem
1476 1689 1677 1729 Anglicanam
1691 1695 1721 1718 et
1736 1689 1896 1718 nacionem
1909 1689 2125 1725 Pikardorum,
2143 1700 2214 1719 con·

1305 1739 1441 1768 corditer
1456 1738 1545 1768 electi
1567 1739 1690 1768 fuerunt
1705 1745 1889 1778 procurator
1907 1739 2046 1768 nacionis
2062 1739 2214 1768 antedicto.

1304 1795 1334 1818 et
1357 1794 1511 1827 receptor,
1535 1788 1683 1827 magister
1702 1787 1859 1817 Johannes
1881 1789 1919 1817 de
1937 1787 2043 1823 Dacia,
2068 1789 2215 1828 magister

1303 1836 1519 1866 Mancolonius
1535 1836 1659 1871 Scotus‚
1676 1837 1824 1876 magister
1836 1837 1970 1866 Jacobus
1986 1838 2024 1866 de
2038 1837 2213 1873 Hollandia,

1303 1886 1417 1926 quibus
1434 1886 1559 1915 insimul
1575 1886 1645 1915 data
1661 1886 1717 1915 suit
1732 1892 1871 1925 potestas
1886 1896 1902 1915 a
1918 1886 2047 1916 nacione
2062 1887 2214 1916 antedicta

1302 1935 1455 1965 tractandi
1486 1945 1582 1975 super
1607 1935 1774 1964 concordia
1800 1935 1880 1964 inter
1909 1937 2043 1975 prefatas
2068 1936 2214 1965 naciones

1303 1985 1426 2014 nomine
1444 1991 1551 2014 nostre
1572 1984 1723 2019 nacionis,
1742 1991 1772 2014 et
1792 1985 1822 2014 in
1840 1995 1913 2014 casu
1931 1985 1983 2014 ubi
1999 1985 2087 2014 nacio
2103 1985 2214 2014 Pikar-

1303 2035 1412 2063 dorum
1427 2034 1493 2063 suis
1509 2034 1666 2073 deputatis
1681 2034 1887 2063 omnimodam
1900 2040 2084 2074 potestatem
2095 2035 2214 2074 pascis-

1303 2083 1404 2118 cendi,
1422 2082 1605 2118 transiendi,
1629 2093 1683 2112 seu
1702 2093 1886 2123 quocunque
1902 2083 1961 2112 alio
1980 2084 2071 2112 modo
2086 2094 2213 2123 compo-

1302 2132 1407 2167 nendi,
1424 2133 1591 2167 conferret,
1607 2133 1733 2161 eandem
1750 2132 1867 2162 nostris
1885 2132 2040 2172 deputatis
2061 2133 2213 2162 voluimus

1302 2191 1372 2211 esse
1390 2181 1549 2217 collatam;
1572 2181 1603 2210 in
1621 2191 1694 2211 casu
1715 2181 1804 2210 etiam
1825 2182 1876 2210 ubi
1899 2182 2103 2211 Pikardorum
2125 2182 2213 2211 nacio

1302 2241 1376 2260 suos
1399 2232 1562 2270 deputatos
1586 2230 1680 2260 vellet
1701 2231 1930 2260 referendarios
1950 2241 2019 2260 esse
2047 2232 2212 2267 dumtaxat,

1301 2280 1473 2310 consimilis
1502 2279 1696 2309 condicionis
1724 2286 1850 2309 nostros
1877 2281 2040 2320 deputatos
2064 2281 2212 2310 vellemus

1301 2339 1372 2359 esse
1387 2329 1418 2358 in
1433 2329 1489 2359 hoc
1506 2339 1590 2358 casu.

1709 2383 1806 2412 1357

1402 2449 1586 2490 Magister
1618 2449 1780 2479 Jacobus
1816 2450 1858 2479 de
1896 2450 2109 2479 Hollandia.

1340 2525 1432 2555 Anno
1447 2525 1571 2555 Domini
1585 2536 1646 2565 quo
1661 2535 1755 2565 supra
1768 2526 2014 2565 congregacione
2026 2526 2213 2555 santanacio-

1302 2575 1350 2604 nis
1368 2574 1540 2615 Anglicane
1558 2576 1640 2614 apud
1654 2575 1798 2604 Sanctum
1816 2574 2015 2609 Maturinum‚
2028 2575 2144 2604 electus
2159 2575 2214 2604 fuit

1300 2625 1332 2654 in
1349 2630 1583 2664 procuratorem
1605 2624 1754 2664 magister
1769 2624 1903 2653 Jacobus
1925 2625 1961 2653 de
1982 2623 2160 2659 llollandia‚
2181 2624 2213 2653 in

1301 2673 1389 2713 cujus
1405 2673 1631 2713 procuracione
1649 2679 1715 2702 acta
1734 2679 1805 2702 sunt
1821 2673 1876 2701 hcc
1895 2683 1954 2712 que
1970 2680 2152 2712 sequuntur.

1342 2722 1448 2752 Primo
1468 2723 1586 2762 incepit
1604 2722 1748 2751 dominus
1772 2721 1896 2751 Ulricus
1916 2723 1953 2751 de
1972 2722 2085 2751 Sancto
2105 2721 2211 2756 Gallo,

1300 2770 1389 2811 cujus
1405 2772 1498 2801 bursa
1515 2773 1532 2801 5
1551 2771 1655 2805 solidi,
1672 2777 1760 2800 scuto
1775 2771 1894 2800 valente
1910 2770 1994 2800 xvll
2010 2770 2139 2806 solidos,
2156 2772 2213 2801 sub

1301 2821 1450 2861 magistro
1467 2820 1606 2850 «Iohanne
1624 2821 1662 2849 de
1681 2820 1878 2849 Constancia.

1331 2933 1356 2955 3.
1389 2934 1403 2955 5
1420 2930 1576 2955 Novembris.

1331 2969 1356 2991 4.
1392 2967 1587 2991 tha'oseembrm.
