2632 3464
449 422 498 447 331

450 498 611 536 Reynerus
642 497 673 526 in
703 497 831 536 quadam
865 496 1110 535 congregacione
1145 495 1282 524 nacionis
1314 495 1352 524 ad

449 553 569 586 tempus
587 547 624 575 ab
638 546 736 575 officio
749 545 964 574 examinatoris
978 551 1043 573 erat
1054 554 1237 583 suspensus,
1254 544 1352 572 donec

449 596 536 624 nacio
554 605 621 624 eum
637 595 813 623 restitueret
827 594 876 623 vel
891 594 982 622 alium
997 599 1200 632 presentaret.

491 644 564 673 Item
580 643 684 673 ultima
699 643 748 672 die
762 643 875 672 mensis
892 642 999 671 Marcii
1016 643 1091 671 facta
1106 641 1352 680 congregacione

449 693 587 722 nacionis
609 692 683 721 hora
708 692 910 731 Completorii
931 692 969 720 ad
988 691 1131 720 Sanctum
1153 689 1350 724 Maturinum,

450 741 635 780 supplicavit
656 741 802 780 magister
823 740 1009 769 Wilhelmus
1030 741 1067 768 de
1084 739 1259 777 WVadenoy,
1284 748 1351 767 cum

449 790 548 819 adhuc
569 797 725 819 teneretur
742 789 862 818 nacioni
879 789 911 817 in
930 789 1058 828 quadam
1080 788 1209 827 pecunia
1229 787 1352 816 racione

450 839 696 873 determinancie,
718 838 844 867 licencie
866 843 896 866 et
919 837 1103 876 magisterii,
1127 842 1156 865 et
1182 846 1242 865 non
1270 842 1353 865 esset

450 894 559 927 potens
580 887 699 916 solvere
718 897 793 921 eam,
815 892 964 925 quatenus
984 887 1071 915 daret
1091 885 1150 914 sibi
1170 885 1351 914 dilacionem

450 946 610 976 quousque
630 942 712 965 esset
734 935 854 964 solvere
878 935 987 964 dictam
1006 934 1181 973 pecuniam;
1200 933 1247 962 cui
1263 933 1351 962 nacio

449 985 534 1014 dedit
550 985 731 1013 dilacionem
751 994 912 1023 quousque
930 984 967 1012 ad
986 983 1179 1022 pinguiorem
1200 983 1351 1011 fortunam

448 1034 635 1074 pervenerit,
659 1034 822 1062 dummodo
848 1042 948 1061 coram
976 1032 1159 1071 deputandis
1186 1041 1203 1060 a
1222 1031 1350 1060 nacione

442 1082 550 1122 jurare
570 1082 660 1111 vellet
676 1088 835 1117 statutum,
853 1081 996 1110 videlicet
1010 1081 1093 1120 quod
1111 1090 1167 1109 nec
1182 1080 1232 1109 hic
1247 1090 1303 1109 nec
1319 1080 1350 1109 in

448 1132 587 1171 partibus
606 1131 741 1160 haberet.

488 1190 561 1218 Item
591 1189 622 1217 in
649 1189 752 1217 eadem
782 1188 1026 1227 congregacione
1055 1188 1125 1216 data
1151 1193 1216 1216 erat
1238 1187 1349 1216 dilacio

448 1238 562 1267 Thome
584 1239 621 1266 de
646 1237 770 1266 Herlem
793 1238 830 1266 de
854 1237 982 1275 pecunia
1004 1246 1058 1265 sue
1080 1236 1207 1265 licencie
1227 1237 1265 1265 ad
1284 1242 1349 1265 tres

446 1297 567 1316 menses
581 1297 597 1315 a
615 1286 663 1315 die
676 1286 803 1315 licencie
815 1296 879 1320 sue,
895 1286 1058 1314 dummodo
1074 1291 1203 1324 poneret
1218 1285 1350 1324 pignora

447 1337 613 1365 secundum
629 1341 772 1364 statutum
791 1335 940 1363 nacionis.

486 1385 559 1414 Item
587 1384 760 1413 licentiatus
792 1384 847 1412 suit
873 1383 1015 1412 dominus
1043 1383 1263 1422 Radulphus...
1290 1383 1347 1412 sub

446 1434 592 1473 magistro
607 1433 742 1462 Henrico
754 1433 884 1467 Herout,
897 1432 968 1471 quia
982 1432 1232 1461 normannizatus
1241 1455 1247 1467 ‚
1261 1431 1347 1472 cujus

444 1484 538 1511 bursa
552 1481 658 1517 nichil,
676 1482 747 1521 quia
761 1480 874 1520 juravit
886 1487 1041 1510 statutum.

485 1531 559 1560 Item
577 1531 749 1560 licentiatus
763 1530 818 1559 suit
833 1530 975 1559 dominus
992 1530 1148 1559 Johannes
1164 1531 1201 1559 de
1220 1529 1348 1560 Dfieren

445 1581 502 1609 sub
515 1580 662 1619 magistro
674 1579 814 1608 Mercilio
830 1580 867 1608 de
882 1579 1011 1618 Inghen‚
1026 1578 1113 1618 cujus
1127 1580 1221 1608 bursa
1231 1579 1303 1609 VIII
1319 1590 1344 1609 s.

484 1629 559 1658 Item
585 1628 624 1657 VI
648 1629 696 1656 die
723 1628 837 1657 mensis
861 1627 978 1667 Aprilis
1002 1628 1078 1656 facta
1102 1629 1347 1668 congregacione

443 1678 580 1706 nacionis
609 1678 640 1706 in
662 1677 770 1716 primis
796 1677 908 1706 Nostre
934 1677 1063 1705 Domine
1093 1678 1173 1716 apud
1202 1678 1346 1707 Sanctum

443 1727 628 1755 Maturinum
658 1725 842 1764 supplicavit
865 1726 1012 1764 magister
1038 1726 1200 1765 Reynerus
1234 1727 1344 1766 Creyt,

444 1782 593 1814 quatenus
617 1775 704 1803 nacio
726 1774 819 1804 vellet
842 1774 943 1813 ipsum
967 1775 1130 1803 restituere
1154 1776 1191 1803 ad
1215 1775 1346 1805 officium

443 1823 658 1853 examinatoris
677 1823 919 1852 bachelariorum
940 1833 998 1862 pro
1020 1824 1111 1852 tertia
1131 1824 1292 1853 audicione
1314 1825 1346 1854 in

443 1873 554 1902 Sancta
575 1872 740 1908 Genovestx,
765 1871 851 1911 cujus
874 1872 1063 1911 supplicacio
1083 1883 1140 1912 pro
1164 1874 1345 1913 expediente

442 1928 507 1951 erat
521 1931 680 1950 concessa.

482 1970 556 1999 Item
580 1970 636 1999 VII
659 1970 707 1999 die
727 1970 842 1999 mensis
861 1969 979 2009 Aprilis
1002 1971 1080 1999 facta
1099 1971 1345 2010 congregacione

442 2019 578 2048 nacionis
603 2019 634 2048 in
662 2019 769 2058 primis
794 2019 906 2048 Nostre
933 2019 1064 2048 Domine
1089 2021 1170 2059 apud
1200 2020 1343 2049 Sanctum

440 2068 591 2097 Julianum
614 2078 779 2107 pauperem
804 2069 841 2096 ad
865 2068 1039 2108 eligendum
1061 2075 1292 2108 procuratorem
1315 2076 1345 2098 et

441 2118 478 2145 ad
493 2117 675 2146 audiendum
693 2123 867 2156 computum
885 2118 1057 2156 receptoris
1073 2125 1102 2147 et
1122 2118 1254 2157 singulis
1270 2128 1343 2157 per-

441 2166 538 2204 ceptis
556 2172 585 2194 et
600 2166 748 2204 expositis
764 2166 834 2194 hinc
848 2166 918 2194 inde
934 2166 1104 2202 defalcatis‚
1121 2167 1233 2196 mansit
1248 2167 1342 2196 domi-

440 2225 498 2243 nus
524 2221 666 2253 receptor
693 2214 846 2254 obligatus
875 2215 996 2244 nacioni
1025 2216 1056 2244 in
1082 2216 1123 2244 IX
1146 2215 1235 2245 libris
1258 2222 1287 2245 et
1314 2216 1341 2245 II

441 2263 549 2292 solidis
564 2263 584 2291 ¹.

845 2317 941 2346 1369

498 2382 587 2412 Acta
612 2384 870 2422 procuratorie
899 2384 1069 2423 magistri
1100 2384 1281 2414 Hartwici

764 2434 805 2461 de
836 2432 1010 2461 Hammis.

477 2506 567 2535 Anno
586 2507 710 2536 Domini
723 2507 768 2536 Μο
783 2507 878 2537 CCC⁰
890 2508 996 2542 LXIX,
1014 2508 1144 2547 septima
1159 2509 1208 2538 die
1225 2509 1340 2539 mensis

439 2554 571 2594 Aprilis,
594 2555 676 2595 que²
697 2556 752 2585 fuit
774 2557 932 2585 sabbatum
952 2557 1123 2595 proximum
1152 2564 1223 2596 post
1243 2558 1341 2588 Pasca

470 2633 491 2656 1.
525 2633 566 2656 Ad
579 2634 653 2656 istam
666 2634 783 2665 temporis
800 2634 1005 2665 noiampertinet
1020 2634 1213 2659 instrumentum
1223 2636 1249 2659 in
1262 2636 1339 2660 Arch.

439 2667 558 2691 Univers.
581 2669 674 2697 Paris.,
693 2669 759 2692 thee.
786 2670 849 2697 XIV,
877 2674 903 2692 n⁰
931 2671 953 2696 5,
983 2669 1130 2694 charactere
1151 2670 1210 2702 jam
1231 2672 1339 2695 evanida

438 2703 565 2734 scriptum,
577 2705 646 2735 quod
657 2705 692 2727 ad
702 2704 801 2727 scholas
810 2705 919 2735 refertur
934 2713 942 2727 .·
955 2705 1091 2728 Universis
1103 2710 1238 2737 presentes
1249 2707 1339 2730 literas

438 2738 594 2769 inspecturis
606 2740 727 2763 officialis
738 2740 841 2763 Paris...
853 2743 943 2764 notum
959 2741 1069 2764 facimus
1080 2741 1148 2772 quod
1163 2750 1251 2765 coram
1264 2743 1340 2766 nobis

438 2777 545 2804 propter
556 2775 603 2798 hoc
619 2775 822 2806 personaliter...
836 2777 976 2799 constituta
988 2776 1126 2807 Jaquelina
1135 2777 1166 2800 de
1176 2777 1270 2801 Sancto
1279 2777 1340 2802 Ger-

439 2816 515 2832 mano
523 2810 673 2841 recognovit
681 2819 769 2834 coram
777 2811 852 2834 nohis
864 2811 902 2842 [se
910 2811 1054 2842 acce]pisse
1065 2814 1090 2834 et
1100 2812 1224 2835 habuisse
1233 2820 1340 2844 arecep-

438 2847 492 2867 tore
503 2845 614 2868 nationis
628 2846 769 2876 Anglicane
783 2846 958 2877 quadraginta
971 2846 1069 2870 solidos
1082 2847 1164 2878 puris.
1178 2855 1226 2878 pro
1236 2848 1339 2879 locagio

439 2880 600 2909 quarundam
619 2881 756 2909 scolarum,
771 2881 797 2904 in
813 2881 917 2912 [quibus
933 2889 947 2904 a
960 2882 1081 2913 naci]one
1098 2883 1216 2913 predicta
1232 2883 1338 2914 legitur,

438 2917 467 2937 ut
485 2914 595 2943 dicebat,
616 2916 646 2939 de
671 2916 765 2947 quibus
785 2917 960 2948 quadraginta
982 2917 1094 2949 [solidis]
1118 2918 1199 2949 paris.
1220 2919 1339 2949 predicta

436 2949 574 2981 Jaquelinu
588 2959 615 2974 se
630 2951 711 2974 tenuit
724 2960 811 2975 coram
825 2952 900 2975 nobis
914 2952 1030 2983 plenarie
1044 2953 1230 2985 s[ntisractam]
1245 2958 1269 2977 et
1283 2954 1339 2986 qui-

991 421 1213 446 AUCTARIUM
1238 418 1495 445 CHARTULARII
1520 421 1692 447 UNIVERS.
1715 421 1832 449 PARIS.

1389 939 1422 964 10

1387 1185 1420 1210 15

1385 1430 1418 1456 20

1384 1676 1417 1702 25

1382 1921 1416 1947 30

1379 2166 1413 2192 35

1378 2412 1412 2438 40

2314 425 2370 452 332

1460 501 1490 524 et
1513 502 1582 525 ante
1607 498 1804 535 Quasimodo,
1829 499 1906 529 sacta
1927 501 2174 540 congregacione
2194 501 2365 543 Anglicane

1459 545 1598 574 nacionis
1624 546 1656 575 in
1677 547 1787 585 primis
1811 548 1924 577 Nostre
1950 549 2082 579 Domine
2111 552 2193 590 apud
2221 551 2364 582 Sanctum

1459 593 1612 623 Julianum
1633 605 1799 635 pauperem
1818 597 1856 626 ad
1876 597 2051 637 eligendum
2078 606 2309 638 procuratorem
2333 608 2364 631 et

1460 643 1498 671 ad
1520 643 1702 674 audiendum
1727 652 1901 685 compotum
1918 647 2101 686 receptoris‚
2125 648 2240 679 electus
2261 650 2317 680 fuit
2332 650 2365 680 in

1459 699 1692 731 procuratorem
1710 695 1886 734 supradicte
1903 695 2044 725 nacionis
2063 697 2211 737 magister
2227 698 2368 729 Hartwi-

1460 747 1509 770 tus
1525 742 1562 771 de
1579 742 1728 779 Hammis,
1748 743 1779 772 in
1794 742 1880 783 cujus
1901 745 2123 784 procuracione
2138 753 2204 776 acta
2221 754 2293 778 sunt
2308 747 2366 778 hec

1461 800 1520 829 que
1539 797 1700 830 sequntur.

1501 838 1605 869 Primo
1624 839 1741 879 juravit
1766 842 1908 872 dominus
1942 842 2089 873 Hinricus
2121 843 2224 874 Bilant
2249 845 2364 876 nobilis

1460 898 1517 927 pro
1533 888 1712 928 incepcione
1729 900 1794 926 sua,
1809 890 1896 930 cujus
1914 892 2009 921 bursa
2025 892 2067 922 IX
2085 892 2188 929 solidi,
2208 900 2238 923 et
2249 894 2366 935 incepit

1460 938 1517 967 sub
1533 938 1681 977 magistro
1698 938 1834 968 Jordano
1850 940 1888 969 de
1904 940 2013 970 Clivis.
2050 941 2054 945 ’

1500 986 1574 1016 Item
1599 987 1715 1026 incepit
1738 988 1880 1018 dominus
1909 989 2059 1032 Radolfus
2069 989 2132 1020 ³....
2159 991 2246 1031 cujus
2268 993 2365 1023 burse

1459 1035 1554 1064 nichil
1572 1036 1642 1075 quia
1659 1047 1788 1076 pauper,
1806 1038 1863 1066 sub
1883 1038 2035 1078 magistro*
2047 1039 2183 1070 Henrico
2205 1041 2361 1080 Her0[u]t.

1499 1084 1574 1114 Item
1587 1085 1619 1114 in
1630 1086 1735 1114 eadem
1746 1086 1796 1115 die
1806 1086 1922 1126 incepit
1933 1087 2075 1118 dominus
2087 1088 2203 1128 Helyas
2216 1090 2363 1130 Loepwic

1459 1134 1515 1163 suh
1534 1134 1681 1174 magistro
1701 1135 1879 1175 ReygnerO,
1901 1135 1988 1176 cujus
2007 1137 2101 1167 burse
2118 1137 2159 1167 VI
2183 1139 2274 1168 solidi
2286 1147 2362 1178 *cum

1458 1183 1596 1212 dimidio.
1615 1183 1639 1212 Il
1652 1190 1700 1212 est
1716 1183 1830 1213 mort⁴.
2114 1181 2118 1187 ’

1499 1232 1573 1261 Item
1593 1232 1651 1261 XII
1672 1233 1721 1262 die
1743 1233 1859 1263 mensis
1882 1233 2001 1273 Aprilis
2019 1235 2097 1265 facta
2116 1237 2367 1277 congregacione

1457 1282 1596 1311 nacionis
1617 1283 1699 1320 apud
1722 1281 1866 1311 Sanctum
1894 1283 2080 1313 Maturinum
2109 1294 2205 1324 super
2229 1287 2361 1325 quodam

1458 1331 1536 1359 facto
1560 1331 1668 1367 arduo,
1700 1331 1819 1360 scilicet
1846 1331 1919 1371 quia
1944 1332 2086 1362 dominus
2115 1339 2218 1363 rector
2243 1334 2285 1364 XI
2312 1336 2366 1366 die

1457 1380 1572 1409 mensis
1603 1379 1693 1419 hujus
1722 1380 1753 1408 in
1786 1381 2032 1421 congregacione
2060 1382 2211 1412 facultatis
2243 1383 2368 1415 distulit*

1451 1428 1626 1467 juramenta
1634 1429 1856 1458 bacalariorum
1869 1430 1908 1458 ad
1916 1430 2169 1460 reclamacionem
2178 1442 2358 1471 paucorum,

1455 1488 1523 1507 cum
1552 1484 1653 1507 tamen
1671 1478 1703 1506 in
1729 1479 1976 1518 congregacione
2007 1480 2146 1510 nacionis
2171 1482 2360 1520 precedente

1455 1533 1518 1556 tota
1538 1527 1667 1556 nacione
1687 1527 1872 1557 reclamante
1896 1529 1934 1556 ad
1957 1529 2169 1568 recipiendum
2187 1528 2363 1569 juramenta

1455 1576 1664 1616 predictorum
1695 1583 1725 1605 et
1752 1576 1993 1606 examinatorum
2025 1585 2237 1617 processerat,
2267 1590 2366 1620 super

1456 1625 1568 1664 quibus
1597 1635 1655 1664 pro
1681 1631 1753 1654 tunc
1784 1625 1966 1655 deliberavit
1994 1627 2093 1663 nacio,
2123 1634 2157 1657 ut
2179 1629 2280 1668 primo
2304 1629 2363 1660 hec

1454 1673 1566 1714 injuria
1592 1674 1768 1714 signaretur
1792 1674 1936 1711 facultati,
1968 1681 1998 1705 et
2029 1677 2115 1706 dedit
2138 1677 2301 1717 deputatos
2330 1684 2360 1708 et

1454 1729 1676 1763 proponentes.

1496 1773 1570 1801 Item
1610 1772 1740 1801 redemit
1777 1772 1919 1802 dominus
1952 1773 2132 1813 Reynaldus
2168 1775 2206 1804 de
2241 1775 2360 1806 Vianne

1454 1821 1585 1861 pignora
1609 1831 1668 1860 que
1688 1821 1793 1860 posuit
1814 1831 1872 1861 pro
1898 1822 2027 1852 licencia
2053 1833 2119 1859 sua,
2149 1822 2236 1863 cujus
2264 1825 2363 1855 burse-

1453 1870 1526 1900 VIII
1545 1870 1647 1900 solidi.

1493 1919 1566 1959 (Fol.
1591 1919 1660 1959 6¹³).
1687 1919 1762 1948 Item
1789 1920 1936 1960 magister
1959 1920 2148 1951 Wilhelmus
2171 1921 2356 1953 Suvermunt

1453 1969 1538 1998 dedit
1575 1979 1629 1998 sex
1667 1969 1788 1998 francos
1827 1979 1864 1998 ex
1902 1975 1990 2009 parte
2027 1971 2168 2010 magistri
2204 1970 2358 2002 Gherardi

1452 2017 1590 2047 Wildess.

1493 2067 1527 2095 In
1547 2067 1652 2096 eadem
1674 2073 1763 2096 nocte
1781 2067 1906 2097 intravit
1922 2068 2010 2097 nacio
2028 2069 2186 2098 tabernam
2208 2070 2252 2098 ad
2267 2081 2363 2107 yma-

1450 2118 1547 2155 ginem
1562 2117 1660 2144 sancti
1676 2117 1823 2146 Iohannis
1839 2116 1871 2145 in
1888 2116 1957 2146 vico
1976 2116 2080 2147 Sancti
2097 2118 2215 2154 Jacobi,
2234 2124 2264 2148 et
2281 2129 2357 2149 con-

1452 2165 1584 2204 sumpsit
1599 2164 1653 2194 XL
1670 2164 1787 2194 solidos
1809 2158 1999 2205 parysiens„
2020 2166 2058 2195 de
2078 2167 2191 2206 quibus
2210 2167 2359 2207 magister

1451 2213 1637 2254 Reygnerus
1678 2214 1793 2253 Creyet
1830 2214 1923 2244 solvit
1958 2215 2094 2244 francum
2124 2226 2183 2255 pro
2220 2217 2357 2246 secundo

1450 2273 1555 2292 mense
1576 2273 1631 2292 sue
1653 2263 1881 2299 examinationi,
1908 2269 1938 2293 et
1957 2264 2106 2304 magister
2125 2264 2240 2303 Helyas
2261 2275 2356 2295 unum

1450 2318 1604 2341 mutonem
1626 2313 1664 2341 de
1686 2312 1759 2342 XIII
1785 2312 1906 2348 solidis,
1929 2318 1960 2341 et
1981 2313 2123 2343 dominus
2147 2320 2292 2354 receptor
2312 2314 2355 2344 XI

1450 2361 1569 2390 solidos
1586 2361 1688 2390 solvit.

1490 2410 1565 2439 Item
1581 2410 1728 2439 licentiati
1741 2410 1863 2440 suerunt
1877 2409 1951 2439 XIII
1968 2410 2016 2439 die
2031 2409 2149 2450 Aprilis
2164 2410 2186 2440 θ.

1490 2458 1596 2488 Primo
1618 2459 1760 2488 dominus
1781 2459 1928 2488 Hinricus
1950 2459 1988 2488 de
2009 2459 2110 2488 Lecka
2129 2461 2186 2489 sub
2204 2460 2359 2500 magistro

1448 2507 1590 2537 Arnoldo
1606 2508 1631 2537 N
1636 2518 1722 2543 even,
1737 2508 1789 2547 qui
1800 2507 1915 2547 juravit
1928 2514 2071 2538 statutum
2089 2509 2292 2548 paupertatis.

1490 2557 1564 2586 Item
1580 2557 1751 2586 licentiatus
1770 2557 1826 2586 fuit
1842 2557 1985 2586 dominus
2002 2557 2161 2587 Arnoldus
2180 2558 2351 2598 Orynghen

1448 2635 1514 2659 tavit
1523 2643 1554 2659 ex
1563 2635 1629 2667 ipsis
1643 2636 1819 2667 quadraginta
1831 2635 1923 2659 solidis
1940 2635 2065 2667 [paris...]
2086 2640 2248 2668 receptorem
2262 2636 2358 2661 nacio-

1447 2671 1489 2694 nis
1499 2671 1615 2703 predicte
1630 2674 1656 2695 et
1665 2679 1755 2695 omnes
1770 2679 1882 2702 quorum
1894 2671 2003 2694 interest
2015 2671 2119 2702 penitus
2133 2675 2278 2703 presentes,
2289 2680 2354 2704 pro-

1448 2707 1554 2730 mittens
1570 2707 1639 2730 bone
1656 2707 1706 2730 fide
1721 2706 1791 2738 quod
1809 2710 1901 2730 contra
1917 2706 2114 2738 q[uitacionem]
2135 2707 2286 2739 hujusmodi
2300 2716 2357 2732 nou

1448 2742 1534 2766 veniet
1548 2742 1574 2765 in
1588 2743 1714 2766 futurum.
1732 2743 1827 2766 Datum
1840 2750 1908 2766 anno
1924 2742 2028 2766 Domini
2046 2743 2071 2766 M
2086 2742 2146 2767 CCC
2164 2743 2354 2776 sexa[gesimo}

1447 2786 1524 2806 nono,
1536 2778 1578 2801 die
1590 2778 1694 2802 sabbati
1704 2781 1765 2809 post
1777 2778 1878 2802 Pascha
1889 2781 1941 2807 (an.
1955 2778 2024 2806 1369,
2039 2779 2052 2801 7
2062 2778 2155 2810 April).

1536 2813 1620 2841 Que...
1635 2812 1795 2841 Quasimodo
1806 2813 1873 2836 inter
1885 2812 1976 2837 lineae.

1536 2849 1655 2880 Sequitur
1669 2857 1759 2872 nomen
1770 2848 1889 2872 deletum.

1537 2884 1558 2907 Il
1571 2887 1610 2907 est
1623 2887 1692 2907 mort.
1704 2883 1756 2907 alio
1767 2883 1925 2908 charactere.

1535 2921 1602 2942 Haec
1611 2919 1714 2942 rubrica
1725 2919 1778 2943 alio
1790 2919 1939 2943 charactere
1951 2916 2055 2951 scripta.

1534 2955 1592 2978 XIII
1605 2955 1704 2986 Aprilis
1715 2954 1880 2979 interlineas.

1478 2814 1502 2979 92qu30
