2632 3464
883 0 901 9 ψ
917 0 932 16 1v
941 4 946 12 ,1
959 6 964 11 .
982 3 1006 12 m.
1015 0 1035 11 ,ιν
1048 0 1149 19 μην-,ξμς
1164 0 1380 30 '‘''ffffi‘ffssw-*wb

410 438 459 463 851

412 512 543 541 ecclesia
562 511 641 540 sicut
658 515 838 540 consuetum
860 514 941 544 erat,
963 514 993 537 et
1014 508 1041 537 si
1062 508 1160 547 aliqui
1177 507 1318 548 magistri

410 561 525 591 vellent
545 559 712 589 convenire
727 559 759 588 in
779 558 882 597 aliqua
899 558 1027 587 taberna
1048 558 1087 586 ad
1105 557 1318 586 honorandum

411 610 582 645 nacionem,
606 609 689 648 quod
713 613 857 647 receptor
886 617 923 636 ex
947 612 1034 646 parte
1064 606 1203 635 nacionis
1232 606 1320 635 daret

410 660 489 688 duos
511 659 644 693 francos,
664 663 694 686 et
710 657 868 686 residuum
886 656 1011 695 ipsimet
1034 655 1201 685 solverent.
1224 654 1318 684 Vole-

410 709 484 737 bant
500 708 594 737 eciam
618 706 758 746 magistri
776 706 859 745 quod
881 705 990 734 fierent
1007 703 1135 743 exequie
1157 703 1319 734 wilhelmi

413 756 585 786 subbedelli
602 755 712 785 nostri.
731 755 839 792 Quoad
861 754 901 782 3¹¹¹
920 753 1107 792 supplicavit
1125 753 1224 792 primo
1242 763 1319 792 pro-

411 812 535 837 curator
553 805 735 844 precedens,
757 803 901 843 quatinus
925 802 956 831 in
977 803 1054 832 actis
1077 812 1133 841 per
1150 812 1218 832 eum
1240 809 1319 832 tem-

411 865 488 895 pore
503 853 735 894 procuracionis
755 863 809 882 sue
829 852 993 881 haberetur
1013 858 1133 891 gratus,
1147 857 1273 881 avoatus
1289 857 1320 881 et

413 904 688 933 recommendatus.
716 902 859 931 Secundo
887 901 1075 940 supplicavit
1098 901 1245 940 magister
1267 900 1318 930 J0-

411 953 527 982 hannes
552 952 664 987 Aveze‚
684 957 834 991 quatenus
855 950 944 979 nacio
966 949 1058 979 vellet
1079 950 1180 989 ipsum
1205 949 1318 979 habere

413 1008 625 1041 supportatum
657 1001 695 1030 de
729 999 888 1029 solucione
918 999 1081 1035 scolarum,
1112 1005 1146 1028 et
1174 1005 1318 1038 reputare

412 1051 512 1091 ipsum
530 1056 688 1090 regentem
703 1059 760 1088 pro
778 1048 831 1078 illo
850 1058 930 1078 anno
948 1058 983 1077 ac
1000 1048 1026 1077 si
1046 1048 1176 1077 ulterius
1195 1054 1319 1087 regeret

413 1110 470 1139 per
493 1099 638 1139 majorem
671 1104 789 1138 partem
820 1097 981 1133 ordinarii,
1004 1103 1119 1127 attento
1146 1097 1229 1136 quod
1257 1107 1318 1126 non

412 1155 534 1189 poterat
552 1148 685 1177 retinere
701 1147 866 1176 servicium
879 1157 967 1176 suum
985 1153 1015 1176 et
1032 1156 1152 1186 regere,
1171 1146 1242 1185 quia
1256 1156 1319 1175 non

413 1197 680 1236 compaciebantur
698 1196 884 1225 seinvicem.
898 1195 1018 1232 Quibus
1034 1194 1319 1234 supplicacionibus

413 1246 501 1275 nacio
511 1238 635 1275 annuit.

819 1297 916 1326 1402

413 1367 476 1407 (Fol
503 1365 835 1405 67)Procuratoria
862 1364 1015 1394 Hem-ici
1048 1363 1320 1403 Maltmengher

759 1415 801 1443 de
829 1414 964 1443 Berka.

454 1492 546 1521 Facta
573 1491 821 1531 congregacione
848 1490 988 1518 nacionis
1016 1499 1096 1518 anno
1123 1499 1185 1528 quo
1212 1498 1318 1528 supra,

416 1542 465 1570 16²
483 1541 677 1575 Decembris,
694 1540 768 1569 hora
784 1545 890 1568 octava
911 1539 992 1578 apud
1009 1538 1152 1568 Sanctum
1165 1537 1320 1567 Julianum

415 1600 580 1629 pauperem
605 1599 699 1628 super
723 1589 843 1618 duobus
867 1587 1018 1617 articulis.
1041 1588 1164 1616 Primus
1187 1593 1253 1616 erat
1283 1588 1321 1616 ad

414 1640 589 1678 eligendum
609 1648 721 1667 novum
742 1643 987 1677 procuratorem,
1007 1637 1057 1666 vel
1076 1637 1114 1665 ad
1138 1637 1321 1666 continuan-

415 1689 486 1716 dum
502 1687 671 1726 antiquum.
688 1686 728 1715 Et
742 1686 856 1715 electus
876 1685 931 1714 fuit
945 1685 976 1714 in
994 1692 1227 1724 procuratorem
1241 1685 1321 1714 dicte

414 1736 553 1766 nacionis
587 1736 625 1764 H.
653 1735 879 1774 Maltmengher
911 1736 949 1763 de
986 1735 1087 1763 Berka
1125 1733 1322 1763 concorditer

415 1786 537 1815 nemine
557 1785 751 1814 reclamante.
779 1784 940 1813 Secundus
965 1784 1113 1813 articulus
1139 1789 1205 1812 erat
1228 1793 1323 1822 super

415 1835 698 1874 supplicacionibus
719 1840 749 1863 et
767 1832 901 1872 injuriis.
917 1833 1109 1872 Supplicavit
1127 1833 1228 1871 primo
1248 1842 1322 1871 pro-

415 1890 539 1913 curator
583 1884 765 1922 precedens,
804 1882 948 1921 quatinus
989 1882 1020 1911 in
1057 1882 1133 1910 actis
1161 1891 1217 1920 per
1254 1891 1322 1911 eum

415 1940 552 1972 tempore
574 1932 807 1972 procuracionis
830 1942 884 1961 sue
907 1931 1072 1960 haberetur
1087 1937 1194 1970 gratus
1216 1937 1246 1960 et
1271 1940 1323 1959 re-

417 1983 657 2011 commendatus.
678 1980 774 2020 Cujus
791 1980 1015 2020 supplicacioni
1032 1980 1104 2009 savit
1122 1980 1222 2009 nacio.
1240 1979 1323 2019 Sup-

416 2031 541 2070 plicavit
558 2031 589 2059 2⁰
613 2041 691 2070 mag.
712 2030 868 2059 ,lohannes
893 2029 981 2068 Dorp
1003 2029 1189 2058 inhabitator
1213 2029 1322 2058 domus

416 2081 459 2108 ad
475 2091 565 2108 cornu
582 2081 671 2115 cervi,
687 2080 769 2118 quod
793 2089 830 2108 ex
853 2089 913 2118 quo
935 2079 1067 2107 fenestre
1083 2078 1114 2107 in
1129 2087 1250 2107 camera
1269 2087 1323 2107 sua

417 2129 598 2168 indigebant
632 2128 827 2157 neccessaria
858 2127 1069 2167 reparacione,
1094 2132 1208 2156 attento
1241 2127 1323 2166 quod

417 2178 569 2207 modicum
601 2177 698 2216 magis
730 2183 937 2216 exponeretur
965 2186 1022 2215 pro
1049 2176 1138 2205 novis
1167 2175 1322 2210 fenestris,

417 2237 506 2266 quam
531 2236 589 2266 pro
611 2226 811 2265 reparacione
835 2226 1039 2264 antiquarum,
1066 2231 1098 2254 ut
1121 2225 1209 2254 nacio
1233 2224 1325 2254 vellet

417 2275 593 2305 consentire
611 2276 694 2314 quod
718 2275 826 2303 fierent
848 2275 980 2303 fenestre
1000 2284 1089 2302 nove.
1112 2274 1152 2303 Et
1172 2273 1325 2303 consentit

417 2325 517 2354 nacio.
548 2324 587 2353 Et
608 2324 694 2353 dedit
719 2324 777 2353 iste
802 2330 985 2362 procurator
1009 2323 1113 2352 decem
1140 2323 1258 2351 solidos
1286 2323 1324 2350 ad

418 2374 656 2413 perpotandum,
680 2373 751 2412 quia
774 2378 840 2401 erat
865 2372 965 2411 prima
992 2371 1206 2411 procuratoria
1233 2371 1324 2400 istius

419 2422 642 2462 procuratoris.

824 2473 920 2502 1403

467 2542 733 2572 Procuratoria
761 2541 894 2570 Thome
921 2542 962 2570 de
989 2540 1110 2570 Monte
1136 2540 1272 2576 viridi,

810 2590 928 2619 Scoti.

461 2668 551 2696 Facta
571 2667 816 2706 congregacione
838 2665 977 2695 nacionis
995 2666 1076 2704 apud
1093 2665 1237 2694 Sanctum
1256 2665 1323 2693 Ma-

420 2717 552 2745 turinum
577 2726 656 2744 anno
680 2726 740 2755 quo
764 2725 869 2754 supra,
893 2714 981 2743 Xlll²
1002 2714 1051 2742 die
1076 2714 1223 2748 Januarii,
1249 2713 1324 2742 hora

420 2771 525 2794 octava
543 2775 636 2804 super
649 2766 770 2794 duobus
785 2763 934 2793 articulis.
949 2763 1073 2792 Primus
1088 2762 1143 2792 suit
1157 2763 1194 2791 ad
1210 2762 1324 2801 eligen-

420 2813 490 2841 dum
506 2823 616 2842 novum
633 2819 863 2852 procuratorem
879 2812 927 2841 vel
942 2812 979 2840 ad
993 2811 1231 2840 continuandum
1245 2810 1325 2839 anti-

453 2928 474 2950 1.
508 2929 556 2950 Seu
567 2928 698 2955 Cauchon,
713 2931 766 2951 nat.
780 2927 882 2955 Gallia,
898 2927 944 2959 qui
954 2927 1002 2950 hoc
1015 2935 1092 2955 anno,
1110 2926 1200 2950 Octob.
1214 2926 1252 2954 10,
1264 2926 1325 2950 elec-

420 2967 461 2987 tus
473 2965 510 2986 est
523 2963 547 2986 in
559 2966 687 2987 rectorem.
704 2963 758 2987 Vid.
773 2963 842 2994 infra
856 2963 882 2986 in
896 2963 948 2993 fine
961 2971 1003 2986 an.
1016 2963 1085 2986 1406.

949 432 1172 459 AUCTARIUM
1197 431 1456 459 CHARTULARII
1474 433 1648 460 UNIVERS.
1671 433 1789 460 PARIS.

1356 954 1390 980 10

1357 1200 1390 1226 15

1357 1446 1391 1472 20

1358 1689 1392 1715 25

1360 1935 1394 1961 30

1361 2180 1395 2206 35

1362 2427 1395 2452 40

1363 2672 1396 2697 45

2278 435 2332 462 852

1426 519 1531 548 quum.
1549 509 1710 539 Secundus
1725 510 1782 539 fuit
1794 520 1889 549 super
1906 509 2190 549 supplicacionibus
2207 516 2238 540 et
2249 509 2331 550 inju-

1425 557 1493 588 riis.
1509 558 1548 588 Et
1561 558 1745 598 supplicavit
1757 565 1941 598 procurator
1954 560 2126 598 precedens
2139 559 2283 599 quatinus
2299 559 2331 589 in

1426 607 1503 636 actis
1524 617 1582 647 per
1603 618 1673 637 eum
1691 613 1831 647 tempore
1850 608 2063 647 procuratorie
2083 607 2149 648 ejus
2167 608 2332 638 haberetur

1427 662 1545 696 gratus,
1563 663 1690 687 avoatus
1708 663 1738 686 et
1752 657 2029 687 recommendatus.
2047 656 2200 694 Quantum
2216 658 2254 687 ad
2269 658 2332 697 pri-

1426 715 1507 734 mum
1525 705 1640 735 electus
1660 706 1716 736 fuit
1730 705 1927 735 concorditer
1942 705 2075 735 Thomas
2093 706 2131 735 de
2155 706 2261 736 Monte
2277 706 2333 736 Vi-

1427 754 1489 783 ridi
1509 754 1540 784 in
1554 761 1786 794 procuratorem
1801 754 1952 784 nacionis.
1968 754 2008 784 Et
2024 755 2062 784 de
2078 755 2109 784 2⁰
2123 755 2211 785 nacio
2226 756 2333 786 annuit

1431 803 1655 843 supplicacioni
1669 804 1787 833 domini
1801 803 2013 844 procuratoris
2027 804 2236 844 precedentis.

1831 898 1929 927 1403

1492 968 1761 998 Procuratoria
1802 968 1956 998 Henrici
1996 968 2268 1009 Maltmengher

1767 1017 1809 1047 de
1854 1017 1989 1047 Berka.

1469 1098 1560 1127 Facta
1578 1097 1823 1138 congregacione
1845 1098 1984 1128 nacionis
2005 1099 2087 1138 apud
2105 1098 2250 1128 Sanctum
2271 1098 2333 1128 Ma-

1428 1147 1563 1176 turinum
1579 1157 1659 1176 anno
1679 1157 1740 1186 quo
1756 1156 1861 1186 supra,
1884 1147 1934 1176 10·
1955 1147 2113 1182 februarii,
2135 1147 2212 1177 hora
2228 1153 2335 1177 octava

1429 1205 1524 1236 super
1548 1196 1669 1225 duobus
1692 1195 1842 1225 articulis.
1859 1195 1984 1225 Primus
2009 1202 2075 1226 erat
2096 1197 2134 1225 ad
2158 1195 2334 1236 eligendum

1429 1255 1541 1275 novum
1554 1251 1788 1284 procuratorem
1797 1244 1846 1275 vel
1856 1245 1896 1274 ad
1909 1244 2149 1275 continuandum
2163 1245 2332 1284 antiquum.

1430 1294 1592 1324 Secundus
1611 1294 1668 1323 fuit
1684 1303 1780 1333 super
1794 1293 2079 1333 supplicacionibus
2094 1300 2124 1324 et
2141 1293 2276 1334 injuriis.
2295 1293 2335 1324 Et

1429 1343 1616 1383 supplicavit
1636 1349 1821 1382 procurator
1841 1343 2013 1382 precedens
2035 1343 2181 1382 quatinus
2202 1343 2234 1372 in
2257 1343 2334 1373 actis

1428 1402 1485 1431 per
1501 1402 1570 1421 eum
1584 1398 1722 1431 tempore
1741 1392 1953 1431 procuratorie
1967 1390 2034 1433 ejus
2050 1391 2214 1421 haberetur
2227 1398 2335 1432 gratus

1428 1447 1459 1471 et
1473 1441 1749 1471 recommendatus.
1765 1440 1918 1478 Quantum
1940 1441 1978 1472 ad
1992 1440 2126 1480 primum
2145 1441 2262 1470 electus
2280 1441 2336 1471 suit

1431 1490 1628 1520 concorditer
1648 1490 1680 1519 in
1704 1496 1936 1529 procuratorem
1958 1489 2039 1519 dicte
2062 1490 2201 1519 nacionis
2219 1490 2335 1519 Henri-

1429 1549 1484 1569 cus
1518 1538 1744 1578 Maltmengher
1774 1539 1812 1568 de
1841 1538 1954 1574 Berka,
1985 1539 2106 1568 nemine
2137 1538 2333 1568 reclamante.

1474 1588 1576 1628 Super
1590 1589 1622 1617 2⁰
1640 1588 1729 1617 nacio
1744 1588 1851 1617 annuit
1868 1588 2093 1627 supplicacioni
2116 1587 2232 1617 domini
2258 1597 2336 1628 pro-

1432 1638 1584 1667 curatoris
1601 1637 1809 1677 precedentis.
1832 1637 1871 1666 Et
1889 1637 1975 1666 dedit
1994 1637 2052 1666 iste
2074 1643 2260 1677 procurator
2278 1647 2336 1676 pro

1430 1687 1489 1717 ista
1503 1687 1716 1726 procuratoria
1728 1686 1817 1716 Xllll
1831 1685 1949 1717 solidos
1967 1687 2005 1715 ad
2022 1687 2258 1726 perpotandum,
2275 1692 2333 1716 etc.

1473 1735 1566 1765 Facta
1582 1735 1829 1775 congregacione
1847 1735 1987 1765 nacionis
2006 1736 2088 1775 apud
2106 1734 2251 1764 Sanctum
2273 1734 2336 1764 Ma-

1433 1785 1568 1814 turinum
1581 1795 1662 1814 anno
1680 1795 1741 1824 quo
1757 1794 1863 1824 supra,
1877 1784 1982 1814 XIIII·
1996 1784 2168 1819 Februarii,
2183 1783 2260 1813 hora
2273 1784 2336 1823 pri-

1431 1844 1549 1863 marum
1567 1844 1661 1873 super
1675 1834 1737 1863 3¹²¹ss
1755 1833 1905 1863 articulis.
1929 1833 2052 1862 Primus
2070 1839 2135 1862 erat
2152 1833 2190 1862 ad
2207 1833 2336 1862 audien-

1432 1884 1504 1912 dum
1528 1889 1704 1922 computum
1724 1882 1907 1922 receptoris.
1928 1881 2089 1912 Secundus
2109 1887 2175 1911 erat
2191 1882 2229 1911 ad
2251 1881 2338 1911 ordi-

1431 1933 1565 1961 nandum
1583 1932 1620 1961 de
1642 1931 1902 1962 examinatoribus
1922 1931 2234 1960 baccallariandorum
2253 1936 2282 1960 et
2298 1930 2338 1960 ad

1433 1981 1637 2010 ordinandum
1657 1990 1779 2010 menses
1801 1990 1858 2019 pro
1879 1980 2080 2009 licenciandis
2097 1980 2157 2009 isto
2179 1989 2270 2009 anno.
2291 1979 2338 2008 3¹¹·

1432 2036 1498 2060 erat
1518 2040 1613 2069 super
1632 2029 1915 2069 supplicacionibus
1933 2035 1963 2058 et
1979 2027 2113 2068 injuriis.
2131 2029 2283 2065 Quantum
2299 2028 2338 2059 ad

1432 2078 1564 2118 primum
1575 2078 1760 2118 computavit
1768 2078 1911 2107 dominus
1919 2083 2063 2116 receptor
2071 2077 2102 2106 in
2110 2077 2201 2116 plena
2208 2077 2337 2106 nacione

1432 2129 1487 2163 sic,
1502 2129 1586 2167 quod
1601 2137 1718 2157 summa
1730 2133 1854 2166 recepte
1866 2133 1926 2156 tam
1940 2136 1977 2155 ex
1991 2133 2077 2165 parte
2094 2126 2232 2155 nacionis
2247 2135 2338 2165 quam

1432 2177 1526 2206 eciam
1544 2178 1582 2206 de
1594 2182 1698 2206 mutuo
1716 2175 1874 2205 concessis
1890 2186 1927 2204 ex
1940 2181 2026 2214 parte
2041 2175 2180 2204 nacionis
2193 2175 2338 2204 ascende-

1432 2227 1483 2255 bat
1502 2226 1541 2255 ad
1555 2225 1704 2254 tricentos
1725 2225 1846 2254 francos
1864 2230 1894 2254 et
1910 2224 2070 2264 sexaginta
2086 2233 2179 2253 unum
2198 2223 2336 2258 francos,

1433 2285 1487 2304 sex
1503 2274 1631 2309 solidos,
1651 2280 1782 2313 quatuor
1796 2273 1951 2302 denarios.
1970 2273 2205 2312 Consequenter
2222 2281 2339 2301 summa

1435 2324 1643 2363 expositorum
1671 2333 1725 2352 seu
1750 2322 1906 2351 misiarum
1927 2328 1986 2351 tam
2014 2331 2072 2361 pro
2096 2321 2223 2350 nacione
2248 2330 2338 2360 quam

1434 2383 1490 2412 pro
1506 2372 1703 2401 edificacione
1711 2371 1885 2401 scholarum
1897 2378 2008 2409 septem
2023 2371 2138 2399 arcium
2153 2370 2340 2399 ascendebat

1434 2423 1472 2450 ad
1490 2427 1644 2451 trecentos
1665 2421 1798 2455 francos,
1818 2419 2013 2459 septuaginta
2034 2425 2098 2448 tres
2119 2419 2253 2453 francos,
2274 2424 2340 2448 tre-

1434 2471 1532 2500 decim
1551 2470 1669 2499 solidos
1684 2475 1714 2498 et
1729 2479 1783 2499 sex
1801 2469 1956 2498 denarios.
1972 2467 2092 2504 Quibus
2103 2467 2245 2496 omnibus
2258 2477 2339 2496 com-

1434 2519 1548 2559 putatis
1572 2525 1602 2548 et
1627 2518 1784 2547 defalcatis
1806 2523 1836 2547 et
1864 2516 2052 2547 defalcandis
2075 2515 2224 2545 remansit
2251 2516 2339 2545 nacio

1434 2565 1569 2605 obligata
1588 2565 1689 2604 primo
1711 2564 1835 2594 domino
1856 2563 2027 2603 receptori,
2048 2562 2167 2592 seilicet
2191 2562 2339 2602 magistro

1435 2614 1574 2644 Arnoldo
1600 2613 1753 2653 Vytwyck
1779 2613 1811 2642 in
1834 2612 1996 2642 duodecim
2020 2611 2133 2641 francis
2159 2617 2188 2640 et
2211 2610 2339 2640 dimidio

1436 2664 1538 2692 franco
1557 2669 1586 2692 et
1602 2673 1656 2692 sex
1674 2662 1820 2691 denariis.
1837 2661 1980 2690 Secundo
1992 2660 2081 2690 nacio
2096 2659 2244 2689 remansit
2259 2659 2340 2689 obli-

1434 2719 1504 2752 gata
1528 2711 1731 2740 Bohemundo
1750 2710 1871 2739 bedello
1893 2715 2001 2739 nostro
2026 2709 2057 2738 in
2082 2715 2202 2738 centum
2226 2708 2339 2738 francis

1436 2761 1593 2790 solvendis
1609 2761 1646 2789 ad
1662 2761 1704 2789 4o=
1722 2759 1881 2788 terminos.
1896 2759 1928 2788 3⁰
1939 2758 2027 2787 nacio
2043 2757 2192 2787 remansit
2205 2757 2341 2796 obligata

1437 2809 1584 2849 magistro
1602 2809 1695 2838 Petro
1714 2806 1858 2838 Cauzon⁴
1879 2807 1910 2836 in
1929 2806 2131 2846 quadraginta
2155 2806 2283 2835 schutis.
2309 2805 2341 2834 4⁰
