2632 3464
293 465 343 492 7⁶1

294 551 352 581 pro
373 541 516 571 omnibus
536 540 648 571 obtulit
666 550 761 570 unum
782 546 913 575 scutum,
935 540 990 569 sed
1012 549 1073 569 non
1095 538 1196 579 potuit

296 589 409 620 habere
422 590 494 629 quia
508 589 674 630 impeditus
689 589 755 619 fuit.

337 638 438 679 Super
458 639 489 668 4⁰
517 638 704 678 supplicavit
727 638 851 678 quidam
876 637 1070 667 bachalarius
1100 636 1195 666 studii

293 688 500 727 Wffienensis
512 688 545 717 in
555 687 684 722 artibus,
694 697 761 717 cum
772 697 834 716 non
845 693 928 716 esset
935 685 1076 716 Parisius
1087 685 1195 715 bacha-

297 737 404 772 larius,
429 742 459 766 et
488 742 588 766 tamen
616 736 794 766 intendebat
816 736 985 775 procedere
1008 735 1040 764 in
1063 735 1193 770 artibus,

294 786 377 826 quod
388 785 456 825 ipse
468 785 518 815 hic
529 785 742 815 admitteretur
751 791 895 824 tanquam
909 783 1114 818 bachalarius,
1127 793 1195 813 cum

295 834 354 864 hoc
369 834 444 864 alias
461 841 509 864 est
526 834 637 864 visum.
655 835 694 864 Et
710 839 758 863 est
771 843 883 863 nomen
900 831 966 873 ejus
986 833 1139 862 Henricus
1157 833 1196 861 de

293 883 382 914 Ulma
393 882 420 920 ⁴;
445 882 531 923 cujus
546 882 806 923 supplicacionem
823 882 911 912 nacio
923 882 1089 917 concessit,
1102 881 1196 911 salvis

294 933 462 962 salvandis.

338 981 378 1012 Et
394 982 559 1012 notandum
575 981 659 1021 quod
675 980 707 1010 in
723 980 783 1010 ista
801 981 905 1010 eadem
920 981 970 1009 die
985 980 1073 1009 nacio
1090 986 1197 1009 nostra

293 1040 354 1060 uua
371 1040 439 1060 cum
458 1030 586 1060 nacione
606 1029 762 1058 Gallicana
779 1035 809 1058 et
829 1029 957 1059 nacione
977 1028 1196 1058 Piceni-dorum

294 1078 358 1119 (qui
373 1089 478 1108 omnes
492 1085 564 1108 tunc
580 1079 702 1108 fuerunt
715 1079 885 1107 concordes
903 1078 934 1106 in
950 1078 1028 1107 facto
1043 1077 1195 1107 scolarum

297 1137 392 1168 super
419 1127 646 1167 permutacione
671 1137 781 1156 usuum
808 1137 864 1166 per
891 1126 1138 1166 supplicaciones
1164 1125 1196 1155 in

294 1177 442 1206 ambabus
471 1176 653 1206 nacionibus
681 1176 785 1216 factas)
814 1175 939 1205 intravit
966 1176 1122 1205 tabernam
1154 1175 1198 1204 ad

294 1227 458 1265 chapletos,
466 1225 518 1255 ubi
528 1235 586 1255 nos
593 1235 700 1255 omnes
712 1224 802 1255 simul
811 1225 1058 1264 consumpsimus
1068 1224 1196 1254 XXXIX

294 1274 412 1304 solidos
426 1274 522 1314 paris.
536 1274 678 1304 omnibus
690 1273 884 1313 computatis,
895 1283 973 1313 quos
986 1274 1074 1303 nacio
1090 1279 1197 1303 nostra

295 1334 333 1353 ex
346 1333 499 1353 consensu
512 1323 728 1363 magistrorum
745 1322 842 1352 voluit
857 1322 955 1352 solum
971 1323 1102 1358 solvere,
1116 1322 1196 1352 etita

296 1373 378 1403 fecit.
397 1372 458 1402 Sed
476 1372 642 1402 notandum
657 1371 739 1412 quod
754 1372 792 1401 de
810 1372 948 1411 predicta
962 1381 1079 1401 summa
1096 1371 1196 1401 domi-

297 1431 355 1452 nus
379 1427 572 1461 procurator,
600 1421 671 1460 quia
691 1427 764 1450 tunc
790 1420 846 1450 fuit
871 1421 1075 1455 continuatus,
1103 1420 1197 1450 solvit

295 1480 388 1500 unum
413 1476 543 1505 scutum,
566 1469 685 1499 scilicet
707 1469 807 1499 XVIII
829 1469 957 1499 solidos.
983 1469 1022 1499 Et
1045 1475 1118 1499 tunc
1141 1469 1198 1499 fuit

296 1519 475 1549 conclusum
493 1518 577 1558 quod
591 1518 748 1548 residuum
767 1518 960 1558 reciperetur
978 1519 1016 1548 de
1038 1518 1196 1548 mensibus

296 1574 326 1598 et
335 1568 508 1598 traderetur
521 1567 675 1607 receptori
691 1567 722 1596 in
739 1567 974 1596 defalcacionem
992 1577 1108 1597 summe
1123 1577 1197 1607 pre-

297 1617 390 1652 dicte,
412 1622 443 1646 et
468 1617 495 1646 si
521 1622 605 1646 esset
633 1615 834 1656 superfluum,
861 1622 1089 1656 per-potaretur,
1114 1622 1144 1646 et
1170 1617 1197 1646 si

297 1666 409 1701 minus,
429 1671 572 1705 receptor
591 1665 726 1695 solveret
742 1675 779 1694 ex
795 1671 883 1705 parte
902 1665 1050 1695 nacionis.
1069 1665 1108 1694 Et
1125 1672 1198 1695 tunc

296 1715 391 1746 solvit
413 1721 556 1754 receptor
579 1724 669 1744 unam
693 1720 831 1754 quartam
857 1714 920 1744 vini
943 1715 981 1744 de
1004 1714 1195 1751 melioribus,

298 1764 418 1794 scilicet
435 1763 462 1793 II
478 1763 608 1798 solidos,
625 1769 684 1793 etc.
706 1762 768 1792 ΕΗ
791 1763 925 1792 notanda
941 1769 1013 1793 sunt
1031 1764 1110 1793 bene
1128 1763 1196 1800 hec,

297 1812 415 1843 scilicet
429 1813 467 1842 de
484 1812 649 1842 concordia
664 1812 791 1842 istarum
804 1811 968 1847 scolarum,
987 1813 1059 1852 quia
1070 1812 1123 1843 diu
1140 1823 1198 1853 pro

295 1861 349 1892 illa
363 1861 451 1891 nscio
465 1861 626 1896 laboravit,
640 1867 698 1890 etc.

338 1911 413 1941 Item
428 1909 544 1950 incepit
557 1910 700 1939 dominus
719 1909 853 1939 Jacobus
873 1910 910 1939 de
934 1910 1126 1940 Scoenhovia
1141 1911 1199 1941 sub

301 1960 450 2000 magistro
470 1958 606 1999 Nycolao
626 1959 664 1988 de
685 1958 893 1994 Monikedam,
916 1957 1003 1999 cujus
1021 1960 1116 1989 bursa
1129 1959 1197 1990 XVI

299 2009 428 2039 denarii.

340 2058 431 2087 Facta
466 2057 711 2097 congregacione
741 2056 879 2086 nacionis
916 2056 1085 2097 Anglicane
1119 2068 1199 2088 anno

303 2106 426 2137 Domini
440 2116 502 2146 quo
517 2115 622 2146 supra,
639 2104 726 2135 XXI·
742 2105 792 2135 die
806 2106 922 2135 mensis
936 2105 1109 2141 Februarii,
1124 2106 1200 2136 bora

299 2155 399 2196 prima
427 2155 540 2184 Nostre
566 2153 698 2184 Domine
723 2155 804 2194 apud
835 2154 979 2184 Sanctum
1013 2155 1199 2186 Maturinum

301 2214 397 2244 super
415 2204 515 2233 tribus
535 2202 683 2233 articulis.
704 2202 828 2233 Primus
847 2210 913 2233 erat
934 2213 1029 2244 super
1045 2204 1199 2244 aliquibus

298 2253 496 2293 tangentibus
512 2253 684 2287 nacionem,
697 2250 785 2292 cujus
797 2252 917 2282 articuli
933 2253 990 2283 tria
1005 2259 1092 2283 erant
1107 2263 1200 2293 punc-

299 2309 339 2332 ta.
357 2301 492 2331 Primum
508 2307 574 2330 erat
590 2301 628 2330 de
645 2301 736 2331 domo
751 2302 793 2330 ad
809 2312 898 2330 cornu
911 2303 1000 2337 cervi,
1012 2312 1102 2342 quam
1115 2301 1200 2332 inba-

298 2350 406 2381 bitavit
420 2360 457 2380 ex
473 2350 628 2379 locacione
643 2350 782 2379 nacionis
797 2351 944 2390 magister
956 2350 1088 2380 Thomas
1102 2351 1199 2381 Maer-

300 2398 421 2435 scalli⁸‚
447 2399 499 2439 qui
520 2409 576 2439 per
597 2405 666 2428 octo
688 2399 755 2428 dies
773 2405 842 2428 ante
863 2400 984 2429 domum
1002 2399 1098 2429 libere
1121 2400 1200 2430 resi-

299 2448 405 2489 gnavit
435 2448 466 2478 in
493 2448 633 2478 manibus
658 2448 815 2483 nacionis,
841 2448 913 2488 quia
943 2448 1093 2478 intellexit
1117 2450 1200 2489 quod

300 2497 388 2527 nacio
409 2496 506 2527 voluit
524 2497 626 2537 aliqua
647 2498 746 2527 facere
766 2498 804 2527 de
825 2498 916 2527 domo
933 2497 1007 2533 ista,
1024 2503 1057 2527 ut
1075 2497 1200 2528 haberet

301 2546 448 2587 pecunias
469 2556 527 2586 pro
550 2546 746 2575 edificacione
769 2546 920 2575 scolarum
943 2553 1054 2585 septem
1073 2548 1198 2575 arcium.

302 2594 341 2625 132
350 2594 519 2634 resignavit
534 2595 691 2634 predictus
702 2595 848 2634 magister
860 2595 1027 2635 predictam
1036 2595 1158 2625 domum
1169 2595 1200 2624 in

301 2645 380 2674 festo
405 2643 667 2673 Annunciacionis
694 2644 780 2673 beate
808 2643 946 2684 Virginis
971 2650 1044 2683 post
1069 2644 1200 2674 medium

333 2776 355 2800 1.
388 2776 467 2809 Apud
479 2777 631 2805 Annene-1,
644 2776 740 2802 conch.
753 2776 800 2800 dex·
809 2776 913 2801 Wiener
922 2777 1094 2804 Univenitat.
1106 2785 1133 2809 p.
1147 2777 1200 2807 1⁶1,

301 2820 346 2836 aa.
355 2812 415 2836 1897
427 2811 537 2844 affertur
547 2812 673 2836 nanticus
685 2812 784 2836 Notat-ii
798 2811 939 2844 (Auel-bach
952 2812 1066 2844 Nitbart)
1073 2812 1104 2837 ds
1116 2812 1201 2842 Ulma,

302 2847 348 2871 mi
359 2850 387 2871 ut
398 2850 527 2879 magister.
545 2848 592 2880 qui
602 2850 629 2871 ut
641 2847 720 2879 liquet
737 2856 751 2871 e
768 2847 905 2872 Hatricnla
920 2848 1040 2872 Univers.
1057 2847 1201 2873 Vindobon.

302 2883 339 2914 (ιίι
351 2882 425 2907 Arcti.
441 2883 552 2907 Univen.
570 2882 728 2915 Vindobona.)
738 2884 782 2913 sol.
795 2883 824 2907 77
837 2892 876 2916 eq.
887 2883 975 2907 eodem
988 2892 1030 2907 aa.
1042 2892 1108 2915 mag.
1119 2884 1203 2915 (adue

301 2921 347 2947 ent.
363 2922 387 2943 at
397 2926 440 2943 aa.
455 2919 513 2943 1³⁹1
528 2918 663 2951 imcriptus
675 2919 742 2943 inter
753 2919 901 2944 libanenses
915 2919 970 2951 (sol.
984 2920 1030 2952 2³).
1046 2919 1204 2952 Proindsque

302 2954 416 2979 divarum
428 2958 472 2978 ent.

334 2991 357 3014 2.
390 2990 457 3013 llaec
469 2989 563 3021 scripta
573 2992 633 3014 eune
643 2997 720 3014 manu
733 2989 823 3019 altera,
832 2995 855 3014 ει
869 2993 928 3014 anto
941 2989 1054 3014 ultimam
1066 2990 1202 3022 rubricam,

791 463 904 490 LIBER
929 462 1242 490 PROCURATORUM
1266 462 1444 489 NATIONIS
1465 463 1708 489 ANGLICANAE

1234 984 1267 1010 10

1233 1229 1266 1255 15

1233 1474 1267 1500 20

1234 1719 1268 1745 25

1235 1964 1270 1990 30

1236 2209 1270 2235 35

1237 2452 1270 2478 40

1378 5 1382 8 ‘
1442 0 2024 30 s,‚WZ'2⁴⁹5&ssss*fflssi-NYWW-'PWW’SFS
2042 0 2078 13 '5⁶²‘
2088 0 2293 25 J{W·Wfffsssf
2300 0 2327 12 ²¹⁵
2348 0 2382 28 2¹13
2391 2 2401 5 “’
2410 20 2415 22 v
2438 0 2461 4 ⁷*
2472 0 2478 3 “
2501 0 2506 3 “
2534 0 2548 6 “’
2564 0 2568 2 “
2578 0 2591 3 ”’
2616 0 2618 2 “
2630 3 2632 7 “

2153 464 2204 490 762

1303 538 1559 578 Quadragesime,
1578 538 1636 568 hoc
1654 546 1754 568 tamen
1771 539 1874 568 addito
1892 540 1975 579 quod
1994 540 2054 568 sibi
2071 540 2204 570 defalca-

1302 593 1387 617 retur
1404 588 1572 616 secundum
1588 594 1686 617 ratum
1701 588 1861 627 temporis.

1342 637 1399 665 2¹¹¹==
1414 642 1560 676 puuctum
1575 635 1712 675 ejusdem
1727 636 1846 666 articuli
1861 643 1927 666 erat
1943 637 1981 666 de
1999 638 2075 666 sacto
2095 639 2204 667 domus

1302 685 1440 715 nacionis
1465 685 1523 714 site
1545 685 1576 714 in
1600 685 1668 714 vico
1691 685 1829 714 Brunelli
1858 686 1901 714 ad
1924 688 2092 725 ymaginem
2121 687 2204 716 beate

1308 735 1444 774 Virginis,
1461 734 1533 773 quia
1549 734 1686 774 deputati
1702 735 1739 763 de
1755 734 1814 763 isto
1831 735 1909 764 facto
1929 742 2016 764 erant
2027 736 2205 765 concordati

1303 793 1370 813 cum
1386 783 1440 812 illo
1464 783 1517 822 qui
1537 783 1648 812 dictam
1666 783 1788 812 domum
1806 783 1957 822 repetivit.
1981 783 2020 813 Et
2041 791 2128 814 erant
2149 795 2205 824 ap-

1304 838 1469 872 punctuata
1486 832 1555 867 ista,
1571 832 1703 871 primum
1724 833 1807 871 quod
1828 839 1958 872 poneret
1975 833 2148 862 causionem
2167 835 2204 864 de

1304 891 1365 910 nou
1380 881 1542 910 alienando
1561 881 1648 910 istam
1662 881 1783 910 domum
1799 881 1865 910 sine
1881 891 2034 911 consensu
2049 883 2202 919 nacionis;

1303 930 1362 958 2⁰¹²
1392 930 1475 969 quod
1503 929 1619 959 nullum
1649 931 1687 959 de
1716 939 1771 959 sua
1800 930 1960 970 provincia
1994 931 2147 971 reciperet
2174 932 2204 961 in

1304 979 1421 1008 socium
1445 979 1513 1008 sine
1535 989 1689 1008 consensu
1711 979 1869 1014 nacionis;
1888 979 1947 1008 3¹¹¹*
1971 981 2053 1019 quod
2078 980 2109 1010 in
2133 991 2205 1011 casu

1303 1038 1365 1068 quo
1389 1028 1583 1068 contingeret
1608 1038 1675 1057 eum
1701 1029 1846 1058 recedere
1866 1029 1903 1058 de
1933 1029 2091 1065 Parisius,
2123 1031 2204 1069 quod

1303 1076 1379 1106 nulli
1406 1077 1609 1106 committeret
1630 1077 1800 1117 predictam
1823 1078 1957 1113 domum,
1981 1079 2036 1108 sed
2062 1080 2206 1109 redderet

1304 1125 1424 1155 nacioni
1441 1125 1538 1155 libere
1551 1126 1637 1156 sicud
1656 1136 1720 1155 eam
1734 1137 1750 1155 a
1765 1127 1893 1156 nacione
1908 1127 2039 1166 rece1›it;
2054 1128 2109 1156 [ιω
2123 1129 2204 1168 quod

1303 1175 1341 1204 de
1356 1175 1434 1204 sesto
1447 1175 1597 1205 Johannis
1608 1176 1645 1204 ad
1661 1185 1773 1205 annum
1789 1176 1970 1205 certificaret
1981 1177 2139 1206 nacionem
2150 1187 2206 1217 per

1303 1224 1408 1253 literas
1425 1224 1563 1264 capituli,
1577 1225 1660 1264 quod
1675 1231 1758 1254 esset
1779 1225 1816 1254 de
1836 1224 1889 1254 illo
1907 1225 2051 1264 capitu10,
2071 1227 2108 1255 ad
2123 1227 2206 1265 quod

1304 1273 1364 1303 ista
1381 1274 1490 1303 domus
1508 1274 1676 1313 spectabat.

1343 1323 1401 1352 3⁰¹⁰
1418 1329 1563 1362 punctum
1577 1329 1607 1352 et
1621 1322 1792 1362 principale
1804 1321 1940 1362 ejusdem
1953 1323 2072 1352 articuli
2089 1330 2154 1353 erat
2168 1325 2205 1354 de

1304 1372 1382 1401 sacto
1399 1371 1523 1401 unionis
1545 1377 1574 1401 et
1596 1372 1633 1400 de
1651 1371 1791 1401 ulteriori
1811 1373 1901 1401 modo
1917 1373 2115 1411 procedendi,
2135 1374 2207 1412 quia

1304 1419 1405 1460 tetigit
1417 1420 1560 1450 dominus
1570 1427 1764 1460 procurator,
1775 1421 1928 1460 quomodo
1939 1421 2088 1451 intellexit
2098 1433 2114 1451 a
2129 1423 2206 1452 veri-

1303 1469 1393 1504 dicis,
1406 1470 1489 1509 quod
1502 1469 1618 1499 domini
1629 1480 1712 1509 reges
1722 1472 1921 1499 Romanorum
1932 1478 1960 1499 et
1969 1473 2094 1499 Francie
2106 1471 2143 1500 de
2157 1471 2206 1500 die

1304 1518 1458 1548 dominica
1480 1519 1519 1547 ad
1542 1524 1612 1548 octo
1639 1518 1705 1548 dies
1725 1517 1819 1558 post⁴
1843 1525 1933 1548 erunt
1958 1519 2047 1549 simul
2078 1522 2107 1548 in
2135 1522 2205 1548 villa

1304 1569 1443 1597 Remensi
1469 1577 1564 1606 super
1588 1568 1665 1596 sacto
1694 1567 1817 1597 unionis
1842 1574 1872 1597 et
1895 1568 1932 1597 ad
1959 1569 2206 1598 concordandum

1305 1616 1406 1646 simul.
1422 1616 1462 1646 Et
1473 1617 1555 1646 circa
1570 1615 1627 1646 hoc
1640 1617 1749 1656 petivit
1759 1616 1901 1646 dominus
1918 1624 2109 1656 procurator,
2125 1619 2207 1657 quod

1305 1665 1435 1706 quilibet
1448 1666 1565 1695 diceret
1582 1665 1656 1705 quid
1679 1665 1738 1695 sibi
1762 1675 1818 1705 pro
1839 1666 1898 1695 isto
1918 1666 2074 1695 videretur
2093 1667 2207 1696 facien·

1305 1715 1387 1750 dum,
1409 1714 1528 1744 scilicet
1547 1725 1585 1744 an
1608 1714 1802 1744 Universitas
1823 1715 1957 1744 mitteret
1977 1715 2152 1754 deputatos,
2170 1726 2206 1745 an

1304 1774 1376 1793 non.

1346 1813 1392 1842 2¹¹·
1405 1812 1553 1842 articulus
1568 1818 1599 1842 et
1614 1813 1795 1852 principalis
1809 1813 1845 1842 ad
1861 1813 2106 1842 distribuendum
2122 1824 2208 1843 men-

1306 1872 1357 1892 ses
1378 1873 1435 1902 pro
1453 1861 1648 1891 bachalariis.
1665 1862 1712 1890 3¹¹·
1730 1861 1877 1891 articulus
1893 1872 1988 1902 super
2001 1862 2208 1902 supplicacio-

1306 1911 1396 1941 nibus
1412 1918 1441 1941 et
1457 1910 1590 1951 injuriis.

1347 1959 1448 2000 Super
1476 1960 1574 2000 primo
1599 1960 1714 2000 placuit
1736 1959 1856 1989 nacioni
1881 1966 2011 1999 protunc
2035 1960 2207 2000 resignacio

1306 2009 1387 2039 dicte
1407 2010 1516 2039 domus
1533 2019 1568 2038 eo
1586 2010 1676 2038 modo
1694 2019 1755 2049 quo
1776 2009 1842 2048 ipse
1861 2009 2041 2048 resignavit.
2065 2008 2104 2038 Et
2122 2016 2209 2038 erant

1306 2058 1442 2098 deputati
1460 2058 1534 2093 dati,
1549 2058 1602 2098 qui
1620 2057 1768 2087 haberent
1785 2057 1868 2097 loqui
1886 2068 1954 2086 cum
1971 2058 2118 2098 magistro
2134 2058 2208 2087 Gal-

1306 2114 1373 2137 tero
1393 2117 1488 2147 super
1503 2107 1563 2136 ista
1580 2107 1682 2141 domo,
1704 2106 1775 2146 quia
1795 2106 1861 2146 ipse
1879 2107 1956 2136 bene
1973 2106 2064 2136 vellet
2079 2117 2143 2136 eam
2159 2107 2208 2136 in-

1307 2156 1444 2186 habitare
1457 2156 1494 2185 ad
1507 2156 1608 2190 finem,
1623 2156 1705 2195 quod
1717 2156 1784 2195 ipse
1797 2156 1979 2184 concederet
1989 2156 2106 2195 aliquas
2117 2166 2207 2195 pecu-

1307 2206 1374 2235 nias
1390 2214 1485 2244 super
1502 2205 1562 2234 ista
1577 2205 1667 2234 domo
1686 2215 1743 2244 pro
1759 2205 1954 2234 edificacione
1970 2204 2121 2234 scolarum
2137 2216 2206 2244 sep-

1308 2262 1363 2283 tem
1381 2255 1507 2288 arcium,
1531 2259 1560 2283 et
1584 2259 1671 2283 erant
1690 2253 1825 2293 deputati
1847 2253 1988 2283 dominus
2012 2260 2204 2293 procurator,

1308 2303 1451 2333 dominus
1468 2308 1612 2342 receptor
1625 2309 1654 2331 et
1671 2302 1818 2343 magister
1835 2302 1926 2342 Hugo
1942 2303 1979 2331 de
1996 2302 2074 2331 Dels.

1348 2352 1420 2391 (Vol.
1442 2351 1491 2391 37)
1510 2351 1611 2392 Super
1626 2352 1656 2380 2⁰
1673 2357 1787 2391 puncto
1800 2350 1935 2390 ejusdem
1948 2351 2067 2380 articuli
2083 2351 2208 2391 placue-

1307 2407 1379 2430 runt
1407 2400 1528 2430 nacioni
1555 2406 1807 2440 apunctuamenta
1838 2399 1939 2429 habita
1966 2410 2021 2439 per
2046 2401 2208 2439 deputatos

1309 2459 1403 2489 super
1425 2449 1475 2478 illa
1497 2449 1637 2484 materia,
1661 2450 1781 2478 duobus
1803 2455 1901 2478 tamen
1925 2449 2053 2483 additis,
2077 2448 2207 2488 primum

1309 2505 1356 2529 est
1382 2499 1463 2538 quod
1489 2498 1556 2537 ipse
1584 2498 1725 2527 dominus
1753 2497 1998 2531 archidiaconus,
2025 2497 2076 2537 qui
2097 2498 2207 2527 dictam

1308 2548 1430 2577 domum
1457 2546 1615 2587 repetivit,
1644 2547 1757 2576 faceret
1780 2557 1867 2575 unam
1893 2546 2045 2581 cedulam,
2075 2546 2125 2575 ubi
2151 2547 2207 2576 ista

1308 2602 1584 2636 appunctuamenta
1599 2602 1704 2625 essent
1716 2595 1841 2634 scripta.
1859 2602 1888 2624 et
1903 2596 1983 2634 quod
2001 2595 2066 2634 ipse
2081 2602 2208 2634 poneret

1309 2645 1483 2675 causionem
1495 2644 1674 2685 juratoriam
1692 2645 1729 2673 de
1746 2645 1825 2678 istis,
1842 2644 1936 2673 eciam
1952 2644 2032 2682 quod
2048 2644 2105 2673 ista
2120 2644 2208 2674 litera

1310 2777 1364 2801 scil.
1379 2779 1439 2810 pou
1451 2776 1495 2801 lin.
1508 2778 1534 2801 9.

1340 2814 1363 2836 ³.
1398 2814 1418 2837 Ι.
1429 2821 1451 2837 e.
1466 2811 1623 2840 Mare-calli,
1636 2813 1689 2835 nat.
1702 2811 1803 2835 Pieard.

1340 2849 1363 2872 Ιι.
1398 2849 1449 2872 Hoc
1461 2850 1524 2871 eud
1537 2848 1552 2871 3
1564 2847 1670 2877 Μαι-Νὴ·
1686 2847 1732 2870 aed
1745 2846 1902 2870 solummodo
1912 2846 2001 2870 Martii
2011 2846 2039 2871 ³1
2053 2847 2160 2878 (Jutnv,
2172 2847 2208 2872 L·

1311 2884 1351 2907 vie
1364 2883 1491 2916 politique
1501 2883 1532 2907 de
1546 2883 1623 2907 Leuis
1636 2882 1667 2905 de
1679 2883 1785 2909 Franco.
1800 2890 1824 2913 p.
1837 2883 1901 2913 20³),
1914 2882 2050 2906 necandum
2063 2882 2159 2907 Cbrou.
2172 2882 2208 2907 <lu

1310 2919 1386 2951 relig.
1396 2919 1427 2943 de
1438 2919 1576 2950 St-Denya,
1587 2918 1618 2945 11,
1627 2917 1827 2949 56¹1(vid.etiam
1839 2917 1968 2946 Lunum«,
1981 2917 2074 2942 Gueb.
2083 2918 2129 2942 des
2139 2918 2208 2942 deut·

1311 2954 1390 2979 seben
1413 2954 1528 2982 Reicbes.
1548 2954 1580 2982 ll,
1599 2955 1652 2979 3901
1669 2953 1759 2977 Martii
1773 2954 1811 2979 2³.
1832 2952 1939 2976 Carolus
1953 2961 1997 2976 ras
2012 2955 2165 2978 Francorum
2184 2957 2208 2978 et

1316 2989 1474 3014 Wenmlaus
1487 2998 1531 3013 rex
1540 2990 1708 3013 Romanorum
1721 2988 1804 3012 Remis
1815 2987 1892 3011 simu!
1901 2989 2013 3020 luerunt.
