2632 3464
438 417 488 442 367
980 410 1202 437 AUCTARIUM
1223 407 1481 435 CHARTULARII
1502 408 1676 435 UNIVERS.
1697 408 1815 436 PARIS.
2302 411 2356 439 368

440 493 577 526 taberna,
602 490 720 520 scilicet
743 490 828 518 domo
853 490 1042 517 Cluniacensi
1062 487 1292 526 perpotabatur,
1308 491 1338 514 et

437 541 508 570 licet
522 540 610 569 nacio
627 546 758 578 protunc
778 538 858 567 ultra
880 539 893 566 1
911 538 1046 566 francum
1061 536 1264 574 expendebat,
1282 534 1339 563 hoc

437 596 537 619 tamen
554 599 616 617 non
633 589 670 617 de
686 588 815 627 pecunia
831 586 980 621 nacionis,
998 586 1051 614 sed
1068 586 1105 613 de
1123 583 1227 613 bursis
1242 582 1341 622 magi-

438 644 571 667 strorum
588 637 774 666 solvebatur.

477 687 606 716 Demum
634 686 664 714 in
693 686 797 714 eadem
823 684 1067 724 congregacione
1094 682 1236 711 dominus
1262 681 1339 710 Her-

437 745 564 765 mannus
579 734 681 764 Welle
697 734 877 773 comparuit,
892 739 1001 773 petens
1020 738 1049 760 et
1066 731 1245 770 supplicans
1262 740 1339 769 qua-

436 790 525 814 tenus
549 784 637 812 nacio
661 783 718 812 sibi
741 782 918 811 restitueret
936 781 1054 810 literam
1075 779 1224 813 officialis,
1248 788 1338 817 quam

437 833 511 862 alias
527 833 607 872 apud
625 842 688 860 eam
708 837 851 870 posuerat
866 840 923 869 pro
938 829 1042 858 bursis
1061 839 1114 857 sue
1130 827 1339 856 determinan-

435 882 492 917 cie,
512 881 583 921 quia
599 886 722 920 paratus
741 885 834 914 esset,
854 878 879 907 si
903 878 1001 907 adhuc
1022 888 1083 906 non
1101 883 1184 906 esset
1197 876 1339 905 satisfac-

436 938 498 960 tum
522 929 654 964 nacioni,
676 939 712 957 ex
734 934 797 957 toto
818 928 994 957 satisfacere
1009 927 1047 955 de
1064 926 1204 960 restanti,
1224 931 1284 954 tam
1301 925 1338 953 de

436 981 568 1018 dampno
595 988 684 1018 quam
713 978 750 1006 de
783 976 958 1016 principali,
987 976 1070 1014 quod
1094 985 1150 1014 per
1178 974 1337 1003 nacionem

435 1034 608 1068 reputatum
648 1026 704 1056 suit
738 1026 924 1065 rigorosum.
963 1024 1111 1054 Similiter
1153 1023 1338 1063 supplicavit

435 1077 515 1106 idem
532 1077 625 1116 quod,
642 1086 709 1104 cum
722 1085 758 1104 ex
769 1074 873 1104 relatis
886 1074 1006 1103 timeret
1020 1084 1053 1102 se
1064 1073 1223 1102 nacionem
1239 1072 1338 1102 offen-

436 1126 519 1155 disse
533 1131 562 1154 et
579 1124 781 1154 commovisse
797 1134 834 1152 ex
849 1133 933 1151 mora
951 1129 981 1152 et
997 1122 1148 1151 dilacione
1167 1121 1337 1151 solucionis

435 1175 583 1204 dictarum
602 1175 763 1202 bursarum
780 1172 860 1201 ultra
875 1172 1038 1201 terminum
1054 1171 1085 1200 in
1101 1171 1189 1200 litera
1206 1181 1337 1210 expres-

436 1233 513 1257 sum,
545 1228 574 1251 et
598 1232 654 1260 per
677 1221 733 1250 hoc
760 1220 1010 1260 ingratitudinem
1034 1226 1064 1248 et
1088 1219 1336 1258 indignacionem

435 1271 572 1300 nacionis
599 1270 778 1304 incurrisse,
805 1275 955 1309 quatenus
978 1269 1065 1297 naeio
1087 1269 1169 1297 illam
1191 1269 1337 1308 indigna-

435 1321 563 1354 cionem,
595 1320 621 1348 si
650 1329 708 1358 que
741 1318 807 1353 fuit,
834 1319 870 1347 ab
894 1318 963 1357 ipso
985 1324 1137 1346 averteret
1159 1324 1189 1346 et
1216 1318 1336 1347 veniam

435 1370 521 1398 daret
541 1369 578 1397 de
603 1367 738 1397 omissis.
768 1366 863 1406 Cujus
888 1367 982 1395 eciam
1006 1366 1196 1405 supplicacio
1226 1367 1258 1395 in
1280 1367 1336 1396 hac

435 1424 519 1457 parte
535 1417 768 1446 concedebatur.
790 1416 927 1445 Ulterius
943 1421 1043 1444 tamen
1060 1416 1141 1444 idem
1157 1415 1188 1444 in
1205 1426 1335 1445 excusa-

434 1467 552 1495 cionem
580 1466 627 1495 sui
646 1465 847 1504 pretendebat
873 1466 967 1504 quod,
998 1475 1066 1494 cum
1094 1464 1170 1494 alias
1200 1465 1334 1494 monitus

434 1515 542 1545 suisset
557 1525 612 1554 per
625 1514 768 1544 nuncium
780 1524 816 1543 ex
832 1520 917 1553 parte
928 1512 1067 1542 nacionis
1078 1514 1116 1542 ad
1129 1523 1196 1542 eum
1208 1514 1336 1543 missum

434 1565 464 1593 in
480 1564 619 1603 partibus
634 1563 710 1598 suis,
730 1563 797 1602 ipse
813 1563 923 1592 dictam
943 1562 1103 1601 pecuniam
1120 1569 1213 1591 totam
1229 1563 1335 1592 saltem

434 1624 494 1652 quo
525 1614 562 1642 ad
595 1613 730 1641 debitum
764 1611 934 1651 principale
965 1611 1086 1640 nacioni
1120 1611 1246 1641 miserat
1279 1622 1337 1651 per

433 1661 612 1701 magistrum
640 1661 747 1700 Elyam
772 1661 809 1689 de
839 1660 995 1699 Loepwiic
1024 1666 1094 1689 tunc
1119 1660 1269 1699 Parysius
1291 1661 1336 1690 ire

432 1717 668 1751 proponentem,
700 1710 752 1749 qui
783 1710 940 1749 magister,
970 1715 1002 1738 ut
1033 1709 1112 1738 idem
1139 1709 1335 1739 Hermannus

433 1760 564 1794 dicebat,
597 1770 630 1788 se
662 1759 839 1798 percepisse
870 1758 1017 1798 pecunias
1050 1758 1125 1788 istas
1159 1759 1336 1798 aliquandiu

432 1808 528 1838 invita
544 1808 671 1836 nacione
682 1808 822 1842 detinuit,
840 1807 1022 1846 permittens
1032 1807 1191 1836 nacionem
1205 1807 1334 1847 judicia-

432 1857 503 1886 liter
524 1863 628 1886 contra
649 1867 716 1886 eum
740 1866 843 1896 agere,
862 1862 892 1885 et
909 1857 992 1895 quod
1012 1856 1106 1885 eciam
1124 1856 1256 1886 finaliter
1274 1867 1336 1887 non

432 1912 525 1935 totam
548 1906 708 1945 pecuniam
731 1905 789 1935 sibi
812 1905 953 1934 traditam
977 1905 1098 1934 nacioni
1121 1906 1258 1942 dederat,
1281 1908 1336 1936 sed

432 1961 549 1994 partem
570 1954 629 1984 sibi
647 1954 756 1983 exinde
778 1954 915 1990 retinuit,
937 1955 1020 1993 quod
1039 1954 1119 1983 idem
1138 1955 1333 1985 Hermannus

433 2004 553 2032 dicebat
566 2003 624 2032 sibi
638 2004 764 2032 multum
777 2003 960 2042 displicere,
979 2013 1048 2032 nam
1065 2003 1095 2032 in
1110 2003 1169 2032 hoc
1187 2004 1335 2044 magister

433 2053 495 2087 ille,
523 2059 556 2081 ut
576 2052 720 2087 asseruit,
749 2059 855 2081 contra
884 2052 943 2081 sibi
968 2052 1131 2081 commissa
1162 2059 1192 2082 et
1218 2054 1335 2083 credita

433 2102 570 2130 faciebat.
589 2101 689 2140 Super
702 2111 763 2140 quo
773 2102 1019 2140 respondebatur
1035 2101 1094 2130 sibi
1105 2111 1163 2141 per
1175 2103 1334 2132 nacionem

434 2152 515 2190 quod
541 2150 615 2179 alias
644 2150 791 2190 magister
816 2150 910 2189 Elyas
934 2157 1098 2180 vocaretur
1123 2158 1152 2180 et
1179 2152 1336 2182 audiretur

433 2209 527 2238 super
542 2200 612 2228 isto.

472 2249 618 2277 Preterea
632 2247 663 2276 in
683 2249 786 2277 eadem
807 2248 1052 2287 congregacione
1072 2259 1130 2288 ego
1151 2256 1333 2288 procurator

432 2296 581 2335 proposui
597 2297 679 2335 quod
696 2307 764 2326 cum
780 2306 850 2325 area
866 2297 1018 2326 scolarum
1034 2307 1180 2326 novarum
1193 2299 1333 2328 nacionis

432 2352 548 2380 nostre,
562 2345 648 2374 sicud
661 2351 817 2374 constaret
827 2345 968 2384 pluribus
985 2346 1143 2386 magistris
1158 2353 1188 2376 et
1198 2348 1331 2383 bedello,

433 2400 515 2423 esset
527 2394 652 2423 multum
666 2394 853 2433 pulverizata
868 2400 897 2423 et
914 2404 1055 2429 arenosa,
1070 2395 1100 2423 in
1116 2402 1230 2425 tantum
1250 2398 1334 2435 quod

433 2443 519 2481 quasi
541 2442 766 2471 abhominabile
792 2449 874 2471 esset
898 2443 1069 2473 scolaribus
1100 2454 1132 2473 se
1156 2455 1273 2484 ponere
1302 2446 1333 2474 in

433 2496 513 2519 tanta
536 2491 729 2520 multitudine
756 2491 933 2530 pulveriS⁴,
964 2502 1019 2521 nec
1049 2500 1157 2531 posset
1193 2495 1333 2523 mundari

434 2540 599 2574 scobando,
626 2539 698 2578 quia
727 2550 789 2568 non
810 2546 892 2569 esset
918 2540 1127 2570 consolidacio
1155 2542 1332 2581 pavimenti,

434 2594 582 2626 quatenus
598 2588 685 2617 nacio
705 2588 817 2617 faceret
834 2589 901 2617 fieri
923 2588 1096 2627 hujusmodi
1115 2590 1333 2629 pavimentum,

433 2636 480 2664 vel
500 2647 554 2674 per
574 2636 747 2675 plastrum²
767 2637 816 2666 vel
838 2637 988 2676 argillam.
1010 2638 1049 2667 Et
1071 2639 1142 2678 quia
1162 2640 1250 2668 nacio
1273 2650 1335 2669 non

434 2684 562 2714 habebat
587 2686 744 2724 pecunias,
770 2686 866 2715 obtuli
896 2696 942 2715 me
968 2697 1186 2717 concessurum
1218 2695 1333 2718 tantum

434 2733 564 2768 nacioni,
588 2735 684 2763 donec
707 2734 798 2763 michi
820 2735 983 2764 restituere
1005 2742 1122 2774 posset.
1148 2737 1237 2774 Quod
1262 2748 1334 2767 con-

465 2858 487 2881 1.
523 2859 587 2889 Quia
607 2859 733 2883 scholares
751 2861 775 2884 in
791 2861 883 2885 scholis
898 2862 1048 2886 artistarum
1065 2863 1183 2887 lectiones
1201 2864 1334 2888 audientes

433 2902 446 2916 ι(
464 2894 489 2916 ia
503 2896 569 2917 terra
580 2904 663 2918 coram
673 2897 800 2928 magistris
811 2898 933 2921 sedebant
946 2907 966 2921 ».
986 2899 1038 2922 Vid.
1053 2899 1171 2923 Chartul.
1185 2900 1230 2928 111,
1240 2909 1266 2931 p.
1277 2901 1332 2924 145.

465 2930 487 2951 2.
522 2931 569 2952 Ma.
581 2931 706 2961 plaustro.

1376 928 1410 954 10

1375 1173 1408 1199 15

1374 1419 1408 1444 20

1374 1665 1407 1691 25

1374 1911 1408 1937 30

1373 2159 1407 2184 35

1372 2399 1406 2424 40

1372 2644 1405 2670 45

1449 483 1586 513 corditer
1602 484 1745 515 omnibus
1758 485 1884 525 placuit,
1902 495 1964 515 non
1982 485 2081 515 solum
2096 487 2135 516 de
2150 487 2263 523 fiendo,
2281 498 2354 528 ymo

1449 534 1532 572 quod
1550 534 1627 562 bene
1650 539 1680 563 et
1701 534 1882 563 durabiliter
1901 534 1998 570 fieret,
2020 545 2058 564 ne
2081 535 2183 565 statim
2198 536 2352 577 indigeret

1448 581 1660 621 reparacione‚
1677 589 1707 612 et
1719 584 1802 622 quod
1818 583 1877 613 ista
1894 584 2024 613 facerem
2041 584 2108 613 fieri
2125 585 2351 625 quamprimum

1447 630 1540 660 michi
1554 631 1709 661 videbitur
1721 632 1878 671 expedire.

1489 680 1564 709 Item
1590 681 1720 720 quadam
1749 681 1815 717 die,
1853 681 1972 711 scilicet
2008 681 2143 722 Remigii
2154 682 2178 719 ³,
2209 684 2354 714 dominus

1448 735 1602 768 receptor,
1635 729 1774 759 bedellus
1806 730 1988 770 principalis
2025 738 2055 761 et
2082 741 2140 772 ego
2171 732 2281 763 ivimus
2313 735 2352 764 ad

1447 787 1548 806 arcam
1565 778 1706 808 nacionis
1724 780 1894 809 secundum
1914 780 1990 810 alias
2010 780 2189 816 deliberata,
2211 787 2241 811 et
2259 782 2355 812 resti-

1447 827 1606 857 tuebamus
1623 827 1750 857 domino
1763 827 1940 859 Hermanno
1954 829 2057 859 Welle
2076 829 2195 859 literam
2215 830 2355 861 officialis

1448 876 1578 914 positam
1589 886 1647 916 pro
1660 877 1765 906 bursis
1776 877 2014 907 determinancie
2028 879 2147 915 factam,
2162 879 2250 919 prius
2262 880 2355 920 plena

1448 925 1606 954 solucione
1623 935 1680 965 per
1699 935 1768 955 eum
1787 926 1825 956 de
1844 927 1982 963 residuo,
2004 928 2089 967 quod
2104 928 2246 965 debebat,
2265 928 2354 969 cujus

1448 984 1565 1003 summa
1580 980 1646 1004 erat
1661 974 1779 1004 XXVII
1799 975 1891 1005 solid.

1487 1023 1562 1052 Item
1586 1023 1682 1053 altera
1701 1023 1750 1053 die
1770 1024 1922 1054 adivimus
1941 1025 2074 1062 archam,
2097 1032 2127 1055 et
2148 1026 2353 1066 sigillavimus

1446 1082 1536 1101 unam
1561 1072 1679 1102 literam
1704 1074 2030 1104 recommendatoriam
2059 1085 2096 1104 ex
2123 1082 2211 1116 parte
2235 1077 2352 1107 domini

1445 1120 1578 1150 Arnoldi
1601 1122 1638 1151 de
1660 1122 1775 1152 Nussia
1794 1122 1854 1151 sibi
1876 1123 1952 1152 alias
1973 1133 1990 1152 a
2012 1124 2141 1154 nacione
2161 1135 2352 1155 concessam.

1487 1170 1562 1200 Item
1575 1171 1647 1200 VIII
1659 1171 1708 1200 die
1723 1171 1840 1201 mensis
1852 1171 1998 1202 Octobris
2013 1173 2090 1202 sacta
2105 1174 2351 1214 congregacione

1445 1220 1583 1260 generali
1596 1220 1773 1260 regencium
1785 1227 1815 1250 et
1829 1230 1892 1250 non
1904 1222 2082 1261 regencium
2095 1233 2190 1262 super
2199 1223 2302 1253 rotulo
2315 1233 2354 1253 ex

1446 1275 1532 1308 parte
1552 1268 1773 1299 Universitatis
1796 1271 1835 1299 ad
1854 1270 1970 1300 curiam
1997 1270 2165 1300 Romanam
2189 1272 2350 1309 mittendo,

1445 1318 1646 1347 deliberatum
1672 1318 1728 1348 suit
1750 1328 1807 1358 per
1828 1319 1847 1348 3
1869 1319 2028 1349 facultates
2052 1321 2248 1350 concorditer
2269 1322 2353 1361 quod

1445 1367 1607 1407 expediret
1623 1367 1690 1396 fieri
1710 1374 1740 1397 et
1757 1367 1876 1397 mittere
1894 1367 2039 1404 rotulum,
2060 1375 2090 1399 et
2109 1370 2193 1409 quod
2212 1370 2351 1400 officiarii

1445 1423 1517 1446 tunc
1530 1417 1698 1446 existentes
1717 1423 1912 1446 remanerent
1933 1417 1965 1446 in
1982 1417 2090 1447 officiis
2108 1418 2185 1448 suis.

1485 1465 1561 1495 Item
1583 1466 1690 1495 eodem
1717 1465 1767 1495 die
1792 1472 1863 1505 post
1886 1466 2036 1496 lectiones
2065 1467 2097 1496 in
2121 1468 2213 1497 nonis
2234 1468 2350 1507 Nostre

1445 1514 1578 1544 Domine
1593 1515 1670 1544 sacta
1685 1515 1931 1554 congregacione
1941 1515 2081 1546 nacionis
2096 1517 2135 1546 ad
2147 1516 2352 1548 ordinandum

1445 1564 1482 1592 de
1508 1563 1602 1593 scolis
1629 1573 1686 1603 pro
1712 1563 1888 1594 volentibus
1915 1574 2026 1604 regere
2049 1565 2110 1594 isto
2136 1575 2228 1602 anno,
2257 1567 2349 1606 [cum]

1444 1613 1618 1642 ordinatum
1652 1619 1735 1642 esset
1767 1613 1862 1652 quod,
1899 1623 1967 1643 cum
2002 1624 2149 1644 numerus
2179 1615 2351 1646 volencium

1444 1672 1554 1701 regere
1581 1668 1665 1691 esset
1692 1663 1770 1691 bene
1796 1662 1909 1702 duplus
1934 1663 1972 1692 ad
1998 1673 2158 1693 numerum
2184 1664 2349 1702 scolarum,

1445 1721 1522 1750 quas
1544 1710 1675 1740 habebat
1696 1711 1796 1746 nacio,
1820 1717 1853 1741 ut
1871 1711 2002 1751 quilibet
2022 1722 2085 1742 non
2105 1712 2223 1743 habens
2247 1708 2351 1745 scolas

1445 1766 1626 1799 procuraret
1655 1760 1714 1789 sibi
1747 1760 1809 1799 ipsi
1838 1761 1938 1795 scolas
1975 1771 1992 1790 a
2027 1772 2211 1801 quocunque
2241 1763 2352 1794 melius

1445 1809 1557 1848 possit,
1572 1819 1634 1838 non
1653 1809 1862 1848 promittendo
1879 1816 1980 1839 tamen
1996 1820 2054 1850 pro
2070 1810 2165 1840 scolis
2182 1811 2350 1852 quidquam

1445 1858 1524 1887 ultra
1552 1868 1743 1887 communem
1767 1864 1870 1888 taxum
1899 1869 2014 1894 earum,
2045 1865 2075 1888 et
2100 1860 2188 1890 nacio
2216 1860 2352 1891 solveret

1445 1917 1508 1936 eas.
1537 1906 1698 1946 Adjectum
1721 1907 1811 1937 etiam
1837 1914 1903 1937 erat
1924 1909 2008 1947 quod
2029 1908 2132 1939 nullus
2157 1917 2351 1948 presumeret

1445 1966 1629 1996 recuperare
1644 1956 1744 1986 scolas
1759 1966 1797 1986 ex
1814 1963 1901 1996 parte
1918 1957 2069 1993 nacionis,
2086 1957 2148 1987 nisi
2163 1958 2252 1998 prius
2262 1958 2351 1999 jura-

1444 2005 1525 2035 verit
1542 2005 1572 2034 in
1588 2005 1751 2044 presencia
1767 2005 1906 2035 nacionis
1920 2006 2003 2045 quod
2017 2006 2146 2036 firmiter
2160 2013 2351 2047 proponeret

1445 2064 1501 2094 per
1524 2060 1620 2083 totum
1648 2064 1760 2083 annum
1798 2061 1977 2094 sequentem
2012 2065 2121 2095 regere
2159 2056 2191 2085 in
2220 2056 2349 2093 eisdem,

1445 2104 1550 2132 fraude
1568 2109 1598 2132 et
1613 2102 1685 2132 dolo
1701 2103 1848 2133 exclusis.

1485 2152 1560 2182 Item
1573 2152 1622 2181 die
1635 2152 1706 2181 lune
1720 2152 1861 2192 sequenti
1872 2151 1884 2170 ⁴
1897 2153 1974 2182 facta
1986 2153 2231 2193 congregacione
2249 2154 2350 2184 nacio-

1444 2201 1493 2230 nis
1511 2201 1549 2230 ad
1565 2201 1801 2240 supplicandum
1813 2201 1844 2230 in
1857 2201 1969 2231 Sancto
1981 2201 2114 2237 Juliano,
2134 2203 2351 2242 supplicabant

1443 2249 1590 2289 magister
1616 2249 1772 2279 Johannes
1800 2251 1838 2279 de
1864 2249 2036 2290 Argentina
2061 2251 2162 2280 dictus
2186 2251 2293 2287 Canel,
2320 2257 2352 2281 et

1444 2299 1605 2328 Erhardus
1620 2299 1658 2328 de
1672 2298 1843 2328 Gamundia
1857 2306 2020 2338 quatenus,
2036 2310 2105 2329 cum
2119 2306 2258 2339 tempore
2273 2310 2351 2330 con-

1443 2347 1593 2377 clusionis
1608 2347 1702 2377 rotuli
1713 2348 1822 2377 fuisset
1835 2347 2066 2388 presentialiter
2082 2347 2246 2388 Parysius,
2265 2350 2350 2389 quod

1444 2397 1470 2426 si
1497 2396 1692 2436 contingeret
1718 2407 1772 2426 eos
1801 2398 1946 2426 recedere
1969 2407 1987 2426 a
2014 2396 2164 2436 Parysius
2187 2403 2349 2437 antequam

1443 2445 1562 2475 rotulus
1576 2446 1712 2485 scriptus
1730 2452 1814 2475 esset
1825 2446 1874 2475 vel
1891 2445 2056 2485 sigillatus,
2071 2447 2155 2486 quod
2168 2456 2230 2475 non
2243 2447 2350 2476 obsta-

1443 2501 1490 2523 ret
1507 2494 1551 2523 eis
1564 2504 1709 2524 recessus
1725 2505 1831 2524 eorum
1845 2494 1894 2524 vel
1906 2495 2052 2524 absencia
2066 2494 2279 2534 imposterum,
2294 2496 2350 2525 sed

1443 2544 1526 2583 quod
1544 2543 1755 2573 scriberentur
1779 2543 1811 2572 in
1832 2543 1933 2573 rotulo
1953 2550 1987 2573 ut
2007 2543 2151 2573 continue
2174 2550 2347 2583 presentes,

1443 2602 1574 2631 quorum
1594 2592 1785 2632 supplicacio
1800 2598 1866 2622 erat
1882 2602 2040 2627 concessa,
2062 2593 2227 2622 dummodo
2246 2592 2350 2623 solve-

1443 2647 1511 2670 rent
1527 2641 1685 2671 solvenda.

1484 2690 1558 2719 Item
1589 2690 1640 2718 die
1662 2690 1809 2720 veneris⁵
1835 2690 1912 2719 facta
1938 2690 2184 2729 congregacione
2209 2689 2348 2720 nacionis

1442 2739 1523 2778 apud
1540 2738 1683 2768 Sanctum
1697 2738 1883 2768 Maturinum
1900 2744 1973 2778 post
1987 2748 2159 2768 sermonem
2175 2739 2214 2768 ad
2229 2738 2349 2779 eligen-

1473 2867 1496 2889 3.
1531 2866 1541 2889 'l
1558 2866 1681 2890 octobris.

1473 2903 1496 2925 4.
1532 2902 1560 2925 14
1572 2902 1697 2926 octobrio.

1474 2939 1497 2960 5.
1533 2937 1562 2960 18
1575 2937 1699 2961 Octobris.
