2632 3464
707 573 804 604 1397

335 655 594 695 [Continuatio
626 653 811 685 Johannis
841 654 884 684 de
915 652 1169 692 Edinbourg.]

341 743 414 784 (Fol.
427 746 464 774 34
478 743 503 783 ¹‘)
525 743 618 774 Facta
633 742 880 783 congregacione
894 741 1035 772 nacionis
1050 751 1130 771 anno
1143 747 1201 771 etc.

300 791 464 823 M⁰CCC¹¹⁰
486 792 690 832 nonogesimo
716 791 859 831 septimo,
885 791 935 821 die
957 791 1028 821 lune
1049 790 1134 820 xlx·
1155 791 1204 820 die

299 841 496 876 Novembris,
517 842 598 882 apud
618 841 762 871 Sanctum
784 840 970 870 Maturinum
990 840 1067 869 hora
1087 840 1204 879 prima-

301 900 368 920 rum
392 900 487 931 super
507 891 629 920 duobus
648 889 798 920 articulis.
822 889 946 919 Primus
968 890 1006 918 ad
1028 889 1203 929 eligendum

301 946 532 980 procuratorem
547 939 697 969 nacionis.
710 938 874 968 Etibidem
891 938 946 968 fuit
958 938 1074 968 electus
1089 944 1119 968 et
1133 947 1203 967 con-

301 988 436 1018 tinuatus
450 988 607 1018 Johannes
617 989 655 1018 de
672 987 874 1028 Edynbourg.
889 988 935 1016 2¹·-
944 987 1092 1017 articulus
1110 996 1204 1026 super

301 1037 586 1078 supplicacionibus
598 1043 629 1066 ct
642 1036 776 1077 injuriis,
792 1047 888 1076 super
905 1047 966 1076 quo
981 1036 1088 1066 nichil.

706 1128 804 1159 139⁷

301 1200 393 1231 Acta
434 1200 470 1230 in
512 1200 773 1239 procuratoris
814 1200 985 1240 magistri
1022 1199 1203 1229 Iohannis

437 1249 480 1278 de
510 1249 646 1284 Zande,
678 1249 772 1278 alias
808 1250 850 1278 de
886 1249 1064 1290 Campen.

342 1328 434 1359 Facta
448 1329 694 1369 congregacione
706 1329 845 1358 nacionis
856 1328 970 1369 Anglie
986 1339 1066 1359 anno
1080 1329 1204 1359 Domini

302 1387 364 1418 quo
377 1387 482 1417 supra,
498 1377 597 1407 xvu·
613 1377 663 1407 die
676 1378 791 1407 mensis
808 1377 1000 1413 Decembris,
1018 1378 1094 1408 hora
1105 1378 1205 1419 prima

303 1426 416 1456 Nostre
444 1426 576 1456 Domine
599 1427 680 1467 apud
711 1426 856 1457 Sanctum
889 1427 1076 1457 Maturinum
1110 1437 1206 1467 super

302 1476 423 1506 duobus
438 1475 588 1506 articulis.
602 1476 726 1505 Primus
736 1476 884 1505 articulus
896 1482 962 1506 erat
975 1476 1014 1505 ad
1029 1476 1204 1516 eligendum

302 1534 414 1555 novum
432 1531 662 1564 procuratorem
681 1525 818 1564 predicte
834 1525 982 1555 nacionis.
1001 1526 1047 1554 2¹²·
1058 1525 1205 1555 articulus

303 1579 369 1604 erat
385 1583 480 1613 super
491 1573 776 1614 supplicacionibus
793 1580 823 1603 et
838 1573 971 1613 injuriis.
989 1574 1091 1614 Super
1104 1575 1205 1615 primo

303 1622 420 1653 electus
435 1622 491 1652 fuit
505 1622 537 1652 in
554 1629 785 1662 procuratorem
800 1623 940 1653 nacionis
958 1624 1074 1663 prefate
1089 1623 1206 1656 lohan-

302 1681 358 1702 nes
373 1672 412 1701 de
423 1671 539 1707 Zande,
555 1671 631 1701 alias
643 1672 682 1701 de
697 1671 845 1711 Campen,
858 1673 930 1712 quia
942 1678 1125 1712 procurator
1136 1683 1204 1713 pre-

303 1721 417 1750 cedens
442 1721 482 1750 ob
510 1727 611 1750 certas
639 1730 747 1750 causas
774 1721 872 1751 noluit
895 1721 1078 1751 continuari.
1105 1721 1206 1762 Super

302 1769 335 1799 2·
345 1769 476 1799 articulo
492 1769 587 1798 nichil
601 1775 668 1798 erat
679 1776 790 1799 actum.

342 1817 435 1848 Facta
467 1818 714 1859 congregacione
748 1819 887 1848 nacionis
917 1818 1088 1859 Anglicane
1125 1830 1206 1850 anno

304 1866 429 1897 Domini
452 1873 484 1897 et
505 1876 611 1897 mense
633 1867 746 1907 quibus
775 1877 880 1907 supra,
905 1867 1020 1898 xvlll·
1041 1869 1102 1903 die.
1124 1870 1205 1909 apud

304 1915 448 1946 Sanctum
470 1915 656 1946 Maturinum
677 1916 708 1946 in
731 1916 823 1946 nonis
845 1917 957 1946 Nostre
980 1917 1111 1947 Domine
1134 1924 1206 1958 post

304 1964 465 2004 prandium
483 1975 578 2004 super
599 1965 721 1995 duobus
744 1965 892 1995 articulis.
912 1966 1035 1996 Primus
1058 1966 1205 1997 articulus

303 2019 369 2044 erat
382 2014 420 2043 ad
434 2013 619 2043 audiendum
632 2013 735 2054 aliqua
749 2024 808 2054 que
831 2015 978 2055 magister
995 2015 1150 2046 Hem-icus
1168 2017 1206 2046 de

302 2061 458 2092 Aernhem
469 2085 476 2097 ,
505 2069 637 2103 protunc
667 2069 771 2093 rector
807 2063 1027 2094 Universitatis
1039 2063 1062 2099 ⁴,
1100 2065 1207 2095 habuit

303 2111 406 2141 dicere
435 2111 466 2140 in
494 2111 622 2141 nacione
650 2121 746 2152 super
770 2113 853 2151 faceo
873 2114 1110 2149 juramentorum
1120 2113 1144 2143 ².
1167 2114 1206 2144 Et

303 2160 493 2200 exprimebat
505 2160 618 2190 ibidem
633 2161 776 2191 dominus
785 2167 898 2197 rector,
908 2163 1063 2202 quomodo
1077 2163 1107 2192 in
1117 2170 1205 2193 nocte

303 2208 365 2239 diei
383 2209 579 2249 precedentis
604 2209 710 2240 habuit
737 2219 754 2239 a
785 2210 940 2250 deputatis
972 2210 1204 2247 Universitatis,

302 2258 387 2298 quod
400 2268 458 2298 pro
473 2258 610 2298 presenti
622 2268 703 2288 anno
716 2265 799 2289 esset
813 2260 974 2289 tacendum
985 2260 1023 2290 de
1034 2260 1113 2290 tacto
1122 2259 1205 2300 jura-

302 2313 473 2336 mentorum
497 2313 625 2347 propter
643 2307 817 2337 discordias
832 2313 862 2338 et
880 2309 1094 2339 discensiones
1113 2319 1206 2339 exor-

301 2361 349 2386 tas
361 2355 442 2386 inter
455 2356 576 2396 aliquos
591 2356 756 2396 magistros
768 2357 885 2397 prefate
902 2356 1131 2394 Universitatis,
1143 2365 1205 2388 tum

303 2404 398 2434 eciam
425 2405 497 2445 quia
520 2415 574 2435 rex
594 2406 704 2435 factum
720 2405 752 2435 in
773 2406 915 2436 manibus
930 2406 995 2436 suis
1013 2407 1128 2447 posuit,
1145 2406 1219 2437 etc.'

303 2452 349 2483 2·-
362 2453 510 2484 articulus
526 2463 621 2494 super
635 2454 920 2494 supplicacionibus
935 2461 965 2484 et
980 2455 1113 2495 injuriis.

344 2502 446 2542 Super
466 2503 567 2543 primo
586 2503 770 2533 deliberavit
790 2503 878 2533 nscio
898 2505 1105 2540 concorditer,
1123 2506 1206 2545 quod

304 2561 361 2590 pro
372 2551 511 2592 presenti
525 2561 606 2582 anno
621 2558 736 2582 taceret
749 2553 788 2582 de
797 2551 992 2592 juramentis,
1003 2553 1090 2583 sicud
1102 2553 1206 2584 habuit

302 2610 320 2630 a
333 2601 488 2641 deputatis
504 2600 737 2635 Universitatis.
755 2607 785 2631 ct
805 2601 863 2631 hoc
879 2601 1014 2642 quandiu
1030 2612 1090 2631 non
1111 2602 1205 2632 habe-

334 2705 357 2730 1,
387 2706 478 2730 Rodor
487 2706 521 2730 ab
532 2714 575 2731 aa.
587 2707 656 2738 1897,
666 2707 780 2732 oecon-b.
792 2707 867 2731 wad
877 2707 946 2736 1898,
958 2707 1048 2731 Marcii
1058 2707 1206 2737 24,ιι·ἰ1ι“εει

301 2740 418 2773 [amatu
431 2741 558 2766 tle-arton·
570 2726 692 2766 Poclnian
707 2742 739 2766 de
757 2742 890 2770 Arnheim,
903 2742 935 2767 de
951 2751 1002 2775 quo
1015 2742 1113 2775 platin
1127 2751 1205 2776 supra

302 2779 327 2801 el
338 2775 416 2808 infra.
431 2779 456 2802 d
467 2777 590 2819 ιίιιρι·σ”ιιιιέι
604 2777 630 2802 in
644 2778 762 2803 chartul.
777 2778 822 2807 111.
833 2786 860 2810 p.
872 2778 916 2802 881
932 2786 988 2811 ειη.

334 2812 357 2836 ².
390 2812 426 2836 De
435 2811 484 2836 icto
495 2812 589 2844 saelo'
577 2820 603 2837 m
614 2821 694 2838 cauca
703 2813 824 2837 censionis
835 2817 858 2838 ee
870 2813 1051 2838 murac-aiom·
1063 2813 1113 2839 oid.
1125 2813 1205 2838 Char*

303 2846 350 2872 tul.
361 2847 402 2872 lv.
412 2847 603 2880 Pmpmebuur
618 2856 705 2881 nempe
721 2849 747 2873 ιἰι
760 2849 936 2878 υηίνσνιίιαω,
945 2852 972 2873 ue
983 2849 1134 2890 praeuerti-m
1149 2850 1205 2881 offi-

303 2882 380 2907 etatis·
392 2883 511 2915 jurarent
523 2884 646 2916 prosequi
657 2884 774 2909 mabam
786 2884 907 2909 eeclesias
918 2893 965 2918 por
975 2885 1040 2909 uim-
1050 2885 1171 2909 concioni·
1182 2889 1206 2910 et

303 2917 494 2947 subtractio-50,
510 2926 556 2943 m
575 2918 683 2951 aliquod
695 2922 829 2952 praestare
847 2920 1060 2952 impedimentum.
1075 2921 1115 2944 Sa·
1128 2929 1205 2953 supra

304 2953 380 2978 dedu
404 2956 524 2986 apparet,
545 2954 614 2979 cirea
637 2954 685 2979 hoe
707 2955 734 2979 in
758 2955 926 2980 Univenieate
949 2958 1051 2980 exorta·
1075 2964 1129 2981 eeu
1150 2956 1206 2980 dic-

303 2989 416 3014 cordi'ce.
431 2990 459 3013 Ιιι
478 2989 628 3014 Komoi-isle
648 2991 746 3015 {aetum
766 2990 792 3015 iu
808 2991 938 3024 principio
954 2991 1062 3016 Consilii
1082 2999 1128 3024 per
1144 2991 1205 3016 illos

384 3034 498 3054 Aami..
508 3034 632 3055 chan-larii
642 3034 731 3056 Uni-on.
741 3035 808 3057 Pae-1¹0.
817 3046 844 3052 —
855 3035 873 3056 1.

810 471 923 498 LIBER
944 469 1256 496 PROCURATORUM
1276 469 1455 496 NATIONIS
1473 470 1717 496 ANGLICANAE

1258 744 1275 770 5

1245 994 1275 1020 10

1242 1238 1275 1264 15

1242 1483 1276 1510 20

1243 1728 1277 1755 25

1242 1973 1277 1999 30

1243 2216 1277 2243 35

1243 2460 1277 2486 40

2161 472 2212 498 754

1312 551 1360 574 ret
1373 545 1497 584 aliquod
1514 547 1685 575 mandatum
1701 556 1717 574 a
1733 556 1805 585 rege
1821 546 1885 575 sive
1901 547 1938 575 ab
1954 546 2159 576 Universitate
2175 548 2213 577 ad

1312 594 1510 623 contrarium.

1352 642 1453 682 Super
1476 644 1507 672 2⁰
1531 643 1783 682 supplicaverunt
1806 643 1945 682 magistri
1970 643 2143 674 Alexander
2163 646 2212 683 [de

1312 691 1491 730 Foulerton]
1513 692 1624 721 Scotus
1653 698 1683 721 et
1707 692 1863 721 Johannes
1892 693 1929 721 de
1952 693 2064 728 Zande,
2082 700 2212 733 protunc

1311 747 1505 781 procurator,
1518 742 1601 780 quod
1613 751 1681 770 cum
1696 741 1736 770 ita
1753 748 1835 770 esset
1850 743 1931 780 quod
1948 742 2007 780 ipsi
2024 749 2109 771 erant
2125 742 2212 772 electi

1311 800 1369 830 per
1387 789 1546 819 nacionem
1568 790 1600 819 in
1621 796 1839 830 procuratores
1860 791 1928 819 sesti
1952 791 2094 820 Etmondi
2116 792 2210 831 regis,

1312 839 1395 878 quod
1411 845 1585 878 computum
1601 839 1739 878 ipsorum
1755 840 1837 878 quod
1854 839 1990 868 fecerunt
2006 839 2035 868 in
2053 841 2213 879 presencia

1311 887 1484 927 recepturis
1498 887 1638 917 nacionis
1659 894 1741 917 esset
1759 894 1879 928 gratum
1900 894 1930 917 et
1951 894 2102 918 avoatum.
2127 889 2213 926 Quo-

1312 946 1379 968 rum
1395 937 1655 976 supplicacionem
1670 937 1758 966 nacio
1772 937 1938 972 concessit,
1954 943 2012 966 etc.

1715 1044 1812 1073 1398

1353 1133 1428 1162 item
1457 1133 1534 1162 sacta
1563 1132 1807 1173 congregacione
1833 1133 1970 1172 generali
1995 1133 2214 1164 Universitatis

1312 1182 1394 1222 apud
1418 1181 1562 1211 Sanctum
1585 1182 1770 1212 Maturinum
1793 1182 1868 1211 hora
1891 1183 1992 1222 prima
2015 1183 2127 1212 Nostre
2153 1183 2213 1213 Do-

1312 1231 1405 1266 mine,
1421 1231 1492 1260 Vll·
1506 1231 1556 1260 die
1572 1231 1687 1260 mensis
1701 1231 1849 1266 januarii,
1867 1231 1921 1260 suit
1937 1232 2031 1261 eciam
2048 1233 2123 1261 facta
2139 1242 2214 1262 con-

1312 1280 1457 1320 gregacio
1473 1280 1610 1309 nacionis
1626 1280 1802 1319 specialiter
1816 1290 1911 1320 super
1925 1281 2045 1310 duobus
2064 1281 2212 1311 articulis.

1313 1328 1437 1358 Primus
1453 1335 1518 1358 erat
1532 1329 1569 1358 ad
1585 1329 1768 1359 audiendum
1784 1329 1904 1369 aliquos
1920 1330 2061 1359 dominos
2076 1330 2114 1359 de
2129 1330 2214 1359 Zwe-

1313 1378 1369 1413 sia,
1394 1378 1447 1418 qui
1469 1379 1649 1418 repetebant
1667 1379 1818 1418 quandam
1838 1379 1960 1407 domurn
1983 1379 2071 1408 sitam
2097 1379 2127 1408 in
2148 1379 2214 1409 vico

1314 1426 1453 1457 Brunelli
1479 1428 1523 1456 ad
1541 1429 1710 1466 ymaginem
1729 1435 1826 1456 nostre
1850 1429 1985 1461 Domine,
2007 1438 2096 1467 quam
2128 1429 2214 1458 nacio

1314 1476 1405 1505 habet
1427 1477 1466 1505 ab
1489 1476 1708 1511 Universitate,
1733 1486 1791 1516 que
1814 1477 1924 1505 domus
1944 1482 2061 1516 spectat
2083 1478 2119 1506 ad
2145 1477 2215 1506 illos

1313 1525 1367 1565 qui
1382 1531 1454 1555 sunt
1469 1525 1607 1554 canonici
1623 1525 1654 1554 in
1670 1525 1799 1554 ecclesia
1815 1525 1979 1554 Seharensi
1996 1525 2027 1554 in
2038 1526 2167 1555 Zwesia.
2180 1528 2216 1555 Et

1314 1574 1372 1604 iste
1387 1573 1530 1604 dominus
1546 1574 1624 1603 dixit
1639 1584 1672 1603 se
1687 1584 1756 1603 esse
1773 1574 1951 1603 canonicum
1967 1575 2004 1603 de
2019 1574 2100 1604 dicta
2116 1575 2215 1604 eccle-

1314 1623 1370 1652 sia.
1382 1622 1483 1663 Super
1498 1633 1559 1663 quo
1574 1622 1702 1652 articulo
1714 1623 1802 1652 nacio
1814 1623 1859 1652 sic
1867 1623 2040 1662 respondit,
2052 1624 2134 1662 quod
2145 1634 2214 1653 cer·

1314 1672 1442 1702 tilicaret
1464 1672 1622 1701 nacionem
1643 1673 1726 1712 quod
1751 1672 1818 1711 ipse
1844 1678 1927 1701 esset
1942 1672 1972 1701 in
1993 1672 2071 1701 dicta
2087 1673 2216 1702 ecclesia

1314 1721 1491 1756 canonicus,
1508 1727 1538 1750 et
1559 1721 1642 1760 quod
1657 1721 1695 1750 de
1717 1721 1774 1750 hoc
1795 1727 1924 1760 poneret
1938 1721 2114 1750 causionem
2137 1722 2216 1751 suffi-

1314 1771 1454 1805 cientem,
1478 1776 1508 1799 et
1531 1776 1603 1799 tunc
1630 1770 1717 1799 nacio
1746 1770 1878 1799 libenter
1907 1780 1965 1810 pro
1995 1770 2063 1809 ipso
2093 1771 2215 1806 faceret,

1314 1819 1462 1860 quicquid
1471 1818 1552 1859 juris
1568 1825 1625 1848 est.
1643 1819 1688 1848 2¹¹·
1703 1819 1850 1848 articulus
1872 1829 1967 1858 super
1982 1819 2217 1858 supplicacioni-

1314 1869 1372 1898 bus
1387 1874 1417 1898 et
1432 1867 1564 1908 injuriis.
1583 1868 1684 1908 Super
1699 1878 1760 1907 quo
1776 1868 1962 1907 supplicavit
1980 1868 2127 1907 magister
2143 1868 2215 1897 Rut-

1313 1917 1429 1957 gherus
1444 1917 1482 1946 de
1497 1917 1617 1947 Zwesia
1632 1918 1715 1956 quod
1730 1917 1804 1946 alias
1819 1917 1965 1956 prefatam
1987 1917 2108 1946 domum
2125 1927 2216 1956 repe-

1314 1965 1382 1996 tivit
1395 1972 1454 1995 tam
1470 1967 1507 1995 ab
1524 1965 1742 2000 Universitate,
1760 1975 1849 2005 quam
1875 1966 2013 1999 nacione,
2035 1972 2068 1995 ut
2090 1966 2156 2005 ipse
2179 1967 2215 1995 de

1314 2015 1371 2045 hoc
1400 2014 1564 2044 haberetur
1603 2021 1777 2049 excusatus,
1808 2014 1879 2054 quia
1915 2014 2054 2054 percepit
2088 2025 2120 2043 se
2155 2025 2215 2043 non

1314 2064 1426 2094 hahere
1436 2063 1489 2103 jus
1505 2065 1542 2093 ad
1560 2064 1670 2093 dictam
1686 2065 1818 2093 domum.
1838 2062 1934 2102 Cujus
1956 2063 2214 2103 supplicacionem

1314 2113 1401 2142 nacio
1416 2113 1585 2148 concessit,
1602 2119 1659 2142 etc.

1353 2163 1426 2202 (Vol.
1441 2162 1489 2202 35)
1509 2162 1582 2191 {tem
1601 2162 1676 2191 sacta
1690 2161 1934 2201 congregacione
1951 2161 2088 2190 nacionis
2106 2161 2217 2200 Anglie

1314 2220 1394 2240 anno
1407 2210 1530 2240 Domini
1544 2220 1605 2250 quo
1618 2220 1723 2250 supra,
1733 2210 1788 2239 xl·
1798 2210 1847 2239 die
1861 2210 1975 2239 mensis
1989 2210 2124 2238 Januarii
2139 2210 2214 2239 hora

1314 2260 1412 2300 prima
1427 2259 1540 2289 Nostre
1562 2258 1692 2288 Domine
1711 2260 1791 2298 apud
1811 2259 1954 2288 Sanctum
1973 2258 2125 2287 sulianum
2144 2269 2215 2298 pau-

1315 2318 1418 2348 perem
1434 2318 1529 2348 super
1545 2308 1666 2338 duobus
1683 2308 1831 2337 articulis.
1855 2307 1977 2337 Primus
2003 2314 2067 2336 erat
2087 2308 2123 2336 ad
2145 2317 2216 2346 per-

1315 2358 1488 2387 mutandum
1505 2367 1572 2386 cum
1592 2357 1749 2386 Piccardis
1765 2367 1851 2386 usum
1870 2366 1958 2396 quem
1979 2356 2090 2385 habent
2106 2357 2135 2384 in
2150 2366 2215 2385 sco·

1314 2406 1352 2436 lis
1372 2414 1482 2445 septem
1500 2408 1614 2435 arctum
1632 2406 1845 2445 superioribus
1866 2416 1922 2445 pro
1944 2415 1999 2434 usu
2021 2415 2110 2444 quem
2127 2404 2215 2434 habe-

1314 2465 1381 2484 mus
1395 2455 1424 2485 in
1441 2455 1534 2484 scolis
1549 2455 1653 2495 parvis
1666 2464 1764 2495 prope
1781 2455 1925 2484 Secanam
1940 2464 2033 2493 supra
2050 2460 2171 2488 terram,
2187 2459 2216 2483 et

1315 2504 1371 2534 hoc
1387 2503 1417 2533 in
1435 2514 1508 2533 casu
1523 2514 1584 2543 quo
1601 2503 1710 2533 Gallici
1728 2503 1841 2533 vellent
1861 2509 2035 2543 permutare
2053 2513 2119 2531 cuin
2142 2502 2213 2532 Pic-

1313 2553 1414 2582 cardis
1425 2563 1510 2582 usum
1521 2563 1578 2592 pro
1590 2563 1657 2586 usu.
1670 2552 1789 2582 scilicet
1803 2552 1884 2581 illum
1900 2562 1986 2580 usum
2002 2562 2090 2590 quem
2105 2551 2216 2581 liabent

1314 2601 1423 2631 Gallici
1446 2601 1476 2630 in
1501 2601 1595 2631 scolis
1621 2602 1664 2630 aa
1690 2601 1808 2630 rubeum
1834 2611 1938 2639 equum
1968 2610 2059 2639 supra
2090 2606 2213 2635 terram,

1313 2708 1446 2740 quierant
1464 2715 1513 2740 pro
1531 2710 1606 2740 parte
1619 2715 1686 2740 pape
1705 2706 1789 2735 (Arest.
1809 2708 1862 2731 ναι.
1878 2705 1992 2733 armat.
2007 2706 2085 2732 1:⁸⁶6.
2103 2706 2128 2729 in
2140 2705 2214 2737 prin-

1313 2743 1379 2776 cipio
1393 2743 1462 2775 νοΙ.),
1483 2744 1501 2767 i.
1520 2751 1542 2767 ο.
1559 2743 1584 2767 in
1604 2743 1679 2767 lenm
1697 2742 1812 2766 Concilio
1834 2742 1916 2766 Paris.
1939 2750 1982 2765 an.
2003 2742 2062 2764 1398
2078 2740 2214 2769 celebrato,

1312 2779 1389 2804 etiam
1398 2778 1508 2803 dicitur.-
1519 2779 1600 2803 Hultn
1610 2780 1677 2803 lacta
1691 2782 1751 2802 sunt
1762 2778 1786 2801 in
1800 2777 1975 2801 Universitate
1988 2780 2048 2808 pont
2059 2779 2113 2800 tres
2122 2784 2214 2804 annos

1313 2822 1364 2846 que
1375 2822 1426 2838 non
1444 2818 1519 2838 erant
1530 2815 1660 2838 communi
1676 2822 1803 2837 consensu
1822 2813 1910 2837 babitu
1929 2820 1974 2836 nec
1988 2811 2176 2839 sollemnis-ta.
2189 2815 2215 2836 et

1313 2850 1358 2874 ubi
1370 2850 1488 2874 hominu
1505 2857 1555 2873 non
1571 2850 1720 2873 babuerunt
1730 2849 1845 2872 animum
1859 2848 1883 2872 in
1899 2847 2058 2871 consulendo
2073 2850 2099 2871 ct
2115 2846 2215 2871 delibe-

1313 2885 1395 2910 rando
1408 2885 1530 2912 liberum.
1544 2888 1569 2909 et
1581 2884 1799 2917 quemadmodum
1816 2883 1979 2915 expet-tenei-
1998 2882 2087 2907 docuit
2103 2883 2128 2907 ιἰι
2144 2883 2215 2914 [οι-ιο

1307 2921 1520 2953 juramentorum.
1532 2920 1600 2952 quod
1613 2920 1674 2944 dum
1690 2920 1759 2943 venit
1773 2928 1815 2943 rex
1828 2919 1860 2942 nd
1874 2918 2055 2947 dincutionem,
2065 2921 2168 2950 reperte
2175 2921 2215 2942 est

1314 2955 1397 2988 major
1408 2959 1434 2980 et
1446 2956 1535 2980 sanior
1545 2964 1606 2988 pars
1619 2955 1649 2980 ad
1661 2955 1811 2987 oppositum
1823 2955 1908 2986 hujus.
1925 2954 1992 2986 quod
2006 2953 2142 2978 dicebatur
2151 2953 2215 2977 deli-

1314 2991 1442 3016 bei-atum.
1459 2991 1534 3023 Quod
1549 2991 1625 3015 etiam
1640 2994 1729 3022 postea
1746 2993 1836 3014 avenae.
1861 2990 1914 3014 Vid.
1929 2989 2008 3021 infra,
2019 2997 2044 3021 p.
2057 2989 2111 3017 7⁶5,
2124 2991 2176 3013 aot.
2190 2990 2213 3012 8.

2109 3033 2134 3053 §⁸
