2632 3464
433 411 486 436 107
978 391 1202 435 AUC‘I'ARIUM
1223 408 1482 435 CHARTULARII
1502 409 1676 436 UNIVERS.
1699 410 1818 436 PARIS.
2311 414 2363 441 108

475 487 550 515 Item
566 485 747 515 licenciatus
763 485 818 514 fuit
831 485 975 514 dominus
993 485 1128 515 Jacobus
1143 485 1225 515 filius
1237 484 1345 514 Jacobi

432 536 470 564 de
501 535 665 564 Hollandia
692 535 750 564 sub
779 534 929 574 magistro
955 533 1095 563 Johanne
1127 535 1164 563 de
1193 534 1344 570 Wesalia,

432 583 520 623 cujus
539 585 634 613 bursa
649 583 756 612 nichil.

843 637 940 666 1347

529 704 770 743 [procuratio
804 704 980 744 magistri
1013 703 1173 732 Walteri
1207 703 1249 731 de

768 753 997 790 Wardelau.]

470 828 562 858 Anno
590 829 715 858 Domini
741 828 785 857 Μ0
808 827 902 857 CCC⁰
934 827 1172 866 quadragesimo
1197 827 1342 866 septimo,

430 878 480 906 die
516 877 641 907 veneris
681 876 843 917 proxima⁴
884 882 955 915 post
1002 877 1111 905 festum
1151 876 1342 905 Inventionis

431 933 535 956 sancte
564 926 689 961 Crucis,
715 926 832 955 electus
861 925 917 954 suit
942 925 1090 964 magister
1116 925 1277 954 Walterus
1305 926 1342 954 de

429 975 599 1004 Wardelau
618 975 649 1003 in
666 981 900 1014 procuratorem
914 974 1054 1003 nacionis
1071 973 1244 1013 Anglicane
1260 975 1342 1014 apud

430 1024 574 1053 Sanctum
595 1024 749 1053 Julianum
775 1033 953 1063 pauperem,
983 1023 1014 1052 in
1043 1022 1130 1062 cujus
1161 1023 1342 1062 procuraria

428 1079 494 1101 acta
512 1073 636 1101 fuerunt
651 1082 711 1111 que
727 1078 911 1112 sequuntur.

638 1147 792 1177 Nomina
818 1147 1123 1176 licenciatorum.

468 1219 664 1248 Licenciatus
680 1219 736 1248 suit
751 1219 833 1258 apud
849 1219 994 1248 Nostram
1014 1218 1178 1247 Dominam
1197 1218 1341 1247 dominus

426 1268 594 1298 Nicholaus
610 1268 771 1297 Michaelis
781 1269 819 1296 de
831 1267 960 1307 Upsalia
969 1268 1026 1296 sub
1038 1267 1188 1306 magistro
1198 1267 1340 1297 Waltero

427 1318 465 1346 de
480 1316 662 1352 Wardelau,
680 1316 767 1357 cujus
783 1318 877 1346 bursa
894 1316 954 1345 IIII
969 1316 1061 1345 solidi
1075 1325 1143 1345 cum
1158 1316 1296 1345 dimidio.

467 1366 541 1395 Item
559 1366 704 1395 dominus
726 1366 893 1395 Anselmus
914 1367 951 1395 de
969 1366 1086 1400 Duren,
1110 1367 1167 1394 sub
1188 1366 1339 1405 magistro

424 1415 563 1444 Johanne
588 1416 627 1444 de
651 1415 802 1450 Wesalia,
829 1414 917 1454 cujus
943 1416 1038 1444 bursa
1066 1415 1125 1444 1111
1152 1415 1245 1444 solidi
1270 1425 1338 1444 cum

425 1465 566 1493 dimidio.

465 1513 539 1542 Item
551 1514 695 1543 dominus
710 1514 891 1553 Ingeramus
908 1514 946 1542 de
961 1513 1099 1552 Ketenys
1115 1513 1227 1542 Scotus
1243 1513 1337 1542 licen-

424 1562 522 1591 ciatus
554 1563 609 1592 fuit
640 1564 722 1602 apud
745 1563 890 1592 Nostram
911 1562 1075 1591 Dominam
1103 1563 1160 1591 sub
1186 1562 1337 1602 magistro

422 1611 564 1640 Waltero
578 1612 615 1640 de
633 1611 804 1641 Wardelau
822 1611 926 1646 Scoto‚
946 1610 1035 1650 cujus
1054 1612 1148 1640 bursa
1166 1611 1207 1640 VI
1229 1611 1334 1640 solidi.

463 1660 537 1689 Item
550 1660 729 1689 licenciatus
742 1660 950 1690 fuitdominus
964 1660 1118 1690 Henricus
1130 1661 1167 1689 de
1182 1661 1336 1690 Smalham

421 1710 503 1748 apud
521 1710 665 1739 Nostram
687 1710 850 1739 Dominam
877 1710 935 1739 sub
958 1710 1106 1749 magistro
1133 1710 1274 1739 Waltero
1297 1711 1335 1740 de

421 1758 614 1794 Wardelaw,
632 1758 720 1798 cujus
733 1760 828 1787 bursa
842 1758 950 1787 nichil.

464 1807 539 1836 Item
556 1807 737 1836 licenciatus
754 1808 810 1836 suit
825 1807 969 1836 dominus
981 1807 1132 1837 Ricoldus
1150 1809 1188 1837 de
1204 1809 1335 1838 Haesten

420 1857 479 1885 sub
492 1857 640 1896 magistro
653 1856 789 1885 Henrico
805 1857 842 1885 de
858 1857 933 1892 Oes,
947 1855 1034 1896 cujus
1049 1858 1142 1886 bursa
1160 1857 1185 1886 V
1200 1857 1258 1886 sol.

462 1905 536 1934 Item
555 1906 736 1935 licenciatus
755 1906 810 1935 fuit
830 1906 963 1935 Michael
983 1907 1020 1935 de
1038 1906 1132 1935 Dacia
1150 1907 1232 1946 apud
1250 1907 1334 1937 Nos-

420 1961 497 1984 tram
512 1955 686 1990 Dominam,
704 1954 791 1995 cujus
810 1956 905 1984 bursa
920 1954 947 1983 V
964 1955 1068 1985 solidi.

527 2031 680 2060 Nomina
710 2031 974 2070 incipientium
1004 2031 1035 2059 in
1069 2031 1222 2060 natione

762 2079 987 2120 Anglicana.

458 2152 564 2181 Primo
581 2152 696 2191 incepit
706 2152 849 2180 dominus
864 2151 1022 2180 Johannes
1038 2151 1154 2180 Thome
1172 2152 1210 2180 de
1228 2151 1331 2181 Hues-

420 2203 480 2230 den
506 2203 563 2230 sub
583 2202 733 2241 magistro
750 2201 891 2230 Johanne
911 2202 949 2230 de
969 2201 1103 2236 Vesana,
1128 2199 1215 2240 cujus
1236 2202 1331 2231 bursa

420 2251 478 2280 1111
498 2251 589 2279 solidi
607 2261 673 2279 cum
689 2250 830 2279 dimidio.

458 2300 532 2329 Item
557 2300 701 2328 dominus
730 2299 863 2328 Michael
895 2300 932 2329 de
964 2299 1058 2328 Dacia
1091 2300 1148 2329 sub
1179 2300 1329 2339 magistro

417 2349 584 2378 Laurentio
604 2349 700 2383 Daco,
718 2347 803 2387 cujus
816 2350 911 2378 bursa
923 2348 950 2377 V
966 2349 1071 2378 solidi.

458 2399 528 2437 (F'ol.
560 2398 588 2437 3)
618 2398 692 2427 Item
719 2398 862 2426 dominus
891 2397 1049 2427 Johannes
1074 2398 1112 2427 de
1147 2398 1244 2427 Dacia
1271 2400 1328 2428 sub

416 2447 565 2487 magistro
582 2447 747 2476 Laurentio
761 2448 798 2475 de
812 2447 917 2482 Dacia,
936 2446 1022 2486 cujus
1039 2448 1133 2476 bursa
1149 2447 1206 2476 XII
1221 2448 1326 2484 solidi,

416 2497 596 2526 licenciatus
615 2496 681 2525 fuit.

457 2547 531 2575 Item
547 2546 726 2574 licenciatus
741 2545 796 2574 suit
814 2545 957 2574 dominus
973 2545 1157 2574 Willermus
1176 2545 1327 2575 Brinueth

416 2596 527 2625 Scotus
550 2596 607 2624 sub
630 2595 779 2634 magistro
798 2594 940 2623 VValtero
963 2595 1001 2623 de
1026 2594 1213 2630 Wardelau,
1240 2594 1326 2634 cujus

414 2646 508 2674 bursa
524 2644 636 2680 nichi1;
657 2645 738 2683 apud
756 2644 919 2672 Dominam
942 2644 1086 2673 Nostram
1109 2645 1167 2673 sub
1184 2644 1326 2683 predicto

414 2694 563 2734 magistro
580 2694 635 2723 suit
653 2693 844 2722 licenciatus.

456 2743 529 2772 Item
545 2743 725 2772 licenciatus
737 2742 792 2772 suit
805 2742 948 2771 dominus
959 2741 1147 2771 Wicboldus
1162 2743 1199 2772 de
1212 2743 1325 2772 Prusia

412 2794 471 2822 sub
482 2793 631 2832 magistro
645 2792 818 2821 Theodrico
831 2792 868 2820 de
880 2792 972 2826 Foro,
986 2791 1073 2831 cujus
1086 2793 1180 2821 bursa
1194 2802 1248 2821 sex
1263 2792 1320 2821 sol.

445 2909 467 2931 1.
501 2908 602 2931 [ιΜιιίἱ.

444 2945 467 2967 2.
501 2944 604 2967 2Junii.

1380 931 1414 957 10

1378 1177 1412 1203 15

1376 1423 1410 1449 20

1374 1668 1407 1695 25

1371 1915 1405 1941 30

1368 2161 1402 2187 35

1366 2407 1400 2434 40

1364 2654 1398 2680 45

1496 486 1570 515 Item
1589 486 1769 516 licenciatus
1786 487 1841 516 fuit
1860 487 2004 517 dominus
2022 488 2176 518 Ricardus
2199 490 2237 518 de
2255 489 2363 530 Fogou

1454 535 1535 574 apud
1561 535 1704 564 Nostram
1731 535 1893 564 Dominam
1918 536 1976 565 sub
1997 536 2146 576 magistro
2175 536 2300 567 Galtero
2325 539 2365 568 de

1453 583 1635 619 Wardelau,
1653 583 1740 624 cujus
1756 585 1851 613 bursa
1866 585 1972 613 decem
1986 585 2088 614 solidi.
2275 621 2278 624 Δ

1495 633 1570 661 Item
1585 632 1764 662 licenciatus
1781 633 1837 662 fuit
1849 633 1993 662 dominus
2007 633 2115 673 Herpo
2128 635 2166 664 de
2182 635 2290 665 Lunna
2305 637 2365 666 sub

1453 681 1603 720 magistro
1621 681 1776 711 Thedrico
1792 683 1829 711 de
1849 681 1942 718 Foro,
1960 681 2047 721 cujus
2063 683 2159 712 bursa
2174 682 2280 713 nichil.

1494 779 1569 807 Item
1580 789 1660 808 anno
1672 779 1797 809 Domini
1806 780 1851 810 Μ0
1862 780 1957 811 CCC⁰
1967 781 2206 820 quadragesimo
2217 781 2361 821 septimo,

1452 826 1502 855 die
1528 826 1647 856 sabati²
1663 834 1734 867 post
1754 829 1863 858 festum
1882 829 2034 868 Corporis
2050 829 2181 864 Christi,
2201 830 2364 859 continua-

1452 882 1501 905 tus
1521 876 1577 905 fuit
1594 877 1742 916 magister
1759 877 1920 907 Walterus
1938 879 1976 907 de
1990 877 2143 907 Wardlau
2161 878 2193 907 in
2211 888 2362 918 procura-

1451 930 1549 953 torem
1571 925 1711 954 nacionis
1728 925 1912 965 Anghcane,
1937 926 1968 955 in
1988 925 2076 966 cujus
2094 927 2276 966 procuraria
2294 933 2362 957 acta

1452 974 1575 1003 fuerunt
1593 984 1652 1013 que
1667 981 1850 1014 sequuntur.

1491 1023 1566 1052 Item
1587 1023 1704 1062 incepit
1727 1023 1871 1053 dominus
1894 1024 2076 1054 Conrardus
2095 1025 2133 1054 de
2155 1025 2276 1055 Swecia
2301 1026 2360 1055 sub

1451 1072 1600 1111 magistro
1617 1071 1743 1102 Andrea
1760 1073 1797 1101 de
1814 1072 1946 1108 Swecia,
1963 1072 2050 1112 cujus
2063 1074 2159 1103 bursa
2171 1080 2241 1103 octo
2255 1074 2358 1103 solidi.

1491 1120 1566 1150 Item
1582 1121 1762 1151 licenciatus
1777 1122 1834 1151 suit
1853 1122 1996 1152 dominus
2016 1123 2171 1152 Henricus
2189 1123 2305 1152 Thome
2321 1124 2360 1153 de

1451 1169 1572 1199 Swecia
1583 1171 1664 1210 apud
1675 1171 1820 1201 Nostram
1831 1170 1994 1200 Dominam
2005 1172 2062 1201 sub
2074 1172 2224 1212 magistro
2235 1172 2360 1202 Andrea

1450 1219 1574 1249 Freuati
1590 1221 1628 1249 de
1645 1220 1777 1255 Swecia,
1796 1218 1884 1259 cujus
1898 1221 1992 1250 bursa
2012 1220 2072 1250 1111
2092 1221 2195 1250 solidi.

1491 1269 1566 1298 Item
1580 1269 1760 1298 licenciatus
1773 1269 1828 1298 fuit
1840 1269 1982 1299 dominus
1994 1269 2170 1309 Nycholaus
2181 1271 2219 1299 de
2231 1270 2360 1300 Rudlin-
2384 1265 2387 1268 ’

1449 1317 1531 1356 ghen
1545 1319 1601 1347 sub
1617 1317 1767 1358 magistro
1781 1317 1921 1347 Johanne
1937 1319 1974 1347 de
1990 1318 2144 1354 Wesalia,
2165 1318 2251 1359 cujus
2264 1320 2360 1349 bursa

1448 1366 1555 1396 nichil.

1490 1417 1564 1446 Item
1584 1417 1700 1456 incepit
1718 1417 1850 1446 Michael
1869 1418 1907 1446 de
1923 1417 2019 1446 Dacia
2035 1418 2092 1446 sub
2110 1417 2261 1457 magistro
2277 1418 2359 1447 Lau-

1447 1466 1548 1495 rentio
1564 1466 1660 1501 Daco,
1678 1465 1765 1506 cujus
1781 1467 1876 1496 bursa
1887 1466 1914 1495 V
1929 1466 2034 1495 solidi.
2094 1505 2097 1509 Α

1487 1515 1562 1544 Item
1596 1515 1712 1554 incepit
1738 1515 1881 1545 dominus
1910 1515 2066 1545 Henricus
2095 1516 2133 1545 de
2163 1514 2270 1545 Minda
2299 1516 2358 1545 sub

1446 1564 1596 1604 magistro
1621 1564 1763 1594 Waltero
1791 1565 1828 1593 de
1855 1563 2038 1600 Wardelau,
2068 1563 2156 1604 cujus
2182 1565 2278 1594 bursa
2311 1564 2356 1594 111

1447 1613 1539 1642 solidi
1556 1614 1575 1642 9
1591 1613 1722 1643 denarii.

1486 1663 1562 1692 Item
1588 1663 1704 1702 incepit
1730 1663 1873 1692 dominus
1898 1662 2067 1692 Nicholaus
2094 1663 2131 1692 de
2155 1662 2356 1703 Rudlinghen

1445 1713 1503 1741 sub
1517 1712 1665 1752 magistro
1678 1711 1817 1741 Johanne
1828 1712 1866 1741 de
1876 1711 2026 1746 Wesalia,
2040 1710 2127 1751 cujus
2137 1713 2231 1741 bursa
2244 1711 2351 1741 nichil.

1484 1761 1576 1790 Anno
1588 1761 1712 1790 Domini
1729 1760 1925 1790 M⁰CCC.XL
1939 1760 2084 1800 septimo,
2100 1762 2237 1790 secundo
2251 1760 2355 1790 kalen-

1444 1811 1500 1840 das
1514 1810 1588 1840 Julii
1599 1809 1612 1828 ³
1627 1810 1704 1839 hora
1716 1810 1817 1845 tertia,
1834 1810 1917 1849 apud
1931 1809 2086 1839 Julianum
2100 1820 2268 1849 pauperem
2282 1820 2355 1839 con-

1443 1860 1630 1900 gregacione
1652 1859 1870 1899 magistrorum
1900 1859 2041 1888 nacionis
2067 1859 2240 1898 Anglicane
2277 1860 2355 1888 sacta

1443 1919 1499 1948 per
1515 1915 1746 1948 procuratorem
1764 1909 1802 1937 ad
1823 1908 2060 1947 supplicandum
2077 1914 2107 1937 et
2124 1909 2162 1937 ad
2176 1914 2354 1947 compotum

1442 1958 1615 1997 receptoris
1631 1958 1828 1992 audiendum,
1845 1957 1994 1996 magister
2007 1957 2192 1987 Thidericus
2207 1963 2353 1997 receptor

1441 2007 1582 2036 nacionis
1603 2006 1779 2036 distributis
1801 2006 1936 2045 receptis
1955 2006 1993 2034 ad
2015 2016 2091 2035 usus
2109 2006 2250 2035 nacionis
2269 2005 2354 2046 ejus-

1442 2057 1510 2085 dem
1540 2062 1570 2085 et
1600 2055 1758 2089 defalcatis
1798 2054 1951 2094 expositis
1988 2055 2176 2094 computavit
2210 2055 2241 2084 in
2271 2054 2354 2085 hunc

1441 2106 1574 2134 modum.

1482 2154 1606 2183 Summa
1618 2153 1753 2182 omnium
1768 2160 1964 2192 receptorum
1977 2153 2090 2182 XLVII
2108 2153 2187 2182 libre
2204 2159 2234 2182 et
2249 2152 2351 2182 XVIII

1441 2203 1545 2232 solidi.

1481 2252 1605 2282 Summa
1624 2252 1759 2281 omnium
1779 2252 1992 2291 expositorum
2017 2250 2070 2280 XL
2095 2251 2233 2291 quinque
2255 2251 2348 2287 libre,

1440 2302 1467 2331 11
1485 2301 1578 2331 solidi
1597 2307 1626 2330 et
1640 2301 1777 2340 quinque
1794 2300 1925 2330 denarii.

1480 2351 1599 2388 Quibus
1618 2350 1776 2379 defalcatis
1797 2360 1814 2379 a
1834 2359 1952 2379 summa
1974 2355 2169 2389 receptorum
2191 2356 2351 2379 remanent

1439 2400 1467 2429 11
1483 2400 1562 2429 libre
1580 2399 1635 2428 XV
1648 2399 1739 2428 solidi
1758 2405 1788 2428 et
1803 2405 1920 2438 septem
1937 2398 2066 2427 denarii.

1478 2448 1550 2488 (Fal.
1574 2448 1630 2488 3¹³)
1655 2448 1729 2478 Item
1753 2454 1897 2488 receptor
1921 2447 2061 2476 nacionis
2084 2447 2255 2477 reservavit
2277 2447 2348 2477 LXI

1438 2498 1556 2527 solidos
1574 2497 1616 2527 IX
1634 2497 1780 2527 denarios
1799 2498 1837 2526 ad
1858 2496 2020 2526 luminaria
2042 2496 2136 2526 Beate
2155 2496 2296 2536 Virginis
2316 2502 2347 2526 et

1436 2553 1616 2577 ornamenta
1631 2547 1771 2576 nacionis
1789 2546 1972 2586 reparanda.

1478 2597 1552 2626 Item
1577 2596 1665 2625 nacio
1685 2595 1832 2625 retinebit
1856 2594 1916 2625 sibi
1939 2595 2037 2624 libros
2057 2594 2349 2635 dominil-Iohannis

1437 2645 1624 2675 Kinncmoth
1643 2645 1728 2675 Scoti
1745 2644 1900 2684 obligatos
1916 2654 1974 2683 pro
1995 2643 2220 2683 quinquaginta
2237 2644 2348 2673 solidis

1436 2696 1473 2724 de
1489 2695 1560 2724 forti
1579 2701 1711 2730 moneta,
1728 2704 1807 2733 quos
1825 2699 1956 2733 reponet
1972 2693 2003 2722 in
2015 2702 2116 2722 arcam
2131 2693 2272 2722 nacionis
2287 2702 2346 2733 pro

1435 2745 1535 2773 tribus
1563 2744 1659 2773 scutis
1679 2743 1814 2782 receptis
1838 2752 1876 2771 ex
1897 2743 2003 2772 eadem
2031 2741 2124 2771 archa
2150 2743 2188 2771 de
2214 2742 2346 2782 pecunia

1435 2793 1576 2833 magistri
1595 2793 1745 2822 Cristiani
1763 2793 1801 2821 de
1816 2791 1896 2821 Elst.

1464 2908 1488 2931 ³.
1522 2909 1551 2931 30
1563 2907 1642 2930 lunii.

2624 882 2632 983 .-.rm-I.
2622 791 2632 862 ..axau-⁵
2629 760 2632 762 .
2626 693 2632 722 ...-
