2632 3464
908 0 919 12 ’ἰ
931 0 1109 13 ’ἰνι·θ>“ἰ’“ϊ’”ι

651 0 932 24 ww*
992 14 1002 26 ,-
1038 9 1052 15 -
1217 0 1259 24 ,υ
1293 0 1305 19 ·.

424 43 426 46 '
442 49 447 54 ψ
449 39 587 54 ⁴⁴⁴⁴⁴⁴⁴⁴

265 424 320 451 217

267 500 330 530 duo
343 500 382 529 de
395 499 554 534 Hoesden,
573 508 645 538 que,
662 498 735 528 dum
749 498 782 527 in
796 497 938 537 partibus
951 506 1046 530 eram,
1062 495 1179 525 veraci-

266 555 317 579 ter
355 548 495 588 percepi,
538 547 622 587 quod
664 553 803 586 tempore
839 545 893 574 illo
929 555 992 584 quo
1028 543 1179 583 Parysius

268 598 468 631 studuerunt,
500 596 604 626 nullos
629 595 720 625 istius
747 594 849 624 insule
878 593 921 623 ibi
946 593 1104 623 sciverunt
1130 598 1181 622 aut

266 652 501 686 cognoverunt;
526 654 634 684 quare,
659 643 732 684 quia
753 643 893 673 notitiam
916 652 983 672 cum
1007 641 1180 681 Pyckardis

266 695 431 730 habebant,
459 704 528 724 cum
550 693 596 724 eis
619 692 652 722 in
671 692 836 722 formidine
858 691 1013 720 nationem
1036 696 1181 730 accepta-

267 745 353 774 bant.
379 743 419 774 Et
440 742 487 773 eis
509 742 568 772 boc
593 741 705 771 fecisse
721 740 850 770 multum
873 740 1030 780 displicet.
1057 739 1123 769 Hec
1142 740 1181 768 de

269 793 422 824 secundo.

309 841 427 874 Tertio.
460 840 580 870 scilicet
613 839 698 879 quod
736 838 826 868 Mosa
863 838 1010 878 antiquus
1043 847 1105 867 non
1142 838 1184 867 sit

267 891 402 920 medium
414 890 558 920 dividens
574 889 709 928 prefatas
725 888 879 923 nationes,
897 887 956 917 hoc
970 893 1063 927 patet,
1081 887 1182 926 primo

267 940 340 980 quia
357 940 428 969 dum
449 948 497 968 me
515 937 667 977 Parysius
684 936 914 967 transtulissem
933 946 1014 966 anno
1036 936 1103 970 LII,
1120 946 1183 965 non

266 988 428 1018 constabat
456 986 550 1017 michi
576 987 615 1016 de
644 992 779 1026 quatuor
809 985 987 1015 nationibus
1019 985 1136 1025 aliquid
1175 1006 1182 1025 :

270 1047 367 1079 quare
392 1046 451 1077 ego
478 1035 600 1076 quesivi
628 1045 645 1064 a
668 1041 758 1074 patre
789 1044 858 1064 meo
887 1035 925 1063 de
949 1034 1127 1063 nationibus
1154 1043 1186 1068 et

265 1085 355 1127 cujus
369 1084 506 1116 nationis
521 1094 635 1114 essem.
653 1084 725 1124 Ipse
744 1083 837 1113 michi
854 1084 1019 1123 respondit
1033 1093 1092 1123 per
1102 1083 1184 1112 hunc

266 1136 402 1170 modum,
430 1134 514 1174 quod
541 1139 682 1173 tempore
710 1143 767 1162 suo
794 1143 856 1172 quo
884 1132 1026 1162 Parisius
1059 1138 1186 1162 steterat

267 1194 337 1215 cum
364 1183 500 1214 dominis
529 1189 560 1212 et
586 1182 761 1212 domicellis
786 1182 824 1211 de
848 1181 985 1216 Hoerne,
1011 1191 1119 1211 omnes
1146 1182 1184 1210 de

267 1233 414 1264 comitatu
434 1231 602 1262 Hollandie
628 1241 662 1260 se
688 1232 746 1261 sub
770 1231 895 1260 natione
918 1230 1090 1271 Anglicana
1113 1240 1184 1260 esse

267 1287 503 1322 reputaverunt,
521 1281 588 1310 sive
602 1286 709 1310 essent
727 1280 807 1309 ultra
820 1279 940 1309 Mosam
959 1280 1024 1309 sive
1040 1280 1127 1309 citra.
1146 1279 1185 1309 Et

266 1331 346 1362 dixit
372 1330 431 1360 hoc
451 1340 514 1360 non
537 1329 636 1359 solum
660 1339 730 1358 esse
749 1339 856 1359 verum
879 1335 909 1358 et
929 1334 1082 1358 usutatum
1103 1329 1185 1358 inter

266 1380 412 1415 clericos,
429 1388 532 1419 ymmo
547 1378 644 1408 multo
655 1378 756 1418 magis
773 1378 854 1407 inter
870 1377 976 1417 laycos
989 1377 1074 1407 illius
1087 1378 1185 1408 comi-

267 1436 361 1460 tatus.
387 1429 428 1458 Et
457 1428 550 1458 modo
575 1427 616 1457 ita
643 1433 690 1457 est
714 1428 798 1467 quod
823 1427 867 1456 illi
898 1428 936 1456 de
959 1427 1036 1456 citra
1064 1426 1183 1456 Mosam

262 1477 405 1518 jacentes
426 1477 508 1507 inter
535 1476 655 1506 Mosam
678 1482 708 1505 et
734 1476 888 1506 nationem
912 1476 1085 1515 Pyckardie
1113 1483 1185 1506 sunt

271 1527 352 1557 citra
379 1525 500 1556 Mosam
536 1526 708 1565 antiquum.
737 1525 836 1565 Igitur
869 1531 959 1554 erunt
991 1526 1030 1554 de
1060 1526 1183 1555 natione

270 1575 458 1617 Anglicana‚
489 1581 519 1604 et
546 1584 605 1615 per
637 1584 846 1614 consequens,
875 1574 955 1604 sicut
985 1575 1048 1603 dixi
1077 1575 1181 1614 prius,

272 1625 365 1655 Mosa
378 1624 525 1664 antiquus
541 1633 603 1653 non
619 1629 667 1653 est
681 1623 815 1653 medium
831 1623 974 1653 dividens
990 1624 1183 1663 prenomina-

271 1681 320 1704 tas
333 1673 495 1708 nationes3
511 1683 614 1712 ymmo
625 1673 709 1712 quod
725 1673 823 1712 magis
838 1679 896 1707 est,
909 1673 990 1702 sicut
1000 1673 1080 1702 idem
1096 1679 1184 1712 pater

270 1733 359 1753 meus
377 1722 472 1757 dixit,
489 1731 598 1751 omnes
617 1722 683 1751 sive
700 1722 738 1751 de
758 1721 903 1751 comitatu
919 1721 1099 1756 Hollandie,
1118 1722 1183 1752 sive

272 1778 375 1807 extra,
404 1771 458 1811 qui
481 1780 556 1800 suos
573 1780 672 1810 equos
689 1771 818 1800 comode
833 1771 871 1799 ad
886 1770 1005 1800 Mosam
1024 1771 1182 1811 antiquum

270 1826 383 1851 vacant
405 1820 573 1860 adaquare,
601 1825 652 1849 aut
679 1819 755 1849 alias
777 1819 893 1849 bestias
915 1830 1127 1860 quascunque,
1154 1827 1184 1850 et

270 1876 356 1900 retro
377 1868 449 1899 illos
472 1875 557 1899 esset
573 1868 748 1898 immediate
767 1868 901 1898 medium
923 1869 1065 1898 dividens
1087 1870 1183 1899 natio-

269 1929 340 1949 nem
361 1918 563 1958 Anglicanam
577 1928 594 1947 a
611 1917 735 1947 natione
754 1917 936 1957 Pyckardie.
958 1918 996 1947 Et
1013 1919 1057 1947 sic
1076 1929 1183 1948 omnes

269 1969 308 1998 de
322 1967 482 1997 territorio
492 1966 639 1996 Hoesden
651 1973 757 1996 essent
764 1973 794 1996 et
805 1973 876 1996 sunt
891 1968 1059 1997 secundum
1069 1978 1182 1997 meram

269 2017 430 2046 veritatem
447 2016 505 2045 sub
521 2015 645 2045 natione
660 2015 842 2055 Anglicana.

312 2065 375 2095 Sed
392 2066 475 2105 quod
494 2065 683 2104 conscriptis
701 2063 764 2105 jam
783 2071 927 2105 tanquam
951 2066 989 2095 ab
1009 2076 1063 2095 ore
1086 2066 1184 2106 patris

272 2115 332 2144 mei
354 2124 417 2144 non
439 2113 539 2143 solum
557 2113 598 2143 sit
617 2114 817 2149 credendum,
838 2124 896 2144 nec
918 2114 1023 2150 michi,
1042 2121 1075 2144 ut
1092 2115 1183 2145 dictis

271 2163 350 2194 meis
378 2163 419 2192 sit
440 2162 616 2192 adhibenda
633 2163 727 2198 fides,
748 2169 871 2192 constat
897 2163 979 2192 enim
1006 2174 1064 2203 per
1091 2164 1182 2194 multa

274 2211 439 2252 supposita
454 2211 606 2251 Parysius
621 2212 660 2241 de
677 2211 740 2241 illis
756 2211 899 2251 partibus
918 2212 1094 2252 lycentiata,
1112 2223 1184 2252 pre-

274 2262 333 2291 fata
346 2267 377 2290 et
389 2261 470 2290 dicta
485 2270 555 2290 esse
568 2270 652 2290 vera.

312 2310 418 2340 Primo
436 2319 494 2350 per
513 2309 564 2339 illa
581 2310 619 2339 de
637 2309 717 2339 ultra
737 2309 855 2339 Mosam
875 2311 1047 2350 antiquum,
1067 2311 1186 2341 scilicet

269 2360 309 2389 de
323 2359 439 2399 Magna
450 2358 564 2394 Insula,
579 2369 638 2398 per
651 2369 732 2399 mag.
750 2359 940 2389 Franconem
956 2361 994 2389 de
1010 2359 1185 2405 Dordraco‚

270 2418 328 2448 per
355 2418 438 2448 mag.
471 2407 639 2437 Henricum
666 2408 704 2437 de
730 2408 910 2444 Dordraco,
942 2418 999 2448 per
1026 2410 1183 2439 dominum

269 2456 469 2486 Guillelmum
483 2456 696 2497 Borchgrave,
715 2467 772 2496 per
787 2467 867 2497 mag.
886 2457 1054 2487 Henricum
1069 2458 1183 2488 Nerine

267 2507 308 2536 de
326 2505 502 2541 Almekerc,
523 2515 579 2546 per
592 2516 674 2546 mag.
699 2505 872 2535 Arnoldum
891 2507 929 2536 de
947 2506 1110 2542 Hoesden‚
1128 2518 1185 2547 per

269 2565 351 2595 mag.
366 2554 593 2584 Theodericum
604 2555 643 2584 de
653 2554 766 2590 Veene,
780 2555 962 2595 magistrum
976 2556 1006 2585 in
1017 2556 1180 2592 medicina,

268 2614 326 2644 per
343 2603 502 2634 dominum
521 2604 684 2634 Ricoldum
700 2605 739 2634 de
752 2604 855 2634 Veene
871 2605 1009 2640 militem,
1025 2607 1181 2645 quondam

268 2652 435 2687 clericum,
455 2662 512 2692 ρει·
529 2652 623 2682 multa
637 2653 801 2692 supposita
816 2653 967 2683 territorii
981 2654 1019 2683 de
1034 2654 1180 2684 Hoesden

269 2700 366 2732 michi
379 2701 503 2742 ignota;
523 2701 667 2731 similiter
682 2712 739 2742 ρει·
755 2702 849 2732 multa
863 2703 1026 2742 supposita
1041 2704 1079 2733 de
1092 2704 1182 2733 terri-

268 2750 351 2780 torio
377 2750 532 2780 domicelli
549 2751 588 2780 de
611 2750 736 2780 Hoerne
759 2757 827 2781 actu
849 2752 1009 2782 studentes
1030 2752 1180 2792 Parysius

268 2798 447 2828 existentia.
482 2799 587 2829 Primo
617 2810 673 2839 ρει·
703 2799 891 2830 Ludovicum
920 2800 1092 2842 Borgrave,
1125 2811 1182 2841 per

302 2913 325 2936 1.
360 2913 389 2936 1⁹
401 2913 518 2945 Augusti.

302 2949 326 2972 2.
358 2948 488 2973 «Iohannis
501 2948 543 2972 lu'c
554 2951 578 2972 cl
588 2952 678 2981 postea
696 2949 764 2974 inter
777 2950 861 2974 tiua-
873 2950 1022 2974 charactere
1034 2950 1144 2976 diverto.

769 422 883 449 LIBER
908 419 1222 447 PROCURATORUM
1246 419 1427 446 NATIONIS
1449 420 1694 446 ANGLICANAE

1221 939 1256 965 10

1223 1186 1256 1212 15

1222 1432 1255 1458 20

1221 1679 1254 1704 25

1220 1925 1255 1951 30

1221 2171 1256 2197 35

1223 2417 1257 2443 ⁴0

1222 2664 1255 2690 45

2142 423 2195 449 218

1288 494 1461 524 Gerardum
1496 495 1733 531 woudrichem,
1768 506 1826 535 ρει·
1860 496 2027 526 Henricum
2061 497 2128 537 Loy
2160 499 2199 528 de

1287 543 1524 579 Woudrichem‚
1543 554 1600 583 ρει·
1615 544 1741 574 Petrum
1757 546 1795 574 de
1816 545 1894 574 Echt
1907 546 1945 574 de
1962 546 2199 582 Woudrichem,

1287 602 1346 632 ρει·
1358 593 1515 622 dominum
1536 593 1717 623 Mensonem
1734 595 1772 623 de
1788 593 1955 623 Cloecwiic
1971 596 2008 624 de
2024 595 2199 632 Almekerc‚

1289 651 1347 681 per
1371 641 1543 671 Johannem
1565 642 1736 672 Franconis
1765 643 1803 672 de
1832 642 2011 678 Almekerc‚
2035 655 2092 684 ρει·
2118 655 2198 685 mag.

1290 690 1451 719 Nicolaum
1471 691 1577 720 Macer
1589 691 1627 720 de
1642 691 1819 726 Almekerc,
1836 702 1894 731 per
1911 693 2067 722 dominum
2086 693 2202 723 Gerar-

1290 740 1362 768 dum
1381 740 1419 769 de
1436 739 1574 779 Meylant
1591 741 1629 769 de
1647 740 1823 775 Almekerc,
1843 741 2025 781 magistrum
2047 743 2202 772 domicelli

1291 789 1329 818 de
1346 788 1482 818 Hoerne.

1333 837 1476 867 Secundo
1497 839 1580 877 quod
1594 839 1731 878 prefatus
1750 845 1838 878 pater
1851 849 1938 868 meus
1952 849 2057 869 verum
2069 840 2200 875 dixerat,

1292 887 1376 926 quod
1391 886 1436 916 illi
1452 887 1490 916 de
1506 887 1581 916 citra
1598 887 1717 917 Mosam
1730 898 1841 917 versus
1859 889 2013 918 nationem
2028 889 2202 928 Pyckardie

1293 942 1366 965 sunt
1380 937 1418 965 de
1438 936 1562 965 natione
1579 935 1762 976 Anglicana‚
1784 937 1842 966 hoc
1865 943 1948 976 patet
1966 947 2023 977 ρει·
2040 939 2202 978 supposita

1292 984 1448 1014 licentiata
1470 991 1500 1014 et
1523 986 1702 1026 magistrata
1730 986 1768 1014 de
1792 986 1855 1015 illis
1877 986 2025 1015 limitibus
2052 987 2202 1027 Parysius

1293 1034 1351 1063 sub
1367 1034 1491 1064 natione
1506 1034 1687 1075 Anglicana.
1707 1035 1813 1064 Primo
1831 1045 1887 1074 per
1904 1045 1983 1075 mag.
2003 1035 2202 1066 Guillelmum

1294 1083 1332 1112 de
1347 1083 1495 1123 Zidewyn
1509 1084 1547 1112 de
1561 1083 1699 1123 Capella,
1712 1094 1770 1123 per
1784 1094 1864 1124 mag.
1878 1084 2048 1114 Johannem
2059 1085 2203 1125 Waspiic

1294 1133 1332 1161 de
1347 1132 1501 1172 Waspiic,
1521 1143 1576 1172 ρει·
1595 1133 1752 1162 dominum
1770 1132 1969 1163 Guillelmum
1985 1133 2071 1163 Hake
2090 1135 2128 1164 de
2143 1134 2204 1164 Ca-

1293 1181 1375 1221 pella
1397 1187 1426 1211 et
1449 1192 1505 1221 per
1525 1181 1591 1222 ejus
1606 1182 1742 1217 fratrem,
1765 1188 1795 1212 et
1811 1192 1869 1222 per
1890 1182 2060 1212 Johannem
2077 1183 2144 1213 Rex
2166 1185 2203 1214 de

1293 1230 1399 1260 Monte
1412 1230 1444 1260 S.
1458 1230 1636 1261 Gertrudis.
1654 1231 1774 1260 Deinde
1790 1242 1848 1271 per
1860 1242 1953 1261 unum
1969 1233 2151 1272 magistrum
2165 1234 2204 1262 de

1294 1279 1444 1309 Heerlaer
1461 1279 1548 1319 juxta
1564 1280 1699 1310 Buscum
1721 1280 1830 1316 Ducis,
1849 1280 1936 1320 cujus
1951 1291 2062 1310 nomen
2079 1282 2202 1322 ignoro.

1294 1329 1441 1359 Preterea
1470 1335 1592 1359 constat
1619 1329 1712 1358 michi
1743 1330 1827 1369 quod
1855 1331 1893 1359 de
1931 1330 2078 1360 Hoesden
2104 1341 2204 1371 usque

1292 1379 1331 1407 ad
1346 1377 1520 1418 Trajectum
1541 1378 1687 1418 superius
1705 1379 1895 1408 transeundo
1915 1389 1972 1419 per
1993 1379 2112 1409 Mosam
2133 1387 2206 1410 sunt

1292 1427 1376 1457 XXX
1398 1427 1484 1456 leuce
1504 1434 1555 1457 aut
1572 1427 1660 1462 citra,
1685 1437 1742 1467 per
1761 1438 1838 1467 quas
1858 1427 1961 1457 leucas
1981 1428 2065 1458 XXX
2080 1439 2204 1470 semper

1293 1476 1382 1506 Mosa
1404 1477 1504 1506 durat.
1529 1476 1592 1511 Sic,
1619 1483 1651 1506 ut
1673 1476 1765 1506 michi
1792 1483 1937 1517 apparet,
1961 1487 2069 1507 omnes
2089 1478 2133 1507 illi
2150 1479 2202 1518 qui

1294 1532 1426 1565 possunt
1441 1526 1594 1565 adaquare
1614 1535 1686 1555 suas
1699 1526 1816 1555 bestias
1831 1526 1869 1555 ad
1882 1527 2051 1566 predictam
2070 1527 2201 1563 Mosam,

1293 1581 1325 1604 ut
1347 1575 1423 1610 dixi,
1453 1581 1543 1604 erunt
1565 1575 1623 1604 sub
1646 1575 1770 1604 natione
1794 1575 1977 1614 Anglicana.
1998 1576 2037 1605 Et
2056 1576 2112 1605 hec
2135 1587 2204 1616 pre—

1293 1624 1408 1663 scripta
1420 1624 1538 1653 ratifico
1551 1633 1607 1663 per
1617 1623 1820 1664 juramentum
1833 1634 1931 1653 meum
1945 1625 2002 1654 sub
2012 1625 2204 1655 correctione

1292 1680 1322 1702 et
1339 1672 1551 1702 defensatione
1563 1673 1782 1712 magistrorum
1794 1683 1930 1703 meorum
1946 1684 2203 1715 quoruncunque.

1293 1722 1459 1752 ansrsn
1478 1722 1664 1752 Nicnomus
1678 1722 1792 1751 MAcsn
1807 1732 1846 1751 ns
1864 1722 2052 1752 Amusxsnc.

1333 1821 1405 1861 (Vol.
1428 1821 1476 1860 37}
1498 1820 1572 1850 Item
1591 1821 1667 1850 sacta
1690 1821 1938 1860 congregacione
1953 1821 2104 1851 facultatis
2122 1824 2203 1862 apud

1293 1870 1438 1900 Sanctum
1471 1869 1626 1899 ,lulianum
1658 1880 1825 1909 pauperem
1861 1870 1910 1899 die
1948 1870 2088 1900 sabbati⁴
2125 1872 2203 1902 infra

1292 1919 1430 1949 octabam
1446 1918 1680 1958 Assumptionis
1695 1919 1783 1948 beate
1799 1919 1908 1955 Marie,
1924 1920 2065 1949 concessi
2082 1921 2204 1951 fuerunt

1292 1969 1406 1998 rectori
1424 1974 1454 1997 et
1471 1975 1604 2008 quatuor
1621 1968 1878 2008 procuratoribus
1892 1968 1920 1998 V
1935 1969 2102 1998 bachelarii
2120 1971 2200 2010 [pro]

1292 2028 1372 2047 anno
1388 2018 1490 2047 futuro
1504 2017 1615 2046 solutis
1632 2017 1804 2053 solvendis,
1822 2018 2021 2057 presentibus
2032 2019 2063 2047 in
2077 2020 2203 2049 nacione

1292 2073 1398 2096 nostra
1434 2067 1560 2096 domino
1600 2073 1721 2096 rectore
1752 2077 1786 2095 ac
1825 2067 1982 2106 magistris
2014 2067 2143 2097 Alberto
2175 2076 2205 2098 et

1294 2116 1430 2146 Henrico
1445 2116 1484 2144 de
1502 2115 1637 2145 saxonia
1653 2126 1688 2145 ac
1708 2126 1756 2145 me
1773 2122 1845 2145 tunc
1863 2123 2076 2156 procuratore,
2098 2117 2127 2146 in
2143 2129 2202 2157 qua

1293 2165 1540 2204 congregacione
1571 2171 1658 2194 erant
1684 2165 1923 2194 innumerabiles
1950 2165 2085 2201 Picardi,
2114 2168 2203 2206 pauci

1293 2221 1393 2245 tamen
1410 2214 1591 2243 Normanni.

1702 2267 1800 2297 135⁷

1295 2334 1523 2364 Procuracio
1552 2333 1723 2374 magistri
1750 2333 1895 2363 Nicolai
1924 2334 2131 2364 Johannis²
2161 2337 2203 2365 de

1431 2383 1590 2418 Swecia,
1625 2383 1803 2422 dyocesis
1837 2383 2062 2423 Upsalensis

1334 2459 1425 2488 Anno
1453 2458 1578 2488 Domini
1615 2458 1779 2488 millesimo
1816 2459 1912 2489 CCC⁰
1945 2459 2203 2499 quinquagesimo

1294 2508 1437 2548 septimo,
1454 2508 1485 2537 in
1501 2507 1598 2537 XXVI
1612 2507 1662 2537 die
1680 2508 1797 2537 mensis
1814 2507 1960 2547 Augusti,
1975 2509 2052 2537 sacta
2069 2519 2204 2548 congre-

1293 2557 1423 2597 gacione
1440 2557 1581 2586 nacionis
1598 2556 1771 2596 Anglicane
1787 2558 1866 2596 apud
1885 2557 2029 2586 Sanctum
2047 2557 2202 2587 Julianum

1294 2616 1460 2646 pauperem
1484 2616 1579 2645 super
1596 2605 1746 2635 electione
1770 2612 1993 2645 procuratoris,
2014 2606 2128 2636 electus
2149 2607 2205 2636 suit

1293 2655 1442 2695 magister
1471 2654 1617 2685 Nicolaus
1646 2655 1797 2684 Johannis
1830 2655 1867 2684 de
1900 2655 2031 2691 Swecia,
2064 2656 2094 2684 in
2117 2655 2204 2695 cujus

1292 2704 1509 2744 procuratorio
1522 2710 1589 2733 acta
1605 2710 1677 2733 sunt
1692 2714 1752 2743 que
1769 2710 1951 2743 sequuntur.

1333 2753 1576 2792 Computacione
1601 2754 1679 2782 sacta
1705 2763 1742 2782 ex
1765 2759 1850 2791 parte
1878 2753 2048 2791 receptoris
2073 2753 2103 2782 in
2128 2763 2205 2792 pro-

1293 2801 1394 2832 [εειῑο8
1418 2801 1594 2831 Nativitatis
1617 2803 1703 2831 beate
1730 2800 1881 2841 Virginis,
1908 2802 2056 2831 remansit
2079 2812 2117 2831 ex
2140 2808 2205 2832 toto

1323 2917 1347 2940 3.
1381 2917 1394 2939 7
1409 2915 1572 2948 Septembris.
