2632 3464
437 438 486 463 391

435 512 724 550 stitue1·etur.Cujus
735 511 924 551 supplicacio
937 512 991 540 suit
1002 511 1194 548 interempta,
1204 509 1257 538 sed
1270 518 1339 536 con-

435 563 599 591 cedebatur
629 561 687 589 sibi
714 561 795 599 quod
822 560 910 589 nacio
935 561 1061 588 deberet
1086 559 1144 588 sibi
1169 558 1339 586 concedere

436 613 450 639 1
471 611 604 639 francum
621 611 677 639 sub
693 609 854 644 caucione,
878 610 976 637 donec
992 609 1121 637 eundem
1139 606 1198 635 sibi
1217 606 1340 635 solvere

436 661 513 688 bene
531 665 648 698 posset.

476 709 549 738 Item
570 706 784 737 determinavit
801 706 943 735 dominus
964 706 1120 734 Johannes
1138 706 1175 733 de
1197 703 1341 742 Mylden-

434 758 533 797 bergh
549 758 606 786 sub
628 756 776 795 magistro
797 755 956 784 Gherardo
978 755 1121 788 Kalkard,
1139 752 1226 792 cujus
1245 754 1339 781 bursa

436 808 454 835 3
474 806 576 835 solidi.

478 856 550 884 Item
567 854 779 883 determinavit
794 853 936 882 dominus
954 853 1116 882 Conradus
1134 852 1171 880 de
1188 851 1339 880 Rueters-

437 904 537 933 hoven
565 905 622 933 sub
647 903 793 942 magistro
824 902 990 931 Wilhelmo
1023 901 1221 939 VVadenoye,
1250 898 1337 939 cujus

437 954 531 982 bursa
543 952 649 982 nichil.

479 1003 551 1031 Item
574 1002 624 1030 28¹·
647 1001 695 1029 die
714 999 849 1040 ejusdem
868 999 983 1028 mensis
1001 1000 1075 1027 facta
1092 998 1339 1038 congregacione

438 1051 577 1080 nacionis
598 1051 634 1078 ad
658 1050 800 1078 Sanctum
825 1049 1010 1078 Maturinum
1033 1049 1069 1076 ad
1093 1047 1340 1086 supplicandum,

439 1100 622 1139 supplicavit
636 1099 782 1138 magister
795 1098 1006 1127 Theodoricus
1023 1098 1059 1126 de
1075 1096 1176 1130 Unna,
1192 1102 1342 1135 quatenus

436 1155 543 1188 posset
564 1147 679 1186 imponi
702 1147 754 1176 uni
777 1147 878 1176 rotulo
902 1147 1100 1185 imposterum
1125 1146 1163 1174 ad
1185 1145 1340 1174 dominum

437 1208 546 1237 papam
568 1197 726 1230 mittendo,
747 1197 927 1235 cuicumque
946 1195 1005 1224 sibi
1023 1195 1169 1234 placeret,
1191 1194 1264 1223 licet
1286 1203 1342 1233 pro

439 1254 576 1285 tempore
602 1245 760 1274 missionis
784 1245 866 1273 illius
893 1244 986 1273 rotuli
1013 1254 1074 1273 non
1100 1250 1183 1273 esset
1211 1253 1343 1282 presens

440 1295 591 1324 PariSius.
615 1293 710 1334 Cujus
727 1293 916 1333 supplicacio
939 1294 993 1322 suit
1013 1303 1160 1322 concessa
1177 1293 1234 1321 sub
1249 1293 1344 1321 forma

439 1355 497 1383 qua
515 1344 582 1372 aliis
598 1344 674 1372 tales
692 1343 940 1382 supplicaciones
958 1349 1029 1371 sunt
1048 1352 1207 1371 concesse.

480 1394 553 1422 Item
571 1393 620 1421 die
636 1392 731 1421 tercia
745 1392 859 1421 mensis
876 1391 984 1420 Marcii
1003 1392 1079 1420 facta
1098 1390 1344 1430 congregacione

439 1442 576 1471 nacionis
598 1442 679 1480 apud
703 1441 847 1470 Sanctum
867 1440 1020 1469 Julianum
1042 1450 1206 1479 pauperem
1227 1441 1265 1468 ad
1288 1439 1345 1468 eli-

439 1492 571 1530 gendum
606 1490 842 1519 examinatorem
881 1489 1102 1518 bacelariorum
1140 1489 1170 1517 in
1207 1488 1344 1517 examine

442 1541 551 1569 Sancte
571 1539 725 1568 Genovefe
746 1539 1028 1573 examinandorum,
1053 1538 1168 1567 electus
1192 1538 1247 1566 fuit
1270 1547 1345 1566 con-

441 1589 576 1618 corditer
601 1589 637 1616 ab
658 1588 799 1616 omnibus
817 1588 974 1627 magistris
998 1587 1145 1627 magister
1165 1586 1345 1615 Gherardus

443 1638 577 1667 Kalkard
598 1637 628 1666 in
652 1637 888 1666 examinatorem
909 1637 998 1665 talem
1020 1647 1076 1675 pro
1097 1636 1239 1665 omnibus
1257 1635 1346 1664 audi-

442 1687 594 1721 cionibus,
617 1686 668 1725 qui
682 1686 713 1714 in
726 1696 806 1714 anno
821 1686 959 1725 presenti
979 1686 1021 1714 ibi
1036 1685 1158 1714 suerint.

483 1736 556 1764 Item
570 1741 702 1774 protunc
720 1734 915 1763 concorditer
932 1734 1133 1763 deliberatum
1150 1740 1215 1762 erat
1232 1734 1347 1762 intrare

442 1785 598 1813 tabernam
619 1790 647 1812 et
668 1784 793 1812 intravit
808 1783 895 1812 nacio
913 1784 1081 1818 tabernam,
1101 1783 1131 1812 in
1153 1794 1212 1822 qua
1228 1793 1346 1822 expen-

443 1834 534 1862 debat
549 1834 565 1861 2
583 1834 704 1861 francos
723 1839 752 1861 et
769 1833 804 1861 12
819 1832 948 1866 solidos,
966 1833 1003 1861 de
1020 1832 1132 1871 quibus
1146 1832 1238 1861 solvit
1254 1831 1347 1871 magi-

445 1889 508 1911 ster
527 1881 705 1910 Gherardus
726 1881 859 1910 Kalkard
879 1882 896 1910 2
918 1882 1039 1910 francos
1058 1881 1182 1910 racione
1200 1880 1293 1910 officii
1309 1881 1346 1909 ad

443 1932 525 1970 quod
542 1931 656 1959 electus
674 1931 738 1964 fuit,
755 1931 811 1959 sub
823 1931 882 1959 ista
892 1930 1072 1959 condicione
1086 1931 1167 1969 quod
1180 1930 1206 1958 si
1220 1937 1349 1969 propter

444 1980 627 2019 paucitatem
643 1979 836 2008 audicionum
853 1989 914 2008 non
933 1979 1075 2008 debuerit
1096 1979 1217 2008 solvere
1231 1980 1247 2007 2
1265 1979 1348 2007 sran-

444 2039 498 2058 cos
517 2028 718 2067 integraliter,
743 2029 825 2067 quod
851 2035 923 2057 tunc
950 2029 1037 2057 nacio
1073 2028 1218 2067 precipue
1243 2028 1302 2057 sibi
1332 2029 1346 2056 1

445 2079 578 2106 francum
595 2077 766 2111 defalcabit,
776 2083 805 2105 et
816 2077 985 2111 residuum,
996 2078 1077 2116 quod
1092 2078 1129 2106 de
1138 2076 1208 2116 jure
1220 2077 1279 2106 sibi
1291 2077 1349 2106 erit

446 2127 680 2160 restituendum,
697 2126 755 2154 sibi
774 2126 892 2154 reddet.
914 2126 1055 2155 Siautem
1073 2132 1199 2165 propter
1212 2126 1349 2155 multitu-

444 2176 546 2203 dinem
566 2175 759 2203 audicionum
784 2175 852 2213 plus
878 2175 968 2203 suerit
991 2175 1183 2209 solvendum,
1207 2175 1273 2213 ipse
1290 2175 1349 2204 sol-

444 2231 503 2253 vet.
525 2224 562 2252 Et
589 2224 731 2252 residuos
759 2225 793 2252 12
816 2223 933 2252 solidos
958 2234 994 2252 ex
1021 2224 1173 2253 communi
1196 2234 1349 2253 consensu

445 2273 578 2301 omnium
595 2273 737 2301 dominus
756 2279 899 2311 receptor
917 2273 1123 2312 persolvebat.

486 2322 559 2350 Item
591 2322 661 2359 quia
690 2321 778 2349 nacio
808 2321 882 2350 alias
913 2322 1096 2351 deliberavit
1132 2322 1214 2360 quod
1246 2328 1350 2350 essent

446 2371 594 2399 mittende
611 2371 628 2398 2
647 2370 734 2398 litere
751 2370 786 2398 ad
802 2370 916 2398 curiam
933 2370 1111 2405 Romanam,
1129 2381 1188 2399 una
1201 2371 1350 2410 magistro

445 2419 614 2448 Wilhelmo
634 2419 746 2453 BGzer,
764 2425 792 2447 et
808 2419 902 2447 altera
916 2419 1063 2458 magistro
1080 2419 1206 2449 Nicolao
1219 2420 1257 2448 de
1274 2420 1350 2448 Sco-

445 2468 502 2502 cia,
529 2468 723 2506 postmodum
745 2467 796 2496 ille
816 2468 903 2496 litere
927 2468 1048 2497 fuerunt
1066 2469 1142 2497 facte
1163 2475 1192 2497 et
1212 2475 1350 2497 correcte

448 2527 502 2555 per
524 2517 666 2554 antiquos
686 2517 851 2555 magistros
871 2523 975 2546 nostre
996 2517 1145 2551 nacionis,
1166 2524 1195 2546 et
1213 2524 1351 2556 postmo-

447 2566 516 2594 dum
540 2572 682 2604 receptor
702 2565 841 2594 nacionis
863 2572 892 2594 et
914 2576 971 2605 ego
994 2566 1119 2595 fecimus
1138 2576 1189 2595 eas
1205 2566 1300 2595 scribi
1321 2567 1351 2595 in

447 2615 523 2642 bona
537 2614 624 2642 litera
638 2621 666 2642 et
680 2624 789 2653 magno
803 2614 907 2653 sigillo
921 2615 1059 2643 nacionis
1077 2615 1224 2654 sigillari;
1239 2621 1267 2644 et
1281 2615 1352 2654 quia

448 2662 589 2701 sigillatis
604 2663 665 2691 illis
683 2662 780 2691 literis
800 2663 855 2692 fuit
870 2663 910 2692 ita
927 2664 1024 2698 tarde,
1043 2665 1125 2702 quod
1137 2663 1199 2702 jam
1218 2664 1352 2703 scriptor

448 2721 507 2739 non
523 2718 641 2749 poterat
655 2711 759 2740 videre
778 2713 815 2740 ad
832 2712 1125 2751 superscribendum
1144 2714 1266 2741 easdem
1283 2713 1352 2742 lite-

448 2769 509 2794 ras,
531 2760 708 2789 intravimus
725 2771 814 2789 unam
830 2762 986 2790 tabernam
998 2762 1035 2789 ad
1059 2762 1351 2800 superscribendum

449 2808 515 2836 illas
536 2815 565 2836 et
587 2810 623 2837 ad
647 2810 883 2847 computandum
914 2810 951 2838 de
981 2810 1085 2848 precio
1111 2810 1286 2849 scrIptoris.
1316 2811 1353 2840 Et

481 2927 501 2949 1.
535 2926 599 2957 Quia
612 2927 739 2950 dominica
753 2928 811 2958 (itit.

481 2963 502 2984 2.
536 2964 555 2984 ΙΑ
570 2970 590 2984 e.
607 2962 630 2984 in
648 2963 860 2994 Quadragesima.

980 433 1202 460 AUCTARIUM
1223 431 1482 458 CHARTULARII
1501 432 1674 458 UNIVERS.
1697 431 1814 458 PARIS.

1380 954 1412 979 10

1381 1199 1414 1225 15

1382 1445 1416 1470 20

1384 1690 1418 1716 25

1385 1935 1419 1960 30

1387 2180 1420 2205 35

1388 2424 1421 2450 40

1390 2670 1423 2695 45

1712 0 1747 10 m„
1762 0 1811 25 ‘1³2¹'
1823 0 1876 23 ?”fiff'
1888 0 1962 23 „ff-3,

2305 433 2357 460 392

1450 508 1594 547 exposuit
1618 508 1761 538 dominus
1784 515 1927 548 receptor
1943 509 1960 537 5
1981 508 2100 538 solidos
2120 515 2150 538 et
2169 509 2187 538 4
2211 509 2356 539 denarios

1449 557 1594 586 omnibus
1612 557 1807 596 computatis.

1490 605 1565 635 ltem
1580 607 1611 635 9·
1624 606 1673 635 die
1690 606 1798 635 Marcii
1812 606 1887 636 sacta
1899 607 2147 646 congregacione
2163 607 2303 637 nacionis
2317 609 2355 637 ad

1450 654 1685 694 supplicandum
1712 661 1784 690 etc.,
1804 656 1884 695 apud
1911 655 2129 684 Predicatores
2147 662 2220 695 post
2242 666 2358 686 sermo-

1449 713 1518 732 nem
1536 703 1559 738 ⁴‚
1590 704 1776 744 supplicavit
1812 704 1955 733 dominus
1984 704 2160 733 Alexander
2194 704 2285 734 Fabri
2320 706 2358 734 de

1449 752 1616 788 Tharbato,
1638 759 1789 792 quatenus
1811 763 1878 782 cum
1903 753 2141 782 determinasset
2162 754 2358 793 questionem

1450 802 1507 831 sub
1521 802 1669 842 magistro
1683 803 1851 831 secundum
1871 803 1997 831 sormam
2015 802 2238 832 bacelariorum
2255 804 2360 832 deter-

1450 851 1646 887 minancium,
1659 857 1689 880 et
1705 858 1835 891 propter
1854 851 1901 880 sui
1921 851 2096 880 absenciam
2117 861 2273 891 nunquam
2292 851 2360 882 dis-

1449 906 1589 939 putasset
1612 900 1642 929 in
1666 899 1820 940 Jejuni02,
1846 901 1934 930 nacio
1963 901 2161 940 dispensaret
2194 910 2299 930 secum
2327 907 2361 931 ut

1451 955 1558 988 posset
1579 949 1710 978 ulterius
1732 949 1892 988 disputare
1912 950 2001 979 sicud
2025 949 2077 978 alii
2106 949 2358 985 determinantes,

1451 1004 1481 1027 et
1503 1008 1564 1027 non
1590 998 1782 1037 permitteret
1805 998 1916 1027 dictam
1938 998 2164 1038 negligenciam
2180 1009 2311 1038 vergere
2328 999 2360 1028 in

1451 1046 1576 1086 aliquod
1601 1047 1852 1086 impedimentum
1881 1047 1929 1076 sui
1959 1047 2023 1077 sive
2052 1048 2229 1087 dampnum.
2264 1047 2360 1087 Cujus

1452 1095 1643 1135 supplicacio
1662 1096 1718 1125 suit
1733 1105 1891 1125 concessa.

1494 1145 1567 1174 Item
1610 1144 1827 1174 determinavit
1863 1145 1976 1174 ibidem
2010 1145 2153 1174 dominus
2185 1145 2362 1174 Alexander

1453 1194 1544 1223 Fabri
1563 1194 1620 1222 sub
1636 1193 1786 1233 magistro
1803 1193 1934 1223 Hinrico
1953 1195 1991 1223 de
2012 1194 2145 1233 Hassya,
2163 1193 2250 1233 cujus
2266 1194 2362 1223 bursa

1453 1244 1470 1272 7
1485 1242 1588 1272 solidi.

1494 1292 1569 1321 Item
1591 1292 1640 1321 10³
1660 1292 1710 1320 die
1728 1291 1836 1320 Marcii
1859 1292 1936 1321 facta
1956 1292 2203 1332 congregacione
2222 1291 2362 1321 nacionis

1453 1342 1491 1370 ad
1506 1341 1682 1380 eligendum
1698 1347 1930 1379 procuratorem
1944 1347 1974 1370 et
1985 1341 2023 1369 ad
2039 1341 2224 1370 audiendum
2237 1351 2362 1380 compu—

1453 1397 1515 1420 tum
1552 1390 1735 1429 receptoris‚
1775 1396 1804 1418 et
1843 1389 1976 1429 singulis
2019 1390 2205 1429 computatis
2248 1389 2364 1419 mansit

1454 1439 1575 1468 nacioni
1593 1440 1710 1468 debens
1727 1439 1783 1477 [in]
1799 1438 1872 1468 XIII
1889 1439 1991 1474 libris,
2009 1438 2098 1468 Xllll
2115 1438 2225 1468 solidis
2243 1445 2274 1468 et
2288 1438 2362 1468 VIII

1454 1488 1601 1518 denariis.
1627 1488 1667 1517 Et
1688 1488 1743 1517 fuit
1763 1494 1924 1527 computus
1942 1489 1980 1516 ab
2003 1487 2147 1517 omnibus
2173 1488 2363 1527 approbatus

1455 1539 1512 1567 sub
1546 1537 1602 1566 hac
1633 1537 1815 1566 condicione
1842 1537 1926 1576 quod
1954 1537 1991 1566 de
2020 1537 2119 1576 prima
2151 1536 2280 1575 pecunia
2303 1546 2364 1576 que

1454 1587 1575 1616 veniret
1594 1587 1631 1615 de
1655 1586 1854 1625 potabilibus,
1882 1592 2026 1625 receptor
2051 1585 2206 1625 reciperet
2222 1586 2260 1615 ad
2274 1595 2364 1615 usum

1455 1635 1594 1665 nacionis
1616 1635 1799 1664 servandum
1822 1645 1915 1664 unum
1939 1636 2075 1664 francum
2101 1641 2130 1664 et
2150 1634 2208 1664 XII
2232 1634 2363 1669 solidos,

1456 1684 1575 1714 scilicet
1601 1691 1763 1723 antequam
1786 1683 1898 1723 aliquis
1920 1690 2146 1723 perpotaretur.
2178 1683 2266 1721 Quod
2290 1689 2363 1713 tunc

1456 1733 1652 1763 concorditer
1667 1733 1783 1772 placuit
1800 1732 1934 1768 nacioni,
1952 1732 2072 1762 scilicet
2085 1733 2186 1772 quoad
2201 1731 2362 1762 condicio-

1455 1792 1524 1817 nem
1539 1781 1697 1822 adjectam.

1484 1832 1572 1873 *Item
1589 1831 1620 1860 in
1636 1832 1742 1860 eadem
1753 1830 2000 1870 congregacione
2017 1829 2223 1870 supplicatum
2239 1830 2295 1859 fuit
2306 1839 2364 1869 pro

1458 1877 1589 1920 H'ugone
1601 1881 1638 1909 de
1651 1880 1732 1914 Delf,
1748 1886 1899 1919 quatenus
1913 1879 2000 1908 nacio
2012 1880 2098 1908 daret
2111 1879 2171 1908 sibi
2183 1878 2365 1908 dilacionem

1457 1931 1494 1959 de
1517 1929 1620 1958 bursis
1643 1928 1835 1968 incepcionis
1859 1939 1988 1957 unacum
2012 1929 2050 1957 de
2071 1928 2230 1967 prioribus
2250 1927 2364 1957 debitis

1458 1989 1554 2018 usque
1573 1979 1610 2007 ad
1627 1979 1737 2007 festum
1754 1978 1851 2007 sancti
1867 1977 2017 2006 Johannis
2033 1977 2172 2016 proxime
2184 1977 2318 2012 venturi,
2335 1982 2366 2005 et

1457 2034 1588 2067 poneret
1602 2027 1721 2056 literam
1735 2026 1875 2055 officialis
1893 2027 1951 2055 sub
1969 2036 2048 2065 pena
2063 2025 2122 2055 late
2138 2026 2294 2055 sentencie
2307 2035 2365 2065 pro

1458 2077 1600 2106 omnibus
1625 2075 1750 2105 debitis.
1779 2075 1875 2114 Cujus
1900 2075 2090 2115 supplicacio
2118 2075 2175 2104 fuit
2204 2084 2363 2110 concessa,

1458 2126 1623 2155 dummodo
1643 2135 1747 2154 secum
1765 2124 1960 2163 promitteret
1982 2124 2061 2153 alius
2080 2124 2255 2164 fidedignus
2276 2123 2367 2152 Pari-

1459 2175 1524 2204 sius
1539 2184 1761 2214 permansurus
1779 2174 1836 2202 sub
1855 2174 1960 2202 eadem
1974 2183 2063 2213 pena.

1866 2285 1960 2314 1371

1480 2376 1552 2414 (Fol.
1571 2375 1618 2415 24)
1654 2374 1904 2404 Continuacio
1930 2373 2101 2414 magistri
2132 2372 2282 2402 Radolfi
2310 2372 2346 2402 in

1766 2429 2068 2463 procuratorem..

1500 2519 1590 2547 Anno
1614 2517 1749 2552 Domini,
1778 2523 1850 2551 etc„
1881 2516 1930 2545 die
1955 2515 2093 2545 mensis³
2118 2515 2231 2555 quibus
2259 2525 2366 2554 supra,

1462 2568 1537 2596 sacta
1555 2566 1802 2606 congregacione
1819 2565 1958 2594 nacionis
1974 2565 2055 2604 apud
2075 2564 2219 2593 Sanctum
2237 2564 2368 2594 Maturi-

1461 2626 1532 2645 num
1560 2617 1596 2644 ad
1624 2615 1800 2655 eligendum
1833 2619 2082 2653 procuratorem,
2114 2614 2150 2642 ad
2183 2613 2366 2642 audiendum

1462 2671 1636 2704 computum
1655 2663 1828 2703 receptoris
1849 2669 1878 2692 et
1895 2664 1930 2691 ad
1953 2662 2188 2702 supplicandum
2210 2662 2240 2690 in
2259 2662 2368 2701 primis

1461 2714 1573 2743 Nostre
1591 2713 1734 2747 Domine,
1751 2711 1899 2751 magister
1914 2711 2062 2740 Radolsus
2076 2712 2114 2740 de
2133 2711 2257 2740 Lubeke
2273 2711 2367 2740 conti—

1461 2769 1572 2792 nuatus
1594 2762 1649 2791 suit
1673 2761 1704 2790 in
1726 2767 1957 2800 procuratorem
1981 2770 2018 2789 ex
2040 2759 2193 2789 communi
2214 2770 2368 2789 consensu

1461 2811 1595 2840 omnium
1612 2810 1726 2839 ibidem
1743 2809 1936 2849 presencium
1952 2808 2180 2848 magistrorum.

1494 2932 1516 2954 3.
1551 2930 1611 2953 Scil.
1627 2930 1656 2953 10
1669 2929 1766 2953 Martii.
