2632 3464
448 436 498 461 411

851 530 947 559 1372

575 617 664 646 Acta
695 617 730 645 in
762 614 1033 655 procuracione
1060 611 1221 651 ejusdem

673 665 822 704 [Thome
853 664 894 692 de
927 661 1126 698 Haerlem].

487 754 560 783 Item
575 755 651 783 facta
666 752 910 792 congregacione
925 750 1062 780 nacionis
1077 748 1247 788 Anglicane
1257 749 1290 776 9α
1300 747 1348 776 die

448 803 562 832 mensis
578 802 685 831 Marcii
699 802 779 840 apud
796 800 939 829 Sanctum
953 799 1106 828 Julianum
1120 798 1158 826 ad
1173 796 1348 836 eligendum

447 858 689 892 procuratorem,
700 857 729 879 et
736 850 774 878 ad
785 849 968 878 audiendum
978 853 1153 886 computum
1163 845 1347 885 receptoris‚

449 899 634 939 computavit
646 904 787 937 receptor
798 898 843 927 sic
856 897 938 936 quod
951 895 1094 925 omnibus
1107 894 1263 923 defalcatis
1278 893 1349 922 hinc

449 950 519 978 inde
541 948 652 977 mansit
673 947 793 976 nacioni
812 946 843 975 in
865 945 964 975 tribus
984 944 1085 979 libris,
1109 944 1127 972 4
1149 943 1258 972 solidis
1281 949 1310 972 et
1330 942 1349 971 4

448 997 594 1026 denariis.

488 1047 562 1075 Item
592 1045 706 1074 electus
736 1044 791 1073 fuit
819 1043 966 1082 magister
987 1042 1119 1071 Thomas
1145 1042 1182 1070 de
1205 1040 1348 1070 Haerlem

447 1095 642 1124 concorditer
661 1095 691 1122 in
706 1099 948 1132 procuratorem,
970 1091 1001 1120 in
1019 1090 1106 1130 cujus
1125 1090 1348 1129 procuracione

447 1145 568 1173 fuerunt
582 1149 658 1172 acta.

486 1193 589 1221 Primo
608 1191 785 1220 licenciatus
803 1196 850 1219 est
866 1189 1022 1218 Johannes
1038 1188 1160 1217 Hollinc
1177 1189 1214 1216 de
1225 1188 1348 1216 Tremo-

445 1242 495 1270 nia
517 1242 573 1270 sub
597 1240 744 1279 magistro
769 1238 910 1268 Mercilio
932 1239 969 1266 de
991 1237 1120 1277 lnghen,
1147 1235 1233 1276 cujus
1255 1237 1349 1265 bursa

444 1289 549 1318 nichil.

485 1338 558 1366 Item
571 1338 647 1366 facta
656 1335 901 1375 congregacione
914 1335 1052 1364 nacionis
1061 1334 1232 1373 Anglicane
1243 1335 1292 1363 192
1300 1334 1349 1363 die

444 1387 559 1415 mensis
582 1385 689 1414 Marcii
709 1386 747 1414 ad
767 1385 974 1423 deputandum
1002 1390 1031 1413 et
1053 1383 1289 1422 supplicandum
1312 1384 1349 1412 ad

445 1436 588 1464 Sanctum
622 1434 787 1468 Julianum,
820 1433 955 1472 deputati
989 1439 1077 1462 erant
1107 1442 1161 1461 sex
1197 1432 1347 1471 magistri,

444 1484 591 1524 magister
605 1483 783 1512 Gherardus
799 1483 836 1511 de
851 1482 1055 1516 Harderwiic‚
1071 1481 1218 1521 magister
1230 1481 1349 1510 Bertol-

444 1535 501 1562 dus
519 1533 684 1561 canonicus
707 1531 810 1560 Sancti
829 1519 1010 1565 salvatoris,
1029 1530 1177 1569 magister
1194 1530 1348 1559 Henricus

445 1581 605 1615 Lanchals,
621 1580 767 1620 magister
781 1580 879 1609 Adam
893 1581 930 1608 de
947 1579 1087 1614 Catwiic,
1107 1579 1255 1618 magister
1268 1578 1348 1608 Mer-

444 1631 532 1659 cilius
550 1631 587 1659 de
605 1630 722 1669 lnghen
745 1636 775 1658 et
793 1629 939 1668 magister
956 1629 1110 1657 Jordanus
1130 1629 1167 1657 de
1193 1627 1302 1662 Clivis,
1319 1634 1349 1657 et

444 1690 511 1708 cum
532 1679 600 1708 istis
619 1685 802 1718 procurator
820 1688 876 1716 pro
894 1684 1043 1716 tempore,
1065 1678 1103 1706 ad
1123 1677 1347 1706 informandum

444 1729 605 1767 deputatos
623 1727 772 1756 facultatis
787 1726 940 1765 theologie
962 1736 1056 1765 super
1072 1727 1203 1765 quodam
1219 1726 1348 1755 articulo

444 1783 586 1806 contento
603 1782 631 1805 et
647 1775 781 1815 sigillato
795 1775 826 1804 in
840 1775 940 1804 rotulo
952 1775 1083 1814 quodam
1098 1785 1177 1813 pape
1194 1774 1348 1814 Gregorio

445 1826 602 1860 mittendo,
615 1825 745 1853 delendo
757 1824 805 1853 vel
817 1824 1014 1863 corrigendo,
1027 1824 1054 1852 si
1063 1824 1195 1863 predicti
1207 1823 1347 1863 magistri

444 1875 600 1913 predictos
625 1875 767 1903 doctores
787 1873 1007 1902 sufficientibus
1029 1872 1205 1901 racionibus
1230 1874 1267 1901 ad
1290 1872 1347 1902 hoc

445 1923 584 1952 adductis
613 1923 822 1951 informarent.
849 1921 908 1959 Qui
933 1922 1080 1951 articulus
1100 1928 1165 1950 erat
1190 1922 1221 1950 in
1251 1922 1348 1951 forma

445 1973 527 2011 quod
549 1973 625 2001 ordo
647 1971 740 2000 rotuli
758 1977 944 2005 servaretur,
964 1971 1047 2009 quod
1069 1971 1244 2010 supplicare
1265 1977 1348 2000 esset

446 2021 476 2049 in
488 2027 668 2060 perpetuum
684 2019 884 2059 prejudicium
902 2019 1040 2048 nacionis
1058 2019 1227 2058 Anglicane
1239 2019 1259 2048 ⁸.

486 2070 559 2098 Item
574 2070 604 2098 in
623 2070 727 2098 eadem
743 2069 988 2108 congregacione
1002 2068 1188 2108 supplicavit
1203 2069 1346 2098 dominus

444 2119 599 2147 Johannes
611 2119 648 2147 de
662 2118 824 2146 Tremonia
835 2124 867 2147 ut
878 2118 965 2146 nacio
979 2117 1148 2146 remitteret
1161 2117 1220 2146 sibi
1235 2118 1346 2147 bursas

445 2168 607 2196 solvendas
632 2177 687 2206 pro
710 2167 837 2196 licencia
852 2173 881 2195 et
901 2177 959 2205 pro
984 2166 1174 2206 magisterio,
1199 2167 1225 2195 si
1245 2167 1346 2205 ipsum

445 2217 580 2254 incipere
606 2216 816 2255 contingeret,
850 2215 935 2254 cujus
968 2215 1229 2254 supplicacionem
1259 2216 1346 2245 nacio

445 2264 711 2304 concessitjurato
722 2264 855 2304 jurando
874 2266 910 2293 de
925 2271 1037 2293 statuto
1053 2265 1254 2303 paupertatis.

485 2314 559 2343 Item
583 2314 761 2342 licenciatus
784 2313 839 2342 fuit
861 2313 1017 2342 Johannes
1044 2314 1081 2342 de
1107 2313 1264 2342 Hoekelen
1289 2315 1346 2343 sub

446 2363 593 2402 magistro
605 2362 772 2391 Wilhelmo
784 2363 820 2391 de
831 2362 1027 2401 Waddenoy,
1038 2361 1125 2400 cujus
1136 2363 1229 2391 bursa
1239 2362 1344 2398 nichil,

446 2412 516 2451 quia
527 2411 640 2450 juravit
656 2417 798 2440 statutum
814 2411 1014 2450 paupertatis,

487 2461 560 2489 Item
590 2460 767 2489 licenciatus
796 2467 844 2489 est
875 2460 1087 2488 Theodericus
1115 2460 1261 2499 Kempem
1289 2462 1346 2490 sub

445 2510 593 2548 magistro
608 2509 776 2538 Wilhelmo
797 2509 834 2537 de
852 2510 1052 2547 Waddenoy,
1073 2508 1158 2548 cujus
1177 2510 1270 2538 bursa
1286 2509 1344 2538 1111

447 2558 549 2592 solidi,
566 2565 595 2586 et
610 2557 710 2586 solvit.

487 2607 559 2635 Item
584 2607 760 2635 licenciatus
781 2613 828 2635 est
851 2606 1006 2635 Johannes
1029 2607 1065 2635 de
1094 2607 1264 2636 Priswalch
1288 2608 1344 2636 sub

446 2656 592 2694 magistro
610 2655 777 2684 Wilhelmo
802 2656 839 2683 de
866 2655 1063 2691 Duusborch,
1081 2655 1166 2695 cujus
1189 2657 1283 2685 bursa
1301 2656 1343 2686 111

446 2704 548 2737 solidi,
566 2710 595 2732 et
608 2704 710 2733 solvit.

485 2752 558 2780 Item
583 2753 697 2791 incepit
715 2753 870 2781 Johannes
894 2752 1016 2781 Hollinc
1039 2754 1076 2782 de
1100 2753 1265 2782 Tremonia
1287 2756 1343 2783 sub

444 2801 591 2839 magistro
607 2801 746 2830 Mercilio
760 2803 797 2830 de
817 2801 960 2840 Ynghen,
979 2801 1064 2841 cujus
1078 2802 1171 2831 bursa
1186 2802 1291 2831 nichil.

443 2908 498 2966 υἱὲ.
531 2910 565 2931 De
584 2909 631 2932 isto
651 2909 732 2932 rotulo
753 2918 795 2932 seu
816 2909 931 2933 articulis
952 2910 1001 2933 vid.
1022 2910 1140 2934 chartul.
1155 2911 1199 2940 111,
1220 2916 1253 2934 η’·
1272 2912 1341 2941 1379,

490 2946 513 2967 Ο.

990 429 1207 457 AUCTARIUM
1226 426 1485 454 CHARTULARII
1509 426 1682 453 UNIVERS.
1703 426 1820 453 PARIS.

1386 946 1420 972 10

1386 1192 1420 1218 15

1387 1437 1420 1462 20

1385 1682 1419 1708 25

1384 1927 1419 1952 30

1384 2171 1417 2197 35

1383 2416 1418 2442 40

1382 2660 1415 2687 45

2310 427 2365 453 412

1498 503 1573 532 Item
1590 502 1769 532 licenciatus
1785 509 1832 532 est
1852 502 2005 532 Henricus
2025 503 2063 532 de
2078 502 2164 532 Rane
2182 503 2240 533 sub
2261 503 2361 543 magi-

1457 557 1522 581 stro
1539 551 1676 581 Jordano
1691 552 1729 581 de
1743 551 1852 586 Clivis,
1868 551 1955 591 cujus
1969 552 2064 581 bursa
2080 551 2153 581 VIII
2167 551 2270 582 solidi.

1497 600 1537 629 Et
1547 599 1560 618 ²
1588 601 1754 630 notandum
1779 601 1862 640 quod
1888 600 1919 629 in
1952 600 2197 640 congregacione
2223 601 2366 631 nacionis

1457 649 1597 683 inferius,
1614 649 1732 678 scilicet
1744 649 1775 678 in
1788 649 1943 689 principio
1957 655 2039 678 carte
2054 649 2214 688 sequentis
2229 650 2361 690 signata,

1457 704 1561 737 preter
1578 698 1621 727 ibi
1642 698 1759 737 scripta
1775 698 1974 738 contigerunt
1991 698 2060 727 ista.
2079 697 2194 728 vocata
2211 699 2291 728 enim
2307 699 2364 729 fuit

1457 747 1545 775 nacio
1560 747 1598 775 ad
1612 747 1787 786 eligendum
1798 747 2036 776 examinatorem
2050 757 2107 786 pro
2119 747 2152 776 3⁰
2162 757 2266 777 mense
2281 748 2363 787 apud

1458 795 1599 824 Sanctam
1615 795 1812 825 Genovefam.
1831 795 1956 825 Electus
1972 796 2028 825 fuit
2039 796 2188 835 magister
2203 796 2366 827 Walter-us

1457 845 1495 873 de
1513 843 1587 873 Dels
1599 854 1656 884 pro
1669 845 1776 873 eodem
1790 854 1906 880 mense,
1924 845 1954 874 in
1969 855 2030 884 quo
2046 851 2112 874 erat
2126 845 2216 874 unica
2228 845 2361 881 audicio,

1457 892 1576 922 scilicet
1596 894 1638 928 5³,
1657 900 1686 922 et
1702 893 1794 923 solvit
1818 894 1955 922 francum
1974 899 2170 933 perpotatum
2193 893 2226 923 in
2247 894 2366 924 duobus

1454 943 1578 981 gladiis.

1498 991 1538 1020 Et
1550 990 1736 1030 supplicavit
1749 991 1897 1031 magister
1914 991 2096 1031 Radulphus
2110 992 2148 1021 de
2164 992 2288 1022 Lubeke
2304 1002 2366 1032 pro

1457 1039 1656 1069 restitucione
1684 1040 1776 1069 unius
1799 1040 1906 1076 franci,
1933 1040 2052 1070 scilicet
2076 1041 2205 1070 secundi
2231 1042 2361 1071 duorum

1457 1088 1532 1118 alias
1559 1098 1616 1128 pro
1639 1088 1861 1118 inrotulacione
1884 1089 1932 1118 sui
1951 1099 2009 1128 per
2028 1099 2096 1118 eum
2121 1090 2272 1125 datorum,
2293 1100 2364 1120 cum
2394 1121 2399 1126 ,

1456 1143 1616 1176 reputatus
1628 1143 1694 1167 erat
1701 1147 1844 1177 presens,
1857 1143 1887 1166 et
1898 1144 2061 1177 presentes
2076 1138 2172 1167 nichil
2188 1139 2360 1169 solvebant.

1497 1186 1572 1216 Item
1581 1186 1809 1225 supplicaverat
1820 1186 1964 1216 dominus
1971 1186 1987 1216 J
1990 1186 2128 1217 ohannes
2140 1188 2178 1217 de
2190 1187 2359 1218 Hoekelem

1457 1245 1514 1275 pro
1530 1235 1714 1264 remissione
1730 1236 1893 1264 bursarum
1906 1235 2079 1265 debitarum
2094 1246 2151 1275 pro
2170 1237 2365 1276 magisterio,

1457 1285 1529 1324 quia
1542 1290 1669 1323 paratus
1679 1283 1785 1324 jurare
1798 1290 1943 1313 statutum
1956 1285 2161 1324 paupertatis.
2179 1285 2275 1325 Cujus
2291 1296 2362 1326 sup-

1458 1333 1587 1372 plicacio
1605 1339 1670 1362 erat
1686 1343 1844 1363 concessa.
1866 1333 1906 1362 Et
1920 1332 2036 1372 juravit
2054 1340 2198 1364 statutum
2220 1335 2366 1375 [pauper-

1457 1382 1540 1420 tatis]
1560 1382 1591 1411 in
1610 1382 1700 1421 plena
1717 1382 1978 1422 congregacione.

1873 1475 1970 1504 1:372

1458 1546 1529 1585 (Fol.
1565 1547 1613 1586 31)
1647 1546 1879 1576 Procuracio
1918 1546 2088 1587 magistri
2123 1546 2279 1576 Jordani
2319 1548 2365 1577 de

1845 1595 1974 1625 Clivis.

1495 1675 1586 1705 Anno
1618 1675 1742 1705 Domini
1769 1675 1931 1705 millesimo
1961 1675 2055 1706 CCC⁰
2079 1676 2215 1711 LXX11⁰‚
2246 1676 2363 1706 mensis

1456 1724 1575 1765 Aprilis
1598 1725 1647 1754 die
1672 1724 1747 1760 Vl¹²‚
1765 1725 1843 1754 sacta
1859 1725 2106 1764 congregacione
2123 1725 2262 1755 nacionis
2280 1726 2361 1765 apud

1457 1773 1602 1803 Sanctum
1617 1773 1771 1803 Julianum
1786 1783 1953 1812 pauperem
1969 1774 2005 1802 ad
2022 1773 2197 1813 eligendum
2217 1784 2366 1814 procura-

1455 1829 1553 1852 torem
1575 1829 1605 1851 et
1627 1822 1812 1851 audiendum
1836 1829 2011 1862 computum
2035 1823 2218 1862 receptoriS,
2246 1823 2362 1853 electus

1457 1872 1512 1901 fuit
1533 1871 1564 1900 in
1581 1877 1814 1910 procuratorem
1829 1871 2026 1900 concorditer
2042 1872 2190 1911 magister
2206 1871 2362 1902 Jordanus

1456 1921 1494 1949 de
1516 1920 1624 1950 Clivis.
1655 1920 1808 1959 Factaque
1830 1920 2062 1959 computacione
2083 1926 2227 1960 receptor
2251 1921 2363 1951 mansit

1455 1969 1576 2009 nacioni
1591 1969 1747 2008 obligatus
1763 1969 1794 1998 in
1810 1969 1837 1998 II
1853 1969 1962 1998 solidis
1978 1969 2073 2008 paris.
2091 1975 2121 1998 et
2138 1969 2196 1998 1111
2211 1970 2358 2000 denariis.

1457 2018 1490 2047 ln
1503 2018 1727 2057 procuracione
1742 2025 1842 2047 autem
1859 2017 1995 2058 ejusdem
2014 2018 2141 2047 Jordani
2159 2025 2224 2047 acta
2240 2019 2362 2049 fuerunt

1455 2067 1662 2106 infrascripta.

1495 2116 1600 2145 Primo
1616 2116 1731 2155 incepit
1744 2116 1898 2145 Henricus
1914 2117 1999 2145 Rane
2016 2116 2126 2145 Scotus
2142 2117 2199 2145 sub
2213 2116 2362 2156 magistro

1456 2164 1620 2194 Guillelmo
1634 2165 1787 2200 Trebron,
1804 2164 1891 2205 cujus
1910 2166 2003 2194 bursa
2018 2164 2089 2194 VIII
2109 2165 2212 2194 solidi.

1497 2215 1571 2243 Item
1591 2214 1708 2253 incepit
1723 2214 1865 2243 dominus
1883 2214 2039 2243 Johannes
2055 2214 2092 2242 de
2106 2213 2286 2253 Pryswalch
2302 2215 2362 2244 sub

1455 2263 1605 2302 magistro
1620 2263 1788 2292 Adalberto
1809 2264 1845 2292 de
1864 2263 2022 2298 Bohemia,
2042 2261 2128 2302 cujus
2151 2263 2245 2292 bursa
2266 2263 2310 2292 III
2331 2273 2361 2293 s.

1496 2312 1570 2341 Item
1591 2312 1707 2351 incepit
1722 2312 1864 2341 dominus
1882 2312 2039 2341 Johannes
2059 2313 2096 2340 de
2114 2311 2283 2341 Hoekelem
2302 2313 2360 2342 sub

1455 2366 1562 2394 eodem
1578 2365 1728 2404 magistro
1745 2365 1914 2394 Adelberto
1932 2366 1969 2394 de
1985 2365 2144 2399 Bohemia,
2165 2364 2251 2404 cujus
2266 2365 2360 2395 bursa

1454 2413 1561 2448 nichil,
1579 2413 1650 2453 quia
1660 2413 1776 2452 juravit
1789 2420 1933 2443 statutum
1949 2413 2149 2452 paupertatis.

1495 2463 1569 2491 Item
1593 2462 1772 2492 licenciatus
1793 2462 1849 2492 fuit
1869 2462 2011 2491 dominus
2032 2461 2187 2491 Johannes
2206 2462 2360 2492 Caelwart

1455 2512 1511 2540 sub
1527 2511 1676 2550 magistro
1692 2511 1828 2540 Henrico
1846 2512 1883 2540 de
1899 2511 2025 2545 Thenis,
2044 2509 2130 2550 cujus
2147 2512 2241 2540 bursa
2254 2511 2281 2539 V
2299 2511 2356 2540 sol.

1495 2560 1569 2589 ltem
1588 2560 1766 2589 licenciatus
1780 2560 1836 2589 suit
1850 2560 1992 2589 dominus
2007 2559 2191 2599 Rodolphus
2204 2561 2242 2588 de
2256 2560 2359 2589 Borne

1454 2609 1510 2637 sub
1527 2609 1675 2647 magistro
1689 2608 1828 2638 Gerardo
1842 2610 1880 2637 de
1897 2609 2022 2643 Kalker,
2036 2607 2123 2648 cujus
2136 2610 2230 2638 bursa
2245 2609 2285 2638 IX
2298 2608 2356 2638 sol.

1494 2658 1568 2686 Item
1580 2657 1695 2696 incepit
1704 2658 1783 2686 idem
1793 2657 1975 2696 Rodolphus
1990 2658 2047 2686 sub
2060 2657 2207 2696 magistro
2219 2657 2359 2687 Gerardo

1453 2706 1490 2735 de
1505 2706 1629 2741 Kalker,
1647 2705 1734 2746 cujus
1747 2707 1840 2735 bursa
1856 2706 1897 2734 IX
1911 2705 2015 2735 solidi.

1492 2754 1566 2784 Item
1576 2755 1755 2784 licenciatus
1768 2755 1823 2784 suit
1831 2755 1973 2784 dominus
1987 2754 2121 2784 Thomas
2133 2756 2170 2784 de
2187 2755 2357 2784 Edinhame

1452 2804 1509 2832 sub
1524 2803 1671 2843 magistro
1690 2803 1829 2833 Gerardo
1848 2803 1972 2839 Kalker,
1992 2802 2078 2843 cujus
2097 2805 2191 2833 bursa
2207 2803 2280 2833 VIll
2297 2803 2358 2834 sol.

1482 2914 1505 2936 2.
1539 2914 1610 2944 Quae
1622 2915 1770 2945 sequuntur,
1784 2913 1879 2944 scripta
1891 2916 1950 2936 eunt
1964 2913 2113 2937 charactere
2125 2913 2253 2945 sequentis
2259 2921 2359 2945 procu—

1451 2948 1545 2971 ratoris
1554 2949 1664 2972 Jordani
1676 2949 1708 2972 dc
1721 2948 1807 2972 Clivis.
