2632 3464
266 422 322 450 24⁹

266 498 426 531 Wessalia
436 499 493 529 sub
505 498 654 539 magistro
665 497 802 528 Henrico
810 499 848 528 de
857 497 982 534 Kelker‚
992 497 1079 539 cujus
1087 499 1183 528 burse

268 554 304 579 ut
314 548 524 589 prescriptum
542 554 600 583 est,
615 554 646 577 et
660 546 669 566 ⁴
687 547 773 577 dedit
784 546 905 576 literam
917 547 1084 587 receptori.

309 597 386 627 Item
400 596 574 627 licentiatus
592 596 649 626 fuit
666 596 809 626 dominus
828 595 987 626 Arnoldus
1005 595 1103 626 Ghier
1123 596 1181 626 sub

267 646 418 687 magistro
434 644 597 687 H[enrico]
607 645 646 675 de
664 645 828 684 Kempem,
846 643 933 685 cujus
947 645 1043 675 burse
1059 650 1093 675 ut
1106 655 1182 685 pre-

267 695 398 725 missum
417 701 475 730 est,
493 693 541 724 et⁴
561 693 648 724 dedit
664 693 796 723 litteram
811 693 978 733 receptori.

309 743 386 774 Item
409 744 526 783 incepit
553 743 696 773 dominus
723 741 929 772 Gotschalcus
955 743 993 772 de
1019 742 1101 783 Riga
1122 742 1181 772 sub

270 792 422 833 magistro
436 792 605 827 Themone,
621 789 710 831 cujus
724 791 820 821 bursa
832 790 890 821 VlI
908 791 1024 827 sollidi,
1043 798 1074 821 et
1088 790 1181 821 satis-

270 841 343 872 fecit
357 851 425 872 cum
435 841 568 882 pecunia
582 845 687 880 parata
700 849 757 880 per
769 840 882 876 omnia,
899 846 958 870 etc.

310 890 386 920 Item
409 889 527 930 incepit
549 889 693 919 dominus
717 888 872 919 Henricus
901 889 939 918 de
960 889 1100 919 Wesalia
1122 889 1180 919 sub

269 939 420 979 magistro
433 938 570 969 Henrieo
584 939 623 968 de
636 937 762 973 Kalker,
785 936 873 978 cujus
889 938 983 968 burse
1002 944 1036 968 ut
1051 937 1179 977 premis-

268 997 338 1018 sum
356 994 414 1018 est.

309 1036 384 1067 Item
412 1036 529 1076 incepit
553 1036 696 1066 dominus
722 1035 934 1066 Theodericus
961 1036 999 1065 de
1028 1035 1179 1065 Hokelem

267 1085 370 1116 dictus
382 1085 468 1121 Tols,
488 1085 546 1115 sub
557 1085 707 1125 magistro
722 1084 859 1114 Hem-ico
871 1085 910 1114 de
925 1084 1075 1124 Kempen,
1093 1083 1180 1124 cujus

269 1134 364 1165 bursa
378 1134 485 1164 nichil.

309 1182 385 1213 Item
396 1182 512 1223 incepit
521 1182 665 1212 dominus
681 1181 840 1212 Arnoldus
858 1181 967 1218 Ghier,
983 1181 1072 1222 cujus
1086 1182 1180 1211 burse

268 1232 438 1262 secundum
455 1232 585 1271 gratiam
599 1231 794 1272 premissam,
808 1231 866 1261 sub
879 1231 1027 1272 magistro
1044 1230 1181 1260 Henrico

269 1281 309 1310 de
322 1281 462 1321 Kempis.

311 1329 387 1360 Item
406 1330 438 1359 in
458 1329 509 1359 die
526 1329 607 1359 beati
626 1328 778 1359 Johannis
795 1335 865 1358 ante
889 1328 1014 1359 Portam
1031 1329 1156 1358 latinam
1168 1327 1182 1347 ²

270 1379 518 1419 congregacione
534 1378 674 1408 nacionis
691 1379 769 1407 facta
783 1378 821 1407 ad
835 1377 980 1407 Sanctum
997 1377 1182 1407 Materinum

269 1429 309 1458 ad
325 1427 503 1468 eligendum
520 1433 770 1467 procuratorem,
787 1433 817 1456 et
836 1433 998 1466 receptore
1016 1432 1125 1456 vocato
1145 1426 1183 1455 ad

270 1476 521 1516 computandum,
539 1475 727 1515 computavit
737 1475 885 1516 magister
891 1475 1019 1504 Themo.
1031 1475 1184 1505 Omnibus

269 1524 454 1565 computatis
471 1530 502 1554 et
518 1524 677 1554 defalcatis
699 1524 862 1554 tenebatur
880 1524 1003 1554 nacioni
1027 1523 1059 1553 in
1078 1529 1185 1563 parata

270 1573 401 1614 pecunia
421 1573 463 1603 XI
487 1579 574 1603 scuta
598 1582 666 1602 cum
683 1572 784 1602 XVIII
803 1572 936 1608 sollidis,
958 1578 1046 1602 scuto
1063 1572 1184 1602 valente

269 1621 388 1652 XXIIII
409 1621 549 1652 sollidos.
578 1621 613 1651 ln
633 1621 819 1662 pignoribus
835 1631 909 1651 vero
924 1627 957 1651 ut
973 1621 1077 1661 prius,
1096 1621 1185 1652 vide·-

269 1670 343 1701 licet
355 1671 398 1701 xl
416 1676 503 1700 scuta
519 1680 587 1700 cum
601 1679 661 1700 una
673 1675 792 1710 quarta.

311 1720 387 1750 Item
399 1719 483 1749 natio
499 1719 591 1749 habet
607 1718 714 1749 literas
729 1728 789 1759 que
802 1718 937 1759 obligate
953 1725 1025 1749 sunt
1036 1729 1095 1759 pro
1109 1718 1184 1749 XIII

270 1769 379 1804 scutis,
392 1778 460 1798 cum
471 1767 600 1798 dimidio
611 1773 699 1798 scuto
714 1774 744 1798 et
755 1767 799 1797 111
815 1767 941 1798 florenis
958 1769 996 1798 de
1015 1768 1182 1798 Florentia.

311 1817 387 1847 Item
401 1816 584 1847 Waltherus
597 1815 763 1846 Grimbach
779 1817 818 1846 de
831 1816 1027 1847 Wisenstain
1041 1817 1185 1857 promisit

271 1867 351 1896 bona
364 1866 424 1895 fide
441 1866 563 1896 solvere
579 1865 695 1896 nationi
711 1865 724 1895 1
745 1871 911 1895 mutonem.

680 1959 778 1988 1359

313 2030 536 2061 Procuratio
552 2029 723 2070 magistri
743 2029 942 2060 Godscalci
965 2031 1007 2060 de
1032 2030 1143 2061 Loze-

339 2079 455 2120 bergh
482 2078 544 2119 qui
566 2078 740 2108 Parisius
769 2079 812 2109 de
843 2079 936 2120 Riga
962 2080 1117 2116 dicitur,

498 2127 774 2158 Tharbatensis
805 2128 980 2159 diocesis.

311 2207 403 2238 Anno
422 2207 547 2238 Domini
567 2207 731 2237 millesimo
750 2208 967 2238 trecentesimo
988 2208 1184 2250 quinquage-

274 2257 354 2287 simo
373 2267 468 2293 nono,
484 2257 555 2296 ipso
568 2257 617 2286 die
633 2256 713 2286 beati
725 2256 875 2287 Johannis
890 2263 960 2287 ante
975 2257 1100 2288 Portam
1118 2258 1184 2288 lati-

274 2316 356 2342 nam,
382 2306 459 2335 facta
481 2305 728 2346 congregacione
751 2305 892 2335 nacionis
908 2306 1078 2347 Anglicane
1102 2308 1184 2347 apud

274 2354 419 2385 Sanctum
453 2354 640 2384 Maturinum
671 2354 710 2383 ad
735 2354 910 2394 eligendum
937 2362 1181 2395 procuratorem,

271 2403 390 2434 electus
416 2403 473 2434 suit
496 2403 527 2433 in
556 2409 789 2443 procuratorem
816 2403 965 2443 magister
992 2404 1183 2435 Godscalcus

274 2451 468 2492 Lozebergh,
494 2452 548 2492 qui
575 2451 715 2482 Pal-isius
738 2452 776 2481 de
797 2451 877 2491 Riga
898 2452 1022 2488 dicitur,
1048 2453 1183 2483 Tharba-

272 2501 372 2531 tensis
386 2500 540 2536 diocesis,
561 2500 646 2530 nullo
664 2500 859 2531 reclamante.
879 2501 914 2531 In
930 2501 1018 2542 cujus
1033 2512 1183 2542 procura-

274 2549 359 2580 tione
377 2555 444 2579 acta
459 2555 532 2580 sunt
548 2548 605 2579 hec
622 2559 682 2589 que
698 2556 882 2590 sequuntur.

314 2598 420 2628 Primo
443 2598 532 2628 nacio
557 2598 697 2638 predicta
721 2599 772 2628 die
798 2599 905 2628 eodem
932 2601 1126 2640 consumpsit
1150 2601 1183 2631 in

274 2646 410 2687 hospitio
431 2649 582 2687 ymaginis
606 2655 704 2677 nostre
728 2648 847 2677 domine
873 2648 911 2677 32
934 2648 1069 2684 solidos,
1094 2655 1182 2679 scuto

272 2695 448 2726 Johannino
463 2702 595 2736 protunc
612 2696 733 2726 valente
748 2696 786 2726 24
804 2696 934 2732 solidos,
951 2707 1041 2737 quam
1057 2698 1181 2738 quidem

273 2744 435 2784 pecuniam
449 2750 632 2785 procurator
648 2745 805 2785 predictus
819 2745 934 2776 electus
951 2756 988 2775 ex
1003 2752 1067 2777 toto
1083 2747 1181 2778 solve-

306 2872 328 2895 1.
363 2871 423 2896 m...
437 2872 566 2905 receptori
575 2872 630 2897 alio
643 2873 801 2898 charactere.

305 2908 329 2932 2.
362 2907 378 2931 0
389 2907 463 2931 Maii.

306 2943 330 2968 ³.
364 2943 393 2967 1⁴
406 2942 479 2967 uati.

768 422 883 448 LIBER
903 421 1217 450 PROCURATORUM
1237 421 1418 448 NATIONIS
1436 422 1682 448 ANGLICANAE

1218 943 1251 969 10

1218 1187 1252 1214 15

1220 1433 1255 1460 20

1221 1677 1255 1704 25

1221 1923 1256 1950 30

1221 2168 1255 2195 35

1221 2413 1255 2440 40

1219 2657 1253 2685 45

2141 422 2196 449 250

1290 504 1348 534 rat,
1367 498 1409 528 ita
1423 498 1508 538 quod
1524 504 1656 538 protunc
1670 504 1815 537 receptor
1829 498 1909 527 dicte
1924 497 2064 527 nacionis
2074 498 2198 528 nomine

1290 546 1430 576 nacionis
1447 546 1542 576 nichil
1558 553 1755 587 exposuerat.

1331 595 1394 636 (ΡΜ
1403 597 1440 626 42
1459 595 1494 636 Ι’).
1511 595 1586 625 Item
1600 595 1787 636 supplicavit
1798 595 1946 635 magister
1956 595 2147 635 Peregrinus
2160 596 2198 624 de

1290 644 1421 674 Pruscia
1441 645 1491 674 die
1511 643 1636 674 martis⁸
1650 650 1723 684 post
1738 644 1770 673 in
1783 644 2029 684 congregacione
2045 644 2198 674 facultatis

1290 693 1444 723 celebrata
1462 695 1544 734 apud
1567 693 1712 724 Sanctum
1733 693 1887 723 Iulianum
1910 703 2095 733 pauperem,
2116 694 2200 733 quod

1288 749 1398 783 posset
1417 743 1528 773 diebus
1552 742 1672 772 festivis
1691 749 1765 782 post
1788 752 1962 772 sermonem
1980 742 2085 782 legere
2106 752 2200 772 unum

1288 791 1402 821 librum
1417 792 1448 821 in
1464 791 1654 832 Astrologia,
1674 791 1850 831 quicunque
1868 791 1929 821 sibi
1950 791 2097 831 placeret,
2117 791 2201 831 quod

1289 846 1421 880 protunc
1434 841 1495 870 sibi
1507 850 1690 871 concessum
1709 841 1818 870 suerat.

1329 889 1405 919 Item
1439 889 1488 919 die
1516 889 1600 930 jovis
1612 889 1623 908 ⁴
1656 895 1725 919 ante
1756 889 1940 919 dominicam
1969 899 2029 929 qua
2061 895 2202 919 cantatur

1291 939 1418 967 eantare
1430 939 1559 975 domino,
1578 939 1655 968 facta
1671 938 1918 978 congregacione
1936 938 2076 967 nacionis
2093 937 2201 977 Angli-

1288 997 1363 1016 cane
1393 988 1475 1026 apud
1505 987 1650 1017 Sanctum
1683 987 1872 1017 Maturinum
1905 987 1937 1016 in
1968 987 2059 1016 nonis
2087 989 2201 1017 Nostre

1289 1035 1434 1071 Domine,
1456 1035 1628 1076 supplicavi
1649 1046 1707 1076 ego
1723 1036 1871 1076 magister
1889 1035 2080 1066 Godscalcus
2103 1035 2202 1065 Loze-

1287 1084 1399 1125 bergh,
1413 1091 1546 1124 protunc
1556 1090 1740 1124 procurator
1752 1085 1891 1115 nacionis
1902 1085 2065 1121 antediem,
2080 1086 2164 1125 quod
2175 1083 2202 1115 si

1289 1134 1484 1174 contingeret
1497 1134 1563 1164 fieri
1579 1134 1712 1164 rotulum
1727 1140 1758 1164 et
1772 1133 1823 1163 alii
1841 1134 1891 1164 vel
1905 1133 1984 1164 alius
1997 1135 2141 1164 absentes
2153 1135 2202 1165 vel

1289 1183 1402 1212 absens
1433 1182 1717 1222 interponerentur,
1743 1183 1827 1223 quod
1854 1189 1884 1212 et
1912 1193 1971 1223 ego
1999 1184 2038 1213 ad
2068 1184 2201 1213 rotulum

1289 1241 1435 1272 ponerer,
1459 1232 1542 1272 quod
1561 1231 1637 1261 mihi
1661 1233 1699 1261 ab
1723 1232 1867 1262 omnibus
1892 1232 2088 1262 concorditer
2105 1233 2203 1262 fuerat

1291 1291 1485 1310 concessum.

1330 1329 1406 1359 Item
1437 1329 1487 1359 die
1516 1329 1575 1359 1112
1597 1329 1714 1359 mensis
1740 1329 1824 1359 Junii
1850 1330 1928 1359 facta
1956 1330 2203 1370 congregacione

1291 1378 1430 1408 nacionis
1452 1378 1623 1418 Anglicane
1641 1379 1679 1407 ad
1699 1378 1844 1408 Sanctum
1863 1378 2018 1408 ,lulianum
2036 1389 2203 1419 pauperem

1291 1428 1329 1457 ad
1358 1427 1535 1467 eligendum
1561 1433 1794 1467 procuratorem
1826 1433 1856 1456 et
1887 1428 1927 1456 ad
1952 1428 2201 1467 computandum,

1292 1476 1479 1516 computavit
1498 1475 1646 1516 magister
1662 1475 1779 1506 Themo
1796 1483 1941 1516 receptor
1955 1483 2086 1516 protunc
2102 1477 2203 1506 nacio-

1292 1525 1353 1560 nis,
1373 1525 1425 1564 qui
1448 1525 1547 1554 adhuc
1571 1525 1733 1554 tenebatur
1754 1525 1875 1555 nacioni
1895 1525 1925 1554 in
1947 1531 2052 1565 parata
2073 1525 2204 1565 pecunia

1293 1573 1354 1604 1111
1378 1579 1464 1603 scuta
1486 1583 1554 1603 cum
1575 1573 1633 1603 XII
1662 1573 1783 1610 solidis,
1811 1573 1843 1602 in
1867 1574 2054 1614 pignoribus
2075 1584 2149 1604 vero
2172 1580 2204 1604 ut

1292 1623 1392 1663 prius,
1408 1622 1553 1652 videlicet
1564 1622 1606 1652 XI
1622 1628 1707 1652 scuta
1723 1633 1790 1652 cum
1811 1633 1871 1652 una
1888 1629 2006 1663 quarta.
2025 1623 2100 1653 Item
2116 1624 2204 1653 nacio

1293 1671 1385 1701 habet
1401 1671 1520 1701 litteras
1537 1681 1596 1711 que
1612 1671 1747 1711 obligate
1768 1678 1839 1701 sunt
1856 1681 1914 1712 pro
1931 1671 2005 1702 XIII
2024 1672 2121 1702 scutis
2136 1683 2203 1702 cum

1292 1720 1433 1756 dimidio,
1450 1726 1480 1750 et
1498 1720 1541 1750 Ill
1559 1720 1685 1750 florenis
1703 1721 1741 1750 de
1756 1720 1907 1750 florentia.
1930 1720 2005 1750 Item
2022 1721 2204 1752 Waltherus

1293 1768 1460 1799 Grimbach
1475 1769 1620 1810 promisit
1637 1769 1759 1799 solvere
1777 1769 1894 1799 nationi
1915 1769 1926 1799 1
1947 1777 2102 1800 mutonem
2124 1771 2204 1801 bona

1292 1818 1362 1848 fide.

1333 1916 1408 1946 Item
1433 1926 1513 1946 anno
1535 1926 1597 1956 quo
1623 1916 1712 1956 prius
1737 1917 1786 1946 die
1809 1916 1867 1946 1112
1888 1917 2004 1947 mensis
2022 1917 2105 1947 Junii
2128 1918 2205 1947 sacta

1292 1965 1540 2006 congregacione
1563 1965 1702 1995 nacionis
1720 1965 1891 2005 Anglicane
1915 1966 1947 1995 in
1969 1966 2067 2006 prima
2091 1967 2204 1997 Nostre

1293 2014 1424 2045 Domine
1445 2015 1482 2043 ad
1506 2014 1649 2044 Sanctum
1672 2014 1825 2044 sulianum
1848 2025 2015 2055 pauperem
2034 2016 2073 2045 ad
2089 2015 2204 2056 eligen-

1292 2064 1363 2093 dum
1380 2063 1429 2092 vel
1452 2063 1690 2093 continuandum
1715 2070 1946 2103 procuratorem
1965 2070 1995 2094 et
2018 2065 2056 2093 ad
2075 2065 2206 2094 audien-

1292 2112 1363 2142 dum
1382 2118 1556 2152 compotum
1570 2112 1753 2151 receptoris‚
1773 2122 1831 2152 ego
1847 2112 1995 2153 magister
2014 2112 2205 2143 Godscalcus

1293 2160 1475 2201 Lozebergh
1502 2160 1543 2191 fui
1577 2161 1772 2191 continuatus
1799 2171 1837 2191 ex
1868 2162 2020 2191 communi
2050 2172 2204 2192 consensu

1292 2210 1439 2245 omnium,
1459 2209 1544 2239 nullo
1557 2210 1681 2249 penitus
1696 2210 1890 2239 reclamante.

1332 2258 1407 2288 Item
1423 2258 1539 2298 incepit
1557 2258 1700 2288 dominus
1716 2258 1864 2288 Hinricus
1885 2259 1923 2288 de
1942 2259 2092 2300 Kempen,
2116 2259 2203 2300 cujus

1292 2307 1386 2337 burse
1401 2308 1437 2337 10
1454 2307 1558 2343 solidi,
1574 2313 1661 2337 scuto
1676 2307 1796 2337 valente
1812 2308 1851 2337 30
1871 2307 2000 2338 solidos.

1696 2400 1794 2431 1359

1419 2471 1619 2510 [Henricus
1642 2471 1825 2502 Johannis
1857 2473 1899 2502 de
1928 2472 2075 2513 Lingno

1611 2521 1655 2550 de
1684 2521 1874 2561 Kempen.]

1330 2599 1421 2630 Anno
1445 2599 1568 2630 Domini
1589 2600 1634 2630 ΜΟ
1656 2599 1751 2630 CCC⁰
1770 2601 2027 2641 quinquagesimo
2046 2611 2145 2637 nonu,
2170 2603 2202 2631 in

1291 2649 1426 2679 crastino
1444 2648 1456 2667 ³
1495 2649 1592 2678 sancti
1630 2648 1806 2685 Ludowici,
1846 2650 1922 2679 sacta
1956 2650 2201 2690 congregacione

1290 2698 1430 2728 nacionis
1459 2697 1630 2738 Anglicane
1662 2698 1692 2727 in
1718 2699 1827 2738 primis
1858 2698 1971 2729 Nostre
2002 2699 2132 2729 Domine
2163 2701 2201 2729 ad

1291 2746 1434 2776 Sanctum
1449 2746 1602 2776 sulianum
1622 2757 1786 2786 pauperem
1803 2747 1841 2776 ad
1855 2747 2028 2788 eligendum
2045 2748 2091 2778 vel
2106 2749 2202 2778 conti-

1320 2877 1344 2901 4.
1379 2877 1408 2900 w
1420 2876 1493 2901 Maii.

1321 2913 1344 2936 δ.
1378 2912 1536 2945 28Au31uti'.
