2632 3464
319 462 374 490 7³3

316 546 404 570 tores
421 540 647 570 baculariorum
663 539 822 571 solverunt
841 550 934 570 unum
954 540 1090 570 francum
1107 539 1234 569 curiali-

318 595 378 625 ter,
395 599 455 630 que
473 590 602 629 pecunia
619 589 744 619 realiter
759 595 919 629 perpotata
931 589 987 619 suit
1001 591 1030 618 in
1046 590 1231 628 clmpelleeis.

317 637 383 669 Nec
397 638 515 678 aliquid
529 638 691 678 superfuit.

389 741 458 771 lsti
487 747 573 771 sunt
594 740 887 771 determinantes
909 740 995 770 anni
1020 740 1166 770 Domini

601 789 633 820 M
665 790 795 821 CCCmi
820 789 947 820 XCVI.

362 883 468 914 Primo
484 884 642 914 Iohannes
656 884 694 914 de
715 883 804 924 Spini
819 884 877 914 sub
897 883 1046 923 magistro
1064 882 1235 913 Laurencio

314 933 358 963 de
371 924 540 969 Londoris,
555 932 643 974 cujus
650 931 751 967 'bursa
766 932 794 963 V
807 932 912 963 solidi.

360 981 435 1012 Item
458 982 616 1012 lohannes
636 982 794 1012 Aurifahri
812 983 870 1012 sub
892 983 1011 1017 eodem,
1031 980 1118 1022 cujus
1139 983 1235 1013 bursa

315 1030 360 1062 Vt
378 1031 482 1067 solidi,
502 1031 562 1062 1111
579 1031 710 1061 denarii.

358 1081 434 1111 Item
459 1081 614 1112 Hem-icus
635 1081 674 1111 de
698 1081 817 1110 Driden
840 1081 898 1110 sub
920 1079 1069 1120 magistro
1093 1079 1233 1109 Gerardo

318 1130 469 1166 Domher,
483 1129 570 1170 cujus
588 1131 683 1160 bursa
701 1130 728 1160 11
743 1129 848 1159 solidi.

358 1180 434 1211 Item
449 1179 583 1210 Thomas
605 1180 644 1210 de
669 1179 780 1218 Rynde
807 1179 864 1209 sub
886 1179 1006 1214 eodem,
1031 1177 1118 1218 cujus
1139 1179 1234 1208 bursa

314 1229 343 1260 V
356 1229 430 1260 albi.

358 1279 434 1309 Item
450 1277 583 1308 Michael
599 1278 638 1308 de
661 1277 775 1317 Leydis
791 1278 849 1307 sub
870 1277 1018 1318 magistro
1038 1276 1178 1306 Gerardo
1194 1277 1232 1306 de

317 1327 467 1364 Domher,
484 1326 571 1367 cujus
587 1328 682 1358 bursa
697 1326 725 1355 V
739 1325 844 1356 solidi.

359 1377 434 1407 Item
450 1377 661 1407 Theodericus
681 1375 757 1405 Oem
770 1376 829 1405 sub
844 1376 993 1416 magistro
1010 1375 1180 1405 Laureucio
1194 1375 1232 1405 de

319 1426 486 1462 Londoris,
505 1425 594 1466 cujus
606 1426 701 1455 bursa
715 1424 742 1454 V
759 1424 864 1454 solidi.

734 1519 831 1550 1397

315 1592 395 1633 (Pol.
436 1590 514 1630 28b)
553 1590 646 1621 Acta
688 1590 724 1620 in
763 1590 1026 1630 procuratoria
1063 1590 1232 1631 magistri

365 1640 548 1671 Johannis
581 1641 624 1670 de
653 1639 790 1675 zamae,
823 1638 916 1669 alias
943 1640 987 1668 de
1011 1639 1186 1679 Campen.

357 1720 450 1751 Facta
483 1719 730 1760 congregacione
765 1719 905 1748 nacionis
943 1719 1114 1759 Anglicane
1152 1729 1232 1749 anno

320 1769 446 1801 Domini
469 1769 501 1799 Μ
515 1768 596 1799 CCC
610 1767 733 1804 XCV10‚
757 1768 798 1797 X·
819 1768 869 1798 die
894 1768 1004 1798 Marcii
1025 1769 1107 1808 apud
1135 1768 1233 1798 Sanc-

314 1825 378 1850 tum
402 1818 601 1852 Maturinum,
625 1827 720 1857 super
741 1817 842 1847 tribus
862 1817 1012 1848 articulis.
1042 1817 1166 1848 Primus
1194 1818 1233 1847 ad

311 1868 492 1909 eligendum
507 1877 620 1897 novum
631 1872 864 1906 procuratorem
879 1867 928 1896 vel
938 1867 977 1896 ad
993 1866 1232 1896 continuandum

318 1917 489 1957 antiquum.
506 1917 552 1946 2¹²·
566 1921 632 1946 erat
646 1925 742 1955 super
758 1922 902 1956 computo
917 1915 1034 1945 domini
1047 1916 1230 1955 receptoris.

315 1967 364 1997 3·-
375 1975 472 2007 super
483 1964 769 2006 supplicacionibus
784 1971 814 1995 et
829 1963 962 2004 injuriis.
983 1965 1084 2005 Super
1100 1975 1232 2005 quorum

318 2015 419 2056 primo
433 2014 550 2045 electus
565 2014 622 2044 fuit
637 2014 669 2044 in
686 2020 917 2053 procuratorem
931 2014 1128 2044 concorditer
1146 2014 1232 2044 nullo

318 2064 503 2095 reclamante
527 2063 675 2104 magister
696 2062 853 2093 lohannes
875 2063 914 2092 de
937 2063 1051 2099 Zande,
1071 2063 1123 2103 qui
1147 2063 1232 2093 dedit

319 2113 442 2144 nacioni
456 2113 468 2143 1
485 2114 620 2142 francum
639 2112 677 2141 ad
692 2113 929 2152 perpotandum.
947 2112 1050 2152 Super
1066 2113 1097 2142 2⁰
1116 2112 1232 2153 placuit

290 2158 293 2159 ⁷
314 2162 437 2192 nacioni
452 2161 579 2191 differre
595 2167 771 2201 computum
790 2161 907 2191 domini
927 2162 1109 2201 recepturis.
1130 2161 1232 2202 Super

312 2213 348 2243 3⁰
361 2211 549 2252 supplicavit
562 2209 740 2240 Ortwinus⁴
754 2210 793 2239 de
808 2209 1008 2240 Francsordia
1023 2217 1056 2240 ut
1070 2210 1131 2240 sibi
1145 2221 1231 2241 com-

319 2266 480 2302 putaretur
501 2259 578 2290 illud
598 2266 731 2299 tempus,
751 2259 834 2299 quod
856 2259 962 2289 habuit
979 2259 1228 2300 Heydelberghe‚

314 2319 375 2351 pro
409 2309 508 2350 gradu
537 2307 755 2338 baculu-intus.
785 2307 822 2338 Et
852 2307 909 2338 fuit
936 2308 1127 2348 supplicacio
1154 2318 1231 2339 con-

313 2368 414 2390 cessa.

356 2407 472 2438 Eadem
487 2406 536 2436 die
551 2406 674 2436 fuerunt
685 2405 843 2436 distributi
862 2416 985 2436 menses
997 2407 1035 2436 ad
1053 2406 1231 2436 examinan-

310 2457 387 2487 dum
404 2455 578 2486 bucularius
601 2455 632 2484 in
650 2465 781 2490 camera,
799 2464 856 2495 pro
874 2465 1005 2495 quorum
1025 2455 1126 2496 primo
1147 2461 1178 2485 et
1199 2456 1231 2485 4⁰

314 2505 486 2540 solverunt,
502 2510 536 2534 ut
552 2504 648 2534 moris
670 2510 729 2539 est,
747 2503 896 2543 magister
913 2503 1044 2543 Egidius
1062 2504 1179 2534 Jutsaes
1201 2511 1232 2535 et

314 2553 463 2594 magister
479 2553 624 2583 Galterus
641 2552 808 2583 Forestarii
826 2552 845 2582 4
860 2552 996 2588 solidos3
1015 2563 1072 2592 pro
1088 2553 1121 2582 2⁰
1139 2553 1231 2583 solvit

310 2602 458 2633 dominus
471 2608 655 2642 procurator
672 2601 732 2631 1111
750 2601 886 2637 solidos;
905 2611 962 2641 pro
975 2603 1009 2631 3⁰
1023 2602 1116 2632 solvit
1130 2602 1231 2632 domi-

314 2660 374 2681 nu·
390 2650 588 2681 Godscalkus
603 2649 700 2680 Vrese
716 2650 742 2679 V
763 2650 882 2680 solidos
891 2662 899 2687 3
916 2656 947 2680 et
961 2651 1017 2680 fuit
1030 2651 1161 2691 pecunia
1172 2651 1231 2681 ista

311 2698 406 2730 simul
423 2701 626 2739 pet-potamia
641 2700 797 2739 chapletin.

355 2747 431 2778 ltem
453 2754 621 2778 convocata
649 2749 766 2788 prefata
793 2748 921 2778 nacione
950 2747 1122 2788 Anglicana
1149 2758 1230 2779 anno

317 2796 441 2827 Domini
460 2806 523 2837 quo
541 2806 647 2837 supra,
665 2796 737 2826 Xll·
760 2796 810 2826 die
835 2796 954 2832 Marcii,
980 2798 1060 2837 apud
1085 2797 1230 2827 Sanctum

316 2845 507 2876 Maturinum
519 2844 597 2875 hora
608 2846 641 2876 3·
654 2851 726 2886 post
738 2846 900 2886 prandium
915 2855 1010 2885 super
1024 2846 1146 2876 duobus
1159 2846 1230 2877 arti-

349 2959 372 2984 1.
406 2959 465 2985 ruit
479 2959 615 2985 ortwinum
628 2960 768 2994 Hoppcnor
778 2961 811 2986 de
822 2961 1002 2990 Prnnotordin.
1012 2969 1056 2986 ιιι.
1068 2961 1162 2986 tamin
1173 2961 1231 2986 Um'-

315 2995 438 3020 mu'ede
453 2995 660 3029 Heidelberpum‘
671 2995 827 3022 inmutatus.
845 2996 899 3021 rid.
916 2997 1036 3026 Tonn,
1052 2997 1098 3022 ni·
1110 2997 1230 3022 nutrito!

831 464 942 491 LIBER
963 464 1277 491 PROCURATORUM
1297 465 1476 492 NATIONIS
1495 467 1739 495 ANGLICANAE

1271 986 1305 1012 10

1271 1230 1304 1257 15

1269 1476 1304 1502 20

1269 1721 1304 1748 25

1268 1967 1303 1994 30

1267 2212 1302 2238 35

1267 2456 1302 2483 40

1267 2700 1301 2727 45

2201 473 2251 499 734

1342 542 1430 571 culis.
1450 542 1573 572 Primus
1594 543 1742 573 articulus
1762 552 1828 574 erat
1844 546 1882 575 de
1902 546 2056 586 aliquibus
2067 547 2250 587 juramentis

1342 601 1401 629 que
1417 591 1682 630 debebantjurare
1698 593 1752 627 illi,
1766 594 1817 633 qui
1832 596 1975 633 petebant
1985 596 2166 626 dilacionem
2180 599 2250 627 bur-

1343 649 1457 669 sarum.
1477 641 1523 669 2²⁶
1538 651 1633 680 super
1650 642 1935 682 supplicacionibus
1951 651 1981 674 et
1997 644 2129 685 injuriis.
2151 647 2251 686 Super

1342 689 1444 728 primo
1459 689 1661 719 deliberatum
1675 691 1740 726 fuit,
1760 693 1843 731 quod
1858 693 1987 732 quilibet
2000 701 2107 733 petens
2123 696 2250 725 dilacio-

1343 747 1413 766 nem
1437 739 1600 768 bursarum
1620 738 1740 778 juraret
1762 740 1935 780 juramenta
1959 753 2018 782 que
2045 751 2216 783 sequuntur
2242 757 2247 773 :

1345 785 1483 816 Primum
1507 794 1555 817 est
1580 790 1663 828 quod
1683 789 1813 828 quilibet
1831 789 1915 829 juret
1943 791 1974 820 in
2005 792 2094 831 plena
2123 794 2250 823 nacione

1342 841 1455 865 extunc
1470 846 1503 866 se
1519 847 1581 866 non
1597 837 1710 867 habere
1724 839 1896 868 facultatem
1908 841 2050 879 apposita
2065 842 2166 871 debita
2184 843 2250 872 dili-

1341 884 1452 924 gencia
1474 886 1512 914 ad
1534 885 1715 916 solvendum
1736 886 1911 926 hujusmodi
1933 889 2044 919 bursas
2065 891 2186 920 nacioni
2213 902 2250 921 ex

1341 940 1429 973 parte
1444 934 1683 964 determinancie
1696 946 1752 975 per
1767 947 1834 966 eum
1849 937 1984 974 debitas;
2001 939 2039 968 2¹¹¹
2053 946 2111 975 est,
2128 942 2210 980 quod
2225 942 2250 970 si

1341 988 1411 1012 ante
1438 983 1602 1013 terminum
1625 985 1815 1024 assignatum
1843 987 2037 1026 contingeret
2062 999 2116 1018 eos
2138 989 2250 1019 habere

1341 1032 1514 1071 potenciam
1527 1033 1678 1069 solvendi,
1691 1040 1800 1063 extunc
1814 1035 2026 1066 satisfacerent
2042 1038 2163 1067 nacioni
2179 1049 2250 1078 pre-

1340 1081 1493 1110 veniendo
1503 1082 1666 1111 terminum
1683 1083 1852 1113 solucionis
1865 1084 1910 1114 eis
1925 1095 2122 1122 concessum;
2140 1088 2180 1116 3¹¹³
2190 1095 2248 1123 est,

1343 1131 1427 1170 quod
1458 1138 1611 1171 ponerent
1639 1133 1719 1161 bona
1744 1133 1873 1172 pignera
1903 1144 1962 1173 que
1995 1135 2117 1174 publice
2147 1144 2250 1166 essent

1341 1179 1475 1219 duplicis
1492 1181 1607 1210 valoris
1629 1181 1677 1210 vel
1699 1182 1737 1210 ad
1757 1181 1858 1211 minus
1876 1183 2055 1222 sequialteri
2074 1185 2105 1213 in
2126 1196 2250 1226 compa-

1340 1229 1465 1259 racione
1488 1236 1518 1259 et
1539 1236 1682 1270 respectu
1700 1231 1738 1259 ad
1759 1230 1894 1260 debitum
1920 1242 1976 1271 pro
1998 1234 2248 1270 determinancia,

1341 1279 1399 1308 sub
1415 1285 1518 1308 tamen
1538 1279 1679 1308 custodia
1703 1286 1733 1308 et
1750 1290 1839 1309 manu
1860 1281 1977 1311 domini
1998 1283 2187 1322 receptoris;
2211 1284 2250 1312 4¹¹¹

1341 1328 1423 1367 quod
1437 1327 1464 1357 si
1479 1328 1558 1358 infra
1569 1334 1690 1368 tempus
1706 1329 1854 1368 prefixum
1869 1330 1998 1369 pignera
2015 1341 2069 1360 sua
2084 1341 2145 1361 non
2159 1333 2250 1362 rede-

1341 1377 1465 1412 merint,
1489 1384 1601 1407 extunc
1626 1378 1713 1407 naeio
1737 1378 1786 1407 vel
1812 1385 1955 1417 receptor
1981 1390 2089 1410 secure
2115 1382 2249 1411 vendere

1341 1432 1450 1466 posset
1471 1426 1552 1456 dicta
1574 1426 1715 1467 pignera,
1737 1437 1799 1456 non
1821 1428 1972 1467 requisito
1989 1439 2144 1459 consensu
2167 1430 2249 1460 illius

1341 1475 1394 1515 qui
1412 1486 1448 1505 ea
1474 1476 1701 1516 impigneravit,
1720 1482 1749 1506 et
1772 1476 1867 1505 eciam
1886 1477 1952 1506 sine
1970 1478 2150 1508 auctoritate
2163 1478 2250 1518 judi-

1341 1525 1386 1555 cis
1403 1524 1452 1554 vel
1473 1524 1539 1565 ejus
1554 1535 1708 1554 consensu
1727 1535 1822 1565 super
1843 1525 1900 1554 hoc
1924 1527 2086 1566 requisito,
2103 1528 2145 1557 ita
2166 1530 2249 1568 quod

1335 1573 1400 1614 juri
1414 1584 1470 1604 suo
1491 1575 1528 1604 de
1548 1584 1611 1603 non
1625 1574 1820 1612 vendendi[s]
1836 1575 2020 1615 pigneribus
2036 1576 2103 1605 sine
2118 1578 2249 1607 auctori-

1340 1622 1521 1664 tatejudicis
1535 1630 1645 1653 extunc
1658 1624 1827 1652 renunciet.

1382 1673 1483 1712 Super
1506 1673 1537 1701 2⁰
1561 1672 1690 1702 articulo
1714 1673 1900 1712 supplicavit
1925 1674 2067 1703 dominus
2093 1674 2249 1704 Johannes

1345 1721 1459 1752 Mathei
1483 1732 1540 1762 pro
1561 1721 1712 1751 dilacione
1727 1722 1889 1751 bursarum
1905 1722 1936 1751 in
1955 1723 2204 1758 determinancia,
2219 1730 2250 1753 et

1342 1771 1398 1802 fuit
1413 1770 1604 1812 supplicacio
1617 1780 1775 1804 concessa,
1793 1776 1822 1799 et
1830 1769 1946 1810 juravit
1953 1770 2124 1810 juramenta
2141 1782 2247 1812 supra-

1343 1820 1470 1860 scripta.
1504 1820 1544 1850 Et
1574 1820 1630 1849 fuit
1658 1826 1790 1859 protunc
1821 1819 2021 1850 deliberatum
2054 1822 2135 1860 quod
2167 1821 2248 1851 dicta

1334 1868 1509 1910 juramenta
1549 1869 1761 1898 scriberentur
1797 1869 1828 1897 in
1868 1868 1948 1898 libro
1992 1870 2246 1908 percumenario²

1339 1917 1497 1954 nacionis;
1516 1924 1546 1948 et
1563 1918 1604 1947 ita
1619 1920 1728 1947 iactum
1749 1924 1806 1947 est.

1381 1968 1456 1998 Item
1483 1973 1648 1997 convocata
1672 1967 1800 1996 nacione
1824 1967 1952 2006 prefata.
1979 1967 2097 1997 scilicet
2120 1967 2245 2008 Anglie,

1339 2027 1419 2046 anno
1445 2016 1569 2046 Domini
1587 2026 1648 2055 quo
1673 2026 1777 2055 supra,
1795 2015 1899 2045 ultima
1922 2016 1972 2045 die
1995 2016 2111 2045 mensis
2138 2016 2245 2047 Marcii

1339 2067 1419 2106 apud
1431 2065 1575 2095 Sanctum
1589 2065 1774 2094 Maturinum
1786 2064 1860 2094 hora
1874 2065 1971 2104 prima
1988 2064 2100 2094 Nostro
2115 2065 2246 2095 Domine

1339 2124 1434 2154 super
1451 2115 1573 2144 duobus
1597 2114 1747 2143 articulis.
1772 2113 1895 2143 Primus
1918 2120 1983 2142 erat
2003 2115 2040 2143 ad
2059 2114 2246 2154 dispensan-

1340 2164 1427 2199 dum3
1450 2163 1497 2192 2¹¹·
1518 2172 1613 2202 super
1632 2162 1915 2202 supplicacionibus
1937 2169 1967 2191 et
1988 2161 2119 2202 injuriis.
2145 2163 2246 2203 Super

1341 2212 1442 2252 primo
1465 2211 1650 2251 supplicavit
1673 2211 1816 2240 dominus
1840 2211 1996 2240 lohannes
2017 2212 2055 2240 de
2083 2212 2186 2247 Porta,
2211 2214 2246 2242 'ut

1338 2260 1406 2301 ipse
1422 2260 1537 2300 poterit
1549 2260 1813 2290 subdeterminare
1829 2265 1858 2289 et
1875 2270 1942 2289 cum
1959 2259 2015 2289 hoc
2034 2260 2154 2290 solvere
2171 2262 2245 2290 bur-

1339 2319 1390 2339 sas
1407 2318 1491 2345 suas,
1508 2315 1538 2339 et
1557 2310 1640 2349 quod
1657 2310 1694 2338 de
1712 2308 1765 2338 illo
1787 2309 1875 2338 nacio
1896 2309 1971 2338 velit
1992 2319 2094 2338 secum
2117 2310 2244 2349 dispen-

1339 2368 1419 2388 sare.
1437 2357 1533 2398 Cujus
1549 2357 1739 2398 supplicacio
1754 2357 1811 2387 fuit
1825 2367 1973 2387 concessa
1991 2364 2021 2387 et
2038 2358 2125 2387 nacio
2141 2368 2243 2388 secum

1338 2413 1471 2447 protunc
1494 2407 1697 2447 dispensavit.
1721 2406 1822 2446 Super
1843 2407 1876 2435 2⁰
1895 2406 2024 2435 articulo
2049 2407 2243 2446 supplicave-

1338 2462 1411 2486 runt
1433 2456 1578 2486 dominus
1605 2455 1759 2495 Georgius
1783 2455 1959 2494 Coltmayer
1982 2456 2019 2484 de
2045 2454 2242 2495 Fcryughem

1337 2505 1481 2535 dominus
1493 2504 1673 2534 Conrardus
1686 2505 1724 2534 de
1740 2503 1946 2543 Munsinghen
1963 2510 1992 2533 et
2007 2504 2150 2533 dominus
2167 2504 2243 2534 Pan·

1337 2554 1439 2584 taleon
1454 2554 1491 2583 de
1507 2553 1752 2593 Meminghen‚ut
1768 2553 1805 2582 nd
1817 2553 2143 2582 subdcterminanciam
2161 2554 2244 2592 a[d]-

1337 2603 1532 2633 mitterentur
1556 2608 1698 2642 tanquam
1722 2612 1885 2642 pauperes.
1915 2601 1952 2630 Et
1974 2602 2029 2630 suit
2053 2602 2243 2641 supplicacio

1338 2650 1502 2691 cujuslibet
1516 2651 1655 2691 ipsorum
1673 2661 1831 2680 concessa.
1853 2650 1891 2679 Et
1905 2649 2020 2689 juravit
2035 2650 2164 2689 quilibet
2179 2657 2243 2680 sta-

1338 2707 1434 2731 tutum
1449 2699 1648 2740 paupertatis.

1378 2749 1453 2779 ltem
1471 2750 1548 2779 sacta
1569 2748 1813 2788 congregacione
1838 2748 1953 2787 prefate
1972 2747 2110 2776 nacionis
2132 2748 2244 2788 Angli-

1338 2808 1413 2829 cane
1427 2808 1508 2828 anno
1524 2797 1645 2827 Domini
1659 2807 1720 2837 quo
1736 2807 1840 2836 supra.
1858 2796 1898 2825 11·
1914 2796 1963 2825 die
1981 2796 2096 2826 mensis
2111 2797 2241 2837 Aprilis,

1337 2848 1417 2887 apud
1443 2846 1586 2877 Sanctum
1612 2846 1808 2879 Maturinum,
1835 2844 1910 2874 hora
1933 2846 1965 2874 3·
1987 2851 2057 2883 post
2080 2846 2242 2885 prandium

1338 2961 1385 2986 der
1398 2961 1560 2986 Univenitat
1573 2960 1738 2991 Heidelberg.
1751 2959 1770 2988 1,
1782 2967 1808 2991 p.
1820 2960 1859 2983 w.

1369 2998 1392 3021 2.
1427 2998 1444 3020 Ι.
1463 3004 1485 3020 0.
1501 2995 1711 3028 pergamenurio.
