2632 3464
420 421 451 446 71
963 418 1187 445 AUCTARIUM
1213 417 1474 445 CHARTULARII
1498 419 1673 446 UNIVERS.
1695 420 1814 447 PARIS.
2319 422 2367 449 72·

418 495 570 530 nacionis,
599 495 630 524 in
661 493 748 534 cujus
775 494 1009 533 procuracionis
1037 500 1177 533 tempore
1205 501 1330 533 peracta

418 545 541 574 fuerunt
556 555 615 583 que
633 550 790 573 secuntur.

458 594 493 622 ln
512 593 622 633 primis
634 593 826 622 Laurencius
839 593 969 632 Trugoti
985 593 1023 621 de
1040 592 1134 621 Dacia
1149 592 1329 621 licenciatus

419 644 456 671 ad
481 643 623 672 Sanctam
649 643 847 678 Genovesam,
871 641 958 681 cujus
983 643 1078 670 bursa
1098 641 1124 669 V
1147 641 1239 670 solidi
1261 651 1330 670 cum

423 692 563 727 dimidio,
577 693 635 721 sub
652 691 803 731 magistro
819 691 968 721 Nicholao
987 692 1023 720 de
1042 690 1147 720 Dacia.

466 741 541 770 Item
561 741 709 781 magister
727 740 881 770 Henricus
905 741 942 769 de
965 740 1137 778 Pluscardy
1155 740 1212 768 sub
1231 739 1331 778 magi-

426 797 491 820 stro
505 790 630 819 Galtero
646 791 683 820 de
698 790 879 825 Wardelau‚
895 799 981 828 cujus
997 790 1091 817 bursa
1106 788 1166 817 1111
1184 788 1287 817 solidi.

461 840 536 869 Item
552 840 712 869 Rolandus
728 840 765 868 de
782 839 949 878 Norwegia
964 838 1144 867 licenciatus
1160 838 1217 866 sub
1236 837 1330 877 magi-

419 895 485 918 stro
502 889 642 918 Johanne
657 890 695 918 de
710 889 869 927 Sarburgo
882 887 904 923 ⁴,
922 886 1009 926 cujus
1025 888 1119 916 bursa
1131 886 1157 915 V
1171 886 1275 916 solidi.

462 939 537 968 Item
563 938 698 967 Alardus
721 938 758 966 de
778 938 886 966 Lunna
906 936 1175 966 subdeterminans
1199 936 1330 965 Gerardi

421 989 458 1017 de
476 988 678 1021 Attenderna‚
698 986 783 1025 cujus
802 987 896 1015 bursa
913 985 1021 1015 nichil.

463 1038 537 1066 Item
562 1037 706 1065 dominus
733 1034 890 1064 Sisridus²
915 1035 1070 1074 Cymdrus
1098 1036 1136 1064 de
1160 1035 1330 1064 Muebertis

422 1086 602 1115 licenciatus
623 1086 680 1115 sub
705 1085 854 1124 magistro
875 1084 982 1114 Ulrico
1002 1085 1040 1113 de
1064 1084 1220 1124 Augusta,
1243 1082 1330 1123 cujus

421 1137 512 1165 bursa
532 1135 638 1164 nichil.

465 1185 540 1214 Item
570 1184 713 1213 dominus
738 1183 895 1212 Johannes
923 1184 960 1212 de
981 1183 1109 1212 Prussia
1129 1184 1187 1212 sub
1210 1183 1329 1217 eodem,

427 1234 514 1273 cujus
531 1235 625 1262 bursa
642 1233 701 1262 1111
718 1233 821 1262 solidi.

463 1284 616 1322 Compoto
646 1284 724 1311 facto
757 1293 774 1311 a
804 1282 953 1322 magistro
986 1282 1092 1311 Ulrico
1121 1283 1159 1310 de
1191 1281 1333 1321 Augusta

424 1339 585 1372 receptore
600 1332 740 1361 nacionis
761 1331 791 1360 in
808 1331 943 1360 crastino
955 1330 967 1349 ³
984 1331 1103 1360 Pasche
1119 1341 1200 1360 anno
1220 1340 1332 1370 supra-

421 1383 502 1411 dicto
531 1382 613 1421 apud
648 1382 792 1410 Sanctum
827 1380 1009 1410 Matulinum
1043 1381 1117 1410 hora
1153 1380 1253 1420 prime
1294 1381 1331 1408 de

423 1431 567 1460 omnibus
598 1430 890 1465 determinantibus‚
922 1430 1092 1459 licenciatis
1120 1436 1150 1459 et
1173 1429 1332 1469 magistris

420 1492 436 1509 a
469 1487 610 1519 tempore
642 1481 835 1509 brandonum
867 1491 874 1508 ε
905 1479 1028 1508 Summa
1057 1479 1123 1508 LVI
1155 1479 1234 1508 libre
1264 1488 1332 1508 cum

421 1530 557 1559 dimidia.

465 1580 589 1608 Summa
608 1579 711 1608 totalis
731 1585 926 1618 receptorum
945 1588 1044 1617 usque
1063 1578 1095 1606 in
1117 1578 1232 1607 dictum
1251 1578 1332 1606 diem

425 1629 490 1658 LVI
514 1629 592 1657 libre
613 1639 680 1657 cum
703 1628 841 1657 dimidia.
866 1627 990 1657 Summa
1010 1627 1168 1656 misiarum
1189 1627 1332 1656 omnibus

420 1678 604 1717 computatis
633 1677 718 1706 XLII
746 1677 824 1706 libre
852 1687 920 1706 cum
947 1676 1049 1705 XVIII
1080 1676 1205 1711 solidis,
1232 1682 1261 1705 et
1287 1676 1332 1705 sic

424 1733 566 1766 receptor
589 1733 710 1756 tenetur
728 1727 850 1755 nacioni
875 1727 906 1754 in
922 1726 995 1755 XIII
1015 1726 1105 1754 libris
1126 1726 1184 1755 XII
1210 1725 1331 1760 solidis,

421 1777 579 1806 defalcatis
598 1777 740 1805 omnibus
759 1775 958 1805 defalcandis.

464 1825 653 1854 Monendum
672 1826 755 1864 quod
771 1825 854 1854 scole
869 1835 931 1854 non
949 1830 1092 1854 taxantur
1107 1824 1138 1853 in
1154 1824 1236 1853 dicto
1252 1834 1332 1853 com-

419 1881 504 1914 poto.

827 1968 926 1997 1344

449 2040 614 2081 Thempus
636 2039 924 2079 procuracionis
948 2039 1119 2078 magistri
1141 2037 1301 2067 Walteri

677 2090 719 2118 de
749 2089 927 2118 WVardlau
959 2087 1076 2118 Scoti.

463 2171 553 2200 Anno
578 2171 702 2200 Domini
725 2171 888 2200 millesimo
918 2171 1134 2200 trecentesimo
1159 2171 1335 2210 quadrage-

423 2221 501 2250 simo
515 2227 635 2260 quarto,
649 2221 698 2249 die
713 2219 836 2249 martis⁴
850 2220 990 2259 proxima
1006 2226 1078 2259 post
1091 2221 1201 2249 festum
1215 2219 1334 2249 Pasche

429 2270 607 2299 convocatis
620 2269 763 2298 omnibus
780 2269 938 2309 magistris
951 2275 1019 2298 actu
1035 2269 1215 2309 regentibus
1229 2269 1335 2298 nacio-

426 2320 474 2348 nis
489 2319 661 2358 Anglicane
677 2320 757 2358 apud
775 2319 918 2347 Sanctum
939 2318 1134 2353 Matulinum,
1150 2318 1266 2347 electus
1281 2318 1336 2347 fuit

426 2369 574 2408 magister
589 2368 732 2397 Galterus
749 2369 786 2396 de
804 2368 955 2397 NVardlau
975 2368 1086 2397 Scotus
1104 2367 1133 2396 in
1151 2374 1336 2406 procurato-

425 2428 489 2446 rem
520 2417 659 2446 nacionis
690 2417 829 2457 predicte
859 2427 917 2456 per
950 2417 1028 2446 viam
1062 2418 1159 2446 saneti
1188 2417 1334 2456 spiritus,

426 2467 456 2496 in
488 2466 575 2506 cujus
603 2466 838 2506 procuracionis
866 2473 1004 2505 tempore
1034 2473 1101 2495 acta
1129 2467 1253 2495 suerunt
1277 2476 1336 2506 que

427 2522 609 2556 sequuntur.

466 2565 500 2594 In
518 2565 628 2605 primis
646 2575 794 2594 concessa
810 2571 875 2594 erat
892 2565 1022 2604 quedam
1039 2565 1226 2604 supplicatio
1242 2565 1337 2604 magi-

426 2615 482 2644 stri
497 2615 646 2644 Johannis
663 2615 761 2653 Peny,
771 2614 890 2643 scilicet
904 2615 987 2653 quod
1004 2621 1172 2653 poneretur
1188 2614 1219 2643 in
1234 2614 1336 2643 rotulo

426 2664 581 2699 nacionis,
601 2664 627 2693 si
645 2664 758 2703 aliquis
773 2663 894 2692 rotulus
911 2663 1084 2692 mitteretur
1102 2673 1159 2702 pro
1178 2663 1336 2703 magistris

426 2715 463 2742 ad
479 2713 594 2742 curiam
610 2713 790 2747 Romanam,
806 2723 867 2741 non
882 2713 1024 2742 obstante
1038 2712 1182 2741 absencia
1198 2723 1263 2742 sua.

469 2763 544 2792 Item
564 2762 712 2802 magister
732 2762 900 2792 Nicholaus
920 2762 957 2791 de
979 2761 1076 2791 Dacia
1095 2762 1282 2801 computavit
1300 2762 1336 2790 de

460 2852 480 2874 1.
514 2851 599 2875 Primo
609 2856 617 2873 ··
629 2851 793 2882 Salisburgo.

459 2888 482 2910 2.
516 2889 585 2910 Inter
599 2886 689 2910 lineas.

461 2925 483 2946 3.
519 2925 532 2946 5
547 2922 652 2955 Aprilis.

459 2959 482 2982 lt.
517 2959 531 2982 6
543 2958 648 2990 Aprilis.

1369 940 1403 966 10

1370 1186 1403 1211 15

1370 1432 1404 1457 20

1371 1678 1405 1704 25

1371 1926 1405 1952 30

1372 2171 1406 2196 35

1376 2666 1408 2692 45

1438 495 1574 534 receptis
1602 495 1634 523 in
1660 501 1798 535 tempore
1822 496 1956 525 rectorie
1981 506 2052 532 sue,
2077 496 2164 536 cujus
2189 504 2352 538 compotus

1439 544 1594 573 admissus
1613 544 1668 574 suit
1683 550 1713 574 et
1730 546 1920 584 approbatus
1937 555 1954 574 a
1969 551 2032 575 tota
2048 546 2199 576 facultate.
2243 546 2246 550 ’

1481 592 1556 622 Item
1572 593 1715 622 dominus
1731 593 1890 623 Gerardus
1906 595 1943 623 de
1962 594 2155 624 Attenderna
2172 595 2352 626 licenciatus

1440 642 1496 671 fuit
1521 642 1604 681 apud
1634 642 1774 672 Sanctam
1798 643 1985 672 Genovesam
2010 645 2068 672 sub
2093 645 2243 684 magistro
2270 645 2353 674 Her-

1440 700 1553 720 manno
1569 690 1698 726 Bochel‚
1712 690 1799 731 cujus
1813 693 1909 721 bursa
1925 692 1985 721 1111
2002 692 2107 722 solidi.

1482 739 1557 768 Item
1574 740 1717 770 dominus
1731 739 1913 770 Gothfridus
1929 742 1966 770 de
1983 741 2158 781 Silvagrifis
2173 742 2352 772 licenciatus

1441 788 1497 817 fuit
1513 789 1594 828 apud
1609 789 1754 819 Nostram
1770 789 1933 819 Dominam
1952 791 2010 820 sub
2026 791 2175 830 magistro
2191 791 2299 821 Ulrico
2314 792 2352 821 de

1440 837 1593 877 Augusta,
1610 837 1698 877 cujus
1715 839 1811 868 bursa
1826 839 1899 868 VIII
1918 839 2011 869 solidi
2030 840 2090 869 1111
2109 840 2243 869 denarii.

1481 886 1556 916 Item
1585 887 1730 917 dominus
1758 887 1915 918 Johannes
1943 889 1981 918 de
2009 889 2149 919 VVesalia
2172 889 2353 919 licenciatus

1441 936 1497 966 fuit
1512 937 1594 976 apud
1612 937 1756 966 Nostram
1770 937 1933 966 Dominam
1951 939 2008 967 sub
2024 938 2174 978 magistro
2190 938 2297 968 Ulrico
2315 939 2353 968 de

1440 985 1593 1025 Augusta,
1608 985 1695 1026 cujus
1712 987 1807 1015 bursa
1820 986 1927 1022 nichil,
1942 993 2000 1016 etc.

1482 1035 1557 1064 Item
1575 1035 1756 1064 licenciatus
1777 1035 1833 1064 suit
1848 1036 1991 1065 dominus
2009 1036 2167 1066 Mauricus
2185 1037 2223 1066 de
2241 1037 2353 1066 Susato

1441 1085 1523 1123 apud
1545 1084 1689 1114 Nostram
1716 1084 1878 1113 Dominam
1901 1086 1958 1114 sub
1979 1085 2128 1125 magistro
2151 1085 2293 1115 Waltero
2315 1086 2353 1115 de

1441 1132 1592 1163 Wardlau
1612 1133 1720 1168 Scuto,
1742 1132 1829 1173 cujus
1845 1134 1940 1163 bursa
1955 1133 2028 1163 VIII
2047 1134 2150 1164 solidi.

1482 1182 1554 1222 (Fol.
1585 1182 1659 1222 48¹2)
1691 1183 1767 1212 Item
1798 1183 1977 1212 licenciatus
2010 1183 2066 1213 suit
2098 1184 2181 1223 apud
2209 1183 2353 1213 Nostram

1444 1231 1606 1261 Dominam
1635 1232 1780 1261 dominus
1807 1232 1971 1261 Conradus
1997 1233 2035 1262 de
2059 1231 2270 1262 Geilenhusen
2295 1233 2353 1262 sub

1444 1281 1594 1320 magistro
1611 1281 1718 1310 Ulrico
1734 1281 1772 1310 de
1787 1280 1939 1321 Augusta,
1957 1281 2043 1321 cujus
2058 1282 2154 1311 bursa
2165 1282 2192 1311 V
2207 1281 2310 1311 solidi.

1482 1330 1557 1359 Item
1573 1330 1753 1360 licenciatus
1767 1331 1823 1359 suit
1835 1330 1979 1360 dominus
1991 1331 2175 1360 Willermus
2188 1331 2226 1360 de
2241 1330 2353 1360 Sancto

1443 1379 1537 1409 Claro
1558 1379 1670 1409 Scotus
1690 1381 1772 1419 apud
1792 1380 1936 1410 Nostram
1953 1379 2115 1409 Dominam
2131 1381 2189 1410 sub
2204 1380 2354 1419 magistro

1442 1428 1584 1458 Waltero
1602 1430 1640 1458 de
1655 1429 1808 1458 Wardlau
1824 1429 1929 1464 Scoto,
1947 1428 2034 1468 cujus
2050 1430 2146 1459 bursa
2155 1429 2196 1458 VI
2209 1429 2311 1458 solidi.

1484 1478 1559 1507 Item
1573 1478 1721 1518 magister
1735 1478 1894 1508 Menricus
1908 1478 2026 1517 incepit
2037 1478 2069 1507 in
2085 1478 2203 1507 artibus
2217 1479 2274 1507 sub
2290 1487 2355 1508 ma-

1443 1527 1543 1566 gistro
1552 1527 1694 1557 Waltero
1707 1528 1744 1556 de
1753 1527 1905 1557 Wardlau
1919 1527 2024 1563 Scoto,
2035 1526 2122 1567 cujus
2135 1528 2231 1556 bursa
2242 1527 2316 1557 VIII
2326 1537 2352 1556 s.

1484 1576 1558 1606 Item
1573 1577 1752 1606 licenciatus
1767 1577 1823 1606 suit
1835 1577 1979 1606 dominus
1992 1577 2147 1606 Lubertus
2162 1578 2199 1606 de
2213 1575 2354 1616 Trajeeto

1444 1626 1501 1654 sub
1521 1626 1671 1666 magistro
1690 1626 1867 1655 Hermanno
1884 1626 1982 1655 Bokel
1997 1626 2079 1665 apud
2095 1626 2237 1655 Sanctam
2253 1625 2354 1655 Geno·

1442 1675 1540 1704 vefam
1551 1698 1558 1710 ‚
1576 1674 1663 1715 cujus
1678 1676 1773 1704 bursa
1789 1675 1816 1704 V
1832 1675 1924 1704 solidi
1942 1682 1972 1704 et
1988 1675 2029 1704 VI
2046 1675 2176 1704 denarii.

1485 1725 1559 1753 Item
1576 1724 1755 1754 licenciatus
1773 1724 1829 1753 fuit
1843 1724 1986 1754 dominus
2003 1725 2168 1754 Conradus
2181 1725 2219 1754 de
2237 1723 2355 1763 Berlyn

1443 1774 1525 1813 apud
1550 1773 1694 1803 Nostram
1718 1774 1882 1803 Dominam
1905 1774 1962 1803 sub
1982 1773 2131 1813 magistro
2154 1773 2296 1803 Waltero
2316 1773 2354 1802 de

1442 1822 1594 1852 Wardlau
1613 1823 1717 1858 Scuto,
1734 1821 1822 1862 cujus
1840 1823 1935 1852 bursa
1952 1822 2058 1852 nichil.

1850 1915 1948 1944 1344

1444 1988 1602 2028 Tempus
1639 1987 1941 2017 continuacionis
1982 1987 2155 2027 magistri
2194 1986 2355 2016 Walteri

1754 2038 1795 2066 de
1821 2036 2041 2066 Wardlau5.

1487 2109 1561 2147 Item
1572 2127 1653 2147 anno
1664 2117 1804 2156 predicto
1819 2127 1878 2156 pro
1890 2127 1994 2146 mense
2005 2117 2179 2146 immediate
2191 2116 2335 2156 sequenti
2343 2115 2356 2135 ⁶

1444 2168 1639 2196 continuatus
1662 2167 1703 2196 fui
1732 2167 1764 2196 in
1791 2172 2023 2206 procuratorem
2042 2166 2179 2205 predicte
2203 2165 2354 2201 nacionis,

1445 2217 1476 2246 in
1506 2215 1592 2257 cujus
1621 2216 1855 2256 procuracionis
1883 2222 2021 2255 tempore
2053 2221 2119 2245 acta
2145 2216 2268 2244 fuerunt
2295 2224 2356 2254 que

1446 2272 1628 2306 sequuntur.

1486 2316 1521 2344 In
1540 2314 1649 2355 primis
1667 2314 1811 2344 dominus
1829 2314 2006 2343 Alexander
2020 2314 2058 2343 de
2075 2313 2274 2343 Abircrumbi
2290 2313 2356 2342 sol-

1445 2366 1487 2395 vit
1515 2365 1541 2394 V
1569 2364 1719 2399 florenos,
1750 2364 1782 2392 in
1811 2363 1924 2402 quibus
1954 2364 2115 2393 tenebatur
2146 2362 2268 2392 nacioni
2296 2372 2356 2402 pro

1447 2414 1707 2444 determinacione
1724 2423 1789 2442 sua.

1487 2464 1561 2493 Item
1591 2462 1740 2502 magister
1761 2462 1886 2491 Ulricus
1908 2461 2045 2491 reddidit
2067 2466 2241 2500 compotum
2267 2470 2355 2490 suum

1445 2513 1566 2542 finalem
1581 2513 1612 2541 in
1630 2511 1794 2552 presencia
1808 2511 1948 2540 nacionis
1965 2511 2047 2550 apud
2063 2510 2208 2539 Sanctum
2227 2509 2355 2539 Maturi-

1446 2573 1529 2598 num,
1547 2562 1600 2601 qui
1613 2561 1749 2600 scriptus
1768 2567 1815 2590 est
1831 2570 1931 2600 prope
1946 2560 2036 2589 finem
2051 2559 2153 2599 papiri
2170 2565 2227 2588 etc.
2241 2557 2254 2577 ⁷

1486 2612 1562 2641 Item
1588 2610 1768 2640 licenciatus
1797 2610 1854 2639 fuit
1880 2609 2024 2638 dominus
2047 2607 2232 2647 Gossvynus
2255 2608 2356 2637 dictus

1447 2661 1550 2691 Storm
1567 2661 1605 2689 de
1619 2659 1727 2689 Bomel
1737 2659 1819 2698 apud
1833 2658 1976 2688 Sanctam
1989 2658 2174 2687 Genevefam
2190 2658 2248 2686 sub
2262 2657 2357 2697 magi-

1447 2717 1512 2740 stro
1529 2709 1666 2739 Henrico
1687 2714 1818 2748 cognato
1839 2707 1980 2747 magistri
1998 2706 2142 2742 Gerardi‚
2158 2705 2246 2746 cujus
2262 2707 2357 2736 bursa

1446 2760 1472 2789 V
1490 2759 1594 2794 solidi,
1613 2759 1631 2788 9
1650 2757 1781 2787 denarii.

1478 2851 1501 2871 5.
1533 2847 1645 2872 Rubrica
1658 2847 1755 2878 ucripta
1769 2846 1795 2870 in
1810 2845 1934 2878 margine.

1477 2886 1500 2907 6.
1536 2884 1611 2907 Circa
1624 2885 1638 2906 5
1651 2882 1725 2907 Maii.

1478 2921 1500 2944 7.
1535 2921 1626 2944 Postea
1639 2918 1751 2951 spatium
1763 2919 1778 2941 6
1788 2917 1923 2941 linearum.
1942 2917 1996 2942 Vid.
2012 2917 2050 2946 73,
2060 2917 2083 2941 8.
