2632 3464
267 1472 406 1498 Condicio

266 1517 406 1543 librorum

420 421 459 437 ¹11
1257 410 1520 437 INTRODUCTIO

423 488 598 537 registra,
617 495 802 537 quantum
821 486 868 523 ad
888 487 1083 523 saeculum
1103 501 1165 523 xlv
1182 495 1220 524 et
1239 487 1382 524 saeculi
1397 500 1444 523 xv
1461 489 1663 523 maximam
1680 495 1842 537 partem,
1866 487 2007 522 amissa
2026 493 2116 522 sunt
2138 487 2164 521 ¹.
2187 487 2259 523 Per
2273 486 2354 524 lon·

426 559 610 607 ginquum
632 558 713 594 aevi
735 558 901 607 spatium
918 558 1030 592 unius
1051 557 1218 593 nationis
1238 557 1475 605 Anglicanae
1493 558 1657 607 registra
1673 564 1894 606 supersunt,
1914 555 1961 592 ab
1978 556 2113 605 eisque
2129 568 2227 605 quae
2241 555 2354 594 fuerit

425 628 580 663 Parisiis
607 628 685 663 vita
711 627 981 676 magistrorum
1007 626 1316 675 scholariumque
1336 627 1470 662 intima
1491 626 1758 676 repetendum.
1779 628 1912 675 ltaque
1933 626 2075 661 nimiae
2097 625 2354 662 verecundiae

426 697 538 733 nobis
566 696 718 733 videtur
749 709 794 732 ea
823 709 921 746 quae
950 697 988 731 in
1021 695 1096 732 fine
1130 697 1297 745 Registri
1326 697 1346 731 3
1377 697 1545 732 nationis
1572 695 1687 745 Angl.
1724 695 1867 745 legitur
1893 695 2098 738 sententia,
2133 693 2355 731 charactere

424 766 556 803 saeculi
571 780 633 802 xiv
649 767 792 815 scripta
814 779 821 801 :
842 779 859 800 «
878 767 975 802 Nota
994 765 1098 814 quod
1115 765 1211 801 infra
1232 764 1351 801 multa
1366 766 1626 809 continentur,
1648 777 1722 814 que
1738 763 1933 801 modicum
1948 763 2132 801 valebunt
2147 771 2236 814 post
2252 763 2356 800 mille

425 849 545 872 annos
564 837 747 886 persicos.
770 849 788 870 »

475 907 528 942 Ex
553 919 599 942 eo
622 905 728 942 fonte
750 918 871 954 pauca
898 906 1064 940 Burnus
1087 911 1126 940 et
1151 905 1235 940 Car.
1260 905 1438 940 Jouamm
1460 902 1508 939 de
1524 902 1639 939 rebus
1655 903 1926 940 Universitatis
1945 910 2162 946 traxerunt;
2182 902 2355 939 analecta

427 983 578 1013 tantum
601 975 710 1019 alter,
732 974 956 1023 speciminis
975 975 1108 1014 instar,
1125 974 1163 1009 in
1178 974 1310 1009 Indice
1321 972 1494 1008 chronol.
1514 985 1584 1008 suo
1603 972 1787 1021 vulgavit.
1805 971 1898 1008 Inde
1915 971 2025 1021 plura
2045 971 2094 1008 de
2114 973 2357 1008 institutione

426 1046 533 1082 novit
552 1046 593 1081 C.
612 1046 762 1080 Tnunor
776 1044 802 1079 2.
824 1044 1094 1092 Mag-istrorum
1116 1042 1302 1092 quaedam
1320 1043 1476 1078 nomina
1492 1049 1531 1078 et
1551 1054 1793 1091 nequaquam
1812 1042 1940 1078 omnia
1961 1041 2141 1085 celebria,
2163 1048 2356 1078 scrutatus

426 1123 487 1151 est
506 1113 723 1150 Alexander
739 1115 945 1149 Bunmszm
959 1114 992 1155 3;
1011 1112 1178 1162 denique
1197 1125 1295 1148 unus
1316 1111 1520 1154 editorum,
1543 1112 1731 1147 Henricus
1754 1112 1913 1147 Dmm:
1934 1111 2239 1147 vetustissimum
2258 1111 2356 1160 regi-

427 1193 546 1221 strum
565 1197 626 1219 an.
646 1183 858 1219 1:333-1348
881 1181 1025 1231 publici
1044 1182 1140 1231 juris
1156 1181 1284 1224 fecit4,
1305 1182 1401 1217 utin
1421 1188 1528 1217 tomo
1542 1182 1572 1216 ll
1593 1180 1834 1216 chartularii
1849 1181 2119 1217 Universitatis
2140 1180 2214 1217 loci
2231 1179 2357 1216 afferri

425 1261 597 1304 possent.
1515 1295 1517 1297 v

475 1326 607 1372 ltaque
634 1322 731 1358 liber
751 1322 1025 1372 procuratoris,
1048 1334 1162 1370 quern
1186 1321 1224 1355 in
1246 1327 1405 1356 extenso
1430 1319 1594 1360 edimus,
1618 1319 1787 1356 ineditus
1810 1318 2048 1368 reputandus
2069 1326 2142 1362 est,
2163 1326 2202 1356 et
2221 1331 2358 1355 venam

427 1406 564 1430 novam
581 1392 857 1442 quaerentibus
878 1392 1164 1441 pretiosamque
1186 1390 1321 1439 aperit.

476 1463 662 1500 Condicio
695 1462 879 1498 librorum
911 1461 1173 1511 procuratoris
1200 1460 1369 1496 nationis
1393 1458 1642 1508 Anglicanae,
1666 1459 1744 1507 jam
1774 1458 1929 1495 saeculo
1958 1471 2004 1493 xv
2042 1459 2185 1507 iniqua,
2224 1465 2359 1507 postea

428 1535 550 1584 pejor,
578 1545 679 1568 nunc
707 1533 876 1581 pessima
901 1538 973 1567 est.
1005 1532 1231 1579 Quanquam
1257 1530 1295 1564 in
1323 1542 1411 1565 arca
1435 1530 1603 1565 nationis
1633 1528 1931 1578 reponebantur,
1965 1529 2118 1577 saepius
2144 1527 2284 1564 multas
2307 1526 2359 1563 ob

429 1616 564 1640 causas
585 1602 746 1639 extracti
771 1608 861 1637 sunt
883 1608 997 1649 atque
1022 1601 1059 1635 in
1081 1611 1215 1635 manus
1238 1598 1504 1648 imprudentes
1524 1595 1585 1634 vel
1609 1604 1795 1634 nocentes
1817 1598 1990 1647 repositi.
2017 1596 2128 1634 Unde
2152 1596 2360 1633 multorum

427 1673 720 1723 procurationes
741 1683 928 1707 annorum
947 1671 1111 1706 amissae
1132 1676 1234 1711 sunt,
1258 1667 1361 1718 quod
1383 1667 1494 1704 facile
1514 1681 1559 1704 ex
1579 1667 1741 1704 elencho
1761 1674 2054 1717 procuratorum
2076 1669 2153 1716 (pp.
2177 1664 2358 1713 945-965)

430 1750 548 1793 patet.
569 1743 662 1779 Cum
678 1753 778 1776 anno
798 1741 890 1775 1333
907 1752 1008 1775 nunc
1023 1740 1143 1775 series
1162 1739 1310 1788 incipit,
1327 1751 1415 1774 mox
1427 1739 1614 1787 jacturam
1627 1750 1684 1773 an.
1712 1738 1804 1773 1333
1819 1736 2027 1773 Jam-1337
2041 1735 2115 1772 Jul.
2135 1735 2275 1772 deinde
2295 1749 2356 1772 an.

433 1814 524 1849 1338
549 1812 669 1848 totius
692 1823 806 1860 passo
827 1810 954 1859 priore
979 1808 1195 1851 volumine3
1219 1815 1355 1857 postea
1376 1807 1493 1857 aliqui
1516 1819 1669 1843 menses
1695 1819 1782 1842 ann.
1813 1805 2038 1848 1359-1362,
2064 1812 2102 1841 et
2132 1805 2224 1840 1365
2246 1806 2356 1841 Mart.

429 1882 476 1918 ad
503 1883 596 1918 1368
622 1881 709 1917 Mai.
736 1879 939 1922 deficiunt,
966 1886 1007 1914 ut
1037 1878 1085 1914 de
1114 1877 1346 1920 minoribus,
1370 1889 1524 1926 semper
1549 1877 1587 1912 in
1612 1877 1715 1912 notis
1741 1874 1942 1918 indicatis,
1965 1881 2175 1911 taceamus.
2201 1875 2358 1911 Gravior

430 1955 529 1990 inter
549 1965 609 1988 an.
637 1950 849 1986 1383-1392
870 1948 1019 1992 lacuna,
1045 1949 1069 1983 i.
1093 1961 1127 1984 e.
1149 1961 1247 1983 unus
1268 1947 1366 1983 liber
1385 1948 1536 1995 integer
1551 1945 1764 1995 interjacet.

480 2022 650 2058 Salutem
668 2021 713 2055 iis
735 2019 843 2054 libris
860 2018 995 2054 afferre
1011 2017 1216 2059 voluimus,
1240 2030 1326 2053 cum
1343 2017 1474 2054 charta
1487 2025 1694 2062 vetustate,
1716 2030 1801 2060 usu,
1823 2015 2054 2053 humiditate
2069 2015 2244 2065 plurimis
2263 2016 2361 2065 peri-

428 2092 526 2128 culis
551 2091 725 2140 exposita
747 2090 810 2125 sit.
836 2090 1067 2137 Temporurn
1096 2087 1231 2135 injuria
1260 2087 1507 2136 pessumdata
1537 2087 1744 2130 volumina,
1772 2087 1925 2136 quoties
1948 2086 2159 2135 aperueriS,
2185 2085 2223 2120 in
2249 2085 2359 2134 pejus

429 2161 584 2198 cadunt.
609 2162 691 2196 Jam
710 2159 842 2195 charta
860 2158 995 2193 horum
1013 2155 1165 2192 infimae
1185 2156 1382 2205 qualitatis
1398 2164 1481 2193 erat
1498 2170 1585 2193 cum
1602 2155 1706 2192 natio
1727 2155 1954 2206 Anglicana,
1972 2167 2125 2203 semper
2142 2167 2229 2190 aere
2249 2153 2358 2197 levis,

429 2245 513 2268 eam
530 2231 780 2279 comparavit,
803 2235 841 2264 et
862 2228 935 2277 ipsi
957 2234 1226 2276 procuratores
1247 2239 1324 2262 non
1348 2239 1433 2262 raro
1454 2225 1684 2263 deterrimae
1704 2234 1818 2262 notae
1835 2225 2006 2262 chartam
2025 2225 2258 2273 vituperant.

479 2300 579 2348 Quid
607 2299 655 2335 de
682 2299 896 2348 scripturae
919 2296 1127 2346 generibus
1152 2309 1172 2332 a
1196 2303 1254 2332 tot
1281 2296 1595 2345 procuratoribus
1617 2295 1800 2331 adhibitis
1824 2294 2024 2330 dicemus?
2047 2292 2156 2329 Alius
2178 2292 2357 2335 celerius,

432 2371 528 2407 alius
544 2369 705 2410 tardius,
726 2368 787 2404 hic
805 2367 1025 2416 diligenter,
1044 2365 1108 2402 ille
1129 2373 1288 2408 temere,
1309 2367 1473 2415 quisque
1494 2365 1706 2402 secundum
1731 2377 1877 2401 morem
1899 2365 1937 2399 in
1958 2364 2117 2413 regione
2138 2375 2212 2412 qua
2229 2363 2360 2398 oriun—

430 2441 502 2477 dus
526 2447 607 2476 erat
631 2440 828 2479 usitatum,
859 2443 942 2472 acta
964 2436 1131 2472 nationis
1153 2436 1357 2471 enarravit.
1383 2435 1678 2472 Characteribus
1699 2436 1736 2470 in
1759 2435 1895 2470 Suecia
1911 2433 1972 2469 vel
1991 2432 2148 2469 Polonia
2163 2433 2362 2469 consuetis

430 2510 606 2547 succedit
626 2521 760 2544 manus
775 2505 1053 2543 adolescentuli
1075 2505 1139 2554 qui
1161 2505 1199 2540 in
1220 2512 1389 2541 extrema
1411 2506 1539 2542 Scotia
1556 2504 1747 2541 elementa
1768 2503 1969 2539 didicerat.
1993 2501 2105 2538 Tales
2127 2503 2245 2552 igitur
2269 2515 2360 2552 pro-

429 2581 649 2617 curationes
676 2579 707 2614 si
734 2578 820 2627 quis
846 2583 1023 2612 accurate
1047 2574 1305 2611 transcribere
1329 2574 1435 2618 velit,
1461 2587 1586 2624 neque
1613 2574 1735 2610 oculis
1762 2586 1888 2623 neque
1913 2573 2078 2622 tempori
2107 2571 2358 2621 parcendum,

431 2651 658 2701 praesertim
680 2661 780 2690 cum,
804 2653 907 2683 teste
927 2644 1093 2695 quodam
1115 2651 1378 2694 procuratore,
1403 2659 1419 2679 «
1441 2657 1610 2694 papyrus
1627 2644 1710 2680 ssuit
1734 2658 1751 2678 >³
1773 2646 1822 2694 (p.
1847 2644 1932 2686 343,
1956 2656 1992 2678 n.
2021 2643 2069 2692 1).

474 2771 501 2799 1,
546 2766 687 2796 'Sationis
709 2765 885 2794 Gallicanae
906 2762 1150 2792 vetustissimum
1174 2761 1340 2801 registrum
1492 2762 1520 2790 2.
1564 2764 1609 2790 De
1626 2761 1853 2800 l’organisation
1870 2761 1906 2788 de
1922 2760 2162 2798 l'enseignement
2179 2759 2256 2787 dans
2267 2758 2360 2788 l'Um'-

434 2819 533 2857 (Ar-ch.
567 2818 650 2846 Unio.
684 2819 756 2854 Reg.
794 2814 819 2853 1)
855 2813 937 2852 quod
970 2813 1008 2841 ad
1039 2821 1097 2840 nos
1129 2811 1271 2850 pervenit
1302 2812 1340 2840 ad
1452 2813 1557 2839 ver-site
1573 2811 1611 2839 de
1624 2812 1715 2839 Paris
1727 2821 1768 2839 au
1785 2808 2105 2849 Moyen-Age(1850).

435 2876 532 2896 annos
568 2865 742 2894 1443-1455
774 2862 924 2902 pertinet,
966 2860 1106 2890 Nationis
1138 2859 1340 2889 Picardorum
1490 2861 1519 2889 3.
1564 2861 1621 2888 Die
1641 2860 1822 2889 Universildt
1835 2860 1927 2887 Par-is
1941 2859 2003 2886 und
2017 2859 2066 2886 die
2079 2858 2223 2886 Fremden
2239 2867 2279 2885 an
2295 2857 2363 2885 der·-

432 2926 524 2945 unum
556 2915 654 2953 {Ar-cli.
692 2915 775 2944 Unio.
802 2915 875 2951 Reg.
911 2910 957 2950 11)
983 2911 1020 2938 ad
1044 2919 1143 2938 annos
1165 2908 1340 2938 1476—1483
1449 2909 1549 2938 selben
1565 2910 1604 2937 im
1619 2910 1806 2943 Mittelalter,
1825 2907 1943 2942 Berlin,
1962 2908 2049 2937 1876.

431 2971 559 3005 spectat.
1490 2958 1519 2987 [ι.
1567 2958 1601 2987 ln
1613 2958 1722 2986 Archiv
1737 2959 1789 2996 fiir·
1804 2957 2044 2986 Litteramr-und
2057 2955 2302 2994 Kirchngesch„
2322 2953 2361 2985 V.
