2632 3464
895 410 1165 439 MEMORABILIA
1184 410 1269 437 NAT.
1289 408 1536 437 ANGLICANAE

302 492 489 524 Iohannem
509 491 551 524 de
569 490 699 536 Inghen
711 490 736 530 ¹,

303 545 483 577 Hectorem
497 543 567 578 Vilt
582 543 624 576 de
643 544 795 576 Huessen
807 542 833 582 ²,

2102 413 2182 429 xxxix

1264 486 1450 519 Johannem
1471 484 1512 517 de
1532 483 1718 517 Kalchosen
1733 483 1758 522 ³,

1266 543 1448 576 Henricum
1464 542 1506 574 de
1523 541 1696 576 Wardlaw
1707 541 1731 572 4.

310 628 459 666 Ibidem
481 630 520 664 in
539 628 645 665 Rom.
671 627 780 663 curia
802 626 1033 676 quandoque
1052 628 1167 664 etiam
1185 627 1325 664 litteris
1343 641 1384 664 se
1405 626 1663 670 tradiderunt,
1689 633 1731 662 ut
1754 625 1992 662 Christianus
2013 623 2061 659 de
2084 623 2183 665 Elst,

261 698 384 735 schol.
408 697 527 734 theol.
546 698 573 733 ⁵.

311 767 432 804 Multo
454 766 585 816 plures
605 766 773 802 nationis
790 764 922 815 Aug-L,
945 778 1059 815 quam
1077 766 1175 802 infra
1189 773 1381 809 notamus,
1398 767 1593 802 Bononiae
1609 766 1670 814 jus
1692 764 1804 800 civile
1822 763 1884 800 vel
1905 764 2019 800 etiam
2035 763 2188 799 canoni·
2207 772 2351 800 Bononiae

263 850 350 874 cum
380 835 619 873 audiverunt.
658 834 733 871 Sed
767 847 854 870 cum
886 835 1111 872 matriculae
1140 837 1342 872 Scotorum
1370 843 1409 872 et
1439 837 1646 871 Suecorum
1680 833 1962 877 desiderentur,
1990 831 2190 868 matricula

263 907 431 943 nationis
452 905 699 942 Germanicae
718 911 868 941 tantum
889 905 945 941 uti
968 906 1178 954 potuimus.
1205 907 1259 944 Ex
1281 906 1328 942 iis
1349 907 1414 955 qui
1434 906 1629 941 Bononiae
1650 903 1894 947 studuerunt,
1917 902 2072 953 quidam
2093 903 2193 939 sicut

264 975 383 1025 aliqui
397 973 614 1011 Aurelianis
629 973 845 1018 studentes,
869 973 1113 1010 solummodo
1130 982 1266 1024 postea
1278 975 1433 1011 Parisiis
1450 974 1593 1024 gradus
1615 975 1655 1010 in
1671 973 1818 1009 artibus
1838 979 2080 1022 receperunt.
2099 972 2192 1008 Cum

265 1045 420 1080 nomina
438 1055 688 1093 personarum
707 1042 939 1092 quandoque
958 1042 1020 1079 hic
1047 1043 1259 1081 secundum
1274 1046 1437 1094 patriam
1460 1044 1599 1088 solum,
1621 1043 1700 1080 illic
1728 1042 1940 1079 secundum
1966 1042 2196 1091 cognomina

266 1114 452 1163 inscripta
477 1113 574 1157 sint,
597 1113 682 1148 sine
699 1111 817 1148 dubio
836 1113 875 1147 in
895 1119 1029 1150 nostro
1046 1113 1215 1150 Elencho
1230 1113 1381 1150 diversa
1403 1114 1559 1150 nomina
1578 1113 1850 1162 praetermissa
1871 1118 1973 1147 sunt.

311 1215 492 1249 Goswinus
507 1215 549 1248 de
569 1215 743 1261 Duisburg
754 1215 778 1255 ⁶,

312 1273 511 1307 Buchardus
536 1273 577 1305 de
594 1273 790 1306 Constantia
803 1273 828 1312 ⁷,

312 1331 522 1365 Ramboldus
536 1332 667 1365 Vaener
683 1331 724 1363 de
745 1331 933 1364 Gamundia
947 1332 973 1370 ⁸,

314 1390 503 1423 Hartwicus
521 1389 562 1422 de
583 1389 731 1422 Hammis
746 1389 770 1429 9,

315 1448 522 1481 Hilbrandus
552 1454 585 1480 et
607 1447 759 1480 Andreas
788 1447 999 1480 Sudermann
1029 1447 1070 1480 de
1097 1449 1236 1481 Tremo-

361 1506 430 1546 nia,
445 1506 576 1546 fratres,

316 1564 473 1598 Nicolaus
491 1563 626 1597 Trutler
644 1564 686 1596 de
703 1563 888 1609 Rutlingen
899 1563 937 1603 ¹⁰,

316 1622 488 1656 Arnoldus
509 1622 550 1654 de
569 1622 746 1662 Arnheim,

318 1680 495 1714 Gotsridus
513 1681 649 1725 Cayphe
665 1680 706 1713 de
725 1680 863 1713 Prussia
879 1679 915 1720 ¹¹,

319 1738 485 1772 Hem-icus
499 1738 541 1771 de
557 1739 665 1778 Goch,

320 1797 496 1831 Conradus
513 1797 556 1829 de
573 1796 784 1830 Geilnhusen
797 1797 835 1837 ¹²,

320 1855 479 1902 Hilgerus
494 1855 536 1888 de
557 1855 696 1888 Colonia
709 1855 747 1895 13,

319 1959 347 1989 1.
391 1957 526 1987 Rotulus
554 1956 796 1993 Avenionensis,
833 1967 882 1987 an.
923 1958 1011 1996 1378,
1041 1958 1073 1987 in
1108 1957 1188 1998 Reg.

278 2006 390 2048 Suppl.
406 2007 505 2038 Clem.
521 2006 591 2042 Vll,
605 2010 639 2036 ῐιο
651 2007 702 2044 48,
719 2007 772 2037 sol.
792 2007 848 2036 121
863 2007 890 2037 ¹³.
908 2007 1100 2047 Designatur
1113 2007 1189 2037 ibid.

277 2066 359 2096 mag.
375 2056 408 2085 in
421 2062 480 2086 art.
498 2061 529 2085 et
543 2056 611 2086 bac.
629 2054 743 2095 injure
759 2066 826 2086 can.

318 2106 349 2135 2.
392 2105 484 2141 lbid„
500 2105 553 2134 sol.
571 2105 639 2135 125.
657 2105 733 2135 Voc.
750 2115 831 2145 mag.
848 2111 907 2136 art.
924 2105 1080 2141 Paris.,in
1094 2105 1193 2135 medi-

279 2155 349 2185 cina
361 2160 540 2195 provectus,
558 2154 688 2184 scolaris
699 2154 731 2183 in
742 2153 812 2194 jure
827 2154 921 2185 civili.

319 2205 350 2234 3.
393 2203 487 2239 1ὂίιί.,
513 2203 565 2233 fol.
594 2203 650 2233 125
665 2203 689 2232 ¹².
719 2203 798 2233 lbid.
819 2210 951 2234 vocatur
970 2214 1052 2244 mag.
1076 2204 1107 2233 in
1135 2210 1194 2234 art.

280 2252 436 2289 Pal-isius,
451 2259 620 2293 provectus
635 2253 667 2282 in
677 2251 750 2293 jure
760 2263 844 2291 cam,
859 2252 913 2293 qui
931 2253 963 2283 in
979 2254 1085 2283 eadem
1103 2253 1196 2283 sacul-

280 2308 342 2332 tate
373 2308 434 2332 tam
468 2302 574 2332 Padue
606 2312 697 2342 quam
736 2302 809 2332 alibi
843 2302 901 2332 Vll
937 2303 1028 2332 annis
1066 2303 1194 2333 studuit.

281 2351 343 2381 An.
373 2351 462 2387 1366,
489 2351 745 2391 archiepiscopus
777 2351 1036 2393 Salzeburgensis
1058 2362 1117 2392 pro
1140 2362 1197 2382 suo

285 2411 302 2429 α
312 2401 481 2431 secretario
495 2413 522 2436 n,
535 2400 606 2430 Joh.
620 2401 657 2430 de
672 2400 853 2437 Kalchofen,
870 2401 944 2431 cler.
963 2401 1196 2437 Constantiens,

283 2449 412 2480 Urbano
442 2449 470 2479 V
498 2449 671 2490 supplicat,
706 2456 740 2480 ut
766 2450 897 2490 recipiat
926 2450 1037 2480 eccles.
1069 2450 1197 2490 paroch.

285 2498 319 2529 S.
343 2498 502 2529 Laurentii
519 2499 551 2528 in
581 2499 754 2535 Mirtzthal,
781 2499 964 2540 Salzeburg.
993 2500 1107 2535 dioec„
1130 2509 1198 2529 cum

284 2554 346 2578 tam
362 2547 495 2578 Parisiis
518 2558 609 2588 quam
628 2548 751 2578 Paduae
770 2548 828 2578 VII
845 2549 936 2579 annis
960 2549 1010 2579 vel
1030 2549 1113 2578 circa
1129 2548 1201 2589 jura

286 2597 433 2627 canonica
457 2597 611 2627 audiverit
634 2597 722 2638 (Reg.
751 2597 861 2638 Suppl.
886 2597 1006 2628 Urbani
1030 2597 1068 2634 V,
1093 2608 1142 2628 an.
1168 2599 1198 2634 4,

286 2652 362 2676 tom.
376 2646 474 2684 unic.,
494 2646 546 2676 fol.
564 2646 644 2687 247).

327 2696 359 2726 4.
403 2695 582 2732 Foummzn,
599 2698 620 2726 l.
637 2707 678 2731 c.‚
693 2695 734 2732 11,
753 2697 823 2733 331,
841 2697 880 2726 ad
895 2706 944 2726 an.
964 2697 1052 2727 1393.

328 2746 358 2774 5.
401 2744 508 2781 Biton,
525 2747 692 2775 Bullatium
709 2747 854 2782 Trajece„
872 2745 913 2782 ll,
930 2753 965 2775 ῐιΩ
983 2746 1071 2776 1254.

329 2794 359 2823 6.
402 2796 479 2823 Acta
498 2802 562 2824 nat.
592 2795 791 2824 Germanicae
817 2797 847 2824 in
875 2796 974 2825 studio
1005 2796 1202 2832 Bononiensi,

290 2852 323 2882 p.
341 2843 410 2878 113,
425 2844 464 2872 ad
479 2853 529 2873 an.
549 2843 638 2873 1346.

332 2892 362 2921 7.
406 2892 499 2928 lbid„
516 2902 548 2932 p.
565 2893 633 2928 119,
653 2893 721 2929 120,
734 2893 772 2922 ad
785 2903 835 2922 an.
851 2894 941 2924 1349.

332 2940 363 2972 8.
402 2940 494 2977 Ibid„
507 2942 546 2971 ad
560 2951 610 2972 an.
625 2941 714 2980 1359,
727 2953 758 2982 p.
773 2942 841 2972 125.

1273 1217 1442 1250 Hubertus
1458 1216 1499 1248 de
1520 1215 1673 1256 Colonia,

1279 1275 1448 1307 Johannes
1465 1275 1593 1306 Grecus
1607 1273 1643 1314 ¹¹¹,

1279 1333 1444 1365 Henricus
1462 1332 1574 1365 Bilant
1586 1332 1624 1372 ¹5,

1281 1390 1451 1423 Arnoldus
1467 1391 1508 1422 de
1522 1390 1668 1436 Rogiten
1684 1390 1722 1430 ¹⁰,

1282 1449 1440 1482 Nicolaus
1457 1448 1596 1482 Schnell
1608 1449 1645 1480 ¹⁷.

1286 1507 1455 1540 Johannes
1474 1507 1515 1539 de
1531 1506 1712 1539 Pritzwalk
1723 1506 1758 1550 (P)
1771 1506 1808 1547 ¹⁸,

1286 1565 1443 1598 Nicolaus
1459 1565 1500 1597 de
1516 1564 1720 1610 Kunigstein
1735 1564 1773 1604 ¹⁹,

1290 1622 1497 1656 Godefridus
1519 1622 1561 1655 de
1577 1624 1683 1656 Harve
1696 1622 1734 1662 20,

1285 1681 1452 1714 Henricus
1468 1680 1510 1712 de
1526 1682 1654 1720 Hoven,

1290 1740 1461 1785 Rutgerus
1483 1738 1526 1771 de
1545 1740 1655 1771 Drove
1671 1738 1709 1779 2¹,

1286 1798 1348 1830 Job
1367 1798 1479 1831 Vener
1495 1797 1537 1829 de
1556 1796 1745 1843 Argentina
1758 1796 1795 1837 ²²,

1287 1854 1444 1888 Nicolaus
1462 1854 1504 1887 de
1521 1854 1710 1901 Offeuburg
1723 1854 1761 1895 23,

1340 1960 1370 1988 9.
1415 1957 1494 1988 Tres
1511 1964 1678 1998 sequentes
1694 1958 1785 1996 ibid„
1797 1968 1846 1988 an.
1863 1958 1951 1996 1367,
1964 1968 1995 1998 p.
2011 1959 2078 1989 129.

1342 2008 1391 2037 10.
1436 2007 1530 2045 thid„
1547 2018 1578 2047 p.
1595 2007 1663 2046 130,
1677 2008 1730 2037 ubi
1746 2014 1776 2037 et
1794 2017 1941 2047 sequenS.

1343 2058 1391 2087 11.
1436 2057 1530 2094 Jbid„
1546 2067 1578 2096 p.
1599 2058 1667 2095 131,
1685 2058 1722 2086 ad
1738 2067 1787 2086 an.
1802 2058 1891 2093 1368,
1909 2063 1939 2086 et
1956 2062 2098 2097 sequent.

1343 2107 1392 2135 12.
1438 2105 1508 2135 Vid.
1523 2106 1602 2136 infra
1616 2107 1779 2137 Addenda.

1345 2155 1392 2185 13.
1439 2155 1486 2184 De
1513 2155 1583 2195 ipso
1611 2161 1641 2184 et
1667 2162 1816 2195 sequente
1836 2158 1924 2192 Acta,
1943 2162 2015 2191 etc.,
2036 2166 2068 2195 p.
2090 2155 2147 2185 132
2165 2165 2214 2195 sq.

1303 2205 1342 2234 ad
1359 2214 1408 2233 an.
1427 2205 1516 2234 1370.
1530 2203 1579 2233 An
1595 2203 1645 2233 hic
1662 2203 1788 2244 illicque
1803 2204 1885 2235 allati
1900 2205 1992 2234 iidem
2007 2207 2098 2235 sunt?

1346 2254 1394 2283 14.
1439 2253 1534 2288 lbid„
1550 2264 1582 2293 p.
1600 2254 1667 2283 132.
1688 2268 1691 2271 >

1347 2305 1395 2332 15.
1437 2302 1531 2339 Ibid.,
1545 2313 1577 2342 p.
1596 2303 1664 2338 134,
1682 2304 1720 2332 ad
1737 2313 1786 2334 an.
1803 2305 1892 2334 1370.

1346 2353 1394 2382 16.
1439 2352 1533 2390 Ibid„
1550 2363 1582 2392 p.
1600 2352 1668 2390 137,
1683 2354 1722 2382 ad
1737 2363 1787 2382 an.
1806 2353 1893 2383 1374.

1348 2403 1396 2431 17.
1440 2401 1489 2431 Ad
1498 2411 1547 2432 an.
1558 2402 1647 2437 1379,
1656 2412 1686 2441 p.
1698 2403 1754 2431 141
1765 2409 1795 2432 et
1803 2402 1871 2432 394.
1882 2402 2218 2443 Sup.p.xxxvm,n.15.

1349 2451 1397 2480 18.
1441 2451 1533 2486 lbid„
1554 2461 1586 2490 p.
1608 2451 1676 2480 141.

1350 2501 1398 2530 19.
1442 2500 1534 2537 thid„
1550 2510 1582 2540 p.
1603 2500 1670 2535 145,
1685 2501 1723 2530 ad
1738 2511 1787 2530 an.
1803 2501 1891 2531 1382.

1349 2549 1399 2578 20.
1444 2549 1491 2579 De
1505 2549 1626 2579 duobus
1643 2550 1857 2590 sequentibus,
1870 2561 1901 2590 p.
1914 2550 1971 2579 146
1982 2560 2045 2591 sq.,
2060 2560 2113 2580 an.
2132 2551 2220 2580 1385.

1350 2598 1401 2628 21.
1443 2598 1537 2634 Ιὺὶἀ.,
1552 2609 1584 2638 p.
1606 2600 1674 2629 147.

1350 2647 1402 2677 22.
1447 2647 1544 2677 Deest
1554 2648 1585 2677 in
1602 2650 1764 2684 Αιιειανίος
1780 2649 1835 2678 sed
1852 2648 1984 2678 Parisiis
1999 2648 2031 2678 in
2042 2654 2100 2678 art.
2119 2649 2223 2678 deter-

1312 2696 1451 2734 minavit,
1470 2702 1503 2726 ut
1518 2707 1534 2725 e
1556 2696 1698 2734 Tosmuz,
1715 2698 1859 2725 Matrikel
1876 2697 1931 2726 der
1954 2698 2135 2728 Universitett
2149 2699 2224 2726 Hei-

1312 2746 1447 2785 delberg,
1479 2746 1503 2781 1,
1540 2755 1571 2785 p.
1611 2746 1666 2783 23,
1704 2746 1882 2782 ediscimus,
1922 2752 1952 2776 et
1986 2746 2109 2786 quidem
2146 2747 2226 2776 inter

1313 2805 1385 2825 ann.
1416 2795 1493 2824 1383
1522 2801 1551 2824 et
1581 2795 1670 2832 1387,
1706 2795 1758 2835 qui
1786 2795 1857 2824 anni
1889 2805 1970 2825 nunc
1995 2796 2223 2825 desiderantur.

1314 2844 1440 2879 Postea,
1457 2854 1507 2873 an.
1529 2844 1616 2880 1393,
1636 2844 1796 2874 Bononiae
1812 2844 1938 2874 studuit.
1959 2843 2030 2875 vid.
2048 2847 2136 2883 Acta,
2153 2851 2225 2880 etc.,

1315 2903 1346 2933 p.
1375 2893 1431 2923 152
1457 2899 1487 2922 et
1509 2893 1663 2929 Luscum,
1686 2894 1854 2932 Vorliiufige
1879 2894 2017 2923 Mistheil.
2039 2900 2111 2931 etc.,
2125 2905 2157 2934 p.
2175 2895 2225 2924 45.

1356 2943 1406 2972 23.
1451 2942 1544 2978 mid„
1562 2952 1592 2982 p.
1608 2943 1675 2977 160,
1695 2943 1733 2971 ad
1753 2952 1802 2972 an.
1824 2941 1912 2972 1407.
