2632 3464
1270 0 1361 10 ’zu-1³⁵1
1388 0 1783 26 wavfflwwww
1805 2 1844 15 ,»·.,.
1866 1 1951 14 ¹;,¹
1983 5 2012 15 4.
2039 5 2054 14 ,r
2099 5 2103 11 .
2127 8 2130 9 ν
2190 11 2191 14 ,
2220 6 2223 11 ,
2276 6 2277 9 ,

1470 11 1555 33 :ww
1579 13 1595 34 ,3
1626 11 1703 37 ’,Νίκα
1810 14 1850 30 ..a
1883 19 1914 30 η,
1933 22 1942 31 ,
1968 12 1992 18 ··
2013 15 2015 18 ⁴
2120 15 2133 21 ν
2156 17 2162 23 ³
2188 16 2193 19 ·’
2290 19 2335 34 ·,,

1455 46 1457 49 .
1582 36 1595 42 n
1631 34 1647 43 ω
1723 35 1746 46 ,’
2215 37 2222 44 a
2262 36 2267 43 ι

1534 56 1539 57 ⁷
1564 58 1566 60 ,
2188 46 2197 55 ⁴
2305 52 2313 60 1
2339 51 2343 61 V

412 454 462 479 807

410 531 533 559 domum
549 529 586 557 de
602 537 682 557 novo
699 533 728 556 et
743 527 852 556 iterato
867 525 1019 556 locacioni
1032 535 1198 565 exponere,
1217 525 1267 555 vel
1281 535 1319 555 an

409 579 619 618 predictorum
629 576 815 606 scholarium
825 576 955 605 fortasse
964 575 1113 604 adventus
1121 574 1212 604 nobis
1221 575 1319 604 incer-

409 635 459 658 tus
471 634 501 657 et
517 627 629 656 dubius
644 627 723 655 foret
738 626 976 664 exspectandus.
995 625 1051 653 2¹¹¹n
1067 630 1212 664 punctum
1227 624 1319 663 primi

409 677 530 707 articuli
552 676 642 705 istius
664 681 730 704 erat
754 684 848 714 super
872 674 1020 703 avizando
1041 674 1162 703 modum
1186 673 1318 702 habendi

410 726 575 766 peccunias
593 731 716 754 nostras
734 725 771 753 de
789 723 928 763 predicta
948 724 1050 758 domo,
1073 723 1105 751 in
1123 722 1235 762 quibus
1251 722 1319 761 ipsa

409 775 531 805 nacioni
549 781 597 804 est
616 773 761 813 obligata.
785 773 946 802 Secundus
967 771 1113 801 articulus
1138 777 1204 800 erat
1225 781 1319 809 super

410 823 695 864 supplicacionibus
719 828 750 851 et
773 820 906 861 injuriis.
929 821 1019 849 Venit
1041 820 1184 849 dominus
1206 820 1319 859 archy-

409 875 566 913 dyaconus
588 871 717 901 ecclesie
734 870 917 900 Scharensis
936 869 1116 909 supplicans
1135 869 1269 904 micioni,
1285 875 1319 898 ut

409 923 470 952 sibi
486 923 632 951 darentur
647 920 795 960 deputati,
812 919 865 958 qui
883 919 1006 947 domum
1022 917 1152 947 ecclesie
1165 918 1316 957 predicte,

409 972 484 1001 alias
503 970 606 1010 longis
631 970 823 1009 temporibus
848 969 905 997 sub
928 967 1078 1007 regimine
1100 967 1240 996 nacionis
1258 977 1318 1006 gu-

410 1023 588 1055 bernatam,
620 1029 676 1059 pro
708 1029 789 1048 nunc
821 1028 878 1047 suo
911 1017 1056 1056 regimini
1085 1018 1122 1045 de
1163 1026 1317 1045 consensu

409 1070 550 1099 nacionis
571 1078 761 1102 concessam,
782 1077 876 1106 super
894 1066 1002 1095 levatis
1023 1073 1053 1095 et
1073 1065 1209 1105 receptis
1230 1071 1260 1094 et
1279 1066 1317 1094 ad

410 1119 546 1158 ejusdem
568 1118 728 1146 utilitatem
746 1126 803 1155 per
826 1115 986 1144 nacionem
1010 1115 1161 1154 expositis
1183 1115 1220 1143 ad
1244 1115 1317 1143 red-

409 1169 542 1197 dendum
560 1166 619 1196 sihi
634 1172 809 1205 computum
824 1166 902 1194 bene
918 1164 1026 1193 avizati
1041 1164 1214 1193 visitarent.

450 1217 551 1256 Super
573 1216 674 1255 primo
699 1214 828 1244 articulo
855 1214 957 1253 quoad
987 1213 1119 1252 primum
1147 1219 1314 1252 punctum,

408 1266 480 1305 quia
495 1266 643 1305 magister
659 1264 815 1293 Johannes
835 1262 1002 1292 Forestarii
1016 1263 1179 1291 adventum
1194 1262 1316 1301 predic-

408 1322 508 1344 torum
534 1314 720 1343 scholarium
744 1322 869 1342 suorum
898 1311 1168 1351 compatriotarum
1193 1311 1316 1340 nacioni

407 1364 646 1404 significaverat,
661 1362 776 1401 placuit
793 1371 868 1401 ergo
884 1361 1005 1390 nacioni
1020 1361 1106 1400 ipsos
1122 1367 1312 1400 exspectare.

409 1414 517 1450 Quoad
533 1414 572 1441 2m
587 1418 733 1451 punctum
750 1411 837 1440 nacio
855 1410 984 1439 distulit.

447 1463 548 1501 Super
568 1462 599 1490 2⁰
619 1460 746 1489 articulo
762 1460 925 1489 videbatur
941 1459 1100 1498 magistris
1118 1459 1315 1488 concorditer

409 1511 671 1551 supplicacionem
700 1509 831 1548 predicti
863 1508 978 1537 domini
1010 1518 1072 1537 non
1103 1518 1172 1537 esse
1197 1508 1315 1537 racioni

407 1570 585 1595 consonam,
601 1565 663 1588 tum
677 1559 748 1598 quia
763 1558 865 1597 primo
876 1557 999 1586 difficile
1010 1563 1092 1586 esset
1108 1557 1167 1586 sibi
1183 1557 1314 1586 reddere

407 1615 582 1648 computum
596 1609 633 1637 de
643 1607 776 1646 receptis
788 1613 818 1636 et
828 1606 936 1636 levatis
952 1612 981 1635 et
995 1606 1145 1646 expositis
1156 1607 1194 1635 ad
1205 1607 1314 1635 domus

406 1659 578 1692 utilitatem,
596 1668 633 1686 ex
650 1667 686 1686 eo
703 1657 785 1695 quod
796 1656 944 1695 magister
960 1655 1091 1695 Egidius
1105 1656 1184 1684 bone
1202 1665 1314 1684 memo-

406 1708 451 1737 rie
468 1708 542 1737 alias
561 1706 612 1736 diu
630 1707 766 1735 existens
786 1711 930 1744 receptor
947 1704 1087 1733 nacionis
1098 1703 1161 1744 jam
1180 1705 1211 1733 in
1230 1714 1314 1733 mor-

406 1758 520 1787 talitate
538 1756 684 1790 decessit,
702 1754 789 1794 cujus
807 1754 907 1783 anima
921 1753 1096 1793 requiescat
1110 1754 1141 1782 in
1160 1763 1246 1792 pace,
1260 1754 1313 1792 qui

406 1807 496 1846 plura
518 1806 549 1834 in
572 1805 768 1834 reformando
787 1803 963 1843 indigencia
985 1804 1094 1832 domus
1116 1809 1312 1841 exposuerat,

406 1866 466 1895 que
481 1857 557 1884 forte
571 1855 679 1883 iterato
699 1853 729 1882 in
745 1853 864 1882 ruinam
880 1852 1069 1886 ceciderunt,
1084 1851 1133 1881 vel
1147 1852 1315 1881 inveterata

405 1911 435 1934 et
460 1903 657 1943 corrupcioni
683 1902 823 1941 proxima
847 1901 998 1936 existunt;
1030 1907 1060 1930 et
1083 1901 1128 1930 sic
1151 1911 1208 1940 pro
1233 1911 1314 1930 nunc

405 1953 568 1982 difficulter
584 1953 716 1981 sciretur
736 1951 878 1990 qualiter,
900 1950 1066 1989 quomodo,
1086 1950 1157 1988 (Fal.
1182 1949 1230 1989 52)
1248 1950 1311 1985 ubi,

406 2003 528 2042 quando
547 2008 577 2030 et
594 2007 740 2040 quantum
761 2006 845 2029 esset
865 1999 1039 2039 expositum
1062 2005 1091 2028 et
1108 1999 1139 2027 in
1155 2009 1190 2027 ea
1214 2000 1314 2028 refor-

405 2058 528 2086 matum,
555 2061 626 2090 que,
650 2050 675 2079 si
701 2055 862 2088 computus
887 2049 1022 2087 perfecte
1046 2048 1134 2076 reddi
1160 2048 1312 2083 debuerit,

405 2101 506 2129 omnia
525 2106 629 2129 essent
658 2099 759 2128 taliter
774 2098 1016 2132 consideranda;
1036 2103 1098 2126 tum
1117 2107 1154 2126 ex
1169 2097 1228 2125 alio
1244 2107 1314 2136 pre-

405 2150 505 2178 dictus
532 2149 674 2178 dominus
700 2158 761 2176 non
789 2147 895 2176 habuit
914 2145 997 2185 juste
1025 2146 1200 2185 supplicare
1225 2146 1312 2181 illud,

405 2199 477 2238 quia
503 2198 579 2227 alias
605 2198 636 2226 in
667 2196 901 2226 continuacione
932 2195 1143 2234 procuratorie
1173 2195 1314 2234 magistri

404 2247 553 2276 Johannis
575 2248 611 2275 de
630 2246 790 2285 Egmonda
806 2245 863 2274 hoc
886 2245 965 2273 idem
983 2243 1179 2283 supplicavit,
1204 2250 1233 2272 et
1253 2244 1313 2273 sibi

404 2306 590 2335 responsum
609 2301 673 2324 erat
696 2295 747 2323 tali
767 2294 859 2323 modo
880 2304 940 2332 quo
962 2293 1105 2332 superius
1124 2293 1154 2321 in
1175 2293 1314 2332 presenti

405 2346 540 2385 registro
557 2345 587 2373 in
604 2344 742 2383 predicta
754 2342 967 2383 procuratoria
981 2348 1028 2371 est
1040 2342 1202 2381 signatum.
1221 2342 1260 2371 Et
1273 2342 1314 2371 ita

405 2395 492 2424 nacio
514 2394 623 2423 nolens
646 2399 811 2422 retractare
830 2392 911 2420 illam
932 2391 1161 2420 conclusionem
1183 2397 1314 2429 protunc

406 2454 462 2482 per
476 2444 634 2472 nacionem
651 2442 860 2475 deliberatam,
876 2441 961 2469 stetit
982 2441 1011 2468 in
1032 2441 1136 2468 eadem
1155 2450 1213 2479 pro
1234 2450 1314 2468 nunc

405 2493 492 2521 sicud
514 2499 543 2521 et
558 2498 641 2526 tunc,
659 2490 792 2520 offerens
813 2489 952 2528 predicto
973 2489 1097 2517 domino
1114 2498 1146 2517 se
1165 2488 1196 2516 in
1214 2489 1314 2517 omni-

406 2543 463 2570 bus
478 2541 595 2570 racioni
612 2546 642 2569 et
661 2550 695 2568 ea
714 2550 773 2578 que
789 2538 922 2567 racionis
938 2544 1010 2566 sunt
1027 2538 1170 2566 facturam
1189 2538 1314 2566 consor-

406 2601 498 2619 inare.
518 2590 582 2619 Illis
599 2589 716 2618 scilicet
733 2587 967 2617 condicionibus
987 2585 1114 2626 adjectis
1132 2587 1214 2625 quod
1233 2587 1313 2615 sace-

405 2646 451 2667 ret
467 2639 643 2667 caucionem
657 2639 694 2666 de
708 2647 770 2666 non
781 2637 943 2665 alienando
957 2637 1079 2664 domum
1100 2635 1313 2673 qualitercum-

405 2699 476 2726 que,
495 2688 554 2716 nisi
574 2688 611 2716 de
626 2696 780 2716 consensu
796 2685 946 2719 nacionis,
960 2691 989 2713 et
1004 2685 1035 2712 in
1049 2694 1119 2713 casu
1135 2694 1195 2723 quo
1212 2684 1313 2723 ipsum

405 2737 600 2775 contingeret
625 2736 782 2769 recedere,
809 2740 974 2773 reponeret
998 2734 1120 2769 domum
1145 2733 1183 2761 ad
1206 2743 1313 2761 manus

406 2786 556 2814 nacionis.
578 2786 651 2814 Item
666 2785 748 2823 quod
765 2785 802 2812 de
821 2782 977 2822 peccuniis
993 2782 1127 2821 receptis
1143 2782 1180 2810 ab
1196 2781 1312 2810 inhabi-

407 2835 542 2863 tantibus
559 2845 622 2863 eam
638 2835 819 2863 reformaret
836 2833 958 2861 domum
973 2832 1140 2870 predictam
1158 2841 1216 2870 pro
1232 2840 1313 2859 nunc

438 2945 460 2967 1.
494 2945 523 2967 13
536 2944 663 2967 Ianuarii.

437 2982 459 3003 2.
494 2982 528 3003 De
537 2989 586 3011 quo
596 2988 674 3011 supra
688 2980 723 3002 acl
731 2987 773 3002 an.
791 2979 859 3007 1397,
876 2987 902 3010 p.
916 2979 969 3006 735,
984 2980 1036 3001 not.
1052 2978 1073 3000 1.

957 448 1180 475 AUCTARIUM
1200 447 1463 475 CHARTULARII
1481 448 1655 476 UNIVERS.
1677 449 1794 476 PARIS.

1374 725 1390 751 5

1356 969 1390 995 10

1355 1214 1388 1240 15

1352 1461 1387 1486 20

1352 1706 1386 1732 25

1352 1951 1386 1977 30

1352 2200 1385 2226 35

1351 2444 1385 2470 40

1351 2689 1384 2714 45

2283 450 2337 478 808

1429 525 1598 562 ruinosam,
1625 525 1762 565 alioquin
1787 525 1875 555 nacio
1905 535 1938 555 se
1971 532 2144 566 opponeret
2177 526 2249 556 sibi.
2275 527 2338 565 Qui

1428 581 1555 604 vocatus
1584 575 1712 604 audiens
1735 575 1887 615 predicta,
1913 575 2075 615 respondit
2099 586 2132 605 se
2158 586 2221 605 non
2241 576 2338 606 fuisse

1428 623 1630 653 deliberatum
1648 634 1704 653 nec
1726 625 1804 653 bene
1827 624 2001 654 consultum
2020 625 2058 654 ad
2075 624 2245 664 predictam
2262 635 2338 655 cau-

1395 668 1397 670 *
1429 673 1547 702 cionem
1561 673 1747 708 faciendam
1766 674 1820 702 sed
1834 673 1965 703 finaliter
1980 674 2114 703 asseruit
2126 684 2159 703 se
2174 674 2253 704 velle
2265 684 2337 704 con-

1429 721 1531 751 sulere
1551 732 1646 761 super
1665 722 1725 752 isto
1744 722 1860 751 amicos
1881 732 1966 757 suos,
1983 729 2014 752 et
2034 723 2105 762 ipso
2120 723 2337 763 acquiescente

1428 770 1580 806 consiliis,
1600 771 1691 800 nobis
1708 782 1792 801 suam
1807 778 1938 801 mentem
1956 772 1988 800 in
2001 771 2059 802 hoc
2072 772 2272 812 significaret.

1833 866 1929 895 1400

1465 936 1556 966 Acta
1581 937 1617 966 in
1644 937 1906 976 procuratoria
1934 937 2295 978 magistri,Nicolay

1636 985 1823 1015 Becherer
1855 987 1897 1015 de
1914 986 2138 1026 Argentina.

1466 1065 1558 1095 Facta
1595 1065 1843 1106 congregacione
1875 1066 2016 1096 nacionis
2045 1066 2218 1107 Anglicane
2253 1068 2337 1107 apud

1427 1115 1572 1144 Sanctum
1590 1115 1776 1144 Maturinum
1790 1125 1871 1144 anno
1887 1115 2012 1144 Domini
2030 1115 2075 1145 M⁰
2090 1116 2213 1146 CCCC⁰
2227 1126 2336 1146 secun-

1426 1165 1498 1193 dum
1518 1164 1621 1193 stilum
1639 1170 1791 1199 nostrum,
1809 1164 1840 1193 in
1865 1165 1943 1194 sesto
1964 1164 2045 1194 beati
2065 1164 2194 1194 Fit-mini
2209 1164 2232 1200 ⁴,
2258 1165 2336 1196 hora

1425 1213 1593 1253 primarum
1612 1223 1708 1252 super
1720 1213 1820 1242 tribus
1835 1213 1984 1243 articulis.
2004 1214 2128 1243 Primus
2146 1220 2212 1244 erat
2225 1215 2264 1243 ad
2276 1214 2336 1244 eli-

1425 1263 1559 1302 gendum
1583 1272 1696 1291 novum
1718 1269 1951 1301 procuratorem
1970 1262 2019 1292 vel
2039 1263 2077 1292 ad
2094 1263 2335 1293 continuandum

1424 1311 1595 1351 antiquum.
1615 1311 1776 1341 Secundus
1800 1317 1865 1340 erat
1883 1321 1977 1351 super
2000 1312 2200 1342 ordinacione
2224 1313 2335 1343 domus

1425 1361 1556 1390 ecclesie
1567 1360 1752 1390 Scharensis
1763 1361 1931 1390 secundum
1943 1361 2204 1400 supplicacionem
2215 1361 2335 1391 domini

1425 1410 1654 1449 archidyaconi,
1670 1409 1845 1449 provisoris
1865 1408 2002 1450 ejusdem
2022 1410 2131 1439 domus
2149 1410 2180 1439 in
2200 1420 2335 1450 congre-

1425 1460 1553 1499 gacione
1571 1459 1749 1498 precedenti
1761 1458 1980 1498 conscriptam.
1998 1460 2044 1488 3¹¹·
2062 1465 2127 1488 erat
2143 1469 2239 1499 super
2256 1470 2335 1499 sup-

1423 1508 1648 1548 plicacionibus
1671 1514 1701 1537 et
1723 1507 1856 1547 injuriis.
1880 1507 1982 1547 Super
2002 1508 2104 1548 primo
2120 1508 2250 1538 articulo
2264 1508 2335 1548 pla·-

1424 1557 1487 1587 cuit
1512 1557 1634 1587 nacioni
1658 1557 1774 1596 eligere
1796 1567 1908 1586 novum
1932 1563 2176 1596 procuratorem,
2204 1563 2234 1587 et
2255 1567 2334 1587 voce

1424 1607 1560 1636 unanimi
1585 1606 1670 1635 nullo
1694 1606 1891 1645 discrepante
1911 1606 2092 1646 magistrum
2112 1606 2271 1636 Nicolaum
2293 1606 2333 1636 de

1423 1656 1596 1696 Argentina
1608 1655 1621 1673 ²
1642 1655 1672 1684 in
1688 1661 1921 1694 procuratorem
1941 1655 2080 1684 nacionis
2097 1655 2268 1695 elegerunt.
2286 1655 2334 1685 De

1423 1706 1455 1734 2⁰
1472 1704 1567 1734 nichil
1589 1710 1749 1734 tractatum
1767 1704 1864 1733 fuerat
1878 1710 2008 1743 propter
2030 1704 2180 1743 temporis
2195 1704 2335 1734 brevita-

1424 1761 1484 1784 tem
1498 1764 1554 1783 nec
1571 1764 1633 1782 non
1647 1753 1864 1793 magistrorum
1883 1752 1914 1781 in
1931 1753 2178 1792 congregacione
2195 1753 2332 1783 Univer-

1424 1804 1524 1833 sitatis
1557 1802 1807 1842 occupacionem,
1834 1811 1903 1830 nam
1935 1803 2104 1831 secundum
2131 1802 2214 1841 quod
2242 1802 2332 1832 nacio

1424 1853 1574 1892 prefatum
1590 1851 1746 1880 dominum
1760 1850 2017 1890 archidyaconum
2029 1860 2124 1889 super
2138 1851 2333 1881 condicioni-

1423 1903 1482 1931 bus
1502 1902 1534 1930 in
1555 1900 1734 1940 precedenti
1756 1899 2002 1940 congregacione
2022 1898 2174 1929 annexis³
2196 1906 2227 1929 et
2251 1910 2329 1930 con-

1424 1951 1551 1990 scriptis
1560 1950 1736 1989 impetebat,
1745 1955 1896 1988 quatenus
1908 1949 1953 1978 eis
1963 1948 2056 1978 vellet
2064 1949 2333 1988 suppeticionibus

1422 2010 1562 2040 parcere.
1581 1999 1640 2036 Qui
1655 1998 1777 2038 quidem
1791 1997 1803 2016 ⁴
1818 2008 1851 2027 se
1866 1997 2069 2037 improvisum
2082 2004 2112 2027 et
2124 1998 2331 2028 inconsultum

1424 2060 1493 2078 esse
1513 2049 1719 2088 respondens,
1738 2048 1791 2076 sed
1815 2047 1889 2075 alias
1908 2046 1968 2076 sibi
1989 2046 2120 2075 consilio
2137 2047 2332 2076 manifestato

1424 2108 1509 2128 suam
1525 2104 1655 2126 mentem
1665 2095 1786 2125 nacioni
1798 2105 1938 2125 reserare
1951 2095 2053 2131 vellet,
2067 2095 2235 2124 secundum
2247 2096 2331 2135 quod

1424 2148 1454 2176 in
1472 2146 1651 2186 precedenti
1671 2145 1919 2184 congregacione
1940 2151 1988 2173 est
2004 2144 2224 2183 conscriptum.
2247 2144 2332 2181 Qua-

1424 2202 1554 2235 propter
1571 2194 1725 2234 presentis
1748 2193 1868 2223 articuli
1888 2193 2015 2222 materia
2036 2194 2073 2222 ad
2092 2193 2331 2232 subsequentem

1423 2244 1701 2284 congregacionem
1725 2244 1824 2272 fuerat
1844 2242 1948 2271 dilata.
1967 2242 2069 2281 Super
2088 2243 2120 2271 3⁰
2136 2242 2265 2271 articulo
2280 2242 2332 2271 ni-

1423 2294 1484 2323 chil
1499 2300 1557 2322 etc.

1832 2385 1929 2414 1400

1550 2457 1713 2497 (Fol.52b)
1742 2456 1989 2487 Continuacio
2021 2454 2199 2495 ejusdem.

1464 2538 1555 2567 Facta
1583 2537 1829 2577 congregacione
1858 2536 1997 2565 nacionis
2023 2535 2192 2575 Anglicane
2221 2536 2330 2565 eodem

1423 2597 1514 2622 ann0‚
1531 2587 1650 2616 decima
1673 2586 1722 2615 die
1747 2585 1862 2614 mensis
1887 2584 2059 2619 Februarii,
2080 2585 2161 2623 apud
2184 2583 2328 2614 Sanctum

1423 2636 1609 2665 Maturinum
1636 2635 1712 2664 hora
1733 2640 1890 2664 consweta
1914 2643 2009 2672 super
2032 2634 2153 2662 duobus
2177 2633 2327 2662 articulis.

1424 2685 1546 2714 Primus
1558 2691 1623 2713 erat
1633 2685 1671 2712 ad
1682 2684 1857 2723 eligendum
1869 2692 1980 2711 novum
1993 2688 2222 2721 procuratorem
2233 2682 2282 2711 vel
2290 2682 2329 2710 ad

1423 2734 1662 2762 continuandum
1681 2732 1850 2771 antiquum.
1867 2732 1912 2759 2¹¹·
1927 2737 1992 2760 erat
2007 2741 2102 2770 super
2121 2730 2334 2770 supplicacio-

1422 2782 1514 2811 nibus
1528 2789 1557 2811 et
1567 2781 1700 2821 injuriis.
1715 2781 1815 2819 Super
1826 2780 1927 2819 primo
1942 2779 2071 2808 articulo
2082 2779 2198 2819 placuit
2205 2779 2328 2808 nacioni

1422 2831 1600 2860 continuare
1618 2830 1798 2869 magistrum
1821 2828 1979 2858 Nicolaum
1999 2829 2037 2857 de
2058 2828 2228 2868 Argentina
2242 2827 2329 2857 nullo

1453 2940 1475 2963 3.
1511 2940 1559 2963 Ms.
1574 2938 1701 2962 annectis.

1452 2976 1475 2998 4.
1510 2974 1684 3005 Ms.quidam.
