2632 3464
302 449 355 476 865
801 448 916 475 LIBER
940 448 1255 474 PROCURATORUM
1279 448 1460 475 NATIONIS
1482 450 1727 476 ANGLICANAE
2173 452 2225 478 866

302 525 391 555 nscio
406 535 470 555 non
487 525 566 555 bene
581 530 724 555 contenta
740 525 780 554 de
793 524 846 555 illa
861 524 1094 564 supplicacione
1110 525 1210 563 quoad

301 574 432 614 primam
452 580 582 614 partem,
602 573 701 613 ipsam
721 574 823 614 quoad
845 573 928 603 illam
948 579 1066 613 partem
1089 572 1212 612 simpli·

301 623 380 653 citer
403 622 576 658 interemit3
603 623 659 652 sed
688 623 791 662 quoad
815 622 905 652 aliam
928 622 979 652 vel
1007 622 1083 651 alias
1106 628 1211 661 partes

301 671 544 712 supplicacionis
576 671 666 701 nacio
697 681 759 701 non
789 671 992 705 contradixit,
1025 671 1120 700 eciam
1149 681 1211 700 non

300 720 486 761 simpliciter
504 721 671 751 concessit.
693 720 844 750 Similiter
861 720 1001 760 predicta
1019 720 1211 760 supplicacio

302 775 434 810 protunc
457 775 523 800 erat
547 769 732 809 interempta
761 779 816 809 per
845 769 1087 799 Universitatem
1109 770 1210 810 quoad

301 818 384 849 illam
401 819 531 858 primam
543 825 663 859 partem
675 818 699 848 ⁸.

343 867 689 908 Factacongregacione
699 867 840 898 nacionis
851 868 933 907 apud
949 867 1095 897 Sanctum
1114 868 1210 898 Matu-

300 916 402 947 rinum
425 926 506 946 anno
527 927 590 957 quo
614 926 720 956 supra,
746 916 830 946 xxl·
853 917 904 946 die
925 917 1041 946 mensis
1063 917 1208 957 Augusti,
1250 937 1253 939 —

301 965 377 995 hora
399 965 447 995 8'·
472 975 568 1006 super
595 966 718 996 duobus
743 965 894 996 articulis.
925 965 1049 995 Primus
1077 973 1143 995 erat
1172 967 1211 995 ad

300 1013 475 1054 eligendum
488 1014 714 1045 examinatores
729 1014 895 1044 scolarium
912 1025 969 1054 pro
985 1015 1083 1055 gradu
1102 1015 1210 1045 bacba-

297 1063 437 1100 lariatus‚
456 1063 528 1104 quia
541 1063 755 1104 dispensatum
774 1070 840 1094 erat
853 1074 910 1104 per
929 1064 1112 1100 facultatem,
1127 1066 1210 1104 quod

297 1112 435 1143 scolares
447 1113 510 1153 apti
520 1113 560 1142 ad
569 1113 699 1153 gradum
710 1113 936 1143 bacbalariatus
947 1113 1208 1148 examinarentur,

297 1167 328 1191 et
346 1161 541 1192 efficerentur
559 1161 739 1196 bacbalarii,
755 1169 789 1192 ut
805 1168 936 1202 possent
948 1172 1016 1192 cum
1038 1162 1107 1192 aliis
1123 1163 1211 1192 inro-

299 1210 390 1240 tulari
401 1209 425 1240 ².
449 1210 612 1241 Secundus
630 1210 780 1241 articulus
802 1217 868 1240 erat
886 1221 982 1251 super
1002 1211 1210 1251 supplicacio-

298 1259 391 1290 nibus
417 1266 449 1290 et
471 1258 606 1300 injuriis.
631 1259 671 1289 Et
694 1259 868 1300 supplicavi
895 1266 1048 1300 quatenus
1073 1261 1210 1300 placeret

298 1308 421 1339 nacioni
435 1309 519 1348 quod
538 1314 684 1348 receptor
701 1309 848 1338 redderet
865 1309 957 1339 michi
973 1309 1052 1339 duos
1074 1310 1208 1345 francos,

297 1367 378 1398 quos
408 1357 469 1387 sibi
503 1357 689 1387 tradideram
721 1367 780 1397 pro
814 1358 964 1398 magistro
999 1358 1140 1389 Johanne
1171 1359 1209 1388 de

298 1406 447 1442 Arnbem,
469 1406 521 1446 qui
543 1406 615 1436 illos
637 1405 759 1436 solvere
782 1407 943 1437 tenebatur
964 1408 1119 1447 receptori
1139 1414 1208 1438 ante

298 1455 511 1495 incepcionem
546 1455 577 1485 in
606 1455 741 1490 artibus,
773 1461 804 1485 et
830 1457 914 1496 quod
948 1456 1029 1486 idem
1060 1457 1210 1497 magister

298 1504 456 1535 lohannes
473 1510 610 1534 maneret
625 1504 782 1544 obligatus
805 1505 926 1535 nacioni
946 1512 976 1535 et
997 1506 1151 1545 receptori
1170 1507 1209 1535 ad

299 1553 481 1583 solvendum
503 1552 679 1593 hujusmodi
700 1554 779 1583 duos
813 1554 948 1584 francos.
977 1554 1080 1594 Super
1107 1555 1208 1594 primo

298 1602 428 1632 articulo
443 1602 532 1632 nacio
545 1601 730 1632 deliberavit
747 1603 831 1642 quod
846 1604 1067 1633 observaretur
1083 1604 1210 1644 antiqua

298 1651 502 1686 consuetudo,
523 1651 643 1681 scilicet
662 1652 745 1691 quod
769 1652 831 1681 duo
859 1651 1052 1692 antiquiores
1069 1652 1208 1682 nacionis

298 1710 360 1730 non
379 1706 525 1740 regentes
537 1699 561 1735 ⁸,
586 1706 617 1730 et
633 1700 694 1730 duo
718 1701 910 1740 antiquiores
932 1708 1078 1741 regentes
1101 1701 1208 1742 hujus-

298 1749 382 1780 modi
403 1749 540 1779 scolares
561 1749 782 1779 examinarent.
811 1749 914 1790 Super
932 1750 964 1778 2ο
980 1750 1110 1780 articulo
1132 1761 1208 1781 con-

297 1797 394 1828 cessit
408 1798 497 1828 nacio
515 1797 779 1838 supplicacionem
791 1808 897 1828 meam.

705 1891 804 1921 1403

419 1962 510 1993 Acta
547 1963 584 1992 in
618 1963 883 2003 procuratoria
918 1964 1085 2004 magistri

591 2010 782 2041 Wilhelmi
808 2011 911 2042 Bloc.
950 2008 952 2010 ¹

338 2092 429 2122 Facta
439 2092 686 2132 congregacione
702 2092 842 2122 nacionis
857 2093 939 2132 apud
950 2093 1095 2123 Sanctum
1109 2093 1205 2123 Matu-

297 2141 398 2172 rinum
421 2151 503 2171 anno
527 2140 652 2171 Domini
677 2141 766 2176 1403,
787 2141 839 2171 27·
859 2142 909 2171 die
935 2141 1084 2182 Augusti,
1111 2153 1206 2182 super

295 2190 418 2220 duobus
432 2189 583 2220 articulis.
602 2189 726 2220 Primus
743 2191 782 2220 ad
801 2190 976 2230 eligendum
998 2201 1109 2220 novum
1131 2202 1205 2231 pro-

296 2245 468 2270 curatorem
494 2238 544 2269 vel
571 2239 811 2269 continuandum
838 2239 1007 2279 antiquum.
1036 2242 1082 2269 2¹·-
1111 2251 1205 2280 super

295 2287 581 2328 supplicacionibus
592 2293 622 2317 et
639 2286 772 2328 injuriis.
791 2287 851 2318 Ubi
864 2288 1008 2318 dominus
1021 2296 1205 2328 procurator

296 2336 484 2377 supplicavit
520 2335 627 2366 haberi
664 2342 773 2376 gratus
809 2342 839 2366 et
873 2338 1140 2367 recommendatus
1175 2344 1205 2367 et

294 2391 422 2416 avoatus
448 2384 479 2414 in
506 2385 583 2415 actis
610 2395 666 2424 per
688 2395 768 2420 eum,
795 2385 868 2425 quia
891 2385 1025 2415 difficilia
1053 2392 1084 2416 et
1109 2387 1205 2416 ardua

295 2434 418 2464 fuerunt
432 2440 571 2470 tractata,
584 2440 617 2464 ut
630 2439 712 2473 patet
726 2443 764 2463 ex
779 2434 1029 2474 precedentibus.
1041 2436 1072 2464 2⁰
1082 2435 1204 2475 suppli-

294 2483 376 2514 cavit
399 2482 547 2524 magister
573 2482 707 2512 Thomas
732 2483 770 2512 de
795 2482 982 2518 Crachovia,
1005 2484 1089 2524 quod
1115 2483 1203 2514 nscio

294 2531 388 2563 vellet
405 2531 597 2562 intercedere
620 2542 678 2571 pro
698 2542 734 2561 eo
755 2532 791 2561 ad
812 2532 983 2562 facultatem
1002 2532 1156 2573 theologie
1174 2539 1204 2563 et

294 2580 376 2621 apud
388 2580 604 2610 cancellarium
619 2590 678 2620 pro
689 2579 816 2610 licencia
830 2580 860 2610 in
877 2581 958 2610 dicta
971 2581 1111 2611 facultate
1124 2582 1203 2621 opti-

294 2629 406 2666 nenda,
418 2629 491 2670 quia
505 2639 573 2659 cum
589 2635 711 2669 tempus
724 2639 812 2659 suum
826 2629 1034 2670 compleverat
1045 2630 1075 2659 in
1084 2629 1203 2670 jubileo

294 2677 473 2719 precedenti
486 2677 510 2714 ⁴,
536 2688 600 2707 non
629 2678 726 2708 fuerat
750 2678 928 2708 licenciatus
953 2689 1020 2708 cum
1050 2678 1130 2709 aliis.
1154 2680 1202 2710 Ad

292 2726 426 2767 primum
460 2726 549 2757 nscio
573 2725 665 2766 elegit
697 2726 727 2756 in
758 2733 990 2767 procuratorem
1023 2727 1200 2767 magistrum

293 2774 494 2806 Wilhelmum
511 2774 597 2805 Bloc.
616 2775 664 2805 Ad
683 2775 723 2805 2·
741 2775 842 2815 primo
861 2774 975 2815 placuit
992 2782 1022 2805 ct
1043 2782 1130 2816 grata
1149 2776 1203 2807 fuit

325 2870 348 2894 1.
381 2870 452 2894 Secti
467 2871 534 2895 ’ἶσαι
549 2874 574 2895 el
587 2871 743 2896 Laurentius
763 2872 795 2895 de
813 2872 941 2897 Londoris
953 2875 1056 2897 entant
1075 2873 1100 2897 ιἰι
1118 2873 1202 2897 rotulo

294 2905 422 2929 communi
430 2906 608 2931 vnivaeroieaein
620 2910 648 2931 ut
661 2907 737 2931 uncio
747 2908 899 2939 Anglioana,
910 2908 956 2931 ned
962 2909 1017 2933 eine
1029 2908 1200 2941 incriptione.

325 2942 348 2965 2.
382 2943 524 2973 Supersunt
542 2942 621 2966 rotuli
636 2942 845 2967 taceatur-mrum
862 2947 886 2968 ee
907 2952 1037 2967 curtorum
1057 2943 1082 2968 in
1110 2944 1200 2972 theol..

294 2976 366 3001 bace.
384 2976 411 3000 ιἰι
427 2976 523 3001 decret.
543 2979 568 3001 et
584 2977 688 3007 modic„
705 2981 730 3002 el
749 2978 847 3003 hamul.
870 2979 895 3003 in
915 2979 1022 3003 divum
1044 2979 1199 3008 nationibus,

375 3022 490 3042 Auenti-n
502 3021 626 3043 cun-curii
636 3022 725 3044 Unt'nn.
737 3023 803 3044 Paria.
813 3034 835 3040 —
853 3022 871 3045 Ι.

1248 970 1282 996 10

1248 1215 1281 1241 15

1247 1461 1281 1487 20

1246 1706 1279 1732 25

1244 1949 1278 1976 30

1242 2194 1276 2220 35

1241 2438 1275 2465 40

1240 2683 1274 2709 ⁴5

1321 525 1512 564 supplicacio
1546 526 1742 565 precedentis
1775 527 1986 565 procuratoris
2021 528 2051 556 in
2088 529 2164 557 actis
2197 535 2227 558 et

1321 573 1466 613 scriptis;
1490 575 1522 603 2⁰
1536 575 1624 604 nacio
1642 575 1726 604 dedit
1748 575 1927 613 magistrum
1949 576 2118 605 Johannem
2139 578 2225 617 Dorp

1320 629 1354 652 ut
1377 630 1568 662 proponeret
1591 633 1647 662 pro
1671 624 1818 663 magistro
1845 624 1973 659 Thoma,
2001 625 2048 654 vel
2073 636 2224 665 procura-

1320 677 1433 706 torem3
1455 678 1555 701 tamen
1574 672 1673 702 visum
1697 673 1752 701 fuit
1775 672 1946 712 magistris,
1968 675 2050 713 quod
2070 675 2176 704 utilius
2198 682 2227 704 et

1319 721 1548 750 commodosius
1587 721 1767 760 proposicio
1798 728 1894 751 staret
1932 722 1963 751 in
2001 733 2054 751 ore
2088 724 2227 763 magistri

1319 769 1469 798 Johannis
1487 769 1584 809 Dorp‚
1603 780 1692 809 quam
1707 770 1846 800 alterius.

1360 817 1466 847 Primo
1477 818 1690 848 determinavit
1703 819 1846 849 dominus
1861 819 1972 859 Jasper
1986 820 2226 850 Rousenkrancz

1319 866 1357 896 de
1373 866 1557 907 Ensesbeyn
1573 868 1631 897 sub
1649 868 1798 908 magistro
1812 867 1887 907 (sic),
1905 868 1992 907 cujus
2008 870 2103 899 bursa
2118 870 2223 899 nichil.

1361 915 1513 945 Dominus
1541 917 1729 955 Meynardus
1760 917 1798 946 de
1829 917 1961 947 Saxonia
1991 919 2048 947 sub
2078 918 2226 958 magistro

1319 963 1477 1004 Heynrico
1495 965 1532 994 de
1548 965 1686 1000 Xancfis,
1699 965 1786 1005 cujus
1804 967 1898 996 bursa
1916 966 1975 996 llll
1993 967 2064 996 albi.

1361 1013 1513 1043 Dominus
1542 1014 1718 1053 Heynricus
1755 1015 1794 1044 de
1829 1015 1963 1045 Saxonia
1993 1017 2051 1046 sub
2080 1017 2228 1056 magistro

1320 1062 1439 1097 eodem,
1458 1061 1545 1102 cujus
1561 1063 1655 1092 bursa
1674 1063 1734 1093 llll
1753 1064 1826 1093 albi.

1360 1111 1512 1141 Dominus
1537 1111 1699 1141 Baithasar
1727 1113 1764 1142 de
1793 1113 1970 1153 Arlenberg
1994 1114 2052 1143 sub
2078 1115 2227 1155 magistro

1319 1159 1497 1190 Hermanno
1512 1161 1550 1190 de
1564 1160 1705 1201 Eslinga,
1725 1161 1812 1201 cujus
1826 1163 1919 1192 bursa
1934 1162 1974 1191 vl
1993 1163 2065 1192 albi.

1360 1209 1434 1249 (Fol.
1465 1211 1500 1239 71
1518 1209 1541 1248 1>)
1565 1209 1640 1239 Item
1669 1211 1812 1240 dominus
1838 1211 1994 1241 Johannes
2024 1212 2137 1251 Boytin
2169 1213 2227 1242 sub

1319 1257 1469 1298 magistro
1487 1257 1660 1288 Godscalco
1676 1259 1804 1293 Vreeze,
1820 1259 1908 1299 cujus
1929 1261 2023 1290 bursa
2043 1260 2099 1290 Vll
2121 1261 2224 1290 solidi.

1359 1306 1451 1336 Facta
1477 1308 1724 1347 congregacione
1752 1309 1833 1348 apud
1866 1308 2010 1339 Sanctum
2038 1309 2224 1339 Maturinum

1318 1365 1399 1385 anno
1420 1367 1481 1396 quo
1504 1366 1615 1396 supra,
1635 1357 1686 1386 212
1705 1357 1755 1386 die
1778 1358 1893 1387 mensis
1915 1358 2106 1398 Septembris
2130 1369 2225 1399 super

1318 1405 1336 1434 4
1357 1405 1507 1434 articulis.
1532 1405 1655 1435 Primus
1674 1405 1823 1435 articulus
1844 1406 1900 1436 suit
1917 1407 1955 1436 ad
1977 1407 2222 1437 distribuendum

1318 1454 1419 1484 scolas
1441 1455 1599 1494 magistris
1619 1454 1794 1484 volentibus
1821 1465 1942 1495 regere,
1965 1463 1995 1485 et
2013 1457 2095 1496 quod
2116 1457 2224 1486 darent

1317 1502 1518 1542 fidejussores
1535 1513 1593 1543 pro
1611 1503 1717 1539 scolis,
1737 1504 1817 1534 sicut
1831 1511 2011 1534 consuetum
2027 1511 2074 1534 est
2088 1506 2166 1535 fieri.
2186 1506 2225 1536 Et

1318 1551 1432 1591 placuit
1466 1553 1587 1582 nacioni
1618 1554 1701 1592 quod
1729 1553 1870 1592 magistri
1902 1560 2046 1593 regentes
2078 1554 2225 1585 haberent

1318 1601 1419 1631 scolas
1435 1602 1603 1631 secundum
1616 1611 1722 1631 eorum
1734 1602 1944 1641 antiquitates,
1955 1603 2120 1632 dummodo
2132 1614 2224 1643 pone-

1317 1656 1386 1679 rent
1397 1649 1613 1690 fidejussores3
1631 1657 1662 1680 et
1675 1650 1770 1690 positi
1788 1657 1859 1680 sunt
1873 1650 2074 1691 fidejussores
2092 1652 2123 1681 in
2136 1662 2221 1687 casu,

1317 1700 1400 1739 quod
1425 1699 1452 1728 si
1481 1709 1543 1729 non
1569 1705 1715 1739 regerent
1740 1710 1797 1739 pro
1824 1699 1930 1739 majori
1960 1706 2047 1740 parte
2074 1701 2223 1730 ordinarii

1317 1748 1438 1778 scilicet
1458 1758 1556 1788 usque
1584 1749 1621 1778 ad
1646 1749 1840 1788 prandones,
1864 1749 1947 1788 quod
1974 1749 2035 1788 ipsi
2064 1750 2223 1780 solverent

1317 1797 1484 1838 persolitas
1502 1797 1615 1827 scolas.

1356 1848 1402 1876 2¹·-
1418 1846 1566 1876 articulus
1586 1846 1642 1876 suit
1658 1847 1696 1876 ad
1712 1846 1886 1886 eligendum
1902 1857 2013 1876 novum
2030 1854 2221 1887 receptorem

1315 1902 1367 1925 aut
1395 1896 1434 1925 ad
1461 1896 1700 1925 continuandum
1732 1896 1902 1935 antiquum.
1933 1896 1972 1925 Et
2003 1896 2058 1925 suit
2088 1897 2221 1935 positum

1317 1945 1347 1975 in
1377 1945 1604 1974 deliberacione
1631 1954 1687 1983 per
1718 1945 1840 1974 modum
1869 1945 2063 1984 expedientis
2094 1952 2223 1985 propter

1316 2000 1490 2033 requestam
1506 1993 1669 2023 multorum
1687 1994 1904 2033 magistrorum
1921 1999 1951 2023 et
1966 1993 2157 2029 notabilium,
2169 1995 2221 2034 qui

1314 2043 1460 2072 videbant
1473 2042 1582 2071 multas
1600 2042 1744 2076 invidias,
1762 2042 1844 2071 rixas
1862 2049 1892 2071 et
1911 2042 2126 2072 dissenciones
2145 2043 2220 2073 oriri

1315 2091 1346 2121 in
1358 2091 1486 2120 nacione
1501 2101 1538 2120 ex
1553 2091 1788 2120 continuacione
1804 2090 1975 2130 receptoris
1990 2101 2045 2131 per
2058 2098 2132 2126 tres,
2147 2092 2176 2126 4,
2190 2093 2219 2127 5,

1315 2151 1380 2175 sex,
1398 2141 1426 2175 7,
1441 2141 1471 2175 8,
1488 2147 1560 2175 etc.‚
1575 2150 1684 2174 annos,
1704 2140 1773 2169 ideo
1793 2140 1925 2179 positum
1945 2141 2000 2169 suit
2020 2141 2050 2169 in
2067 2140 2222 2170 delibera-

1314 2189 1402 2219 cione
1418 2190 1500 2228 quod
1513 2189 1672 2228 expediret
1685 2188 1715 2218 in
1729 2188 1868 2228 quolibet
1880 2199 1960 2218 anno
1979 2189 2094 2229 eligere
2109 2200 2219 2219 novum

1314 2244 1517 2278 receptorem,
1541 2244 1592 2267 aut
1613 2238 1650 2267 ad
1669 2237 1770 2267 minus
1794 2238 1831 2267 de
1857 2238 1980 2267 biennio
1999 2238 2029 2267 in
2050 2238 2216 2268 biennium.

1314 2287 1416 2327 Super
1437 2297 1499 2326 quo
1518 2286 1606 2316 nacio
1628 2286 1812 2316 deliberavit
1829 2287 1911 2326 quod
1935 2286 2102 2326 eligeretur
2121 2297 2218 2317 novus

1313 2342 1456 2376 receptor
1476 2346 1534 2376 pro
1557 2336 1616 2365 isto
1637 2345 1729 2370 anno,
1744 2335 1831 2365 etsie
1851 2342 2089 2375 consequenter.
2106 2342 2157 2365 aut
2179 2337 2216 2365 ad

1313 2385 1414 2415 minus
1432 2385 1471 2414 de
1494 2385 1618 2414 biennio
1638 2385 1669 2414 in
1690 2384 1859 2418 biennium,
1879 2391 1911 2413 ut
1928 2384 2030 2414 nullus
2051 2385 2110 2414 sibi
2131 2385 2218 2414 vide·

1312 2441 1399 2464 retur
1424 2434 1507 2463 istud
1533 2433 1664 2462 officium
1688 2433 1890 2473 appropriare
1919 2443 1973 2472 per
2001 2433 2216 2462 hereditariam

1313 2482 1553 2513 successionem.
1569 2481 1673 2512 Eciam
1689 2482 1823 2511 honores
1839 2488 1868 2511 et
1884 2492 1978 2511 onera
1998 2488 2069 2511 sunt
2083 2482 2217 2512 diversis

1313 2532 1470 2572 magistris
1487 2531 1712 2566 distribuenda,
1736 2538 1769 2561 ut
1790 2530 1874 2560 multi
1901 2531 1931 2560 in
1955 2531 2081 2559 nacione
2100 2541 2217 2571 cogno-

1312 2587 1399 2611 scant
1423 2581 1499 2610 sacta
1525 2580 1676 2614 nacionis,
1700 2586 1729 2610 et
1751 2581 1796 2609 sic
1821 2580 1918 2619 inagis
1946 2580 2071 2619 pacifice:
2097 2586 2127 2609 et
2158 2590 2217 2610 una

1310 2629 1466 2660 voluntate
1480 2629 1619 2669 magistri
1636 2628 1827 2658 honorentur
1841 2635 1871 2657 et
1885 2629 1963 2658 inter
1979 2638 2012 2657 se
2028 2628 2131 2657 vivant
2149 2628 2216 2658 sine

1311 2678 1439 2708 cordiali
1451 2678 1566 2708 invidia
1579 2684 1629 2707 aut
1639 2677 1840 2717 displicencia
1853 2684 1958 2706 contra
1969 2677 2100 2716 aliquem
2113 2677 2215 2707 volen-

1311 2734 1370 2758 tem
1395 2727 1453 2757 sibi
1476 2727 1679 2767 appropriare
1704 2726 1834 2755 officium
1861 2736 1917 2766 per
1937 2736 2045 2766 magna
2065 2732 2213 2765 tempora.

1311 2775 1449 2807 Ulterius
1464 2781 1595 2816 protunc
1615 2775 1799 2815 supplicavit
1815 2775 1958 2814 antiquus
1977 2781 2119 2814 receptor
2133 2775 2215 2814 quod

1310 2876 1417 2905 excepta
1434 2872 1539 2896 natione
1551 2871 1703 2902 Anglicnnu.
1718 2879 1784 2903 quae
1802 2879 1831 2894 nc
1844 2871 1958 2894 aunuum
1971 2870 2072 2902 quidem
2087 2870 2124 2894 ad
2134 2871 2214 2895 Bene-

1310 2908 1405 2932 dictum
1414 2907 1490 2934 misit.
1505 2907 1620 2939 quamvis
1633 2906 1760 2938 qum-libet
1773 2906 1825 2930 alia
1839 2906 1911 2929 natio
1924 2905 2027 2929 minerie.

1341 2945 1364 2968 8.
1398 2944 1466 2967 laur
1474 2942 1555 2966 linea·
1566 2951 1601 2966 sc.
1614 2945 1732 2974 receptor
1740 2945 1765 2965 rt
1773 2941 1904 2973 antiquior
1913 2941 2038 2971 mugi-tar
2049 2949 2098 2965 non
2110 2949 2211 2972 regens.

1341 2980 1363 3002 4.
1400 2978 1475 3011 Quod
1487 2986 1571 3002 oerum
1587 2980 1632 3002 ul.
1653 2977 1704 3002 t'a'd.
1719 2985 1794 3010 mpra
1808 2985 1833 3009 p.
1842 2977 1897 3004 ⁸³7.
1912 2979 1934 3004 b,
1945 2979 1970 3000 el
1982 2984 2008 3009 p.
2020 2977 2074 3007 ⁸77,
2086 2977 2123 3000 27.

2121 3021 2147 3040 Μ
