2632 3464
1390 0 1418 8 'V'
1445 0 1459 20 »ἐκ
1469 0 1908 29 ⁴:1⁶⁵&Wffl'ffip'fflssrzfffflwmgm
1926 3 1987 30 =“'·>u
2005 4 2020 14 ,.,
2032 2 2039 20 «3

423 453 473 478 475
966 447 1188 474 AUCTARIUM
1209 445 1468 472 CHARTULARII
1487 446 1660 473 UNIVERS.
1682 447 1800 473 PARIS.
2291 447 2344 474 476

423 528 597 558 convivales
614 526 753 556 nacionis
768 536 827 556 una
844 535 912 555 cum
926 525 995 554 aliis
1012 523 1168 563 magistris
1184 522 1328 551 admitte-

422 584 517 612 retur,
533 578 616 616 qnod
632 576 827 605 concorditer
842 574 956 614 placuit
969 573 1125 612 magistris
1139 572 1181 600 ibi
1195 581 1327 611 congre-

423 627 514 666 gatis.

463 675 537 704 Item
564 680 708 714 receptor
736 674 827 703 solvit
858 672 913 702 XX
939 671 1056 701 solidos
1088 670 1180 699 michi
1206 669 1328 698 debitos

422 724 544 753 racione
561 722 774 763 procuratorie
789 732 845 761 per
859 721 1044 755 vacationes,
1060 726 1092 749 ut
1106 720 1238 748 dicebat.

463 773 537 802 Item
554 772 668 811 incepit
683 771 824 800 dominus
837 770 992 799 Johannes
1008 770 1046 797 de
1059 768 1170 797 Sancto
1186 767 1256 796 Vito
1270 767 1328 796 sub

423 822 571 861 magistro
596 821 757 850 Conrardo
782 820 819 848 de
847 819 1008 858 Hagnoya,
1034 816 1120 857 cujus
1148 817 1243 845 bursa
1267 815 1327 845 1111

423 870 525 900 solidi.
1124 875 1126 877 “

463 919 537 948 Item
563 919 677 957 incepit
703 917 845 946 dominus
870 916 1003 945 Thomas
1030 915 1243 953 Dobbelsteyn
1270 915 1327 943 sub

423 968 570 1007 magistro
589 967 727 996 Gerardo
744 967 780 995 de
800 965 986 1005 Hoynghen,
1003 963 1089 1004 cujus
1105 965 1198 993 bursa
1213 963 1283 992 VIII
1300 974 1326 993 s.

464 1018 537 1046 Item
554 1017 584 1045 in
601 1016 706 1055 vigilia
728 1015 807 1044 beati
824 1014 973 1044 ,Iohannis
996 1013 1135 1052 Baptiste
1156 1014 1233 1042 saeta
1252 1023 1328 1042 con·-

422 1066 606 1105 gregacione
620 1065 770 1094 facultatis
788 1065 825 1093 ad
841 1064 1016 1103 eligendum
1032 1069 1195 1097 rectorem,
1212 1062 1328 1091 electus

422 1121 486 1144 erat
506 1115 536 1143 in
557 1121 708 1143 rectorem
725 1113 944 1143 Universitatis
972 1112 1120 1152 magister
1143 1111 1327 1150 Lyphardus

423 1165 460 1193 de
479 1164 589 1193 Datlen
612 1164 649 1192 de
677 1163 799 1197 Prucia,
824 1162 971 1201 magister
993 1161 1132 1190 nacionis
1157 1167 1274 1195 nostre,
1299 1167 1328 1190 et

423 1219 494 1252 post
514 1212 722 1251 receptionem
738 1211 910 1250 specierum
928 1221 945 1239 a
963 1216 1083 1239 rectore
1100 1210 1225 1239 intravit
1239 1210 1327 1238 nacio

423 1263 579 1291 tabernam
602 1262 644 1289 ad
662 1262 736 1289 dnos
755 1271 848 1295 enses,
872 1266 901 1289 et
930 1260 1022 1289 solvit
1043 1259 1157 1288 ibidem
1180 1259 1328 1298 magister

423 1311 578 1340 Johannes
608 1309 752 1349 Wolgast
778 1310 815 1338 de
846 1309 979 1338 Saxonia
1004 1309 1032 1337 11
1066 1309 1198 1342 francos,
1225 1309 1239 1336 1
1271 1318 1327 1347 pro

420 1359 554 1398 jocundo
564 1359 691 1388 introitu
705 1359 734 1387 in
748 1359 877 1398 primam
893 1358 1182 1398 congregacionem,
1197 1363 1226 1386 et
1236 1357 1328 1386 alium

422 1418 480 1447 pro
502 1408 712 1447 procuratoria
732 1408 769 1436 ad
787 1418 876 1446 quam
897 1407 996 1446 primo
1014 1407 1208 1446 contingeret
1226 1407 1327 1445 ipsum

423 1457 507 1497 eligi.
526 1457 564 1486 Et
579 1463 665 1486 erant
680 1463 748 1486 ante
764 1456 943 1486 electionem
957 1455 1047 1495 hujus
1057 1455 1188 1484 rectoris
1207 1465 1328 1484 succes-

424 1506 488 1535 sive
514 1506 601 1535 electi
625 1507 685 1534 duo
704 1505 844 1545 magistri
866 1505 1004 1534 nacionis
1021 1505 1174 1539 Picardie,
1198 1515 1328 1544 quorum

424 1562 552 1594 uterque
583 1565 644 1583 non
675 1555 878 1583 consenciens
907 1553 1049 1583 electioni
1076 1554 1113 1582 de
1136 1564 1169 1582 se
1195 1554 1270 1582 facte
1296 1564 1329 1582 se

425 1604 592 1633 excusavit.
629 1605 668 1632 2¹¹¹
702 1604 837 1632 francum
871 1604 963 1632 debet
996 1603 1141 1642 Wolgast
1174 1603 1328 1642 receptori

425 1653 546 1683 nomine
562 1652 699 1681 nacionis
717 1659 746 1681 et
762 1659 809 1681 est
824 1659 1028 1691 computatus.

466 1702 539 1731 Item
556 1701 651 1730 XXV³
668 1701 717 1730 die
735 1702 850 1730 mensis
864 1701 1006 1740 predicti,
1020 1711 1078 1740 que
1095 1701 1150 1730 suit
1162 1701 1328 1730 crastinum

425 1751 599 1781 Nativitatis
612 1751 761 1779 Johannis
780 1750 930 1789 Baptiste‚
950 1757 1137 1790 congregata
1154 1750 1282 1779 nacione
1298 1751 1329 1779 in

427 1801 538 1829 Sancto
566 1799 719 1828 Maturino
745 1799 820 1828 hora
839 1810 987 1841 nonarum
1008 1799 1120 1828 Nostre
1142 1800 1273 1828 Domine
1291 1800 1329 1828 ad

430 1849 675 1888 supplicandum,
688 1848 938 1887 supplicaverunt
953 1848 1163 1878 Theodericus
1179 1850 1216 1878 de
1233 1849 1329 1878 Hese-

425 1898 495 1927 wiic
512 1904 541 1926 et
555 1898 710 1926 Johannes
727 1898 763 1926 de
778 1897 916 1936 Kempen
931 1908 986 1936 pro
1001 1897 1151 1926 dilacione
1165 1899 1327 1927 bursarum

425 1947 626 1985 incepcionis.
650 1947 786 1983 Quorum
801 1946 1047 1985 supplicaciones
1071 1953 1158 1976 erant
1181 1957 1328 1976 concesse

426 1997 592 2025 secundum
612 1996 736 2024 formam
755 1995 859 2024 statuti
875 1995 1024 2024 nacionis.

466 2045 539 2073 Item
571 2045 620 2073 die
655 2043 795 2083 sequenti
826 2044 941 2083 incepit
972 2045 1115 2074 dominus

425 2093 636 2122 Theodericus
651 2094 688 2122 de
712 2093 867 2122 Hesewiic
887 2094 944 2122 sub
967 2093 1115 2132 magistro

425 2142 565 2171 Marcilio
579 2143 616 2170 de
634 2142 762 2181 Inghen,
780 2141 867 2181 cujus
883 2143 976 2171 bursa
987 2142 1042 2171 Vll
1055 2143 1112 2171 sol.
1156 2143 1331 2173 Posuerunt

467 2191 541 2220 Item
557 2192 663 2219 eodem
690 2190 740 2219 die
765 2197 795 2220 et
811 2192 869 2220 sub
885 2192 991 2220 eodem
1016 2192 1116 2231 magi·
1173 2192 1316 2231 pignora.

427 2246 491 2269 stro
509 2240 624 2279 incepit
641 2240 783 2269 dominus
802 2240 958 2269 Johannes
977 2240 1117 2280 Scafrayt

426 2290 463 2317 de
479 2289 646 2328 Kempene,
660 2288 746 2327 cujus
764 2289 857 2318 bursa
875 2289 930 2318 VII
951 2289 1053 2318 solidi.

466 2338 539 2366 Item
566 2338 596 2366 in
626 2338 683 2366 fine
708 2336 866 2376 cujusdam
891 2339 1146 2378 congregacionis
1175 2339 1329 2378 generalis

426 2387 512 2415 nacio
531 2386 655 2415 intravit
667 2387 823 2415 tabernam
842 2387 873 2415 in
890 2387 958 2415 vico
978 2387 1102 2416 Cithare
1118 2389 1161 2416 ad
1170 2390 1329 2427 epitogium

429 2434 550 2470 Gileti⁴‚
564 2441 594 2464 et
604 2435 716 2464 ibidem
733 2436 823 2464 trium
833 2436 1050 2475 magistrorum
1060 2436 1202 2476 quilibet,
1213 2437 1331 2468 scilicet

427 2484 574 2523 magister
596 2484 790 2513 Hermannus
811 2485 914 2514 Roeve
931 2485 968 2514 de
984 2485 1163 2520 Hammone,
1183 2486 1331 2525 magister

427 2533 636 2562 Theodericus
648 2533 824 2562 Hesewiich
837 2539 866 2562 et
878 2534 1026 2573 magister
1037 2534 1193 2563 Johannes
1205 2535 1283 2564 ctu-t
1293 2536 1330 2564 de

427 2581 574 2616 Marchia,
595 2582 688 2611 solvit
707 2593 798 2611 unum
816 2583 951 2611 francum
971 2593 1028 2621 pro
1048 2582 1180 2622 jocundo
1203 2584 1330 2613 introitu

428 2630 458 2658 in
476 2631 604 2669 primam
622 2631 909 2670 congregacionem.

468 2679 538 2718 (Fol.
558 2682 594 2708 47
609 2680 632 2719 b)
653 2680 726 2708 Item
745 2680 845 2709 xxlla
864 2680 913 2708 die
929 2680 1044 2710 mensis
1062 2681 1135 2710 Julii
1158 2683 1236 2711 facta
1255 2692 1331 2711 con-

428 2725 613 2764 gregacione
631 2726 768 2755 nacionis
787 2727 867 2765 apud
885 2726 1099 2756 predicatores
1122 2735 1193 2767 post
1212 2738 1331 2757 sermo-

429 2771 520 2800 nem²
542 2773 579 2800 ad
602 2772 847 2811 supplicandum,
873 2774 1058 2812 supplicavit
1079 2775 1226 2814 magister
1252 2775 1331 2804 Ber-

429 2821 543 2849 nardus
568 2820 676 2860 Luttyc
695 2822 833 2851 aditurus
857 2822 972 2851 curiam
996 2823 1162 2852 Romanam
1181 2824 1274 2853 certis
1293 2825 1331 2853 de

463 2934 485 2959 1.
518 2936 537 2959 I.
553 2943 574 2959 e.
589 2936 630 2958 ad.
639 2935 763 2959 bachium
774 2937 869 2968 Egidii.
884 2937 1065 2968 ubipendebat
1074 2939 1174 2970 szgrnum
1185 2939 1221 2962 ad
1231 2940 1331 2963 modum

430 2969 536 3002 epilogii
544 2971 731 3002 magistrorum.
752 2972 811 2996 Vide
824 2972 892 3003 infra
910 2973 946 2995 ad
958 2980 1000 2996 an.
1017 2974 1086 3000 1376,
1100 2982 1126 3005 p.
1139 2975 1194 3003 496,
1206 2975 1244 2998 15.

1366 966 1399 991 10

1365 1211 1398 1237 15

1366 1457 1400 1483 20

1367 1702 1400 1728 25

1366 1947 1400 1973 30

1367 2192 1400 2218 35

1368 2437 1401 2463 40

1367 2679 1401 2706 45

1437 522 1538 551 causis
1560 522 1661 552 animo
1684 523 1744 552 cito
1755 522 1924 563 lredeundi,
1943 529 1976 552 ut
1997 523 2129 559 dicebat,
2149 529 2298 563 quatenus
2316 524 2345 553 si

1437 570 1603 611 contigerit
1628 572 1695 601 fieri
1722 572 1856 601 rotulum
1888 573 1926 601 ad
1959 582 2070 612 papam
2098 572 2168 612 ipso
2202 573 2341 608 absente,

1436 620 1648 650 admitteretur
1672 621 1788 660 imponi
1813 621 1931 657 rotulo;
1958 621 2045 660 cujus
2069 621 2261 662 supplicacio
2278 628 2345 651 erat

1436 678 1585 699 concessa
1601 670 1633 699 in
1650 671 1746 699 forma
1761 676 1919 700 consueta.
1940 669 1979 699 Et
1993 670 2119 700 intravit
2134 670 2223 700 nacio
2240 671 2344 700 taber-

1436 728 1505 747 nam
1526 719 1568 747 ad
1591 721 1756 754 salmonea,
1780 719 1832 749 ubi
1856 719 1956 749 dictus
1982 719 2131 758 magister
2163 719 2345 750 Bernartius

1437 766 1529 796 solvit
1546 768 1681 797 francum
1704 778 1760 808 pro
1772 767 1909 808 jocundo
1925 768 2053 798 introitu
2071 768 2102 797 in
2118 768 2247 808 primam
2267 779 2344 798 con-

1435 816 1663 856 gregacionem.
1691 818 1766 847 Item
1793 817 1825 846 in
1853 818 1982 857 quadam
2007 817 2067 846 alia
2094 818 2344 858 congregacione

1437 864 1546 894 similis
1576 865 1765 905 supplicacio
1792 867 1916 896 omnino
1941 866 2084 896 similiter
2108 873 2174 896 erat
2196 874 2345 896 concessa

1437 914 1584 953 magistro
1609 914 1801 944 Theoderico
1824 916 1861 945 de
1883 915 2061 945 Hesewiich
2082 917 2120 945 ad
2140 922 2244 956 partes
2262 916 2345 946 ituro

1437 962 1537 992 animo
1554 963 1613 992 cito
1631 964 1791 993 redeundi.

1476 1011 1551 1041 Item
1571 1013 1720 1052 magister
1740 1013 1936 1043 Hermannus
1959 1013 2194 1049 Bottenbroich‚
2211 1014 2345 1044 nuncius

1436 1070 1473 1089 ex
1485 1067 1573 1100 parte
1586 1061 1725 1091 nacionis
1737 1072 1804 1091 cum
1813 1062 1915 1092 rotulo
1928 1062 2112 1098 destinatus,
2125 1063 2220 1092 rediit
2232 1073 2343 1103 appor-

1435 1115 1503 1138 tans
1521 1120 1624 1139 secum
1645 1110 1842 1150 signaciones
1863 1111 2093 1151 magistrorum,
2119 1118 2150 1141 et
2175 1112 2346 1142 nominavit

1435 1168 1528 1187 unum
1543 1159 1787 1189 abbreviatorem
1801 1170 1861 1200 pro
1873 1166 1936 1189 tota
1953 1160 2095 1196 nacione,
2111 1161 2233 1191 duobus
2249 1161 2346 1201 magi·

1436 1207 1510 1237 stris
1530 1208 1680 1248 exceptis,
1698 1219 1892 1245 concessum,
1909 1209 2065 1239 scilicet...
2083 1208 2157 1250 (sic).

1478 1257 1551 1286 Item
1587 1258 1703 1297 incepit
1734 1258 1878 1287 dominus
1913 1258 2071 1288 Arnoldus
2106 1259 2144 1288 de
2179 1258 2276 1289 Ghise
2307 1260 2347 1289 de

1436 1306 1573 1335 Arnhem
1607 1307 1664 1335 sub
1696 1307 1846 1347 magistro
1876 1307 2036 1337 Willelmo
2061 1307 2238 1348 Wadenoy,
2257 1307 2346 1349 cujus

1436 1356 1530 1384 bursa
1546 1355 1605 1384 llll
1622 1355 1726 1391 solidi,
1741 1355 1869 1385 XXVII·
1882 1356 1932 1385 die
1947 1356 2064 1386 mensis
2079 1356 2224 1396 Augusti.

1477 1404 1552 1433 Item
1569 1404 1697 1434 XXVII*
1714 1405 1764 1434 die
1781 1405 1897 1435 mensis
1914 1405 2048 1445 Augusti
2073 1406 2150 1435 facta
2171 1416 2346 1446 congrega-

1437 1453 1525 1482 cione
1542 1453 1683 1483 nacionis
1699 1454 1781 1493 apud
1802 1453 1946 1483 Sanctum
1965 1454 2119 1484 sulianum
2135 1454 2210 1484 hora
2229 1455 2347 1494 prima-

1436 1511 1503 1531 rum
1526 1502 1639 1532 Nostre
1657 1502 1788 1532 Domine
1809 1504 1847 1532 ad
1871 1503 2046 1543 eligendum
2067 1510 2299 1542 procuratorem
2315 1510 2347 1534 et

1437 1553 1474 1581 ad
1503 1551 1687 1581 audiendum
1712 1558 1888 1591 computum
1920 1552 2093 1592 receptoris
2122 1562 2156 1582 ac
2187 1552 2284 1582 eciam
2306 1548 2345 1582 ad

1437 1601 1684 1641 supplicandum,
1700 1607 1730 1630 et
1744 1601 1847 1630 audito
1865 1607 2022 1640 computo,
2039 1602 2222 1641 computatis
2239 1611 2344 1642 recep-

1437 1650 1477 1680 tis
1492 1657 1522 1679 et
1538 1649 1696 1679 defalcatis
1714 1649 1878 1690 expositis,
1897 1650 2009 1679 mansit
2028 1657 2172 1690 receptor
2188 1651 2347 1690 obligatus

1437 1698 1558 1728 nacioni
1572 1699 1603 1728 in
1617 1698 1675 1728 XII
1690 1699 1791 1734 libris,
1806 1699 1866 1728 1111
1883 1699 1991 1729 solidis
2005 1705 2035 1728 et
2052 1699 2079 1728 11
2095 1700 2243 1735 denariis,
2264 1700 2344 1730 solu·

1437 1748 1476 1778 tis
1500 1748 1594 1777 scolis
1619 1748 1708 1778 novis
1731 1754 1760 1778 et
1776 1755 1886 1787 septem
1905 1750 2019 1777 arcium
2042 1758 2100 1788 pro
2122 1745 2182 1778 isto
2200 1759 2291 1784 anno,
2316 1755 2348 1779 et

1437 1797 1571 1836 receptis
1595 1797 1677 1826 LXX
1702 1797 1810 1826 solidis
1841 1798 1877 1826 ab
1907 1797 2127 1827 Universitate.
2155 1797 2269 1827 Verum
2298 1804 2346 1828 est

1438 1847 1520 1886 quod
1535 1846 1683 1886 magister
1698 1846 1854 1876 Henricus
1872 1847 1909 1875 de
1932 1846 2048 1876 Thenis
2062 1856 2125 1875 non
2144 1846 2270 1876 tradidit
2289 1857 2348 1876 suo

1437 1894 1633 1925 successori³
1650 1895 1710 1924 nisi
1734 1891 1804 1925 tres⁸
1813 1895 1921 1930 libras,
1937 1895 2006 1924 XVI
2031 1895 2148 1924 solidos
2167 1902 2197 1925 et
2215 1897 2229 1925 1
2249 1896 2345 1925 dena·-

1436 1944 1527 1979 rium,
1558 1954 1637 1983 quos
1665 1944 1771 1974 ultimo
1805 1954 1861 1974 suo
1894 1945 2061 1984 [computo]
2095 1945 2280 1983 computavit
2311 1954 2347 1974 se

1437 1993 1550 2022 habere
1583 2003 1600 2022 a
1629 1993 1768 2023 nacione.
1800 1993 1875 2023 Item
1902 1994 1982 2023 idem
2011 1994 2160 2033 magister
2190 1993 2345 2023 Henricus

1438 2042 1563 2082 reliquit
1579 2042 1622 2071 Ill
1635 2043 1746 2072 bursas
1762 2042 1927 2072 solvendas
1943 2042 2056 2072 rectori
2071 2052 2128 2082 per
2141 2042 2299 2072 nacionem
2315 2048 2346 2072 et

1438 2091 1554 2120 solutas
1571 2101 1626 2130 per
1650 2101 1738 2120 suum
1758 2101 1982 2125 successorem,
2005 2091 2123 2120 scilicet
2139 2091 2210 2120 XIX
2226 2091 2347 2121 solidos

1438 2147 1468 2170 et
1484 2140 1524 2169 VI
1544 2140 1690 2169 denarios
1718 2150 1776 2180 pro
1803 2140 2035 2180 incipientibus,
2055 2151 2071 2169 a
2096 2141 2209 2179 quibus
2240 2140 2347 2170 habuit

1439 2189 1579 2228 pignera,
1603 2190 1657 2218 sed
1680 2199 1741 2218 non
1759 2195 1879 2218 constat
1903 2190 1941 2218 de
1967 2189 2143 2218 nominibus
2170 2189 2344 2219 debitorum

1438 2238 1498 2267 nisi
1516 2239 1553 2267 de
1568 2248 1641 2274 uno,
1661 2238 1779 2268 scilicet
1798 2238 1947 2278 magistro
1970 2238 2134 2267 Lamberto
2151 2239 2189 2267 de
2205 2237 2345 2268 Ghelria.

1439 2287 1478 2316 Et
1494 2287 1550 2317 suit
1567 2293 1729 2326 computus
1747 2288 1784 2316 ab
1800 2287 1943 2316 omnibus
1961 2288 2163 2326 approbatus.

1842 2380 1939 2409 13⁷5

1501 2452 1780 2491 [Procuratoria
1810 2461 1905 2491 mag.
1930 2450 2077 2480 Andree
2110 2451 2282 2490 Symonis

1765 2501 1807 2529 de
1838 2500 2028 2538 Prussia].

1480 2581 1554 2609 Item
1565 2590 1645 2609 anno
1658 2586 1691 2609 ut
1699 2590 1804 2620 supra,
1819 2579 1946 2609 XXVII·
1956 2580 2006 2608 die
2013 2579 2159 2619 Augusti,
2171 2590 2347 2619 congrega·-

1439 2629 1526 2658 cione
1544 2629 1682 2658 nacionis
1693 2635 1830 2668 utsupra
1845 2629 1921 2658 sacta
1936 2629 2017 2668 apud
2034 2628 2178 2658 Sanctum
2190 2629 2344 2658 sulianum

1439 2677 1514 2707 hora
1540 2678 1720 2717 primarum,
1749 2677 1864 2707 electus
1891 2677 1946 2706 fuit
1974 2677 2169 2706 concorditer
2197 2677 2349 2717 magister

1438 2726 1580 2756 Andreas
1597 2726 1741 2766 Symonis
1757 2727 1794 2755 de
1815 2726 1945 2756 Prussia
1959 2725 1991 2755 in
2011 2732 2244 2765 procuratorem
2264 2727 2345 2756 dicte

1438 2776 1577 2805 nacionis
1587 2799 1594 2812 ,
1609 2776 1753 2806 videlicet
1769 2772 1957 2815 Anglicane3
1977 2775 2008 2804 in
2024 2774 2111 2815 cujus
2131 2776 2346 2815 procuratoris.

1439 2831 1505 2854 acta
1527 2825 1650 2855 suerunt
1665 2835 1724 2864 que
1740 2830 1896 2854 secuntur.

1470 2940 1493 2964 2.
1529 2939 1596 2970 Quia
1606 2938 1658 2971 suit
1669 2938 1724 2962 dies
1738 2937 1877 2963 dominica.

1470 2976 1493 2999 3.
1528 2975 1641 2999 Waltero
1652 2974 1684 2998 de
1697 2974 1763 2998 Delf.

2627 983 2630 985 .
2629 962 2632 968 .
2624 834 2632 951 ε.-.,.,--.
2625 793 2632 823 ,4.
2622 655 2632 779 -.Αἱ-με.
2630 632 2632 639 .
