2632 3464
399 438 451 463 843

438 514 513 542 Item
531 512 711 542 licenciatus
733 519 781 542 est
800 513 944 543 dominus
965 513 1122 542 Johannes
1145 513 1225 543 Bere
1248 514 1306 543 sub

397 562 546 602 magistro
569 561 706 591 Henrico
729 562 876 598 Gorkem,
895 561 982 602 cujus
1007 563 1103 592 bursa
1124 562 1181 592 VII
1200 562 1304 592 solidi.

437 612 513 640 Item
537 611 718 640 licenciatus
736 617 783 640 est
805 611 948 641 dominus
974 611 1128 641 Henricus
1152 612 1232 641 Berc
1248 613 1306 641 sub

396 660 545 699 magistro
564 659 701 689 Henrico
726 660 874 695 Gorkem,
896 659 982 699 cujus
1006 661 1101 689 bursa
1122 660 1178 689 ΥΠ
1200 660 1303 690 solidi.

436 710 511 738 Item
520 709 699 739 licenciatus
708 715 756 738 est
765 710 908 738 dominus
921 709 1100 738 Conrardus
1112 709 1238 738 Lubeck
1248 710 1306 738 sub

396 759 546 798 magistro
565 758 705 787 Johanne
724 758 876 794 Boburth‚
902 757 989 797 cujus
1009 759 1103 787 bursa
1122 758 1179 787 VII
1199 758 1303 787 solidi.

436 808 511 836 Item
523 807 702 836 licenciatus
713 814 761 836 est
773 807 916 836 dominus
927 807 1080 836 Hem-icus
1092 807 1236 836 de'Venlo
1247 808 1305 837 sub

395 857 544 896 magistro
559 856 698 885 Johanne
716 857 753 885 de
769 856 950 895 Zutphania‚
966 855 1053 895 cujus
1067 857 1161 885 bursa
1173 855 1230 885 Vll
1245 856 1302 885 sol.

436 906 511 934 Item
528 905 707 934 licenciatus
724 911 771 934 est
786 905 930 934 dominus
943 905 1122 934 Burcardus
1138 905 1232 934 Liber
1247 906 1304 934 sub

394 954 543 993 magistro
555 954 732 983 Hermanno
746 954 931 993 Eslinghen‚
942 953 1029 992 cujus
1043 954 1137 983 bursa
1146 953 1188 983 ΥΙ
1198 954 1302 983 solidi.

436 1003 511 1032 Item
533 1003 712 1032 licenciatus
743 1009 790 1032 est
818 1003 961 1032 dominus
990 1002 1147 1032 Johannes
1175 1003 1305 1042 Spenlin

395 1053 452 1081 sub
471 1053 619 1091 magistro
635 1052 774 1081 Johanne
791 1051 931 1081 Boburth
952 1051 1039 1080 cuius
1062 1052 1156 1081 bursa
1179 1052 1223 1080 111
1245 1052 1301 1081 sol.

435 1101 510 1130 Item
527 1101 706 1130 licenciatus
726 1107 774 1130 est
788 1101 932 1130 dominus
948 1100 1159 1130 Theodericus
1173 1101 1211 1129 de
1228 1101 1305 1130 Zas—

395 1160 499 1179 senem
525 1151 582 1179 sub
607 1150 756 1189 magistro
778 1149 918 1178 Arnoldo
938 1149 1079 1185 Wtwiic‚
1099 1149 1185 1188 cujus
1210 1150 1306 1179 bursa

393 1199 450 1228 ΥΠ
465 1198 568 1228 solidi.

435 1249 510 1277 Item
524 1247 706 1276 licenciatus
722 1254 769 1276 est
788 1247 932 1277 dominus
948 1248 1105 1277 Johannes
1125 1249 1162 1277 de
1179 1248 1305 1277 Alcma-

394 1298 441 1326 ria
459 1298 516 1326 sub
539 1297 687 1336 magistro
707 1297 846 1326 Johanne
869 1298 907 1326 de
929 1297 1080 1332 Zutsania,
1101 1296 1188 1337 cujus
1210 1298 1303 1327 bursa

392 1346 448 1375 VII
464 1346 567 1375 solidi.

433 1396 508 1424 Item
527 1395 706 1424 licenciatus
721 1401 769 1424 est
783 1395 926 1424 dominus
943 1395 1099 1424 Robertus
1110 1396 1148 1424 de
1162 1396 1303 1425 Mertoen

392 1446 450 1473 sub
466 1444 615 1483 magistro
633 1443 774 1472 Arnoldo
793 1443 933 1479 Wtwiic‚
951 1443 1038 1482 cujus
1056 1445 1151 1474 bursa
1168 1444 1224 1474 VII
1242 1445 1300 1474 sol.

433 1493 507 1522 Item
523 1492 702 1521 licenciatus
719 1499 767 1521 est
780 1493 923 1522 dominus
941 1493 1075 1522 Jacobus
1091 1492 1232 1522 Makaert
1245 1495 1303 1523 sub

391 1542 540 1581 magistro
554 1542 690 1570 Henrico
702 1542 739 1570 de
751 1541 950 1576 Gorinchem,
966 1541 1053 1582 cujus
1068 1543 1163 1571 bursa
1173 1542 1230 1571 Vll
1242 1542 1300 1572 sol.

433 1592 508 1620 Item
523 1590 702 1620 licenciatus
720 1597 768 1620 est
783 1591 927 1620 dominus
951 1590 1131 1620 Gherardus
1154 1591 1239 1620 Petri
1264 1592 1302 1620 de

392 1641 518 1679 Leyden
551 1640 608 1668 sub
640 1640 789 1678 magistro
816 1639 957 1669 Arnoldo
984 1641 1021 1669 de
1050 1640 1190 1676 Wtwiic‚
1215 1639 1302 1680 cujus

391 1690 486 1718 bursa
499 1688 555 1717 Vll
574 1688 677 1718 solidi.

432 1738 507 1767 Item
521 1738 700 1767 licenciatus
715 1744 762 1767 est
777 1737 920 1767 dominus
943 1738 1124 1768 Gherardus
1142 1739 1180 1768 de
1196 1739 1302 1768 Oude-

391 1794 489 1817 water
504 1788 561 1816 sub
577 1787 725 1826 magistro
744 1788 862 1822 eodem,
880 1786 967 1826 cujus
981 1788 1075 1817 bursa
1090 1787 1117 1816 Π
1136 1788 1239 1816 solidi.

432 1836 507 1866 Item
532 1836 710 1865 licenciatus
739 1837 881 1865 dominus
907 1836 998 1876 Hugo
1024 1837 1061 1865 de
1088 1836 1215 1866 Arbona
1244 1839 1301 1867 sub

390 1886 539 1925 magistro
556 1885 674 1914 Joanne
691 1885 843 1920 Boutbur‚
861 1884 947 1925 cujus
962 1886 1057 1915 bursa
1074 1885 1179 1915 nichil.

433 1935 508 1963 Item
525 1934 704 1963 licenciatus
716 1941 764 1963 est
778 1934 922 1963 dominus
938 1934 1092 1964 Henricus
1108 1936 1145 1964 de
1160 1935 1300 1971 Xanctis,

391 1983 466 2012 alias
482 1984 519 2011 de
536 1983 653 2018 Bemel,
671 1978 728 2012 s'ub
745 1983 893 2023 magistro
910 1983 1087 2012 Hermanno
1104 1985 1141 2012 de
1158 1984 1300 2020 Ummen,

392 2031 478 2071 cujus
493 2033 587 2061 bursa
601 2032 628 2060 II
645 2032 747 2060 solidi.

433 2081 507 2110 Item
521 2080 528 2098 ⁴
547 2081 727 2110 licenciatus
741 2087 788 2110 est
808 2081 951 2110 dominus
964 2081 1121 2110 Johannes
1135 2083 1172 2110 de
1186 2082 1302 2111 Tulach

393 2131 450 2159 sub
464 2130 613 2169 magistro
628 2130 766 2158 Johanne
783 2129 947 2165 Boutburt,
959 2130 1045 2169 cujus
1064 2132 1158 2159 bursa
1172 2131 1229 2160 VII
1241 2132 1299 2160 sol.

432 2179 507 2208 Item
525 2179 705 2208 licenciatus
722 2185 768 2208 cst
789 2179 933 2208 dominus
954 2179 1087 2209 Thomas
1106 2181 1143 2209 de
1165 2180 1302 2220 Ungaria

392 2229 449 2257 sub
463 2234 634 2267 receptore,
653 2227 739 2267 cujus
757 2229 850 2257 bursa
863 2228 968 2263 nichil,
987 2229 1058 2268 quia
1071 2228 1196 2268 [juravit
1209 2236 1301 2259 statu-

391 2284 453 2306 tum
470 2277 685 2316 paupertatis].

433 2385 504 2424 (Fol.
524 2384 571 2424 64)
589 2385 803 2424 Sequuntur
829 2386 974 2414 nomina
994 2385 1259 2425 incipiencium

667 2434 751 2463 anni
792 2434 1016 2473 supradicti.

434 2522 507 2551 Item
533 2523 651 2562 incepit
675 2523 818 2551 dominus
842 2523 999 2552 Johannes
1024 2524 1061 2552 de
1088 2523 1215 2553 Xanctis
1242 2526 1299 2554 sub

392 2572 539 2610 magistro
562 2572 697 2600 Henrico
721 2571 868 2606 Gorkem,
892 2571 978 2610 cujus
998 2573 1093 2601 bursa
1114 2573 1170 2601 V11
1194 2573 1297 2602 solidi.

433 2620 506 2648 Item
526 2621 640 2659 incepit
653 2621 796 2650 dominus
813 2621 970 2649 Johannes
989 2621 1155 2650 Mulhusen
1171 2622 1208 2650 de
1226 2622 1299 2650 Ber-

392 2670 498 2699 ca'sub
517 2670 635 2704 eodem,
653 2668 740 2708 cujus
758 2671 853 2698 bursa
867 2669 923 2697 Vll
938 2669 1040 2698 solidi.
1069 2670 1071 2672 ’

434 2717 507 2745 Item
533 2718 647 2756 incepit
670 2718 813 2747 dominus
837 2718 990 2747 Henricus
1013 2718 1243 2757 Maltmyngher
1262 2720 1299 2748 de

393 2765 491 2794 Berca
508 2767 564 2795 sul)
583 2767 701 2801 eodem,
722 2766 808 2806 cujus
822 2767 917 2796 bursa
934 2767 990 2796 VlI
1005 2766 1108 2796 solidi.

433 2814 506 2842 Item
528 2815 642 2853 incepit
664 2816 806 2844 dominus
832 2815 1011 2844 Conrardus
1036 2817 1073 2844 de
1094 2816 1219 2845 Lubeke
1241 2817 1298 2845 sub

393 2863 540 2902 magistro
565 2864 703 2896 Johanne
724 2864 875 2899 Boburth‚
894 2864 980 2904 cujus
1002 2865 1095 2894 bursa
1116 2865 1172 2893 VII
1193 2865 1295 2894 solidi.

424 2960 445 2983 1.
462 2950 466 2955 ⁵
480 2961 528 2983 Iste
543 2963 566 2983 et
579 2969 685 2992 sequens
698 2964 800 2986 exstant
814 2962 838 2985 in
856 2964 913 2985 tri-2¹·
925 2961 975 2993 sol>
984 2963 1013 2985 64
1021 2965 1081 2993 post
1093 2962 1251 2993 incipientes.

941 437 1164 463 AUCTARIUM
1185 436 1444 464 CHARTULARII
1464 437 1638 465 UNIVERS.
1660 438 1777 465 PARIS.

1342 958 1376 983 10

1342 1202 1375 1227 15

1340 1449 1374 1474 20

1340 1694 1373 1720 25

1339 1940 1373 1966 30

1339 2184 1372 2210 35

1337 2429 1371 2455 40

1337 2674 1370 2700 45

2251 474 2252 477 Ἴ
2270 441 2326 467 844

1455 515 1530 544 Item
1554 514 1669 554 incepit
1686 515 1830 544 dominus
1848 515 2005 545 Johannes
2021 515 2129 555 Spenli
2151 517 2207 546 sub
2223 517 2327 556 magi·

1415 569 1480 593 stro
1497 563 1637 593 Johanne
1655 565 1692 593 de
1709 563 1857 599 Sutfania‚
1873 563 1960 604 cujus
1973 565 2068 594 bursa
2082 565 2112 594 3·
2128 565 2232 595 solidi.

1456 612 1531 641 Item
1540 613 1656 652 incepit
1668 613 1811 642 dominus
1823 613 2001 643 Purcardus
2015 613 2121 643 Liberi
2132 615 2189 644 sub
2201 615 2324 651 eodem,

1415 660 1502 701 eujus
1517 662 1611 691 bursa
1630 663 1648 691 5
1663 661 1766 691 solidi.

1455 711 1531 740 Item
1545 711 1662 750 incepit
1678 711 1821 740 dominus
1840 711 1994 740 Henricus
2015 711 2054 741 de
2068 711 2166 742 Venlo
2189 713 2246 742 sub
2269 723 2326 742 eo-

1414 759 1494 794 dem,
1514 758 1601 798 cujus
1619 761 1713 789 bursa
1727 759 1785 789 ΥΠ
1805 760 1908 789 solidi.

1452 807 1528 838 -Item
1550 808 1667 848 incepit
1686 809 1829 838 dominus
1854 809 2066 838 Theodericus
2093 810 2131 839 de
2157 810 2325 840 Zassenem

1415 857 1472 886 sub
1487 857 1635 897 magistro
1657 857 1798 887 Arnoldo
1819 859 1857 887 de
1876 858 2018 894 Wtwiic‚
2042 858 2129 898 cujus
2149 860 2244 889 bursa
2265 859 2323 890 VII

1414 905 1517 935 solidi.

1454 954 1529 984 Item
1546 955 1662 994 incepit
1682 955 1826 985 dominus
1846 955 2004 986 Johannes
2022 957 2060 986 de
2083 956 2238 986 Alcman-ia
2264 959 2326 988 sub

1413 1004 1562 1043 magistro
1583 1004 1723 1033 Johanne
1740 1005 1778 1034 de
1796 1005 1945 1040 Zutsania,
1963 1005 2050 1045 cujus
2073 1007 2168 1035 bursa
2186 1006 2240 1036 V11
2261 1007 2320 1036 sol.

1454 1052 1528 1082 Item
1544 1052 1661 1092 incepit
1675 1054 1818 1083 dominus
1839 1054 1973 1084 Jacobus
1996 1055 2137 1084 Makaert
2151 1056 2209 1084 sub
2222 1056 2325 1096 magi-

1414 1107 1479 1130 stro
1500 1101 1636 1131 Henrico
1656 1102 1694 1131 de
1714 1102 1895 1138 Gorinkem‚
1916 1102 2003 1143 cujus
2024 1105 2119 1133 bursa
2135 1103 2192 1133 ΥΠ
2215 1104 2321 1134 solidi.

1453 1150 1528 1179 Item
1541 1150 1658 1190 incepit
1671 1151 1815 1180 dominus
1833 1151 2014 1181 Gherardus
2033 1152 2118 1182 Petri
2136 1153 2174 1182 de
2195 1153 2322 1193 Leyden

1414 1200 1471 1228 sub
1493 1199 1642 1239 magistro
1660 1199 1800 1229 Arnoldo
1823 1201 1861 1229 de
1885 1201 2026 1237 Wtwiic‚
2046 1201 2132 1241 cujus
2150 1203 2246 1232 bursa
2264 1203 2324 1233 ΥΠ

1413 1248 1517 1278 solidi.

1453 1298 1528 1327 Item
1554 1298 1670 1338 incepit
1698 1298 1842 1327 dominus
1868 1298 2025 1328 Robertus
2052 1300 2090 1328 de
2116 1300 2238 1330 Merton
2263 1302 2325 1331 sub

1412 1347 1562 1386 magistro
1577 1348 1696 1383 eodem,
1710 1346 1797 1387 cujus
1812 1348 1907 1376 bursa
1921 1347 1978 1376 ΥΠ
1995 1348 2099 1378 solidi.

1452 1397 1527 1426 Item
1553 1396 1670 1436 incepit
1697 1396 1841 1426 dominus
1867 1396 2047 1427 Gherardus
2073 1398 2111 1427 de
2134 1398 2326 1429 Oudewater

1412 1445 1470 1474 sub
1485 1446 1605 1481 eodem,
1625 1444 1712 1485 cujus
1730 1446 1826 1475 bursa
1843 1446 1861 1474 2
1876 1445 1981 1475 solidi.

1450 1496 1528 1523 Item
1546 1495 1663 1534 incepit
1684 1494 1828 1524 dominus
1850 1494 2005 1524 Hem-icus
2025 1496 2064 1524 de
2086 1496 2224 1533 Xanctis,
2243 1497 2324 1528 alias

1411 1544 1449 1573 de
1468 1543 1574 1573 Bemel
1590 1544 1647 1573 sub
1662 1543 1811 1584 magistro
1828 1544 2006 1573 Hermanno
2021 1545 2059 1573 de
2075 1544 2217 1582 Ummen,
2234 1546 2324 1586 cujus

1411 1593 1506 1622 bursa
1522 1593 1540 1621 2
1559 1593 1663 1622 solidi.

1452 1642 1526 1671 Item
1552 1642 1669 1681 incepit
1698 1642 1841 1671 dominus
1866 1642 2024 1672 Johannes
2051 1643 2089 1672 de
2119 1643 2236 1673 Tulach
2262 1645 2323 1674 sub

1411 1690 1560 1730 magistro
1576 1691 1591 1720 J
1596 1691 1716 1720 ohanne
1730 1691 1913 1727 Boutburth,
1931 1691 2017 1731 cujus
2035 1693 2130 1722 bursa
2141 1693 2198 1722 ΥΠ
2214 1693 2318 1723 solidi.

1452 1740 1527 1769 Item
1542 1739 1658 1780 incepit
1671 1740 1814 1769 dominus
1829 1740 1920 1780 Hugo
1933 1741 1971 1770 de
1985 1740 2114 1770 Arbona
2126 1742 2183 1771 sub
2199 1743 2321 1779 eodem,

1411 1788 1498 1828 cujus
1516 1790 1611 1818 bursa
1633 1788 1729 1818 nichil
1749 1789 1821 1829 quia
1843 1788 1968 1829 [juravit
1990 1796 2136 1820 statutum
2153 1798 2324 1831 pauperta-

1410 1838 1476 1876 tis].

1452 1887 1527 1916 Item
1550 1886 1666 1926 incepit
1689 1887 1832 1916 dominus
1857 1887 1991 1917 Thomas
2017 1889 2055 1917 de
2080 1888 2239 1928 Hongaria
2261 1890 2323 1920 sub

1410 1942 1583 1975 receptore,
1601 1935 1687 1975 cujus
1705 1937 1800 1965 bursa
1814 1936 1921 1972 nichil,
1939 1937 2011 1976 quia
2026 1944 2083 1967 etc.

1818 2030 1916 2059 1402

1431 2101 1506 2141 (Fol.
1532 2103 1567 2131 64
1583 2100 1607 2140 ¹³)
1630 2101 1896 2130 Procuratoria
1915 2101 2088 2141 magistri
2113 2102 2299 2133 Johannis

1710 2150 1752 2179 de
1787 2149 2016 2189 Galencoep.

1451 2231 1541 2260 Facta
1574 2230 1820 2270 congregacione
1853 2230 1994 2260 nacionis
2029 2230 2202 2270 Anglicane
2237 2232 2319 2270 apud

1411 2279 1555 2309 Sanctum
1578 2279 1764 2308 Maturinum
1790 2289 1870 2308 anno
1895 2279 2020 2308 Domini
2046 2280 2123 2308 1402
2150 2280 2320 2309 secundum

1410 2328 1513 2358 stilum
1539 2328 1668 2357 ecclesie
1692 2327 1849 2357 Gallicane
1860 2327 1885 2363 ²,
1912 2330 1944 2358 7·
1968 2328 2018 2357 die
2040 2328 2161 2357 ‘mensis
2184 2328 2318 2368 Aprilis,

1409 2377 1485 2406 hora
1501 2378 1545 2406 8¹¹⁸
1565 2387 1659 2416 super
1676 2378 1738 2406 3bu⁵
1756 2377 1905 2406 articulis.
1924 2377 2047 2406 Primus
2065 2383 2131 2406 erat
2144 2378 2183 2406 ad
2198 2377 2319 2417 eligen-

1409 2427 1480 2456 dum
1499 2436 1612 2456 novum
1627 2433 1871 2466 procuratorem.
1889 2426 1936 2454 2¹¹·
1948 2432 2014 2455 erat
2033 2435 2128 2465 super
2144 2426 2223 2455 facto
2246 2436 2318 2456 sco-

1408 2475 1504 2504 larum
1519 2483 1629 2514 septem
1652 2477 1778 2504 arcium.
1797 2476 1843 2504 3¹¹·
1865 2484 1960 2514 super
1978 2474 2263 2514 supplicacionibus
2288 2481 2322 2505 et

1408 2523 1542 2563 injuriis.
1563 2524 1715 2561 Quantum
1733 2525 1771 2552 ad
1787 2524 1918 2563 primum
1939 2523 2101 2553 articulum
2120 2523 2237 2553 electus
2253 2530 2319 2554 erat

1409 2573 1605 2602 concorditer
1640 2573 1788 2612 magister
1817 2573 1975 2602 Johannes
2010 2573 2047 2602 de
2080 2572 2256 2612 Galencoep
2285 2573 2318 2602 in

1408 2629 1640 2661 procuratorem
1656 2621 1806 2651 nacionis.
1823 2622 1975 2659 Quantum
1994 2622 2033 2650 ad
2054 2622 2094 2650 2²¹³
2117 2621 2180 2651 dati
2195 2622 2321 2651 fuerunt

1408 2671 1546 2711 deputati
1569 2671 1599 2700 in
1622 2672 1704 2700 bono
1726 2680 1866 2706 numero,
1889 2676 1949 2699 tam
1971 2676 2116 2710 regentes
2140 2680 2229 2710 quam
2254 2681 2317 2700 non

1408 2725 1563 2759 regentes,
1575 2719 1694 2748 scilicet
1706 2724 1890 2758 procurator
1898 2719 2046 2758 prefatus,
2057 2725 2202 2758 receptor
2214 2718 2316 2748 nacio-

1407 2767 1468 2803 nis,
1483 2768 1631 2807 magister
1649 2767 1806 2797 Johannes
1827 2768 1864 2796 de
1882 2766 2019 2802 Austria,
2034 2767 2183 2807 magister
2198 2767 2319 2797 Johan-

1407 2827 1462 2845 nes
1480 2817 1643 2852 Boutburt,
1659 2816 1807 2856 magister
1822 2815 1996 2845 Richardus
2012 2817 2050 2845 de
2064 2816 2201 2852 Loenen,
2218 2816 2317 2856 magi-

1408 2871 1471 2894 ster
1504 2866 1616 2895 Petrus
1652 2865 1803 2900 Prenner,
1841 2864 1988 2904 magister
2022 2865 2178 2894 Johannes
2214 2865 2316 2905 Dorp,

1438 2964 1461 2986 2.
1495 2962 1546 2986 Sed
1557 2963 1634 2986 etiam
1651 2963 1790 2986 secundum
1801 2961 1881 2985 alium
1891 2962 1986 2986 stilum.
