2632 3464
441 454 488 478 471

477 529 580 558 Primo
608 528 750 557 dominus
780 527 975 556 Hermannus
1011 526 1116 555 Roeve
1152 525 1268 564 incepit
1295 524 1344 553 die

437 579 506 607 lune
525 577 682 616 sequenti,
702 586 761 616 que
783 573 847 605 erat
865 575 935 604 VII³
957 575 1024 604 dies
1046 573 1135 613 Maij,
1159 575 1216 603 sub
1236 574 1343 603 eodem

436 627 584 665 magistro
603 626 734 665 Hugone
748 626 785 654 de
803 625 965 659 Hervorst,
982 622 1067 662 cujus
1084 624 1178 652 bursa
1196 622 1269 651 VIII
1284 622 1342 651 sol.

478 676 552 704 Item
568 676 674 704 eodem
686 675 734 703 die
749 674 892 703 dominus
907 673 1063 702 Johannes
1083 671 1211 711 Logghe
1229 671 1347 710 incepit

439 725 495 754 sub
512 725 658 764 magistro
673 723 809 752 Henrico
826 722 980 762 Spronch,
998 721 1084 761 cujus
1100 722 1194 750 bursa
1209 720 1265 749 VII
1285 720 1343 749 sol.

478 774 551 802 Item
572 773 622 802 die
638 773 709 801 X112
724 771 861 811 ejusdem
878 771 1004 805 mensis,
1024 770 1143 799 scilicet
1158 770 1207 798 die
1225 769 1345 798 sabbati

439 822 579 861 sequenti
610 821 798 855 immediate,
823 819 1002 848 licenciatus
1033 818 1089 847 suit
1122 818 1264 847 dominus
1291 818 1346 847 Jo-

438 871 554 900 hannes
566 871 705 908 Scafrayt
715 870 753 898 de
768 869 924 908 Kempene
938 869 994 897 sub
1011 867 1161 907 magistro
1180 867 1345 896 Lamberto

438 921 475 949 de
491 919 628 948 Mar-chia
642 918 662 953 ¹,
683 918 754 958 quia
766 918 938 957 gallicatus‚
956 916 1043 954 cujus
1059 917 1154 945 bursa
1165 915 1223 944 VII
1240 915 1344 944 solidi.

478 969 551 998 Item
571 969 678 997 eodem
700 968 749 995 die
771 966 951 995 licenciatus
969 966 1024 995 fuit
1042 965 1185 994 dominus
1203 965 1346 994 Andreas

441 1017 584 1057 Symonis
598 1018 635 1045 de
663 1017 783 1055 Prusya
804 1016 860 1044 sub
881 1015 1030 1054 magistro
1047 1014 1164 1043 Thoma
1178 1015 1216 1043 de
1235 1013 1345 1049 Clivis,

439 1066 526 1106 cujus
544 1068 638 1095 bursa
653 1065 709 1094 VII
729 1065 832 1094 solidi.

479 1116 550 1144 Item
566 1116 672 1143 eodem
686 1114 736 1143 die
748 1114 928 1143 licenciatus
944 1113 999 1142 fuit
1012 1113 1155 1142 dominus
1170 1112 1347 1141 Alexander

441 1166 477 1194 de
497 1164 687 1203 Dalgarnok,
703 1163 876 1202 gallicatus‚
891 1163 947 1191 sub
962 1162 1110 1201 magistro
1127 1162 1291 1191 Lamberto
1309 1162 1346 1191 de

441 1213 588 1247 Marchia,
609 1211 695 1252 cujus
713 1213 807 1240 bursa
822 1211 848 1240 V
866 1211 968 1240 solidi.

480 1263 553 1292 Item
578 1269 649 1291 tunc
669 1261 848 1290 licenciatus
867 1261 922 1289 fuit
938 1260 1081 1289 dominus
1096 1260 1229 1289 Jacobus
1245 1260 1344 1299 Lyon,

439 1312 656 1351 picardisatus‚
674 1311 731 1339 sub
748 1310 896 1349 magistro
914 1309 1053 1338 Johanne
1071 1310 1109 1338 de
1126 1309 1240 1343 Ponte,
1259 1308 1345 1348 cujus

439 1362 532 1390 bursa
547 1360 573 1388 V
589 1359 692 1388 solidi.

480 1410 552 1438 Item
564 1409 667 1437 Xlllla
680 1408 729 1437 die
743 1407 879 1447 ejusdem
892 1407 1020 1442 mensis,
1033 1417 1092 1446 que
1102 1414 1167 1436 erat
1179 1407 1246 1436 dies
1261 1407 1344 1442 lune,

440 1459 554 1497 incepit
564 1458 706 1487 dominus
721 1457 899 1486 Bernardus
910 1457 1009 1485 Luttic
1024 1458 1081 1485 sub
1098 1457 1245 1496 magistro
1261 1456 1346 1485 Mer-

441 1508 511 1536 cilio
530 1508 567 1536 de
584 1507 713 1546 Inghen,
734 1505 820 1545 cujus
839 1507 933 1534 bursa
949 1505 989 1534 VI
1006 1505 1098 1534 solidi
1114 1511 1144 1534 et
1159 1505 1200 1534 VI
1215 1505 1344 1534 denarii.

482 1557 555 1585 Item
579 1557 685 1584 eodem
702 1555 752 1584 die
770 1555 912 1584 dominus
934 1555 1048 1584 Paulus
1068 1554 1218 1584 Johannis
1232 1555 1348 1594 incepit

443 1607 499 1635 sub
512 1606 618 1634 eodem
633 1605 781 1644 magistro
797 1604 938 1633 Mercilio
951 1605 988 1633 de
1003 1603 1132 1643 Inghen,
1151 1603 1238 1643 cujus
1253 1605 1348 1633 bursa

440 1655 480 1684 Vl
498 1654 600 1684 solidi.

482 1704 556 1732 Item
569 1703 706 1742 predicta
721 1702 823 1731 Xlllla
841 1702 890 1731 die
905 1701 990 1737 Maii,
1007 1703 1080 1731 facta
1100 1702 1348 1741 congregacione

443 1752 581 1782 nacionis
602 1752 632 1780 in
651 1751 757 1780 terciis
781 1752 819 1780 ad
842 1751 1078 1791 supplicandum
1098 1751 1179 1790 apud
1203 1751 1348 1780 Sanctum

442 1802 639 1835 Maturinum,
655 1800 843 1840 supplicavit
858 1807 1040 1839 procurator
1052 1800 1175 1829 nomine
1191 1799 1348 1839 cujusdam

443 1851 572 1880 scolaris
589 1852 626 1879 de
639 1850 779 1884 nacione,
797 1856 830 1878 ut
845 1860 912 1878 cum
926 1849 977 1878 ille
992 1856 1075 1878 esset
1092 1849 1297 1878 bachallarius
1316 1849 1348 1878 in

442 1900 571 1934 artibus,
586 1906 615 1928 et
628 1899 720 1928 vellet
738 1899 864 1928 visitare
878 1899 1007 1937 patriam
1023 1909 1107 1927 suam
1119 1899 1157 1927 ad
1179 1899 1348 1938 regendum

442 1950 554 1978 ibidem
571 1949 682 1983 scolas,
698 1948 785 1976 nacio
799 1948 886 1976 daret
899 1948 958 1976 81111
974 1948 1103 1976 litteram
1121 1948 1349 1977 recommanda-

442 1998 551 2027 toriam
578 2004 607 2026 et
635 1997 871 2026 testimonialem
895 1998 932 2025 de
961 1996 1182 2026 bachallariatu
1207 2003 1237 2026 et
1265 1996 1349 2026 suffi-

442 2047 558 2075 ciencia
575 2046 743 2080 literature,
768 2045 854 2084 cujus
874 2045 1064 2085 supplicacio
1079 2046 1134 2074 suit
1152 2046 1350 2075 concorditer

443 2106 601 2124 concessa.

484 2145 558 2173 Item
578 2144 660 2172 xvla
670 2143 719 2172 die
736 2143 871 2182 ejusdem
887 2143 1013 2178 mensis,
1029 2153 1088 2182 que
1107 2150 1173 2172 erat
1185 2143 1251 2172 dies
1268 2154 1350 2172 mer-

443 2193 532 2228 curii,
549 2194 623 2221 facta
639 2193 884 2232 congregacione
900 2192 1039 2221 nacionis
1056 2192 1087 2221 in
1098 2193 1203 2221 terciis
1218 2193 1254 2221 ad
1272 2192 1350 2221 San-

444 2249 523 2271 ctum
537 2241 722 2270 Maturinum
739 2242 776 2270 ad
793 2241 1039 2280 supplicandum,
1053 2241 1238 2280 supplicavit
1251 2242 1351 2270 domi-

445 2301 502 2320 nus
519 2291 653 2330 quidam,
671 2290 794 2319 nomine
811 2290 1009 2329 Wynandus,
1027 2290 1205 2329 prepositus
1221 2290 1350 2320 ecclesie

444 2340 610 2373 Aboensis,
630 2346 780 2378 quatenus
795 2349 861 2368 eum
879 2345 962 2368 esset
976 2349 1077 2368 coram
1092 2339 1216 2368 domino
1230 2346 1351 2368 rectore

445 2389 573 2428 quedam
600 2388 638 2416 lis
662 2388 742 2417 inter
763 2388 865 2427 ipsum
890 2384 956 2416 una'
972 2398 1039 2417 cum
1069 2388 1253 2427 quibusdam
1286 2389 1351 2417 suis

445 2437 538 2466 sociis
554 2438 591 2466 de
607 2437 766 2476 provincia
787 2436 917 2471 Swecie,
938 2443 967 2465 et
982 2425 1163 2476 magistrum
1181 2437 1351 2466 Johannem

445 2487 482 2515 de
499 2485 707 2520 Gortenbeke,
730 2486 887 2514 doctorem
914 2486 1109 2514 decretorum
1130 2496 1167 2514 ex
1187 2485 1244 2514 alia
1266 2492 1351 2525 parte

446 2544 539 2573 super
571 2534 841 2563 administracione
874 2535 1066 2573 quorundam
1098 2535 1242 2563 domuum
1271 2534 1352 2564 dicte

446 2584 615 2622 provincie,
646 2590 675 2612 et
694 2583 761 2622 ipse
784 2583 883 2611 dictus
909 2583 1051 2612 dominus
1071 2583 1247 2612 Winandus
1270 2590 1353 2613 esset

446 2642 502 2671 per
526 2632 682 2661 dominum
710 2632 890 2671 episcopum
914 2632 1140 2670 Lincopensem
1151 2631 1174 2666 ²,
1204 2633 1241 2660 ad
1266 2633 1352 2672 cujus

447 2681 686 2719 disposicionem
700 2680 882 2719 pertine[n]t
892 2680 943 2709 ille
954 2681 1074 2715 domus,
1089 2687 1271 2719 procurator
1282 2691 1352 2710 con-

448 2730 570 2758 stitutus
593 2730 629 2758 ad
658 2729 920 2758 intromittendum
949 2739 981 2758 se
1006 2730 1043 2758 de
1074 2729 1353 2759 amministracione

448 2778 594 2806 dictarum
611 2779 781 2813 domorum,
801 2784 893 2817 prout
908 2778 1042 2806 asseruit
1058 2788 1103 2813 se,
1121 2778 1147 2807 si
1163 2788 1241 2817 opus
1258 2785 1351 2814 esset,

448 2828 605 2855 docturum
627 2827 725 2856 literis
746 2833 775 2856 et
793 2827 1022 2862 instrumentis;
1046 2837 1106 2866 quo
1128 2838 1190 2856 non
1213 2828 1352 2857 obstante

480 2938 502 2959 1.
538 2938 624 2959 Postea
642 2937 719 2959 ι’]ίαηι
730 2937 816 2968 plnres
827 2937 873 2960 snb
887 2937 940 2968 ipso
957 2939 1028 2959 actus
1042 2938 1164 2967 fecerunt.

481 2974 501 2993 2.
538 2972 669 2994 *Nicolaum
683 2973 832 3000 Hei-manni,
846 2973 1024 2996 ab.an.137li.

985 448 1207 476 AUCTARIUM
1229 447 1488 474 CHARTULARII
1507 448 1682 475 UNIVERS.
1705 449 1821 476 PARIS.

1384 969 1418 995 10

1384 1214 1417 1240 15

1383 1460 1417 1485 20

1385 1705 1419 1730 25

1387 1951 1420 1977 30

1388 2197 1421 2222 35

1389 2442 1422 2468 40

1390 2686 1423 2712 45

2311 451 2362 476 472

1453 525 1591 564 prefatus
1608 525 1756 565 magister
1767 525 1925 555 Johannes
1941 526 2013 566 (Fol.
2034 525 2108 566 46¹³)
2123 536 2156 555 se
2175 526 2363 556 intromitte-

1453 580 1501 603 ret
1527 575 1565 603 de
1588 574 1709 604 illarum
1741 575 1885 604 domuum
1914 575 2139 614 disposicione,
2167 574 2304 614 allegans
2329 585 2362 605 se

1454 623 1652 653 substitutum
1671 634 1688 653 a
1711 624 1843 663 quodam
1863 624 1938 653 alias
1957 630 2026 653 ante
2044 624 2277 663 promocionem
2296 634 2363 654 mo-

1454 671 1542 701 derni
1554 672 1694 712 episcopi
1706 672 1779 702 dicti
1795 673 1826 701 in
1845 679 2077 712 procuratorem
2093 672 2279 709 constitut03
2295 683 2363 703 cum

1453 727 1555 750 tamen
1583 727 1613 751 et
1639 722 1846 760 predecessor
1879 722 1962 751 illius
1992 722 2132 761 episcopi
2158 722 2300 757 obiisset,
2335 728 2366 752 et

1454 771 1621 800 modernus
1653 771 1820 810 episeopus
1848 771 2105 810 procuracionem
2133 771 2240 800 factam
2263 781 2281 801 a
2307 781 2364 801 suo

1454 820 1678 858 predecessore
1693 819 1750 854 illi,
1764 830 1781 849 a
1797 830 1858 859 quo
1874 820 1954 849 idem
1969 820 2117 860 magister
2129 820 2286 850 Johannes
2299 826 2365 850 erat

1456 868 1652 903 substitutus,
1670 868 1792 907 publice
1807 875 1995 904 revocasset,
2013 875 2107 908 prout
2119 869 2200 898 idern
2221 869 2364 899 dominus

1454 916 1641 956 Wynandus
1674 917 1808 946 asseruit
1839 927 1872 946 se
1900 918 2073 953 docturum,
2103 917 2129 947 si
2159 927 2238 957 opus
2267 924 2362 954 esset,

1455 965 1549 995 vellet
1562 965 1622 995 sibi
1639 966 1788 995 assistere
1801 966 1890 995 nacio
1904 966 1936 995 in
1951 967 2172 1006 prosequendo
2188 977 2273 996 suam
2290 977 2364 996 0311-

1456 1025 1531 1050 sam,
1562 1021 1595 1044 ut
1618 1015 1773 1054 optineret
1791 1013 1917 1054 justicie
1950 1016 2218 1055 complementum,
2249 1022 2364 1045 attento

1456 1065 1539 1103 quod
1554 1063 1656 1093 dictus
1678 1064 1828 1103 magister
1846 1064 2003 1094 Johannes
2026 1071 2171 1104 quereret
2187 1075 2245 1104 pro
2270 1074 2364 1104 posse

1455 1113 1487 1142 in
1503 1113 1587 1142 curia
1599 1113 1716 1142 domini
1730 1113 1862 1142 rectoris
1878 1113 2037 1143 evasiones
2053 1120 2084 1143 et
2100 1113 2269 1143 dilaciones
2281 1114 2365 1143 frau-

1456 1162 1608 1191 dulentas.
1635 1162 1674 1191 Et
1705 1162 1887 1192 deliberavit
1917 1163 2005 1192 03010
2037 1163 2246 1198 concorditer,
2281 1163 2366 1202 quod

1455 1211 1538 1240 dicto
1554 1211 1678 1240 domino
1695 1211 1853 1240 Winando
1867 1211 2090 1250 deputarentur
2103 1222 2140 1241 ex
2156 1218 2242 1251 parte
2258 1212 2365 1242 nacio-

1455 1260 1504 1289 nis
1524 1260 1664 1299 magistri
1686 1259 1846 1289 Mercilius
1866 1260 1904 1289 de
1925 1260 2044 1299 Inghen
2073 1267 2103 1290 et
2125 1260 2310 1300 Lyphardus
2326 1261 2365 1290 de

1456 1309 1603 1344 Dattilen,
1620 1319 1699 1348 quos
1715 1309 1743 1338 ei
1763 1309 1852 1338 nacio
1875 1309 2043 1348 deputavit,
2071 1315 2105 1339 ut
2126 1309 2365 1339 informarentur

1455 1357 1529 1398 ipsi,
1550 1368 1588 1387 an
1603 1358 1672 1397 ipse
1685 1358 1827 1387 dominus
1845 1358 2032 1397 Wynandus
2044 1359 2199 1398 sepefatus
2213 1369 2287 1398 erga
2303 1359 2365 1388 dic-

1454 1413 1534 1436 trum
1558 1407 1738 1447 magistrum
1764 1407 1934 1436 Johannem
1961 1408 2162 1447 pretenderet
2185 1413 2214 1436 et
2239 1408 2366 1437 haberet

1455 1467 1577 1486 causam
1598 1455 1712 1496 justam
1719 1468 1727 1491 ;
1750 1456 1803 1495 qui
1823 1456 1849 1485 si
1869 1456 1971 1486 taliter
1989 1466 2058 1485 esse
2078 1457 2268 1496 reperirent,
2289 1457 2365 1486 assi-

1455 1512 1538 1535 stere
1548 1506 1698 1534 deberent
1707 1505 1789 1534 dicto
1801 1505 1925 1534 domino
1933 1505 2100 1545 Wynando
2112 1505 2143 1534 in
2156 1505 2241 1535 curia
2249 1505 2365 1535 domini

1455 1555 1587 1584 rectoris
1606 1554 1729 1583 nomine
1745 1554 1896 1583 nacionis.

1497 1604 1572 1633 Item
1591 1603 1676 1632 XX1=
1695 1604 1744 1632 die
1767 1603 1883 1633 mensis
1906 1603 1991 1639 Maii,
2015 1613 2075 1643 que
2100 1610 2165 1633 erat
2191 1604 2258 1633 dies
2281 1603 2364 1639 lune,

1456 1653 1599 1682 dominus
1619 1653 1761 1682 Andreas
1787 1652 1932 1691 Symonis
1955 1653 1994 1682 de
2019 1652 2141 1692 Prusya
2170 1652 2286 1691 incepit
2307 1653 2365 1682 sub

1457 1702 1606 1742 magistro
1626 1701 1760 1741 Lyfardo
1784 1702 1821 1731 de
1844 1701 1992 1737 Dattilen,
2014 1701 2100 1741 cujus
2120 1703 2216 1731 bursa
2229 1693 2363 1731 Vll'sol.

1498 1751 1573 1780 Item
1586 1750 1598 1769 ³
1614 1750 1714 1780 ΧΧΙΙει
1727 1751 1776 1780 (110
1792 1751 1908 1780 mensis
1920 1750 2006 1786 Maii,
2018 1761 2078 1790 que
2091 1756 2157 1780 erat
2167 1751 2235 1780 dies
2245 1751 2364 1786 martis,

1458 1801 1532 1830 facta
1560 1800 1807 1840 congregacione
1836 1799 1976 1829 nacionis
2008 1799 2084 1829 hora
2106 1809 2307 1839 vesperarum
2327 1800 2366 1829 ad

1459 1849 1603 1879 Sanctum
1628 1849 1816 1878 Maturinum
1835 1850 1873 1878 ad
1900 1848 2148 1888 supplicandum,
2170 1849 2366 1888 supplicave-

1457 1905 1530 1928 runt
1547 1899 1671 1938 quidam
1693 1898 1883 1934 bachallarii,
1906 1904 1935 1927 et
1956 1898 2057 1937 primo
2083 1898 2199 1927 domini
2223 1897 2366 1927 Galterus

1458 1947 1639 1982 Forestarii,
1666 1947 1878 1976 Theodericus
1903 1948 1940 1976 de
1961 1947 2127 1986 Hesewyc,
2150 1946 2310 1976 Arnoldus
2328 1947 2366 1976 de

1459 1997 1533 2026 Gise
1547 2003 1577 2026 et
1590 1997 1605 2026 J
1610 1996 1747 2026 ohannes
1762 1997 1800 2025 de
1817 1996 1929 2025 Sancto
1943 1995 2025 2031 Vito,
2043 1996 2184 2035 sequenti
2202 1996 2251 2025 die
2267 1995 2366 2025 licen-

1459 2046 1571 2082 ciandi‚
1595 2046 1679 2085 quod
1706 2055 1773 2074 cum
1798 2056 1860 2075 non
1884 2045 2033 2074 haberent
2057 2046 2095 2074 de
2122 2045 2261 2084 presenti
2281 2044 2366 2074 suffi-

1459 2096 1575 2124 cientes
1594 2095 1741 2134 pecunias
1761 2095 1798 2123 ad
1818 2094 1998 2124 solvendum
2013 2093 2136 2123 nacioni
2154 2094 2265 2123 bursas
2286 2093 2366 2123 solvi

1459 2145 1579 2173 debitas
1602 2150 1631 2173 et
1653 2150 1818 2172 consuetas
1839 2153 1897 2183 pro
1918 2143 2058 2178 licencia,
2082 2143 2170 2172 daret
2191 2142 2251 2172 sibi
2277 2143 2366 2171 nacio

1460 2193 1642 2222 dilacionem
1664 2193 1756 2222 trium
1776 2193 1939 2227 mensium,
1959 2192 2038 2220 infra
2054 2202 2132 2231 quos
2148 2191 2268 2221 solvere
2282 2197 2365 2220 tene-

1459 2249 1567 2271 rentur
1582 2241 1718 2271 indilate.
1741 2242 1879 2279 Quorum
1896 2241 2144 2280 supplicaciones
2162 2239 2366 2269 admitteban-

1460 2297 1520 2327 tur,
1540 2291 1705 2320 dummodo
1728 2296 1881 2329 ponerent
1904 2290 2037 2329 pignora
2055 2289 2220 2328 receptori.
2240 2289 2280 2318 Et
2294 2295 2366 2318 tunc

1461 2340 1647 2379 supplicavit
1678 2339 1802 2379 quidam
1833 2338 1912 2368 alius
1942 2338 2135 2367 bachelarius
2166 2338 2290 2367 nomine
2311 2337 2366 2367 Jo—

1460 2389 1577 2418 hannes
1599 2389 1688 2423 Curt,
1712 2389 1795 2427 quod
1817 2387 1877 2417 sibi
1899 2388 2025 2416 daretur
2040 2397 2097 2426 per
2112 2387 2271 2416 nacionem
2286 2385 2366 2415 dila-

1461 2438 1508 2467 cio
1530 2437 1621 2466 unius
1644 2437 1760 2466 mensis
1781 2437 1818 2465 de
1845 2436 1949 2465 bursis
1966 2435 2125 2465 solvendis
2147 2445 2203 2474 pro
2224 2435 2364 2464 licencia.

1461 2486 1557 2526 Cujus
1573 2485 1764 2525 supplicacio
1783 2491 1848 2514 erat
1862 2485 2016 2524 ampliata,
2037 2490 2067 2514 et
2086 2493 2235 2514 concessa
2254 2489 2320 2512 erat
2338 2483 2366 2512 ei

1461 2535 1571 2565 dilacio
1601 2535 1692 2564 trium
1724 2534 1874 2563 mensium
1908 2544 1965 2563 una
1998 2543 2066 2562 cum
2092 2533 2173 2568 aliis,
2201 2533 2366 2562 dummodo

1461 2585 1556 2614 eciam
1568 2590 1699 2624 poneret
1712 2583 1843 2623 pignora
1859 2582 2024 2622 receptori.

1502 2634 1578 2663 Item
1601 2639 1732 2672 protunc
1757 2631 1944 2672 supplicavit
1966 2630 2108 2660 dominus
2126 2630 2260 2659 Thomas
2278 2630 2367 2659 Dob-

1461 2683 1603 2721 helsteyn
1632 2687 1799 2721 quatenus,
1821 2690 1889 2709 cum
1912 2680 1980 2719 ipse
2003 2679 2101 2708 adhuc
2127 2685 2284 2708 teneretur
2310 2688 2367 2708 na-

1462 2731 1543 2761 cioni
1560 2732 1597 2759 de
1613 2730 1718 2759 bursis
1734 2739 1788 2758 sue
1807 2728 2058 2762 determinancie,
2078 2729 2115 2757 de
2133 2727 2245 2766 quibus
2262 2727 2290 2757 ei
2310 2727 2368 2756 fuit

1461 2791 1478 2809 3
1495 2779 1651 2820 principio
1665 2788 1813 2808 concessa
1829 2778 1940 2806 dilacio
1958 2777 2050 2806 trium
2061 2777 2223 2812 mensium,
2236 2786 2366 2816 cumque

1462 2835 1545 2859 esset
1569 2828 1670 2858 statim
1692 2827 1914 2862 licenciandus,
1937 2832 1968 2855 et
1990 2835 2052 2855 non
2074 2825 2201 2854 haberet
2231 2825 2269 2854 de
2292 2835 2366 2864 pre-

1493 2938 1515 2960 3.
1552 2938 1623 2967 Quae
1636 2939 1776 2967 sequuntur
1791 2943 1869 2966 usque
1879 2935 1933 2962 473,
1949 2934 1986 2963 18,
2000 2934 2027 2957 in
2039 2937 2095 2957 1113ῑο
2103 2936 2164 2966 [ιο-εί
2173 2935 2227 2961 473,
2242 2934 2280 2958 36.
