2632 3464
401 421 454 446 119

402 496 516 526 Nostre
532 495 675 530 Domine,
691 500 721 524 et
736 494 862 524 terciam
879 494 1001 523 nunciis
1017 494 1054 523 de
1068 494 1153 523 curia
1163 493 1312 522 Romana.

444 545 518 574 Item
541 544 658 583 incepit
679 543 822 573 dominus
842 543 1054 572 Theodericus
1074 543 1111 571 de
1137 543 1236 571 Borre
1257 543 1315 572 sub

403 594 552 634 magistro
566 592 707 622 Johanne
720 593 758 622 de
772 592 905 627 Vesalia,
921 591 1008 631 cujus
1026 593 1120 620 bursa
1133 591 1151 620 4
1170 592 1273 620 solidi.

443 643 519 672 Item
550 642 668 681 incepit
695 641 838 671 dominus
866 641 1020 670 Henricus
1051 641 1089 669 de
1119 640 1223 669 Herne
1258 641 1316 669 sub

403 693 552 732 magistro
565 691 692 720 Andrea
707 692 745 720 de
762 690 914 725 Swechia,
929 689 1017 729 cujus
1031 690 1125 718 bursa
1139 690 1157 718 4
1172 689 1275 718 solidi.

444 741 520 770 Item
546 740 695 780 magister
714 739 882 769 Nicholaus
905 739 942 768 de
968 738 1110 767 Swechia
1131 738 1318 777 supplicavit

403 790 525 819 nacioni
544 790 628 829 quod
645 795 729 818 esset
744 789 775 817 in
794 788 906 822 rotulo,
927 794 956 816 et
971 793 1168 826 reputaretur
1184 797 1316 827 regens;

402 846 434 869 et
461 839 549 868 nacio
583 838 739 868 concessit
765 837 836 871 sibi,
863 843 893 866 et
916 837 948 865 in
967 843 1201 876 procuratorem
1229 846 1318 865 suum

403 888 564 918 substituit
583 888 762 927 magistrum
780 886 982 915 Laurencium
999 885 1037 914 de
1054 885 1207 915 Swechia.

444 937 517 977 (Fal.
551 937 605 976 61’)
634 936 709 965 Item
738 935 886 975 magister
914 934 1076 963 Gotfridus
1107 935 1145 963 de
1174 934 1318 963 Parchim

404 993 534 1026 propter
551 985 644 1014 multa
661 985 879 1024 impedimenta
893 983 1087 1013 renunciavit
1102 993 1171 1012 esse
1187 984 1318 1014 nuncius

404 1037 442 1065 ad
460 1035 576 1069 curiam
598 1035 781 1068 Romanam,
799 1039 828 1062 et
846 1033 961 1072 placuit
975 1033 1112 1068 nacioni;
1130 1039 1160 1061 et
1177 1032 1319 1062 similiter

405 1084 598 1114 renunciavit
613 1093 683 1112 esse
698 1089 854 1121 receptor,
872 1088 902 1111 et
915 1082 948 1111 in
963 1082 1020 1111 hoc
1039 1082 1128 1111 etiam
1147 1082 1320 1111 concorda-

405 1134 449 1163 vit
467 1134 555 1162 nacio
573 1133 605 1161 in
625 1132 738 1161 Sancto
755 1132 921 1161 Maturino.

446 1183 521 1211 Item
543 1182 692 1221 magister
709 1181 866 1210 Johannes
884 1181 922 1210 de
944 1180 1067 1220 Syberg
1083 1180 1199 1209 electus
1218 1180 1273 1209 fuit
1288 1180 1320 1209 in

406 1238 598 1271 receptorem
612 1232 650 1260 ad
668 1231 873 1259 ordinandum
886 1230 1048 1259 luminaria
1061 1229 1174 1259 Nostre
1189 1230 1320 1259 Domine

405 1287 435 1310 et
453 1280 702 1319 extorquendum
720 1290 736 1308 a
753 1286 915 1319 receptore
933 1279 1072 1308 nacionis
1090 1289 1147 1319 per
1160 1278 1320 1318 juramen-

405 1337 469 1360 tum
486 1340 586 1358 suum.

447 1379 521 1408 Item
544 1389 624 1407 anno
646 1378 770 1407 Domini
790 1378 835 1407 M⁰
851 1377 945 1408 CCC⁰
962 1377 1119 1412 XLV111⁰‚
1142 1377 1174 1406 in
1191 1376 1317 1417 vigilia*

407 1428 559 1467 Corporis
582 1427 715 1462 Christi,
735 1428 817 1467 apud
839 1427 983 1456 Sanctum
1003 1427 1190 1456 Maturinum
1210 1437 1321 1466 recep-

406 1484 473 1507 tore
492 1483 690 1517 computante
707 1477 849 1506 Gotfrido
862 1477 898 1505 de
910 1476 1066 1511 Parchim,
1079 1476 1227 1505 remansit
1240 1476 1321 1505 idem

406 1533 551 1566 receptor
574 1526 695 1555 nacioni
722 1526 877 1566 obligatus
902 1526 933 1554 in
958 1525 1015 1554 XII
1042 1525 1151 1555 solidis
1171 1525 1321 1565 magistro

408 1576 545 1605 Hem-ico
563 1577 600 1604 de
618 1576 723 1604 Minda
741 1575 906 1615 deputatis.

448 1625 523 1654 Item
539 1625 688 1664 magistro
705 1624 837 1653 Johanni
854 1625 891 1653 de
906 1624 1028 1653 Vesalia
1043 1624 1133 1653 etiam
1150 1624 1321 1653 dimitteba-

407 1681 457 1703 tur
474 1674 616 1713 pecunia,
633 1674 664 1702 in
680 1685 741 1713 qua
758 1675 920 1703 tenebatur
938 1674 1059 1702 nacioni
1076 1684 1112 1702 ex
1130 1679 1217 1713 parte
1235 1673 1322 1702 Hen-

407 1724 463 1752 rici
482 1724 519 1752 de
540 1723 654 1752 Lubec.

448 1773 523 1802 Item
545 1773 779 1811 computacione
802 1772 846 1801 sic
870 1773 947 1801 facta
965 1772 1113 1801 remansit
1134 1772 1222 1801 nacio
1241 1771 1322 1801 obli-

406 1828 476 1862 gata
493 1821 606 1850 Nostre
624 1822 755 1850 Domine
770 1832 828 1861 pro
843 1822 1046 1850 luminaribus
1062 1821 1176 1851 Nostre
1190 1821 1322 1850 Domine

407 1871 523 1900 XXVII
541 1871 663 1905 solidis,
680 1870 752 1900 XIX
769 1871 889 1900 valente
909 1877 1007 1900 scuto.

449 1920 523 1949 Item
544 1921 651 1949 eodem
670 1921 718 1949 die
733 1921 833 1949 dictus
850 1920 1011 1949 Gotfridus
1028 1930 1096 1949 cum
1110 1920 1192 1949 omni
1206 1919 1323 1959 gratia-

407 1980 474 1998 rum
504 1970 635 2004 actione,
669 1970 850 2008 prepeditus
877 1969 961 2004 aliis,
989 1970 1119 1998 officium
1149 1969 1322 2008 receptorie

408 2019 588 2058 resignavit,
606 2026 635 2048 et
648 2019 736 2048 nacio
751 2019 815 2048 suis
831 2019 939 2048 volens
955 2020 1146 2058 respondere
1163 2018 1322 2048 laboribus

407 2068 460 2097 XL
477 2068 594 2097 solidos
614 2069 702 2097 sortis
720 2075 856 2103 monete,
875 2075 947 2107 puta
963 2069 1169 2107 computando
1186 2068 1322 2097 florenos

407 2118 446 2146 ad
461 2117 518 2146 XII
536 2118 670 2152 solidos,
688 2118 719 2146 in
736 2118 849 2157 quibus
871 2118 993 2146 nacioni
1011 2118 1159 2157 magister
1179 2117 1323 2146 Theode-

408 2167 491 2196 ricus
519 2167 556 2195 de
587 2166 668 2195 Foro
694 2167 838 2206 antiquus
865 2173 1010 2206 receptor
1033 2166 1199 2206 obligatur,
1224 2167 1321 2195 eidem

410 2216 495 2245 dedit
514 2215 659 2245 Gotfrido
679 2216 868 2255 supradicto.

450 2265 524 2294 Item
547 2266 631 2294 scole
653 2265 792 2305 magistri
811 2265 961 2294 Johannis
979 2266 1016 2294 de
1035 2265 1157 2294 Vesalia
1175 2271 1233 2294 etc.
1256 2265 1323 2294 fue-

410 2321 481 2343 runt
497 2315 608 2343 solute.

451 2363 525 2392 Item
550 2373 606 2403 pro
627 2364 696 2392 aliis
722 2363 817 2393 scolis
843 2364 1012 2399 solvendis,
1038 2364 1157 2393 scilicet
1182 2363 1322 2403 magistri

412 2412 539 2442 Hem-ici
555 2413 592 2441 de
609 2413 725 2448 Minda,
743 2413 834 2442 debet
850 2414 949 2442 media
961 2423 1035 2452 pars
1053 2423 1168 2442 summe
1184 2413 1222 2442 ad
1238 2413 1322 2442 debi-

410 2461 469 2490 lem
482 2468 632 2491 monetam
645 2463 827 2502 computari‚
835 2463 978 2491 videlieet
988 2463 1193 2501 computando
1203 2469 1322 2491 scutum

410 2521 467 2550 pro
489 2511 573 2540 XXX
594 2511 720 2547 solidis,
745 2518 774 2541 et
799 2512 952 2551 reliquum
976 2512 1115 2541 tradatur
1139 2512 1170 2540 in
1195 2512 1321 2541 sorciori

411 2567 542 2589 moneta.

453 2609 527 2638 Item
544 2609 603 2639 hiis
621 2610 665 2639 sic
682 2610 866 2649 computatis
884 2609 954 2639 hinc
973 2611 1044 2639 inde
1064 2610 1206 2639 dominus
1222 2610 1323 2639 Anto-

411 2658 481 2687 nius
507 2659 543 2687 de
569 2659 689 2687 Dulken
713 2658 811 2687 adhuc
834 2659 954 2688 solvere
978 2665 1099 2688 tenetur
1123 2659 1245 2688 nacioni
1268 2669 1323 2688 sex

411 2708 555 2746 antiquos
575 2718 721 2747 grossos,
744 2714 773 2737 et
792 2708 883 2737 habet
900 2708 931 2737 in
950 2709 1027 2737 sista
1050 2709 1188 2737 nacionis
1206 2714 1322 2737 textum

413 2756 1319 2795 Methaphisice‚textumPhisicorum,ettextumdeAnima.

454 2805 528 2834 Item
550 2806 692 2835 dominus
714 2806 890 2835 Ludovicus
908 2807 1103 2843 Quatremart
1118 2813 1239 2836 tenetur
1258 2806 1323 2836 sol-

444 2921 467 2944 1.
502 2921 622 2944 181unii.

444 2957 467 2980 2.
502 2957 529 2980 21
546 2957 625 2982 lunii.

953 417 1176 443 AUCTARIUM
1196 416 1456 444 CHARTULARII
1475 417 1649 444 UNIVERS.
1671 418 1790 445 PARIS.

1357 940 1390 966 10

1357 1186 1390 1212 15

1358 1432 1392 1458 20

1359 1680 1393 1706 25

1359 1928 1393 1955 30

1360 2175 1393 2201 35

1360 2423 1394 2449 40

1360 2668 1394 2693 45

2283 420 2335 446 120

1422 503 1496 522 vere
1507 500 1640 533 quatuor
1650 504 1793 534 grossos,
1811 500 1841 524 et
1856 494 1948 524 habet
1961 494 1992 523 in
2006 494 2083 524 sista
2093 495 2233 525 nacionis
2244 505 2334 526 unam

1424 542 1659 582 Philosophiam
1679 544 1859 579 naturalem,
1879 549 1909 572 et
1929 543 2078 583 scriptum
2099 543 2215 573 Thome
2241 554 2337 585 super

1424 591 1691 631 Methaphisicam.

1467 640 1541 669 Item
1556 641 1700 674 dominus
1714 641 1896 671 Guillelmus
1913 641 2061 681 Clappam
2077 648 2199 672 tenetur
2214 642 2336 672 solvere

1426 689 1548 718 nacioni
1565 690 1624 719 tria
1639 697 1726 720 scuta
1744 700 1812 720 cum
1828 690 1856 719 II
1875 691 1985 720 solidis
2002 701 2059 730 pro
2077 691 2337 721 determinacione

1427 748 1497 773 sua,
1519 745 1550 767 et
1570 738 1602 767 in
1623 745 1755 778 quatuor
1777 740 1886 770 solidis
1908 740 1999 769 etiam
2023 740 2180 780 obligatur
2196 740 2335 776 nacioni‚

1427 787 1479 826 qui
1496 794 1568 816 sunt
1585 787 1678 817 soluti
1692 799 1750 828 pro
1766 789 1835 828 ipso
1854 789 1999 819 facultati.

1468 836 1543 865 Item
1563 842 1686 866 tenetur
1704 837 1736 866 in
1752 838 1899 868 XXXIIII
1918 838 2027 868 solidis
2050 838 2131 867 idem
2154 838 2337 868 Guillelmus

1427 886 1466 915 de
1482 885 1611 928 licencia
1625 896 1692 921 sua,
1705 886 1825 916 valente
1841 894 1929 917 scuto
1941 887 2013 917 XIX
2027 887 2156 923 solidos,
2172 888 2209 916 de
2224 888 2337 927 quibus

1427 935 1533 964 bursis
1549 935 1593 964 sic
1609 935 1647 964 de
1665 935 1788 964 licentia
1808 936 1910 965 danda
1926 937 2116 966 satisfactum
2134 942 2182 966 est
2201 936 2336 966 facultati

1427 983 1459 1013 in
1479 985 1497 1013 4
1516 983 1625 1013 solidis
1636 1007 1643 1019 ,
1661 990 1691 1013 et
1709 985 1819 1020 credo,
1837 985 1917 1014 sicut
1930 985 2074 1015 videlicet
2093 985 2167 1015 dicit
2181 992 2336 1026 receptor,

1428 1034 1512 1073 quod
1528 1033 1716 1062 satisfactum
1734 1040 1781 1063 est
1797 1044 1855 1073 pro
1873 1034 1943 1073 ipso
1960 1035 2094 1064 bidellis.

1469 1082 1544 1111 Item
1558 1083 1665 1111 eodem
1681 1083 1730 1112 die
1743 1089 1776 1112 ut
1784 1093 1890 1123 supra,
1903 1083 1983 1113 idem
1993 1083 2166 1120 Gotfridus,
2179 1094 2247 1113 cum
2256 1089 2340 1113 esset

1428 1131 1544 1161 electus
1565 1131 1596 1160 in
1616 1131 1761 1161 nuncium
1780 1132 1873 1161 rotuli
1895 1132 2130 1169 Universitatis‚
2149 1139 2338 1172 protestatus

1429 1181 1485 1210 fuit
1500 1181 1583 1220 quod
1601 1180 1734 1210 libenter
1748 1180 1895 1210 libentius
1909 1187 1939 1211 et
1954 1181 2158 1211 libentissime
2177 1182 2287 1212 ivisset
2301 1182 2340 1211 ad

1430 1230 1545 1259 curiam
1555 1253 1561 1265 ‚
1579 1230 1639 1259 nisi
1653 1230 1743 1259 bonis
1759 1230 1934 1269 sumptibus
1950 1236 1980 1259 et
1994 1230 2246 1260 tribulationibus
2259 1230 2340 1260 mul-

1428 1285 1492 1308 tum
1511 1280 1732 1309 excedentibus
1749 1290 1805 1319 per
1818 1280 1969 1319 quendam
1986 1279 2162 1310 Conradum
2176 1279 2340 1319 Papenha-

1429 1328 1512 1368 ghen
1533 1329 1642 1358 fuisset
1661 1329 1829 1358 enormiter
1846 1335 2047 1369 aggravatus,
2066 1335 2096 1358 et
2110 1329 2245 1358 asseruit
2259 1329 2340 1358 idem

1429 1378 1530 1407 dictus
1549 1378 1710 1407 Gotfridus
1728 1379 1808 1407 bona
1826 1378 1884 1407 fide
1904 1379 2003 1418 quod,
2025 1378 2087 1408 nisi
2109 1378 2242 1408 fuissent
2261 1378 2341 1407 dicta

1429 1428 1607 1467 gravamina
1638 1428 1676 1456 ad
1710 1427 1845 1457 valorem
1884 1434 2005 1457 centum
2042 1427 2234 1456 marcharum
2269 1427 2341 1467 puri

1429 1476 1566 1516 argenti,
1593 1477 1703 1505 dictam
1730 1477 1968 1506 iteneracionem
1994 1477 2054 1506 sibi
2078 1482 2255 1516 reputasset
2279 1475 2342 1506 uti-

1429 1526 1488 1555 lem
1507 1532 1598 1565 atque
1611 1532 1739 1565 gratam,
1756 1519 1851 1565 super
1867 1536 1927 1566 qua
1942 1526 2036 1555 eciam
2053 1525 2280 1565 protestacione
2296 1525 2342 1555 sic

1431 1576 1508 1604 facta
1527 1576 1565 1604 ad
1586 1575 1848 1614 supplicacionem
1869 1574 2007 1615 ejusdem
2028 1575 2116 1604 nacio
2138 1574 2244 1604 literas
2265 1574 2342 1604 certi

1431 1625 1550 1654 tenoris
1566 1625 1721 1653 concessit
1737 1625 1847 1654 eidem.

1471 1673 1547 1703 Item
1565 1674 1674 1703 eodem
1691 1674 1741 1702 die
1761 1680 1790 1703 et
1809 1674 1923 1702 ibidem
1940 1674 2136 1703 concorditer
2152 1673 2208 1703 fuit
2225 1673 2342 1702 electus

1431 1723 1579 1762 magister
1594 1723 1751 1752 Johannes
1767 1722 1883 1752 Thome
1903 1723 1935 1752 in
1954 1723 2099 1752 nuncium
2114 1722 2208 1752 rotuli
2226 1722 2342 1762 depor-

1430 1772 1515 1801 tandi
1531 1773 1568 1801 ad
1584 1772 1700 1801 curiam
1719 1774 1896 1802 Romanam.

1472 1821 1547 1850 Item
1563 1822 1671 1850 eodem
1682 1821 1731 1850 die
1747 1831 1929 1850 concessum
1943 1827 2009 1850 erat
2019 1831 2075 1861 per
2088 1820 2247 1850 nacionem
2259 1821 2343 1860 quod

1431 1871 1574 1900 dominus
1596 1870 1753 1900 Johannes
1776 1871 1844 1900 Red
1867 1870 1994 1906 scotus,
2016 1870 2196 1900 licenciatus
2218 1870 2250 1898 in
2266 1870 2343 1899 arti—

1431 1920 1501 1955 bus,
1516 1927 1647 1960 poneret
1661 1930 1755 1949 unum
1769 1920 1881 1949 librum
1895 1930 1952 1959 pro
1967 1920 2071 1949 bursis
2086 1919 2162 1955 suis,
2180 1929 2342 1959 quousque

1432 1970 1470 1998 de
1488 1969 1616 1998 eiisdem
1634 1970 1757 1998 nacioni
1776 1969 1867 1998 fuerit
1885 1969 2085 1998 satisfactum.

1841 2063 1859 2091 1
1864 2062 1938 2092 348

1523 2134 1764 2173 [Procuratio
1803 2134 1976 2174 magistri
2014 2133 2171 2163 Ricardi
2211 2133 2254 2162 de

1802 2183 1972 2223 Fogow.]

1472 2264 1544 2304 (Fal.
1566 2263 1593 2303 7)
1607 2264 1699 2293 Anno
1718 2264 1842 2293 Domini
1859 2263 2021 2293 millesimo
2037 2262 2253 2293 trecentesimo
2267 2271 2344 2302 qua-

1432 2314 1609 2354 dragesimo
1628 2320 1752 2348 octavo,
1774 2313 1823 2342 die
1844 2313 1942 2342 sabati
1961 2311 2117 2352 proximi²
2143 2318 2213 2341 ante
2234 2312 2344 2341 festum

1432 2363 1530 2392 sancti
1547 2362 1698 2392 Johannis
1714 2362 1892 2392 convocatis
1909 2362 2052 2391 omnibus
2067 2361 2224 2401 magistris
2238 2361 2344 2390 nacio-

1431 2413 1480 2441 nis
1512 2412 1683 2452 Anglicane
1715 2412 1754 2440 ad
1790 2411 1966 2452 eligendum
1997 2417 2230 2450 procuratorem
2262 2410 2344 2450 apud

1432 2461 1577 2491 Sanctum
1587 2461 1740 2491 Julianum
1752 2471 1931 2501 pauperem,
1947 2460 2144 2490 concorditer
2153 2459 2268 2489 electus
2280 2465 2346 2489 erat

1431 2511 1580 2551 magister
1602 2511 1754 2539 Ricardus
1775 2511 1812 2539 de
1834 2510 1952 2550 Fogow
1975 2509 2086 2539 Scotus
2109 2509 2140 2538 in
2161 2514 2345 2548 procurato-

1432 2570 1496 2589 rem
1506 2583 1513 2595 ,
1527 2560 1559 2589 in
1575 2559 1662 2599 cujus
1680 2559 1902 2599 procuracione
1918 2565 1984 2588 acta
2001 2564 2073 2587 sunt
2085 2568 2144 2598 que
2159 2563 2342 2597 sequuntur.

1473 2609 1577 2638 Primo
1597 2609 1711 2638 ibidem
1730 2609 1915 2638 substitutus
1934 2613 1999 2637 erat
2017 2607 2164 2647 magister
2179 2606 2344 2636 Conradus

1432 2659 1469 2688 de
1489 2658 1598 2688 Suecia
1613 2659 1644 2687 in
1663 2664 1867 2697 receptorem.

1473 2708 1547 2737 Item
1571 2717 1753 2736 concessum
1774 2713 1839 2736 erat
1860 2706 1984 2736 domino
1998 2705 2157 2735 Willelmo
2181 2705 2342 2744 Clappam,

1432 2758 1515 2796 quod
1534 2757 1686 2796 reciperet
1702 2755 1881 2785 Decretales
1895 2765 1966 2785 suas
1980 2755 2099 2794 positas
2113 2755 2144 2783 in
2158 2754 2234 2784 sista
2249 2753 2345 2783 natio-

1432 2806 1493 2841 nis,
1520 2804 1704 2835 vendendo³
1729 2805 1820 2834 alium
1841 2804 1953 2834 librum
1976 2804 2177 2834 sufficientem
2197 2813 2255 2844 pro
2282 2803 2345 2832 illis

1463 2921 1486 2944 3.
1520 2920 1691 2944 Vendendo...
1705 2920 1760 2943 illis
1773 2919 1840 2943 inter
1852 2919 1944 2943 lineae.
