2632 3464
402 448 452 473 667

442 523 516 551 Item
539 523 616 551 facta
637 520 882 560 congregacione
906 518 1046 547 nacionis
1069 526 1163 556 super
1185 517 1306 545 duobus

400 571 548 601 articulis.
566 570 690 599 Primus
705 569 851 598 articulus
867 568 933 603 fuit,
950 577 1017 596 cum
1033 566 1109 595 alias
1125 571 1308 604 procurator

399 621 430 650 in
464 619 662 649 institucione
689 629 743 648 sua
774 617 943 656 requisitus
974 616 1084 645 fuisset
1112 625 1167 654 per
1201 614 1307 653 plures

398 670 565 709 magistros
589 674 694 697 nostre
722 667 876 701 nacionis,
902 672 936 694 ut
962 670 1101 694 moneret
1126 664 1307 703 magistrum

397 718 566 748 Johannem
593 718 631 746 de
661 715 896 754 Rudelinghen‚
925 720 957 744 ut
987 713 1108 742 nacioni
1135 713 1174 741 de
1202 712 1307 741 bursis

397 767 621 796 bachalariatus
642 765 688 795 sui
709 775 743 794 ac
756 764 885 793 licencie
909 770 939 792 et
958 762 1128 802 magisterii
1147 761 1306 791 satisface-

398 823 455 851 ret,
481 826 548 844 cum
574 815 715 854 pluribus
742 814 900 843 videretur
929 812 1012 851 quod
1039 821 1096 851 pro
1123 821 1204 840 nunc
1231 810 1306 839 satis

397 866 484 895 dives
510 871 574 893 erat
599 870 627 892 et
653 863 815 897 sufficeret,
842 867 1025 901 procurator
1054 860 1152 900 igitur
1177 869 1306 888 monens

397 914 498 953 ipsum
517 913 575 942 sibi
592 913 686 942 verba
705 910 854 951 injuriosa
871 917 904 939 ut
922 910 1020 949 prima
1043 909 1118 938 facie
1136 909 1305 948 apparebat

397 963 576 1001 multiplicia
592 962 722 990 dicebat.
740 960 808 989 Fuit
819 970 894 999 ergo
908 958 1115 998 congregacio
1123 968 1220 997 super
1230 958 1306 987 duo-

397 1013 455 1041 bus
482 1011 628 1040 articulis.
657 1010 779 1039 Primus
806 1019 881 1048 ergo
902 1008 957 1037 suit
978 1008 1015 1037 ad
1038 1007 1243 1036 ordinandum
1268 1007 1306 1036 de

397 1060 557 1100 predictis.
576 1059 698 1088 Habitis
720 1068 795 1098 ergo
821 1058 962 1097 pluribus
981 1056 1238 1086 altercacionibus
1256 1055 1306 1085 in-

397 1116 444 1138 ter
461 1119 529 1143 nos,
545 1109 632 1137 nacio
647 1114 776 1147 propter
788 1108 900 1136 bonum
917 1106 1002 1146 pacis
1018 1112 1048 1135 et
1063 1105 1229 1135 concordie
1245 1105 1306 1134 sibi

396 1169 453 1197 pro
481 1168 560 1187 nunc
582 1157 718 1196 predicta
736 1156 922 1190 remittebat,
947 1155 1202 1195 quemadmodum
1225 1164 1306 1183 sem-

395 1217 453 1247 per
465 1213 647 1246 procurator
663 1206 749 1234 sicud
760 1215 895 1244 persona
909 1204 1029 1244 privata
1041 1204 1180 1239 fecisset3
1198 1213 1306 1232 verum

396 1256 516 1285 nacioni
531 1262 560 1284 et
571 1254 764 1294 procuratori
782 1255 808 1283 si
823 1264 882 1293 que
894 1259 1001 1282 contra
1012 1253 1169 1292 predictos
1182 1253 1307 1282 fecisset

397 1305 552 1334 humiliter
575 1305 694 1334 veniam
721 1303 922 1343 supplicaret,
945 1303 1029 1342 quod
1053 1302 1134 1331 fecit.
1159 1302 1307 1331 Promisit

397 1354 491 1383 eciam
509 1354 685 1383 satisfacere
701 1363 790 1392 quam
803 1352 865 1381 cito
880 1353 1039 1381 commode
1053 1357 1172 1391 posset.
1189 1351 1307 1380 Secun-

398 1405 454 1432 dus
471 1403 525 1432 fuit
539 1413 633 1442 super
651 1401 948 1442 supplicacionibus‚
964 1410 1059 1440 super
1075 1411 1136 1440 quo
1151 1400 1257 1429 nichil.

438 1453 630 1482 Liceneiatus
665 1458 712 1480 est
742 1450 885 1480 dominus
916 1450 1008 1489 Hugo
1038 1450 1075 1479 de
1110 1449 1214 1479 Leidis
1249 1450 1306 1478 sub

398 1502 545 1541 magistro
570 1501 681 1540 Egidio
699 1501 736 1529 de
757 1500 885 1534 Jutsaes,
907 1498 993 1538 cujus
1014 1500 1109 1528 bursa
1129 1509 1183 1528 sex
1201 1498 1304 1527 solidi.

440 1550 557 1589 lncepit
572 1550 715 1579 dominus
731 1549 823 1588 Hugo
835 1550 872 1577 de
885 1548 989 1577 Leidis
1003 1549 1061 1577 sub
1079 1549 1202 1583 eodem;
1220 1546 1306 1586 cujus

398 1601 492 1629 bursa
508 1610 561 1628 sex
580 1599 683 1628 solidi.

439 1648 530 1677 Facta
551 1647 795 1687 congregacione
817 1646 956 1675 nacionis
981 1646 1098 1675 decima
1120 1646 1169 1675 die
1191 1646 1307 1675 mensis

398 1697 530 1737 Augusti
550 1707 643 1736 super
662 1698 782 1726 duobus
800 1696 950 1725 articulis.
967 1695 1091 1724 Primus
1109 1696 1165 1724 suit
1183 1696 1221 1724 ad
1241 1695 1307 1724 avi-

399 1747 526 1775 sandum
552 1747 588 1774 de
611 1746 795 1785 quibusdam
817 1745 942 1784 punctis
967 1751 997 1773 et
1023 1744 1160 1773 articulis
1185 1744 1306 1773 nacioni

398 1802 503 1824 nostre
525 1805 580 1834 per
596 1801 747 1824 rectorem
768 1794 873 1823 missis
898 1804 992 1832 super
1013 1794 1091 1822 facto
1111 1795 1260 1822 abusuum
1278 1799 1308 1822 et

399 1846 575 1879 abusorum,
603 1854 698 1883 super
725 1853 786 1882 quo
811 1843 898 1872 nacio
926 1843 1031 1882 plures
1058 1842 1205 1871 articulos
1229 1843 1307 1871 bene

399 1894 531 1922 avisatos
548 1894 678 1927 dicebat,
698 1892 820 1931 aliquos
838 1902 912 1920 vero
933 1892 1097 1931 privilegia
1112 1891 1308 1921 Universita-

399 1943 438 1971 tis
456 1942 547 1971 nimis
569 1942 710 1970 limitare.
732 1941 931 1980 Quapropter
953 1947 1034 1970 stare
1051 1940 1144 1969 vellet
1159 1941 1190 1969 in
1211 1940 1307 1969 liber-

399 1992 511 2020 tatibus
532 1998 562 2020 et
579 1990 752 2030 privilegiis
775 1990 875 2019 solitis
896 1996 925 2018 et
947 1990 1042 2019 nichil
1059 1990 1218 2025 innovare,
1240 2000 1308 2018 cum

400 2041 474 2069 satis
491 2051 546 2079 per
566 2040 623 2069 hoc
643 2046 726 2069 esset
746 2039 902 2078 provisum
919 2045 952 2068 ut
965 2039 1134 2068 videretur.
1157 2038 1258 2077 Super
1278 2039 1308 2067 2⁰

400 2089 505 2118 nichil.

440 2138 531 2166 Facta
550 2137 797 2177 congregacione
819 2136 958 2166 nacionis
979 2136 1149 2176 Anglicane
1171 2137 1240 2176 ipso
1259 2137 1308 2166 die

399 2187 547 2216 Ludovici
562 2187 645 2226 regis
662 2197 756 2226 super
772 2187 892 2216 duobus
906 2186 1053 2215 articulis.
1069 2186 1193 2215 Primus
1205 2187 1260 2215 fuit
1271 2187 1309 2215 ad

399 2236 602 2265 ordinandum
627 2246 718 2264 unum
744 2236 924 2275 magistrum
953 2241 1059 2264 nostre
1082 2235 1232 2270 nacionis,
1256 2235 1308 2274 qui

399 2284 510 2313 librum
532 2284 711 2313 Ethicorum
734 2284 765 2313 in
787 2285 856 2313 vico
877 2284 1062 2313 Straminum
1085 2283 1161 2312 hora
1183 2294 1309 2323 compe-

399 2334 485 2367 tenti,
516 2339 608 2372 prout
638 2333 695 2362 alie
720 2334 865 2362 naciones
890 2332 952 2372 jam
982 2333 1034 2362 diu
1064 2332 1306 2371 compleverunt,

400 2382 504 2421 legere
520 2383 656 2411 haberet.
670 2382 770 2421 Super
788 2392 848 2421 quo
867 2382 1049 2411 deliberavit
1060 2382 1158 2417 nacio,
1174 2392 1236 2410 non
1256 2383 1308 2411 ob-

401 2437 499 2459 stante
513 2432 595 2469 quod
606 2441 667 2459 non
681 2437 764 2459 esset
777 2431 941 2459 concordia
952 2431 989 2459 de
1004 2437 1100 2465 certo,
1113 2431 1197 2469 quod
1210 2431 1308 2470 inqui-

401 2489 469 2508 rere
493 2479 619 2507 haberet
641 2489 657 2507 a
681 2479 822 2517 pluribus
847 2479 1004 2518 magistris
1028 2486 1133 2508 nostre
1155 2479 1307 2514 nacionis,

401 2539 438 2556 an
454 2539 531 2556 onus
552 2538 708 2556 assumere
727 2528 851 2562 vellent,
873 2534 902 2556 et
923 2534 1030 2566 postea
1050 2538 1158 2557 novam
1176 2538 1309 2567 congre-

401 2577 559 2615 gacionem
574 2587 667 2615 super
681 2577 738 2605 hoc
750 2578 861 2611 facere,
874 2577 948 2605 utin
963 2577 1020 2605 hoc
1034 2577 1134 2606 honor
1145 2576 1310 2617 cujuslibet

402 2626 581 2654 salvaretur.

443 2674 601 2703 Secundus
622 2674 677 2703 fuit
697 2684 791 2713 super
811 2674 1105 2713 supplicacionibus.
1130 2675 1167 2703 Et
1187 2675 1308 2714 suppli-

402 2723 480 2751 cavit
501 2723 646 2762 magister
662 2723 794 2751 Thomas
814 2723 937 2758 Scotus,
960 2733 1027 2752 cum
1049 2724 1110 2752 duo
1129 2723 1212 2752 Scoti
1235 2734 1309 2763 sep·-

402 2772 513 2799 timana
537 2773 635 2800 futura
662 2772 798 2810 incipere
824 2772 987 2807 haberent,
1010 2778 1043 2801 ut
1066 2772 1154 2801 nacio
1181 2782 1308 2811 cappam

403 2820 540 2848 nacionis
565 2821 728 2859 magistro,
758 2822 838 2858 [sub]
866 2831 926 2859 quo
952 2821 1137 2860 inceperint,
1170 2827 1307 2859 tempore

436 2934 457 2956 1.
494 2936 570 2956 Vacat
586 2934 810 2965 (limidiapagt'na.

435 2969 457 2992 2,
492 2971 537 2991 Ma.
557 2970 638 3000 chp.

951 440 1174 468 AUCTARIUM
1194 438 1453 466 CHARTULARII
1472 439 1647 465 UNIVERS.
1668 438 1786 466 PARIS.

1344 961 1379 987 10

1343 1208 1377 1234 15

1344 1454 1378 1479 20

1344 1697 1378 1723 25

1345 1943 1379 1969 30

1346 2188 1380 2214 35

1346 2434 1380 2459 40

1346 2681 1379 2707 45

2269 438 2324 465 66⁸

1415 515 1606 555 incepcionis
1626 516 1797 544 concedere
1816 514 1919 544 vellet.
1938 513 2034 554 Cujus
2054 514 2246 554 supplicacio
2263 514 2322 544 fuit

1415 574 1564 594 concessa
1578 564 1638 594 ista
1653 564 1735 600 vice3
1753 574 1816 593 non
1829 564 1923 594 vellet
1938 570 2039 593 tamen
2052 564 2139 593 nacio
2158 564 2241 603 quod
2257 570 2325 593 tra-

1415 613 1542 643 heretur
1556 613 1587 643 in
1604 613 1872 654 consequenciam.

1821 703 1918 734 1392

1436 777 1508 817 (Fol.
1532 780 1550 808 3
1573 777 1618 818 ΙΨ
1645 777 1735 807 Acta
1768 777 1804 806 in
1837 777 2100 817 procuratoria
2130 776 2302 816 magistri

1537 827 1706 866 Hugonis
1736 826 1942 856 Franconis
1971 827 2014 856 de
2050 826 2199 865 Leydis.

1454 909 1546 937 Anno
1586 908 1710 937 Domini
1749 907 1894 938 M⁰CCC⁰
1928 907 2130 947 nonagesimo
2170 907 2320 941 secundo,

1414 956 1526 986 XXVI·
1541 957 1590 986 die
1604 956 1719 986 mensis
1733 956 1866 996 Augusti
1878 956 1954 986 hora
1969 956 2147 995 primarum,
2159 956 2236 985 facta
2250 965 2324 985 cou-

1415 1006 1601 1046 gregacione
1618 1005 1757 1034 nacionis
1775 1006 1857 1045 apud
1873 1005 2017 1034 Sanctum
2032 1004 2186 1034 sulianum
2204 1014 2323 1044 paupe-

1414 1065 1478 1084 rem
1495 1065 1590 1094 super
1599 1054 1700 1084 tribus
1715 1054 1864 1084 articulis.
1882 1054 2003 1084 Primus
2014 1060 2079 1083 erat
2093 1054 2130 1083 ad
2146 1054 2322 1093 eligendum

1414 1115 1507 1134 unum
1536 1104 1716 1143 magistrum
1743 1105 1780 1132 de
1809 1104 1949 1139 nacione,
1979 1103 2032 1143 qui
2058 1103 2186 1132 haberet
2216 1103 2323 1142 legere

1414 1153 1526 1183 librum
1541 1153 1719 1182 Ethicorum
1733 1153 1764 1181 in
1774 1153 1844 1182 vico
1860 1152 2036 1188 Straminis,
2056 1152 2223 1182 secundum
2240 1152 2324 1191 quod

1414 1202 1472 1231 alie
1498 1203 1643 1231 naciones
1666 1202 1718 1231 diu
1739 1202 1980 1241 compleverunt.
1998 1201 2100 1240 Super
2121 1211 2182 1240 quo
2206 1201 2325 1230 electus

1415 1258 1480 1281 erat
1495 1251 1692 1281 concorditer
1706 1251 1853 1291 magister
1866 1250 2022 1280 Johannes
2037 1251 2075 1279 de
2087 1250 2225 1279 Moravia
2240 1250 2324 1289 quod

1415 1301 1528 1330 dictum
1537 1301 1649 1330 librum
1660 1300 1788 1340 legeret,
1796 1306 1826 1329 et
1836 1299 1964 1329 haberet
1970 1299 2026 1329 XV
2034 1301 2156 1329 francos
2167 1309 2184 1328 a
2194 1299 2325 1328 nacione

1415 1361 1472 1390 pro
1490 1350 1649 1379 laboribus
1668 1350 1744 1385 suis,
1765 1349 1838 1378 Vlll
1861 1350 1983 1378 francos
2004 1349 2035 1378 in
2052 1355 2185 1388 promto,
2205 1354 2235 1378 et
2251 1348 2322 1384 Vll,

1415 1400 1538 1439 quando
1558 1399 1720 1428 finivisset.
1921 1401 1923 1403 ’

1454 1449 1500 1477 2“’
1517 1448 1664 1477 articulus
1680 1454 1745 1477 erat
1759 1448 1797 1476 ad
1813 1447 1988 1487 eligendum
2011 1457 2122 1477 novum
2140 1452 2323 1486 procurato-

1414 1507 1479 1527 rem
1503 1504 1532 1527 et
1551 1499 1588 1527 ad
1606 1497 1790 1526 audiendum
1806 1503 1979 1536 compotum
2000 1496 2183 1535 recepturis.
2202 1496 2242 1525 Et
2259 1501 2326 1524 erat

1415 1547 1531 1576 electus
1557 1547 1589 1576 in
1610 1553 1842 1586 procuratorem
1865 1546 2014 1586 magister
2038 1546 2129 1586 Hugo
2152 1545 2324 1574 Franconis

1415 1597 1453 1625 de
1467 1596 1593 1635 Leydis,
1611 1596 1663 1635 qui
1682 1595 1774 1625 solvit
1785 1605 1877 1624 unum
1896 1595 2044 1630 francum,
2059 1595 2130 1634 quia
2146 1600 2211 1623 erat
2225 1594 2324 1634 prima

1415 1645 1629 1685 procuratoria
1647 1655 1713 1680 sua,
1737 1654 1827 1684 quem
1843 1645 1980 1673 francum
2003 1654 2063 1674 una
2087 1654 2155 1673 cum
2178 1653 2239 1673 uno
2261 1643 2324 1672 alio

1416 1695 1532 1729 franco,
1563 1704 1654 1733 quem
1679 1694 1771 1723 solvit
1798 1693 1946 1733 magister
1969 1693 2126 1722 Johannes
2158 1691 2265 1732 Gray²
2290 1698 2324 1721 ut

1417 1743 1554 1783 proxima
1571 1743 1638 1773 vice
1658 1749 1741 1772 esset
1760 1749 1954 1781 procurator,
1973 1742 2061 1771 nacio
2081 1742 2274 1781 consumpsit
2291 1741 2323 1770 in

1415 1793 1541 1821 taberna
1561 1792 1642 1821 dicta
1657 1793 1800 1827 hor-rium,
1818 1791 1866 1821 vel
1881 1802 1991 1831 grenge
2009 1791 2129 1830 gallice.
2150 1791 2191 1820 Et
2209 1791 2324 1820 dilatus

1417 1842 1472 1871 fuit
1486 1847 1648 1881 compotus
1662 1840 1846 1880 receptoris.

1456 1892 1502 1919 3¹¹⁸
1514 1890 1661 1919 articulus
1672 1896 1737 1919 erat
1747 1899 1842 1929 super
1852 1889 2137 1928 supplicacionibus
2148 1895 2178 1918 et
2188 1887 2320 1928 injuriis.

1417 1940 1453 1969 Et
1472 1939 1658 1979 supplicavit
1676 1939 1818 1968 dominus
1837 1938 1994 1967 Johannes
2012 1937 2096 1977 Gray
2114 1937 2237 1973 Scotus,
2253 1944 2324 1967 ante

1417 1989 1528 2018 multos
1538 1998 1636 2017 annos
1643 1988 1822 2017 licenciatus
1829 1986 1853 2022 ³,
1862 1997 1918 2026 pro
1927 1987 2078 2016 dilacione
2084 1988 2247 2016 bursarum
2257 1997 2324 2016 sua-

1416 2048 1483 2067 rum
1493 2039 1523 2066 in
1531 2037 1723 2076 incepcione‚
1731 2036 1817 2076 cujus
1827 2036 2017 2076 supplicacio
2026 2042 2091 2065 erat
2101 2046 2259 2071 concessa,
2268 2036 2323 2065 sed

1417 2088 1500 2127 quod
1524 2087 1637 2116 faceret
1659 2087 1827 2115 secundum
1853 2092 1963 2114 statum
1990 2091 2020 2114 et
2048 2085 2320 2120 consuetudinem,

1417 2136 1536 2166 scilicet
1557 2136 1639 2174 quod
1658 2141 1787 2174 poneret
1803 2134 1891 2164 vadia
1912 2134 2050 2163 valencia
2068 2134 2317 2174 sexquialterum.

1457 2185 1529 2224 (Fol.
1549 2185 1577 2224 5)
1590 2183 1603 2202 ⁴
1627 2184 1718 2213 Facta
1735 2183 1980 2224 congregacione
1996 2183 2134 2212 nacionis
2151 2182 2323 2222 Anglicane

1417 2244 1496 2263 anno
1512 2239 1545 2262 ut
1561 2243 1666 2272 supra,
1687 2232 1736 2261 die
1752 2233 1833 2261 beati
1852 2232 1966 2261 Mathei
1982 2231 2114 2271 apostoli
2130 2237 2160 2260 et
2174 2241 2320 2271 ewange-

1417 2283 1498 2318 liste,
1511 2283 1591 2321 apud
1604 2282 1748 2311 Sanctum
1759 2281 1945 2310 Maturinum
1960 2287 2030 2320 post
2041 2290 2212 2310 sermonem
2226 2290 2325 2320 super

1416 2333 1459 2361 4⁰*
1478 2331 1626 2360 articulis.
1648 2330 1772 2359 Primus
1796 2337 1861 2360 erat
1881 2331 1920 2359 ad
1940 2330 2123 2359 audiendum
2146 2335 2320 2368 compotum

1417 2380 1588 2420 receptoris
1613 2386 1642 2408 et
1659 2380 1697 2408 ad
1719 2380 1894 2419 eligendum
1918 2389 2030 2408 novum
2054 2385 2256 2417 receptorem.
2283 2378 2323 2407 Et

1417 2436 1483 2458 erat
1515 2429 1630 2458 electus
1663 2428 1859 2458 concorditer
1888 2428 1919 2456 in
1952 2434 2143 2466 receptorem
2172 2427 2323 2466 magister

1418 2479 1548 2518 Egidius
1574 2478 1702 2513 Juffaes,
1724 2484 1754 2506 et
1782 2483 1846 2506 erat
1867 2482 2029 2516 computus
2051 2475 2116 2515 ejus
2152 2482 2258 2515 gratus
2291 2481 2321 2505 et

1417 2528 1694 2556 recommendatus.
1718 2526 1879 2555 Secundus
1898 2531 1963 2554 erat
1988 2526 2047 2563 [ad]
2074 2524 2321 2554 distribuendum

1418 2577 1517 2606 scolas
1528 2576 1703 2605 volentibus
1714 2585 1824 2615 regere
1837 2575 1889 2603 illo
1901 2584 1990 2603 anno.
2009 2573 2048 2602 Et
2061 2579 2148 2602 erant
2158 2574 2322 2603 distribute

1417 2625 1560 2654 meliores
1577 2625 1660 2654 scole
1675 2624 1902 2663 antiquioribus
1919 2622 2100 2662 regentibus
2116 2623 2323 2661 computando

1418 2674 1610 2704 solummodo
1643 2683 1741 2702 annos
1773 2672 1929 2712 regencie,
1961 2678 1991 2700 et
2021 2681 2083 2700 non
2118 2672 2324 2710 computando

1416 2733 1514 2752 annos
1530 2723 1666 2762 qui[bus]
1684 2728 1771 2751 erant
1786 2722 1816 2750 in
1831 2721 1972 2761 partibus
1991 2730 2048 2759 pro
2061 2720 2150 2749 annis
2163 2721 2320 2759 regencie.

1416 2773 1462 2801 3⁰-
1483 2771 1630 2800 articulus
1651 2777 1716 2800 erat
1739 2770 1837 2799 adhuc
1859 2770 1895 2798 ad
1918 2769 2122 2798 ordinandum
2148 2770 2185 2798 de
2207 2769 2323 2798 lectura

1416 2820 1487 2848 libri
1503 2819 1692 2848 Ethicorum.
1711 2819 1750 2847 Et
1765 2824 1830 2847 erat
1846 2818 2024 2847 conclusum
2040 2818 2122 2857 quod
2138 2823 2274 2846 maneret
2289 2817 2320 2846 in

1447 2934 1470 2957 3.
1503 2934 1552 2956 An.
1565 2933 1634 2957 1374.
1651 2931 1704 2956 Vid.
1719 2940 1745 2963 p.
1758 2932 1813 2959 665,
1829 2933 1879 2955 not.
1895 2932 1917 2954 2.

1447 2970 1470 2993 [ι.
1504 2970 1577 2992 Deest
1588 2968 1634 2999 sol.
1646 2969 1670 2991 4.
