2632 3464
290 1525 414 1562 Recepta

438 400 454 417 ι
1274 395 1537 422 INTRODUCTIO

439 468 512 503 ista
539 468 703 516 pecunia
729 466 945 512 devenerit,
976 481 1043 505 seu
1069 471 1198 518 potius
1223 469 1270 506 de
1297 470 1468 519 prandiis
1492 472 1833 523 potationibusque
1858 473 1935 510 vid.
1963 475 2131 525 capitula
2160 477 2202 512 11
2229 485 2268 514 et
2301 479 2366 521 13„

489 537 602 573 Varia
627 535 795 586 denique
814 537 1049 574 contributio
1069 539 1305 575 numeranda
1321 539 1392 576 fuit
1415 553 1435 576 a
1458 540 1631 590 quolibet
1653 544 1855 591 supposito
1879 545 1918 579 in
1942 557 2010 580 eos
2031 545 2177 581 rotulos
2203 547 2363 584 inscribi

439 607 586 654 petenti
608 619 706 655 quos
726 608 883 643 nuntius
904 608 1070 643 nationis
1086 607 1134 644 ad
1149 608 1371 657 pontificem
1390 608 1438 645 de
1449 609 1648 647 beneficiis
1663 610 1883 648 obtinendis
1899 612 2058 650 ferebat.
2078 614 2281 652 Inrotulari
2297 617 2362 665 qui

438 675 621 724 cupiebat
638 688 698 711 an.
719 676 807 712 1341
829 675 926 712 duos
943 677 1111 713 florenos
1127 678 1199 724 (45,
1212 678 1270 724 31)
1288 692 1296 720 3
1315 679 1347 713 si
1362 678 1476 715 fuerit
1491 678 1645 723 absens,
1665 693 1787 729 usque
1803 681 1850 717 ad
1864 689 2013 731 septem
2031 682 2198 720 florenos
2214 685 2288 731 (99,
2306 686 2362 732 17)

438 757 500 781 an.
521 745 636 789 1346;
659 758 759 781 anno
780 753 905 782 autem
927 747 1032 789 1351,
1049 759 1232 795 praesens
1249 748 1334 790 tria,
1353 747 1493 784 absens
1512 755 1693 797 quattuor
1709 756 1817 787 scuta
1829 763 1942 788 aurea
1958 752 2054 797 (152,
2072 753 2149 799 32);
2171 766 2232 789 an.
2254 755 2360 800 1352,

438 813 516 850 duo
536 821 685 850 tantum
703 822 809 851 scuta
829 815 928 862 (161,
947 815 1026 862 32);
1045 828 1104 851 an.
1126 816 1219 851 1362
1235 823 1314 852 tres
1335 816 1486 853 francos
1499 819 1597 865 (274,
1617 819 1698 867 4Ο);
1729 833 1790 857 an.
1815 823 1906 858 1375
1926 836 2108 872 praesens
2125 838 2240 860 unum
2260 825 2363 862 fran-

435 896 539 927 cum,
556 885 831 933 superveniens
853 884 899 919 24
921 884 1009 928 sol.‚
1035 884 1175 920 absens
1196 884 1293 921 duos
1315 885 1466 923 francos
1483 888 1603 938 (465);
1626 902 1686 926 an.
1717 891 1810 927 1378
1832 905 2016 941 praesens
2041 907 2158 930 unum
2178 907 2363 944 superve-

436 953 546 989 niens
577 953 694 997 duos,
722 953 862 989 absens
893 961 972 990 tres
999 953 1150 990 francos
1180 954 1332 991 tradere
1363 957 1461 992 intra
1487 959 1610 994 nuntii
1640 972 1774 996 manus
1802 959 1947 1006 debuit,
1978 970 2019 999 ut
2044 971 2192 1012 partem
2226 965 2362 1002 saltem

439 1035 690 1071 expensarum
708 1023 929 1059 sustineret.

1029 1168 1084 1202 11.
1121 1169 1207 1203 Res
1240 1170 1491 1205 nummaria
1527 1171 1744 1208 nationis.

484 1311 588 1345 Inter
608 1310 805 1359 angustias
831 1310 972 1346 vixisse
995 1311 1185 1354 nationes,
1211 1311 1398 1359 imprimis
1420 1312 1687 1360 Anglicanam,
1714 1327 1775 1351 res
1803 1323 1894 1352 nota
1916 1323 1987 1353 est.
2011 1317 2165 1355 Planius
2188 1326 2317 1356 tamen
2339 1333 2361 1357 e

436 1376 535 1413 libro
551 1379 812 1426 procuratoris
829 1391 929 1414 nunc
950 1378 1054 1414 edito
1076 1386 1251 1428 receptas
1271 1387 1310 1416 et
1330 1381 1526 1429 impensas
1548 1384 1731 1431 pecunias
1754 1397 1775 1420 a
1795 1393 1996 1435 receptore
2016 1388 2182 1424 nationis
2203 1396 2362 1426 nostrae
2410 1379 2413 1381 .

436 1446 591 1483 saeculo
607 1461 667 1483 xw
681 1446 800 1483 factas
820 1448 1041 1497 perspicere
1054 1447 1146 1484 licet
1157 1449 1164 1471 ’
1174 1477 1181 1484 .

486 1517 520 1551 1⁰
533 1517 697 1552 Pecunia
716 1524 871 1566 recepta
892 1529 912 1552 a
929 1518 1123 1566 magistris
1143 1530 1214 1567 pro
1241 1519 1363 1567 prima
1385 1521 1660 1567 procuratoria,
1683 1535 1781 1571 quae
1802 1525 1964 1573 pecunia
1981 1531 2109 1562 tamen
2137 1526 2175 1562 in
2201 1525 2362 1564 taberna

433 1585 745 1622 consumebatur.

481 1655 518 1690 2ὑ
539 1655 752 1705 Vectigalia
772 1655 1012 1692 scholaribus
1030 1656 1077 1692 ad
1098 1669 1380 1706 quemcumque
1394 1658 1510 1693 trium
1529 1659 1718 1708 graduum
1735 1661 2008 1699 accedentibus
2028 1664 2229 1713 imposita;
2248 1677 2359 1714 quae,

432 1731 474 1760 ut
489 1724 640 1760 fortuna
659 1726 813 1774 propria
827 1725 1072 1768 scholarium,
1090 1733 1172 1762 tum
1188 1727 1335 1761 minimi
1351 1733 1432 1762 tum
1449 1728 1577 1776 gravis
1600 1727 1739 1764 valoris
1760 1728 1926 1766 fuerunt.
1949 1730 1999 1767 At
2017 1730 2122 1768 fonte
2136 1731 2203 1768 illo
2224 1733 2362 1782 princi-

432 1794 509 1843 pali
526 1793 671 1830 reditus
686 1794 757 1830 frui
772 1807 849 1830 non
865 1796 1019 1844 penitus
1039 1797 1184 1832 nationi
1207 1795 1362 1838 licebat,
1381 1809 1467 1832 cum
1486 1799 1603 1834 toties
1618 1809 1806 1846 pauperes
1821 1797 1880 1833 vel
1898 1797 2174 1848 aliquantisper
2186 1800 2361 1849 impediti

433 1864 634 1900 studentes
658 1876 728 1913 pro
758 1871 957 1900 numerato
979 1864 1145 1901 litteram
1163 1864 1445 1914 obligatoriam,
1467 1866 1617 1903 scilicet
1647 1867 1880 1916 promissum
1907 1879 2022 1916 saepe
2043 1869 2156 1905 inane
2175 1868 2356 1914 futurum,

432 1935 684 1984 deponerent.

482 2006 682 2041 Praeterea
701 2012 847 2054 partem
870 2006 1037 2041 nationis
1052 2018 1128 2042 non
1146 2019 1231 2042 raro
1251 2006 1450 2051 officiales,
1473 2006 1740 2043 consentiente
1756 2004 1950 2048 facultate,
1965 2004 2260 2050 deminuebant;
2276 2020 2361 2056 pro-

431 2076 597 2111 curatori
644 2076 744 2111 enim
787 2076 967 2117 nationis,
1009 2075 1070 2111 vel
1111 2077 1246 2112 nuntio
1285 2078 1429 2112 curiam
1466 2076 1634 2119 adituro,
1674 2074 1735 2111 vel
1774 2076 1913 2111 rectori
1957 2077 2030 2125 ipsi
2075 2077 2360 2114 concedebatur

431 2143 638 2193 aliquando
662 2143 924 2180 determinans
949 2151 1012 2180 aut
1042 2144 1293 2188 baccalarius,
1322 2145 1460 2182 solutis
1483 2143 1714 2181 solvendis‘2.
1744 2145 2053 2181 Determinantes
2078 2145 2181 2182 illius
2206 2148 2360 2196 generis

431 2214 569 2262 quovis
587 2214 676 2248 anni
694 2226 825 2249 mense
845 2226 890 2249 ex
912 2215 1050 2262 gratia,
1070 2213 1138 2250 sed
1155 2227 1230 2250 non
1255 2216 1438 2264 gratuito,
1463 2215 1757 2251 determinantes
1788 2215 1956 2262 reputati
1977 2213 2148 2258 fuerunt;
2178 2222 2216 2252 et
2243 2228 2361 2265 pecu—

431 2283 531 2318 niam
559 2282 606 2317 ab
631 2283 676 2317 iis
695 2290 930 2319 numeratam
950 2283 1181 2332 supplicanti
1199 2285 1383 2332 magistro
1398 2283 1458 2320 vel
1471 2284 1725 2333 procuratori,
1743 2290 1923 2332 tanquam
1940 2272 2188 2320 emolumenti
2203 2284 2360 2334 supple·-

433 2358 618 2394 mentum‚
638 2353 742 2387 natio
762 2353 968 2388 concessit.
983 2352 1165 2401 Quaeque
1179 2360 1359 2401 quattuor
1375 2353 1573 2388 nationum
1588 2351 1654 2388 tali
1673 2351 1803 2389 favore
1819 2352 2017 2389 fruebatur
2029 2353 2102 2399 (34,
2121 2354 2166 2388 14
2180 2355 2267 2403 sq.).
2283 2354 2355 2390 An.

436 2420 541 2462 1345,
566 2420 665 2468 Aug.
689 2421 748 2464 26,
764 2420 927 2456 Johanni
944 2420 991 2456 de
1007 2421 1200 2470 Sarburgo
1216 2421 1383 2457 tributus
1404 2428 1463 2457 est
1485 2436 1502 2456 c<
1521 2423 1666 2471 primus
1686 2421 1947 2458 determinans
1962 2423 2026 2471 qui
2046 2421 2202 2459 daretur
2213 2411 2360 2459 nationi

431 2490 470 2524 in
493 2502 593 2525 anno
614 2497 705 2526 tunc
733 2491 955 2539 incipiente,
987 2490 1123 2526 solutis
1149 2490 1344 2526 solvendis
1364 2505 1381 2525 >³
1410 2492 1482 2536 (86,
1512 2492 1583 2538 35).
1611 2491 1683 2527 An.
1719 2491 1812 2527 1350
1831 2491 1915 2527 Joh.
1939 2490 1987 2528 de
2006 2491 2178 2528 Wesalia
2203 2492 2358 2528 nuntius

431 2573 449 2593 «
484 2559 806 2595 determinantem
833 2559 969 2595 solutis
994 2559 1189 2596 solvendis
1213 2574 1229 2595 »
1255 2560 1405 2596 obtinet
1426 2567 1468 2596 ut
1490 2573 1677 2596 summam
1705 2561 1831 2596 itineri
1859 2573 1929 2597 suo
1957 2561 2185 2610 promissam
2214 2560 2357 2597 diutius

429 2636 656 2677 exspectare
676 2630 812 2678 possit.
836 2630 968 2678 Neque
991 2629 1157 2665 minimis
1181 2629 1322 2673 bursis,
1345 2636 1386 2665 ut
1407 2637 1525 2679 patet,
1549 2631 1588 2665 in
1614 2629 1680 2666 tali
1703 2642 1795 2666 casu
1814 2643 1900 2666 arca
1920 2631 2086 2666 nationis
2102 2629 2354 2679 privabatur³.

473 2780 499 2807 1.
546 2779 678 2808 Facilius
710 2779 770 2808 erit
801 2779 918 2808 saeculi
953 2788 994 2808 xv
1033 2789 1096 2808 rem
1138 2780 1336 2808 nummariam
1450 2781 1518 2815 110,
1544 2781 1597 2816 12;
1620 2781 1688 2815 112,
1705 2780 1741 2816 8;
1764 2781 1831 2816 146,
1849 2780 1906 2817 22;
1927 2780 1994 2816 152,
2011 2780 2151 2816 35;160‚
2171 2781 2207 2816 55
2229 2781 2297 2817 166,
2317 2781 2352 2815 4;

428 2837 599 2866 exponere,
623 2838 689 2857 cum
711 2828 823 2858 librum
855 2828 1039 2868 receptoriS‚
1069 2835 1193 2868 praeter
1225 2829 1337 2858 librum
1450 2829 2083 2865 167,20;173,38;198‚28;202,22;205‚
2093 2829 2223 2865 243218,
2236 2830 2353 2864 31,etc.

433 2877 657 2916 procuratoris,
675 2878 712 2906 ab
727 2888 776 2906 an.
794 2878 870 2907 1425
894 2878 1131 2907 servaverimus.
1488 2879 1516 2907 3.
1563 2877 1614 2907 Sic
1628 2878 1790 2908 Arnoldus
1806 2879 1844 2908 de
1865 2878 2067 2918 Compositel,
2082 2877 2169 2918 cujus
2184 2878 2278 2907 bursa
2296 2877 2354 2907 XII

472 2926 500 2954 2.
544 2926 1336 2964 Vid.35‚29;38,20;47‚24;66‚32;67‚5;89‚29;
1450 2927 1507 2957 sol.
1533 2927 1613 2966 (163,
1632 2927 1690 2967 19).

2619 3261 2632 3305 .2.2
2617 2774 2632 3238 .-vm—una2ffl23—bassnfflfiu„ad<x..--
2628 2746 2632 2758 ..
2626 2674 2632 2730 ιη-.
2630 2631 2632 2634 .
2627 2597 2632 2607 ..
2627 2541 2632 2568 ,..
