2632 3464
457 417 508 442 319

498 492 571 521 Item
597 492 628 520 in
649 492 698 521 die
722 491 813 521 lune*
841 498 912 531 post
935 493 1044 522 festum
1068 492 1218 522 Undecim
1245 491 1359 520 milium

454 541 610 580 virginum
621 541 763 570 dominus
773 541 930 570 Johannes
941 542 978 570 de
990 541 1210 570 Tekeneborch
1222 541 1360 579 inceptu-

454 599 509 619 rus
524 590 555 618 in
572 590 690 619 artibus
707 590 811 629 posuit
825 590 979 629 pinguora
993 590 1117 619 domino
1131 589 1285 628 receptori
1302 598 1359 627 pro

457 638 561 667 bursis
578 648 631 667 sue
647 638 850 678 incepcionis.

497 687 571 716 Item
587 687 618 716 in
636 687 685 716 die
701 687 803 726 jovis²
827 688 882 717 fuit
898 694 1023 717 vocatus
1042 687 1093 716 ille
1113 687 1165 726 qui
1184 686 1360 716 verberavit

455 737 599 765 nuncium
624 736 847 766 Normanorum
874 738 912 765 ad
936 737 1079 766 Sanctum
1106 736 1304 770 Maturinum,
1329 741 1359 764 et

455 785 616 813 confessus
633 785 687 814 suit
699 786 782 824 quod
796 784 971 814 verberavit
988 784 1132 813 nuncium
1150 784 1313 823 prefatum,
1329 789 1359 812 et

456 832 612 872 subjunxit
644 835 726 872 quod
759 844 820 863 non
856 834 886 862 in
925 834 1102 872 despectum
1137 832 1357 862 Universitatis

456 882 588 911 fecisset.

495 930 569 959 Item
585 932 688 960 eadem
705 930 754 959 die
767 931 889 960 fuerunt
904 937 998 960 testes
1013 940 1108 970 super
1125 930 1265 969 predicto
1278 930 1357 959 facto

453 979 605 1017 producti,
625 979 677 1018 qui
695 979 890 1008 concorditer
911 979 1056 1008 dixerunt
1075 979 1158 1017 quod
1178 978 1302 1018 quidam
1323 978 1355 1007 in

453 1037 514 1056 uno
540 1028 648 1056 blanco
674 1027 815 1057 mantello
831 1028 862 1056 in
878 1028 946 1057 vico
968 1027 1093 1057 Cithare
1110 1026 1266 1066 percussit
1280 1037 1354 1066 pre-

453 1076 566 1105 dictum
585 1077 739 1111 nuncium,
765 1077 865 1105 dando
885 1077 944 1105 sihi
960 1087 1048 1105 unam
1065 1076 1182 1115 alapam
1201 1076 1251 1105 vel
1266 1076 1354 1111 duas,

452 1125 504 1163 qui
529 1125 605 1154 dixit
625 1126 706 1164 quod
727 1131 809 1154 esset
830 1125 861 1153 in
885 1125 1078 1164 salvagardia
1098 1125 1182 1164 regis
1205 1131 1235 1153 et
1255 1125 1356 1154 domi-

452 1184 560 1202 norum
575 1184 711 1208 suorum,
727 1180 756 1203 et
769 1184 863 1213 super
878 1174 935 1203 hoc
948 1174 1048 1213 ipsum
1060 1174 1130 1213 plus
1147 1174 1312 1213 percussit.

493 1222 566 1251 Item
585 1222 615 1250 in
631 1222 679 1251 die
697 1223 841 1261 Symonis
856 1229 886 1252 et
900 1223 978 1252 ¹lude
991 1223 1046 1252 fuit
1059 1223 1135 1251 facta
1148 1223 1354 1262 congregacio

450 1271 605 1310 generalis
622 1273 702 1310 apud
719 1272 862 1301 Sanctum
877 1271 1074 1306 Maturinum,
1093 1271 1146 1300 ubi
1159 1271 1354 1311 propositum

452 1320 507 1349 fuit
522 1330 577 1358 per
591 1321 746 1350 dominum
764 1327 914 1350 rectorem
932 1321 1086 1350 confessio
1106 1320 1190 1350 illius
1209 1321 1261 1360 qui
1281 1331 1355 1360 per-

451 1369 547 1398 cussit
567 1369 711 1398 nuncium
734 1370 936 1409 sepedictum,
960 1376 990 1399 et
1013 1370 1093 1399 dicta
1115 1370 1238 1399 testium
1260 1380 1355 1409 super

450 1418 527 1446 facto
548 1419 678 1457 prefato,
699 1425 728 1447 et
747 1419 790 1447 ibi
807 1419 1009 1448 deliberatum
1030 1418 1085 1448 suit
1102 1419 1185 1458 quod
1207 1419 1354 1448 darentur

449 1467 586 1505 deputati
603 1468 655 1506 qui
667 1474 813 1497 vocarent
831 1478 928 1503 reum,
948 1467 1100 1507 quesituri
1118 1467 1144 1497 si
1164 1468 1257 1497 vellet
1271 1474 1353 1504 stare

449 1515 640 1544 ordinacioni
656 1516 874 1546 Universitatis
891 1527 986 1556 super
1003 1517 1080 1545 sacto
1098 1516 1239 1556 predicto
1249 1530 1257 1553 ;
1279 1523 1310 1546 et
1326 1517 1353 1546 si

448 1564 540 1593 vellet
562 1571 643 1593 stare
660 1566 851 1594 ordinacioni
872 1566 1101 1601 Universitatis,
1123 1567 1207 1604 quod
1226 1566 1353 1595 ordina-

449 1612 537 1641 rent³
557 1614 676 1652 prefato
690 1615 801 1643 nuncio
823 1615 979 1644 emendam
997 1615 1214 1644 racionabilem
1228 1621 1259 1644 et
1277 1626 1353 1645 con-

449 1661 593 1701 dingnam
607 1664 773 1692 secundum
786 1664 973 1703 exigenciam
984 1664 1136 1693 demeriti.
1151 1664 1240 1701 Quod
1253 1665 1279 1694 si
1290 1675 1352 1693 non

448 1710 549 1745 vellet,
563 1713 645 1750 quod
660 1718 731 1741 tunc
746 1713 833 1741 nacio
847 1713 1093 1742 Normannorum
1109 1719 1352 1753 prosequeretur

449 1769 569 1788 causam
587 1771 688 1789 coram
701 1760 806 1800 judice
822 1762 990 1797 ordinario,
1004 1768 1033 1791 et
1046 1763 1129 1801 quod
1140 1762 1228 1791 nacio
1244 1769 1352 1792 nostra

448 1808 479 1836 in
496 1808 550 1838 hac
567 1811 788 1848 prosecucione
806 1811 898 1840 vellet
913 1811 1051 1850 predicte
1067 1811 1189 1840 nacioni
1205 1818 1304 1841 astare
1323 1818 1353 1841 et

448 1858 545 1896 ipsam
556 1857 676 1898 juvare.

488 1906 562 1935 Item
587 1907 617 1935 in
638 1908 761 1947 vigilia⁴
786 1909 883 1938 sancti
902 1909 1026 1938 Martini
1047 1909 1102 1938 suit
1121 1909 1198 1938 facta
1217 1919 1351 1949 congre-

446 1954 534 1993 gacio
549 1956 687 1986 nacionis
700 1958 779 1996 apud
793 1957 936 1986 Sanctum
947 1957 1145 1993 Maturinum,
1160 1965 1190 1987 et
1200 1958 1243 1987 ibi
1256 1959 1350 1998 magi-

447 2010 511 2032 ster
526 2004 710 2035 Wilhelmus
726 2007 764 2035 de
778 2006 923 2036 Wadono
935 2007 1121 2046 supplicavit
1135 2017 1192 2046 pro
1208 2007 1349 2037 ulteriori

446 2052 597 2082 dilacione
622 2055 783 2084 bursarum
809 2055 1047 2084 determinancie
1072 2062 1102 2084 et
1129 2056 1257 2085 licencie
1281 2066 1347 2092 sue,

446 2101 494 2129 cui
511 2102 566 2131 suit
581 2113 748 2133 concessus
767 2105 915 2134 terminus
931 2115 1028 2144 usque
1046 2106 1084 2134 ad
1102 2106 1211 2134 festum
1229 2105 1349 2135 Nativi-

446 2150 516 2179 tatis
538 2151 655 2181 Christi
676 2153 864 2191 proximum,
886 2160 918 2182 ut
936 2161 1065 2192 poneret
1083 2154 1188 2183 literas
1210 2154 1348 2184 officialis

447 2205 479 2227 ut
498 2199 595 2237 prius.

486 2248 559 2277 Item
571 2249 620 2278 die
635 2250 759 2279 Martini
771 2251 846 2280 sacta
859 2252 1104 2291 congregacione
1116 2252 1256 2282 nacionis
1266 2254 1348 2292 apud

446 2296 588 2348 Souanctum
602 2299 766 2335 Julianum‚
782 2301 966 2339 supplicavit
978 2301 1125 2340 magister
1139 2301 1296 2331 Johannes
1310 2303 1347 2331 de

445 2349 533 2378 Uden
555 2358 614 2387 pro
636 2348 724 2377 litera
744 2348 954 2384 testimoniali,
981 2356 1013 2378 ut
1034 2356 1117 2379 esset
1136 2351 1266 2380 scolaris
1293 2361 1347 2380 seu

445 2398 584 2426 studens.

484 2446 558 2475 Item
590 2445 703 2474 ibidem
732 2446 917 2485 supplicavit
943 2447 1090 2486 magister
1120 2447 1276 2478 Johannes
1308 2449 1346 2478 de

445 2495 532 2524 Boist
551 2495 588 2523 de
610 2494 772 2523 Sustvania
793 2501 825 2524 ut
841 2501 948 2534 posset
967 2496 1083 2534 imponi
1102 2497 1205 2526 rotulo
1227 2497 1257 2526 in
1273 2507 1346 2527 casu

443 2544 469 2572 si
487 2544 572 2572 fieret
587 2544 617 2571 in
635 2544 681 2572 sui
697 2544 845 2572 absentia.
865 2544 943 2572 Illud
961 2544 1016 2573 fuit
1033 2545 1093 2574 sibi
1109 2555 1301 2581 concessum,
1317 2553 1347 2575 et

443 2592 554 2621 ibidem
573 2592 767 2621 concorditer
782 2592 981 2622 deliberatum
1001 2594 1056 2622 suit
1073 2594 1117 2623 ire
1133 2595 1170 2623 ad
1188 2596 1344 2624 tabernam

442 2647 471 2669 et
490 2641 588 2679 ipsum
603 2641 830 2680 perpotavimus
848 2651 905 2680 pro
922 2641 978 2670 VII
996 2643 1116 2671 solidis.

474 2875 495 2898 l.
529 2876 557 2897 ‘23
572 2876 692 2898 Octobris.

472 2910 496 2933 ἱ).
529 2910 558 2932 26
572 2911 694 2933 Octobris,

471 2945 495 2967 3.
530 2947 575 2967 Ma.
590 2946 751 2969 ordinarunt.

996 416 1216 442 AUCTARIUM
1237 414 1496 442 CHARTULARII
1517 416 1690 443 UNIVERS.
1713 417 1830 444 PARIS.

1414 690 1430 716 5

1395 935 1428 960 10

1393 1180 1426 1205 15

1391 1425 1425 1451 20

1389 1669 1423 1695 25

1388 1915 1422 1941 30

1386 2159 1420 2186 35

1384 2404 1418 2431 40

1382 2650 1415 2675 45

2322 422 2375 449 320

1875 494 1973 524 1368

1529 553 1602 593 (Fal.
1633 554 1688 595 2¹2)
1724 554 1815 586 Acta
1846 557 2107 596 procuratorie
2138 559 2309 599 magistri

1776 604 1879 634 Petri
1909 605 2065 635 Consul.

1507 678 1598 708 Anno
1610 679 1735 709 Domini
1748 690 1809 720 quo
1823 690 1928 720 supra,
1940 681 2041 711 XVIII
2053 682 2103 712 die
2114 683 2230 713 mensis
2243 683 2375 714 Novem-

1467 728 1544 764 bris,
1569 728 1646 758 facta
1667 729 1912 770 congregacione
1937 730 2076 760 nacionis
2097 730 2268 771 Anglicane
2292 734 2374 773 apud

1467 776 1612 806 Sanctum
1631 777 1818 808 Maturinum
1835 779 1874 808 ad
1893 779 2070 819 eligendum
2091 787 2323 819 procuratorem
2344 788 2375 812 et

1465 827 1503 855 ad
1525 826 1710 856 audiendum
1731 834 1906 867 compotum
1924 829 2110 869 receptor-is,
2133 829 2250 860 electus
2266 831 2322 860 suit
2340 831 2373 860 in

1465 881 1697 915 procuratorem
1718 876 1858 906 nacionis
1881 877 2029 917 magister
2050 878 2162 908 Petrus
2189 879 2317 910 Consul.
2337 880 2373 910 In

1465 923 1552 964 cujus
1569 925 1793 964 procuracione
1808 926 1931 956 fuerunt
1945 933 2011 956 acta
2024 927 2234 968 infrascripta.

1506 973 1541 1003 In
1564 973 1674 1013 primis
1699 975 1803 1004 eadem
1828 976 2074 1016 congregacione
2099 977 2155 1006 fuit
2176 979 2373 1009 concorditer

1464 1023 1666 1052 deliberatum
1710 1023 1795 1053 nullo
1834 1025 2064 1055 contradicente
2098 1033 2131 1055 ut
2160 1027 2370 1058 celebraretur

1465 1073 1633 1101 secundum
1660 1073 1913 1103 consuetudinem
1934 1073 2116 1104 laudabilem
2139 1085 2156 1104 a
2178 1076 2372 1116 longissimis

1464 1121 1656 1160 temporibus
1676 1122 1869 1151 observatam
1897 1123 2005 1152 festum
2033 1123 2172 1154 nacionis
2196 1125 2335 1164 predicte
2343 1125 2367 1156 ³,

1505 1170 1580 1199 Item
1609 1170 1640 1199 in
1670 1171 1765 1200 missa
1784 1171 1936 1204 ,nacionis
1968 1171 2105 1210 eiusdem
2132 1173 2193 1203 diei
2225 1175 2369 1214 exposuit

1464 1219 1607 1249 dominus
1625 1227 1768 1259 receptor
1786 1221 2134 1259 pro‘distributionibus
2152 1223 2371 1262 magistrorum

1462 1268 1559 1298 XLVI
1576 1269 1704 1298 solidos.

1504 1318 1579 1347 Item
1593 1318 1625 1347 in
1639 1318 1769 1357 prandio
1779 1324 1887 1348 nostro
1899 1318 2042 1348 omnibus
2053 1320 2248 1359 computatis,
2261 1331 2370 1362 excep-

1461 1367 1502 1396 tis
1520 1367 1792 1397 distributionibus
1805 1368 2002 1407 prescriptis,
2020 1369 2163 1408 exposuit
2173 1369 2254 1399 idem
2264 1380 2370 1410 recep-

1462 1422 1511 1446 tor
1525 1415 1611 1445 XVII
1625 1416 1721 1445 libras
1739 1426 1806 1446 cum
1821 1417 1942 1446 duobus
1957 1417 2104 1447 denariis.

1502 1465 1578 1495 Item
1593 1475 1652 1505 pro
1665 1466 1772 1495 eodem
1788 1466 1866 1495 festo
1879 1465 1958 1496 solvi
1974 1467 2053 1496 duos
2068 1466 2203 1497 florenos
2218 1467 2251 1497 in
2263 1467 2369 1499 valore

1461 1515 1580 1545 XXIIII
1602 1515 1772 1544 solidorum
1788 1525 1847 1554 pro
1861 1513 1999 1554 jocundo
2021 1515 2150 1546 introitu
2170 1526 2237 1547 meo
2257 1523 2287 1547 et
2310 1527 2368 1557 pro

1461 1564 1684 1604 procuracione
1700 1573 1766 1593 mea
1781 1564 1891 1603 prima.

1502 1612 1576 1642 Item
1588 1622 1645 1652 pro
1660 1613 1767 1642 eodem
1779 1612 1909 1652 prandio
1921 1612 2014 1642 solvit
2025 1614 2173 1653 magister
2189 1614 2364 1654 Heynricus

1461 1662 1498 1691 de
1517 1661 1611 1691 Tenis
1628 1672 1685 1701 pro
1693 1660 1831 1701 jocundo
1846 1661 1974 1691 introitu
1990 1671 2047 1691 suo
2060 1662 2118 1692 XII
2135 1663 2265 1692 solidos.

1501 1711 1576 1741 Item
1591 1721 1648 1750 pro
1667 1712 1773 1740 eodem
1789 1710 1920 1750 prandio
1934 1710 2027 1740 solvit
2042 1711 2190 1751 magister
2203 1711 2367 1743 Wolterus

1459 1760 1610 1790 Johannis
1628 1761 1665 1789 de
1684 1760 1757 1789 Dels
1769 1770 1826 1799 pro
1836 1758 1973 1799 jocundo
1987 1759 2115 1790 introitu
2128 1770 2185 1790 suo
2199 1761 2258 1790 XII
2272 1762 2364 1792 solid.

1501 1809 1576 1839 Item
1588 1819 1646 1848 pro
1662 1810 1769 1838 eodem
1789 1809 1920 1848 prandio
1938 1808 2031 1838 solvit
2045 1809 2193 1849 magister
2209 1810 2366 1841 Johannes

1460 1859 1497 1888 de
1511 1858 1765 1898 Teykelenborch
1780 1868 1838 1898 pro
1853 1857 1991 1897 jocundo
2009 1858 2136 1888 introitu
2152 1869 2208 1888 suo
2225 1859 2283 1889 XII
2306 1860 2364 1890 sol.

1500 1908 1574 1937 Item
1586 1917 1643 1947 pro
1654 1908 1761 1937 eodem
1772 1908 1903 1946 prandio
1915 1907 2008 1937 solvit
2018 1907 2166 1947 magister
2177 1908 2366 1939 Wilhelmus

1459 1958 1497 1986 de
1513 1957 1678 1996 Wadenoy
1691 1966 1748 1996 pro
1754 1955 1890 1996 jocundo
1906 1956 2033 1986 introitu
2049 1967 2106 1986 suo
2120 1957 2178 1986 XII
2195 1957 2324 1988 solidos.

1499 2005 1574 2035 Item
1587 2016 1644 2045 pro
1663 2007 1769 2035 eodem
1784 2006 1915 2045 prandio
1933 2006 2026 2047 solvit
2045 2005 2193 2046 magister
2206 2006 2364 2037 Johannes

1458 2055 1574 2085 Venloe
1589 2065 1648 2095 pro
1662 2054 1795 2095 jocundo
1811 2054 1940 2084 introitu
1959 2065 2015 2084 suo
2031 2055 2090 2084 XII
2104 2055 2234 2085 solidos.

1499 2105 1574 2135 Item
1600 2114 1658 2144 pro
1682 2104 1953 2134 distributionibus
1982 2104 2202 2144 magistrorum
2226 2105 2258 2134 in
2283 2105 2363 2135 festo

1458 2154 1603 2183 Katerine
1621 2153 1653 2182 in
1671 2153 1765 2182 missa
1781 2153 1926 2192 exposuit
1937 2159 2081 2192 receptor
2090 2152 2215 2182 XXXVI
2227 2153 2358 2184 solidos.

1498 2203 1572 2232 Item
1590 2202 1706 2241 incepit
1721 2202 1864 2231 dominus
1877 2202 2034 2231 ,lohannes
2050 2201 2180 2241 Haghen
2194 2203 2251 2231 sub
2269 2203 2363 2242 magi-

1457 2258 1522 2281 stro
1541 2251 1693 2286 Marcilio,
1715 2249 1801 2291 cujus
1819 2252 1914 2280 bursa
1929 2251 1969 2280 VI
1991 2251 2101 2287 solidi;
2120 2251 2226 2290 posuit
2242 2251 2360 2281 literam

1456 2300 1594 2330 officialis
1612 2306 1645 2330 ut
1660 2310 1754 2339 supra
1767 2300 1797 2329 in
1813 2300 1881 2329 aliis
1900 2300 2020 2329 actibus
2036 2299 2098 2340 (sic)
2114 2309 2212 2339 usque
2227 2300 2265 2329 ad
2283 2301 2362 2330 duos

1456 2345 1576 2379 annos.»

1497 2399 1571 2428 Item
1605 2399 1637 2427 in
1673 2399 1750 2428 sesto
1783 2397 1956 2437 Nicholay⁶
1990 2408 2046 2437 pro
2085 2397 2358 2428 distributionibus

1455 2448 1673 2488 magistrorum
1689 2447 1833 2487 exposuit
1844 2453 1988 2486 receptor
2001 2446 2127 2476 XXXVI
2143 2446 2272 2476 solidos.

1496 2497 1571 2526 Item
1592 2498 1669 2526 facta
1690 2496 1936 2536 congregacione
1958 2496 2096 2524 nacionis
2118 2496 2222 2524 eadem
2253 2496 2302 2525 die
2327 2496 2360 2525 in

1454 2546 1546 2574 nonis
1575 2545 1687 2574 Nostre
1715 2544 1847 2574 Domine
1871 2544 1910 2573 ad
1938 2544 2081 2573 Sanctum
2106 2543 2293 2573 Maturinum
2321 2545 2360 2573 ad

1454 2594 1702 2634 supplicandum,
1719 2594 1750 2622 in
1764 2604 1823 2633 qua
1840 2593 1983 2622 dominus
1997 2592 2185 2622 Wilhelmus
2202 2592 2273 2622 Zael
2289 2603 2360 2633 sup-

1453 2644 1579 2683 plicavit
1593 2654 1650 2683 pro
1665 2642 1817 2672 dilacione
1829 2642 1972 2682 pecunie,
1987 2651 2046 2681 qua
2058 2642 2220 2671 tenebatur
2234 2641 2356 2672 nacioni

1453 2703 1489 2721 ex
1516 2699 1602 2732 parte
1624 2698 1744 2721 actuum
1771 2701 1896 2720 suorum
1926 2690 2164 2720 determinancie
2191 2701 2289 2729 usque
2318 2692 2358 2720 ad

1452 2742 1562 2770 festum
1581 2740 1749 2780 Epiphinie
1766 2740 1828 2780 (sic)
1846 2739 1985 2779 proxime
2001 2745 2175 2775 venturum,
2195 2740 2278 2778 quod
2297 2739 2358 2768 sibi

1452 2791 1507 2820 fuit
1523 2800 1726 2826 concessum3
1748 2799 1843 2829 super
1862 2789 1920 2818 hoc
1941 2788 2047 2828 posuit
2066 2788 2185 2818 literam
2205 2787 2355 2818 officialis.

1481 2880 1505 2902 4.
1539 2879 1568 2902 10
1582 2878 1737 2902 Nouembris.

1481 2917 1504 2938 5.
1538 2914 1597 2938 Scil.
1611 2913 1776 2942 Catharinae,
1789 2914 1818 2936 25
1831 2912 1987 2937 Nouembris.

1481 2951 1504 2973 6.
1539 2951 1553 2973 6
1569 2949 1719 2973 Decembris.
