2632 3464
426 435 477 460 575

467 511 542 540 Item
570 508 784 538 determinavit
816 508 958 536 dominus
991 507 1103 535 Petrus
1136 505 1239 534 Lucke
1276 505 1333 533 sub

428 559 576 599 magistro
593 558 728 587 Heni-ico
745 559 782 586 de
801 556 928 591 Thenis,
950 555 1036 594 cujus
1058 556 1151 583 bursa
1168 554 1209 583 Vl
1228 553 1332 588 solidi,

428 609 468 638 VI
485 608 614 637 denarii.
630 607 740 637 Posuit
753 606 879 646 pignus.

471 658 545 686 Item
560 656 774 686 determinavit
788 655 931 683 dominus
948 653 1092 683 Nicolaus
1109 653 1147 681 de
1166 651 1261 680 Dacia
1277 652 1335 680 sub

431 707 579 746 magistro
596 706 734 735 Gerardo
750 706 786 733 de
808 704 931 738 Kalker,
950 701 1037 742 cujus
1055 702 1149 730 bursa
1168 700 1208 729 VI
1228 700 1334 735 solidi,

431 756 471 785 Vl
486 755 615 784 denarii.
633 754 742 783 Posuit
757 754 882 792 pignus.

473 806 546 834 Item
558 803 771 833 determinavit
781 801 923 830 dominus
934 801 1109 830 Cudbertus
1121 800 1159 828 de
1171 798 1337 828 Servenael

434 855 490 884 sub
507 853 654 893 magistro
669 852 807 881 Johanne
824 850 1003 883 Forestarii,
1019 848 1105 888 cujus
1119 849 1213 877 bursa
1229 847 1289 876 llll
1309 857 1334 876 s.

434 903 543 933 Solvit.

474 952 548 981 Item
564 951 668 990 quinta
684 950 732 978 die
748 949 863 978 mensis
882 948 990 977 Marcii
1009 948 1085 976 sacta
1098 947 1154 976 fuit
1169 955 1338 986 congrega-

434 1002 481 1030 cio
495 999 632 1029 nacionis
651 999 818 1037 Anglicane
835 998 872 1026 ad
892 997 1034 1026 Sanctum
1050 996 1203 1025 Julianum
1221 1005 1339 1034 paupe-

434 1060 498 1079 rem
514 1050 544 1078 in
561 1048 670 1088 primis
692 1048 805 1076 Nostre
822 1046 964 1080 Domine,
983 1046 1021 1074 ad
1039 1045 1289 1084 supplicandum,
1310 1050 1339 1073 et

435 1098 620 1138 supplicavit
631 1097 772 1125 dominus
787 1095 997 1124 Theodericus
1008 1094 1158 1123 waucert
1168 1094 1206 1122 de
1218 1092 1338 1122 Herwi-

434 1158 509 1181 nen,
530 1147 672 1185 quatinus
693 1145 780 1174 nacio
797 1144 890 1173 vellet
913 1154 1023 1183 capere
1046 1143 1165 1172 literam
1183 1142 1340 1181 obligato-

434 1197 509 1225 riam
527 1206 585 1235 pro
603 1195 734 1234 pecunia
754 1194 874 1222 nacioni
890 1193 991 1222 debita
1009 1202 1066 1231 pro
1087 1191 1337 1226 determinancia,

434 1256 491 1285 pro
516 1255 576 1284 qua
600 1244 747 1283 magister
781 1242 936 1272 Johannes
971 1242 1034 1271 Coc
1068 1240 1231 1280 fidejussit,
1268 1240 1340 1279 quia

433 1295 525 1324 vellet
535 1293 640 1332 jurare
653 1293 734 1332 quod
745 1302 800 1321 nec
809 1292 935 1320 haberet
944 1290 1115 1330 pecuniam,
1129 1300 1185 1318 nec
1197 1290 1337 1329 pignera,

434 1354 501 1372 cum
524 1343 636 1382 quibus
665 1341 856 1371 satisfaceret
880 1340 1013 1369 nacioni.
1036 1338 1132 1378 Cujus
1148 1338 1339 1378 supplicacio

435 1393 489 1421 fuit
504 1402 662 1425 concessa,
681 1391 752 1419 dum
767 1396 867 1418 tamen
886 1389 1023 1428 predicta
1034 1388 1163 1428 juraret.

474 1443 504 1470 2⁰
528 1439 713 1480 supplicavit
740 1438 955 1468 Ghiselbertus
982 1439 1019 1467 de
1046 1437 1159 1472 Clivis,
1189 1443 1339 1476 quatenus

434 1491 521 1519 nacio
535 1490 628 1519 vellet
645 1499 711 1518 eum
732 1489 892 1517 admittere
914 1488 951 1516 ad
972 1486 1248 1521 determinandum,
1269 1485 1341 1525 quia

433 1540 568 1579 legitime
582 1539 637 1568 tuit
654 1538 831 1577 impeditus,
856 1537 938 1576 quod
955 1547 1017 1565 non
1033 1536 1133 1575 potuit
1149 1541 1218 1564 ante
1236 1535 1340 1563 deter-

434 1590 562 1623 minare,
583 1598 650 1616 nam
668 1587 723 1617 fuit
736 1593 821 1616 extra
836 1586 937 1615 villam
957 1596 994 1614 ex
1012 1584 1106 1614 certis
1123 1584 1225 1614 causis
1243 1594 1340 1623 quos-

435 1639 503 1667 dam
519 1637 684 1676 magistros
702 1635 912 1675 tangentibus,
929 1635 1017 1663 sicud
1033 1633 1175 1673 pluribus
1189 1632 1337 1662 constitit.

436 1686 531 1726 Cujus
548 1686 737 1725 supplicacio
752 1685 806 1713 fuit
822 1694 980 1713 concessa.

476 1736 549 1765 Item
561 1735 666 1774 quinta
675 1735 723 1763 die
735 1733 850 1763 mensis
862 1733 970 1762 Marcii
980 1733 1056 1761 sacta
1066 1732 1121 1761 fuit
1133 1731 1340 1771 congregacio

436 1785 573 1814 nacionis
589 1783 759 1823 Anglicane
779 1783 817 1811 ad
838 1782 981 1811 Sanctum
998 1781 1152 1810 Julianum
1172 1790 1340 1820 pauperem

436 1834 466 1863 in
483 1833 591 1873 primis
611 1833 723 1862 Nostre
743 1832 873 1861 Domine
891 1832 929 1859 ad
949 1830 1196 1870 supplicandum,
1218 1836 1248 1859 et
1265 1840 1341 1869 sup-

435 1883 560 1922 plicavit
574 1882 720 1921 magister
736 1881 850 1910 Paulus
866 1881 903 1909 de
918 1879 1034 1914 Gelria,
1054 1890 1121 1908 cum
1140 1885 1224 1908 esset
1241 1879 1340 1908 iturus

437 1931 596 1961 Coloniam
630 1941 666 1959 ex
690 1930 783 1959 certis
816 1929 928 1964 causis,
964 1929 1108 1968 quatinus
1137 1929 1163 1958 si
1202 1934 1340 1967 tempore

437 1991 490 2010 sue
508 1980 651 2009 absencie
668 1979 863 2018 contingeret
882 1978 948 2007 fieri
968 1978 1114 2012 rotulum,
1133 1978 1217 2017 quod
1235 1983 1342 2016 posset

438 2029 599 2058 inrotulari
618 2035 760 2068 tanquam
773 2038 916 2067 presens.
930 2028 960 2055 2⁰
971 2027 1157 2066 supplicavit
1171 2037 1229 2065 pro
1239 2026 1339 2055 literis

438 2078 744 2107 recommendatoriis
772 2078 809 2105 ad
839 2078 978 2106 abbatem
1007 2076 1232 2115 Duysciensem
1250 2075 1272 2104 ⁴.
1303 2075 1343 2105 Et

438 2126 502 2166 ejus
519 2127 767 2166 supplicaciones
784 2127 905 2155 fuerunt
920 2136 1078 2155 concesse.

479 2176 550 2215 (Fal.
583 2177 630 2215 22)
661 2175 735 2204 Item
766 2176 843 2203 facta
872 2175 926 2204 fuit
959 2174 1166 2213 congregacio
1202 2173 1341 2203 nacionis

438 2225 606 2264 Auglicane
624 2230 709 2253 sexta
725 2224 773 2253 die
794 2224 909 2252 mensis
927 2223 1035 2252 Marcii
1047 2222 1059 2240 ²
1076 2229 1147 2262 post
1169 2233 1341 2252 sermonem

439 2273 655 2302 Universitatis
670 2273 700 2301 in
715 2273 824 2302 Sancto
843 2272 997 2301 Maturino
1013 2282 1073 2301 una
1088 2282 1155 2300 cum
1174 2282 1342 2311 congrega-

438 2323 525 2351 cione
542 2322 760 2351 Universitatis
774 2332 868 2360 super
884 2322 974 2350 modo
988 2321 1147 2350 resecandi
1161 2321 1341 2360 magistrum

437 2372 605 2400 .lohannem
626 2371 662 2399 de
685 2370 835 2409 Angusia,
857 2370 928 2409 quia
948 2370 1045 2399 noluit
1065 2370 1185 2398 solvere
1207 2370 1342 2398 francum

438 2430 537 2454 suum,
563 2426 592 2448 et
630 2426 759 2458 protunc
787 2419 854 2458 ipse
880 2419 980 2448 dictus
1011 2419 1159 2457 magister
1186 2418 1343 2448 ,lohannes

438 2469 563 2498 tradidit
578 2469 713 2497 francum
734 2468 900 2507 receptori,
920 2474 949 2496 et
970 2478 1002 2496 se
1021 2468 1051 2496 in
1067 2467 1194 2496 nacione
1213 2477 1343 2502 excusa-

438 2519 491 2552 vit,
506 2518 641 2556 allegans
656 2518 809 2556 quomodo
821 2527 943 2555 semper
954 2516 1009 2545 suit
1021 2523 1183 2556 promptus
1196 2522 1226 2545 et
1236 2522 1342 2555 presto

439 2566 475 2593 ad
489 2565 668 2594 solvendum
686 2566 821 2594 francum
838 2571 867 2593 et
882 2565 919 2593 ad
935 2565 1159 2594 observandum
1173 2564 1342 2593 laudabiles

439 2614 677 2643 consuetudines
693 2613 843 2642 nacionis.

472 2888 494 2911 1.
530 2889 615 2915 Deutz,
632 2889 693 2911 01⁴1).
712 2898 731 2911 ³.
749 2891 808 2911 Ben.
833 2887 1006 2910 Verisimiliter
1018 2890 1078 2911 lunc
1091 2888 1189 2911 Franco
1202 2887 1233 2911 de
1249 2887 1342 2918 Leydis

441 2923 522 2946 abbas
536 2923 585 2953 fuit
599 2924 642 2954 (ab
660 2932 702 2947 an,
718 2925 785 2951 1:366,
807 2925 915 2946 Ianuar.
932 2924 970 2951 28,
989 2936 1016 2940 —
1033 2924 1091 2955 Reg.
1107 2924 1182 2946 Auen.
1203 2922 1299 2946 Urbani
1316 2924 1341 2951 V,

442 2959 488 2982 vol.
502 2959 653 2989 X111,s.sm).

970 429 1191 455 AUCTARIUM
1212 427 1472 454 CHARTULARII
1492 427 1665 454 UNIVERS.
1688 428 1806 454 PARIS.

1391 704 1408 730 5

1376 949 1410 975 10

1377 1194 1411 1220 15

1377 1441 1411 1466 20

1378 1686 1412 1712 25

1379 1932 1413 1958 30

1380 2182 1413 2207 35

1381 2427 1415 2452 40

1381 2672 1414 2697 45

2071 0 2142 16 *vij
2162 0 2438 28 ,‘'¹91WJ⁸HF'{T‘·''W.2
2459 20 2466 26 ί

2296 429 2348 455 576

1851 504 1947 534 1379

1445 573 1518 604 Hec
1559 582 1644 605 sunt
1683 582 1762 605 acta
1805 576 1839 605 in
1879 577 2141 616 procuratoria
2178 578 2351 618 magistri

1490 623 1670 654 stanislai
1695 626 1736 654 de
1762 625 1934 661 Polonia,
1965 625 2056 655 dicti
2081 626 2302 657 Clementis.

1485 699 1576 729 Anno
1589 700 1715 730 Domini
1729 700 1774 730 Μο
1785 701 1865 731 CCC
1880 701 2029 736 LXXlX⁰‚
2044 701 2163 731 decima
2175 702 2224 731 die
2236 703 2352 732 mensis

1446 748 1567 784 Marcii,
1584 749 1639 778 suit
1649 750 1856 790 congregacio
1870 750 2009 780 nacionis
2021 750 2191 790 Anglicane
2203 751 2233 780 in
2244 751 2353 791 primis

1446 798 1559 827 Nostre
1586 798 1718 828 Domine
1742 800 1823 838 apud
1846 799 1991 829 Sanctum
2011 799 2165 829 Julianum
2186 810 2354 840 pauperem

1447 847 1484 876 ad
1503 847 1678 887 eligendum
1699 854 1932 887 procuratorem
1955 854 1986 878 et
2004 849 2042 878 ad
2060 849 2245 878 audiendum
2267 859 2354 879 com-

1447 902 1551 935 potum
1564 897 1747 936 receptor-is,
1762 897 1814 936 qui
1829 897 1884 927 suit
1894 897 2041 937 magister
2051 897 2208 927 Johannes
2219 898 2352 928 Stralen.

1448 945 1488 974 Et
1505 945 1620 975 electus
1639 946 1695 975 suit
1715 946 1746 975 in
1762 953 1994 986 procuratorem
2015 947 2164 986 magister
2181 947 2353 978 Stanislaus

1448 995 1485 1023 de
1503 994 1644 1029 Polonia,
1664 994 1695 1023 in
1710 994 1797 1034 cujus
1814 995 2028 1035 procuratoria
2047 1002 2114 1025 acta
2133 1002 2205 1026 sunt
2221 996 2277 1026 hec
2295 1007 2354 1037 que

1448 1050 1604 1073 secuntur.
1624 1044 1737 1073 Verum
1755 1050 1867 1079 tamen,
1886 1045 1970 1084 quod
1989 1051 2058 1074 ante
2077 1045 2257 1075 electionem
2278 1056 2356 1086 pro-

1449 1092 1601 1122 curatoris
1614 1093 1746 1132 predicti
1756 1093 1928 1123 immediate
1940 1094 2127 1133 computavit
2135 1094 2236 1124 dictus
2247 1105 2353 1136 recep-

1448 1148 1509 1176 tor,
1527 1141 1579 1180 qui
1597 1142 1709 1171 mansit
1727 1141 1881 1182 obligatus
1899 1143 2021 1172 nacioni
2041 1143 2184 1172 omnibus
2201 1145 2352 1183 expositis

1449 1190 1607 1219 defalcatis
1626 1190 1658 1219 in
1676 1201 1793 1220 summa
1809 1191 1848 1220 29
1863 1190 2022 1226 librarum,
2040 1198 2070 1221 et
2083 1193 2103 1221 8
2123 1192 2305 1228 solidorum,
2325 1199 2356 1223 et

1448 1239 1467 1269 4
1482 1240 1690 1269 denariorum.
1711 1239 1751 1269 Et
1768 1240 1800 1268 in
1817 1241 1923 1269 eadem
1940 1240 1990 1269 die
2010 1241 2111 1270 dictus
2132 1251 2230 1271 novus
2245 1252 2356 1281 procu-

1449 1295 1534 1318 rator
1546 1299 1614 1318 cum
1623 1289 1787 1331 ’magistris
1797 1289 1936 1318 nacionis
1944 1289 2066 1319 iverunt
2080 1290 2118 1319 ad
2131 1290 2356 1321 thabernamad

1449 1338 1625 1377 pran'dium,
1640 1344 1670 1367 et
1684 1338 1726 1366 ibi
1744 1338 1838 1367 solvit
1853 1348 1940 1368 suum
1959 1339 2106 1374 francum,
2121 1345 2151 1369 et
2166 1339 2257 1369 alium
2274 1340 2357 1370 fran-

1450 1397 1517 1416 cum
1535 1387 1683 1426 magister
1698 1387 1855 1416 Johannes
1875 1388 1913 1416 de
1930 1387 2083 1427 Anguisia
2103 1388 2206 1424 solvit,
2226 1395 2255 1418 et
2274 1389 2357 1418 resi-

1449 1436 1542 1465 duum
1558 1436 1614 1465 fuit
1631 1436 1833 1466 contribucio.

1490 1485 1565 1514 Item
1584 1485 1737 1514 sedecima
1754 1485 1804 1514 die
1823 1485 1897 1515 dicti
1915 1486 2032 1515 mensis
2050 1487 2128 1516 facta
2145 1487 2201 1516 suit
2219 1497 2355 1527 congre-

1449 1533 1538 1574 gacio
1553 1534 1716 1570 facultatis,
1736 1541 1765 1564 et
1784 1534 1898 1564 ibidem
1916 1541 1982 1564 erat
2000 1535 2206 1575 congregacio
2222 1542 2355 1576 protunc

1450 1583 1600 1618 nacionis,
1620 1583 1651 1612 in
1669 1594 1730 1623 qua
1743 1584 1889 1624 ‘dominus
1907 1590 1938 1613 et
1951 1584 2099 1624 magister
2113 1584 2266 1620 Matheus,
2286 1595 2356 1614 rec—

1449 1638 1498 1662 tor
1541 1638 1673 1672 protunc
1713 1632 1949 1670 Universitatis,
1977 1633 2164 1673 supplicavit
2196 1633 2354 1674 magistris

1449 1682 1601 1717 nacionis,
1621 1682 1765 1721 quatinus
1779 1682 1876 1711 velint
1885 1682 2068 1722 dispensare
2083 1693 2151 1712 cum
2163 1682 2301 1712 Roberto
2316 1684 2355 1713 de

1449 1731 1543 1771 Alyn,
1573 1731 1626 1770 qui
1650 1731 1722 1760 licet
1744 1731 1960 1761 determinavit
1989 1731 2183 1771 questionem
2210 1741 2295 1761 suam
2325 1732 2357 1762 in

1449 1790 1549 1820 yeme,
1563 1787 1664 1810 tamen
1683 1790 1744 1809 non
1764 1780 1933 1820 disputavit
1948 1787 2086 1820 tempore
2103 1780 2207 1810 debito
2225 1781 2257 1810 in
2272 1780 2358 1821 prin-

1450 1829 1544 1869 cipio,
1570 1829 1689 1858 scilicet
1709 1839 1770 1858 una
1790 1839 1858 1859 cum
1883 1829 1962 1859 aliis.
1990 1829 2029 1859 Et
2049 1829 2105 1859 suit
2129 1839 2196 1859 cum
2215 1830 2356 1870 predicto

1451 1879 1563 1908 scolari
1581 1885 1712 1918 protunc
1732 1878 1833 1908 dictus
1853 1879 1996 1908 dominus
2015 1885 2118 1908 rector
2136 1879 2308 1915 exauditus,
2328 1885 2358 1909 et

1451 1928 1642 1967 supplicacio
1657 1927 1801 1957 admissa.

1491 1977 1566 2007 Item
1581 1977 1796 2006 determinavit
1809 1977 1952 2006 dominus
1965 1976 2122 2006 Robertus
2139 1977 2196 2006 sub
2208 1977 2357 2017 magistro

1449 2026 1589 2056 Johanne
1607 2026 1786 2060 Forestarii,
1805 2025 1892 2065 cujus
1906 2026 2000 2055 bursa
2014 2025 2054 2055 Vl
2078 2025 2180 2055 solidi.
2200 2025 2309 2055 Solvit.

1492 2076 1567 2105 Item
1587 2076 1664 2104 facta
1685 2075 1740 2104 fuit
1765 2075 1970 2114 congregacio
1994 2073 2215 2104 Universitatis
2241 2075 2357 2105 ΧΧΙῙῙΔ

1451 2125 1501 2154 die
1517 2124 1632 2154 mensis
1643 2124 1775 2164 predicti
1789 2125 1827 2153 ad
1839 2123 1982 2153 Sanctum
1993 2123 2191 2159 Mam-inum,
2202 2130 2232 2153 et
2244 2124 2357 2154 ibidem

1452 2173 1639 2214 supplicavit
1673 2173 1820 2213 magister
1851 2172 2088 2211 T[heoderic]us
2119 2173 2156 2201 de
2184 2172 2355 2209 Yselstein,

1452 2224 1535 2268 q‘uod
1553 2223 1579 2252 si
1599 2223 1630 2251 in
1648 2233 1720 2251 casu
1738 2222 1898 2261 contingat
1914 2221 2047 2251 rotulum
2067 2221 2161 2261 dirigi
2178 2222 2216 2251 ad
2231 2232 2354 2261 papam,

1452 2273 1535 2312 quod
1562 2272 1616 2306 hii,
1634 2282 1764 2311 quorum
1795 2271 1918 2300 nomina
1946 2276 2102 2304 secuntur,
2127 2270 2190 2299 sint
2206 2270 2304 2310 positi
2326 2271 2357 2300 in

1452 2321 1554 2350 rotulo
1570 2322 1687 2350 eodem.
1711 2320 1751 2350 Et
1768 2320 1823 2349 fuit
1843 2319 2034 2359 supplicacio
2057 2319 2202 2348 admissa.
2227 2319 2357 2348 Nomina

1453 2377 1525 2400 sunt
1543 2370 1599 2399 hec
1618 2382 1623 2398 :
1644 2369 1794 2399 Ricoldus
1819 2369 1856 2398 de
1882 2368 2022 2403 Haesten,
2044 2367 2260 2397 Ghiselbertus
2284 2368 2355 2403 Bot,

1452 2419 1585 2449 Jacobus
1601 2420 1638 2448 de
1657 2419 1805 2458 Campen,
1823 2417 2003 2447 Gherardus
2019 2417 2145 2452 Droem‚
2161 2416 2304 2446 Andreas
2319 2418 2357 2446 de

1453 2468 1573 2503 Goude,
1599 2467 1753 2497 Hem-icus
1781 2467 2014 2506 Verbyensuen,
2046 2465 2224 2505 Alphardus
2249 2467 2286 2495 de
2316 2465 2356 2501 A,

1451 2518 1585 2547 Jacobus
1604 2515 1933 2551 Johannis‚Arnoldus
1949 2514 2067 2550 Tricht,
2084 2514 2214 2554 Egidius
2234 2506 2356 2550 Ormin,

1451 2566 1608 2596 Johannes
1629 2566 1724 2600 Mars,
1743 2564 1911 2594 Mauricius
1932 2563 2082 2598 Danielis,
2106 2563 2297 2603 Reginaldus
2319 2564 2358 2593 de

1452 2616 1590 2655 Vyanen,
1611 2615 1788 2654 Engbertus
1803 2614 1840 2642 de
1860 2613 2011 2648 Sciedam,
2031 2612 2192 2642 Wolterus
2210 2612 2308 2647 Wolf,
2328 2618 2359 2642 et

1452 2665 1510 2694 hoc
1541 2664 1651 2693 solutis
1679 2662 1847 2693 solvendis.
1879 2662 1918 2691 Et
1954 2662 2034 2691 idem
2067 2661 2246 2701 supplicans
2276 2661 2359 2701 cepit
2377 2677 2381 2681 ·

1452 2714 1611 2743 nacionem
1625 2713 1656 2741 in
1671 2719 1778 2742 testem
1790 2711 1813 2747 ³,
1827 2712 1909 2751 quod
1925 2711 1992 2750 ipse
2013 2716 2060 2740 est
2074 2710 2260 2739 intencionis
2274 2720 2357 2739 rece-

1452 2762 1557 2797 dendi,
1579 2768 1608 2791 et
1627 2760 1779 2801 expeditis
1797 2759 1935 2800 negociis
1958 2759 2023 2789 suis
2043 2759 2075 2788 in
2102 2759 2242 2798 partibus
2259 2769 2358 2799 quan-

1483 2887 1506 2910 2.
1541 2887 1612 2917 Quae
1621 2884 1672 2916 suit
1683 2884 1738 2907 dies
1748 2883 1886 2907 dominica.

1483 2923 1506 2945 3.
1540 2923 1587 2944 Ms.
1599 2923 1704 2944 textem.
