2632 3464
1517 0 1534 6 ³·
1546 0 1566 9 ⁷
1575 0 1642 30 ’···ζςο
1650 0 1679 13 -2
1687 0 1752 21 ,r-x.
1770 0 1918 24 amma-'w
1927 0 2126 29 wemmam
2135 3 2138 6 >

433 443 483 470 431
974 437 1197 464 AUCTARIUM
1217 433 1476 462 CHARTULARII
1496 434 1670 462 UNIVERS.
1692 434 1810 462 PAms.
2303 435 2355 463 432

434 519 621 549 Maturinum
646 518 695 547 die
721 517 806 546 ΧΧῙι
829 515 944 545 mensis
972 513 1164 554 Septembris
1187 512 1218 541 in
1248 511 1339 541 nonis

434 569 548 598 Nostre
568 567 698 597 Domine
720 567 758 595 ad
773 565 948 605 eligendum
964 569 1155 602 receptorem
1171 561 1219 591 vel
1239 560 1341 590 conti-

435 617 601 654 nuandum,
633 622 664 645 et
693 616 731 644 ad
761 614 945 644 audiendum
976 612 1161 642 relacionem
1195 611 1232 639 de
1262 611 1340 639 facto

436 665 595 700 castelleti,
614 665 715 704 quoad
732 663 864 703 primum
885 662 1079 691 continuatus
1101 660 1158 689 suit
1178 660 1210 688 in
1231 669 1342 697 recep-

436 722 533 744 torem
555 713 751 743 concorditer
772 712 856 741 nullo
880 711 1062 740 reclamante
1081 709 1229 748 magister
1256 707 1342 737 Hen-

437 765 520 793 ricus
539 764 577 792 de
602 762 734 797 Thenis,
755 761 807 801 qui
838 761 875 789 de
899 758 1073 798 hujusmodi
1106 757 1341 786 continuacione

437 823 530 842 unum
556 813 691 841 francum
717 810 810 839 solvit
834 810 865 838 in
888 810 1025 842 taberna,
1042 807 1080 836 ad
1098 817 1187 846 quam
1208 812 1342 845 protunc

438 862 525 891 nacio
544 860 668 890 intravit
687 860 724 888 ad
741 859 919 898 potandum.

479 911 587 948 Quoad
603 909 770 939 secundum
785 907 913 936 relatum
931 906 987 935 fuit
1005 906 1036 934 in
1054 904 1181 933 nacione
1197 913 1254 943 per
1272 913 1343 942 pro-

439 965 622 994 curatorem,
652 957 807 997 quomodo
834 956 902 995 ipse
930 965 998 984 cum
1027 954 1175 993 magistro
1203 953 1342 982 Johanne

438 1007 652 1038 Lutzenborch
674 1007 818 1045 deputato
843 1005 881 1034 ad
905 1004 963 1033 hoc
981 1013 999 1032 a
1022 1003 1149 1032 nacione
1177 1002 1286 1031 suisset
1310 1002 1342 1030 in

439 1057 595 1087 castelleto
611 1056 660 1085 die
678 1056 727 1084 19¹
741 1054 856 1083 mensis
874 1052 1077 1092 Septembris,
1094 1052 1147 1091 qui
1162 1057 1227 1080 erat
1241 1050 1344 1080 termi-

438 1116 496 1135 nus
513 1105 674 1134 dilacionis
692 1104 766 1133 alias
781 1104 856 1132 facte
873 1109 902 1131 et
917 1102 997 1131 date.
1014 1101 1073 1138 Qui
1089 1100 1248 1130 venientes
1264 1101 1343 1128 bene

438 1164 524 1183 mane
549 1160 617 1182 ante
642 1158 763 1191 tempus
782 1150 890 1190 judicii
907 1155 1116 1190 perceperunt
1133 1150 1170 1178 ab
1188 1149 1343 1188 aliquibus

438 1204 475 1232 de
486 1209 572 1242 parte
583 1201 721 1241 magistri
730 1200 845 1229 Thome
856 1198 1038 1239 principalis
1047 1198 1174 1232 actoris,
1183 1198 1266 1237 quod
1275 1197 1343 1237 ipse

437 1252 583 1291 magister
600 1250 732 1279 Thomas
753 1251 830 1278 bene
845 1248 938 1278 vellet
954 1247 1039 1277 illum
1062 1257 1180 1276 murum
1200 1246 1344 1276 reficien-

437 1301 507 1330 dum
529 1299 665 1339 propriis
681 1298 827 1337 expensis
843 1297 982 1332 reficere,
999 1296 1163 1325 dummodo
1179 1296 1267 1324 nacio
1283 1295 1343 1324 sibi

436 1349 630 1389 promitteret
648 1348 742 1387 quod,
760 1347 882 1386 quando
897 1346 1017 1375 veniret
1031 1345 1143 1385 aliquis
1159 1350 1343 1384 procurator

436 1398 594 1438 provincie
609 1396 704 1431 illius,
724 1396 843 1425 scilicet
854 1395 973 1430 Svecie,
993 1395 1076 1434 quod
1094 1401 1166 1423 tunc
1183 1394 1234 1422 ille
1250 1393 1343 1423 satis·

436 1448 548 1476 faceret
563 1445 622 1475 sibi
646 1446 682 1474 de
699 1444 843 1484 expensis
866 1444 1065 1483 tangentibus
1088 1443 1199 1472 dictam
1216 1443 1342 1482 provin-

436 1496 523 1525 ciam.
542 1495 615 1524 ltem
641 1499 849 1534 perceperunt
863 1504 880 1522 a
898 1493 1047 1532 magistro
1071 1493 1165 1521 Petro
1184 1493 1221 1521 de
1248 1492 1341 1526 Luca,

436 1545 488 1584 qui
501 1555 568 1574 cum
581 1544 627 1573 eis
642 1549 718 1578 erat,
729 1543 812 1582 quod
827 1542 975 1582 magister
988 1541 1122 1570 Thomas
1137 1541 1220 1570 istud
1232 1541 1342 1570 sactum

435 1595 513 1622 bene
540 1593 632 1622 vellet
661 1599 766 1621 tenere
790 1592 821 1620 in
846 1601 1011 1631 suspenSO,
1043 1600 1206 1630 quousque
1229 1590 1342 1630 aliquis

435 1648 618 1682 procurator
631 1641 713 1670 illius
730 1641 888 1680 provincie
906 1640 1046 1669 Parisius
1064 1639 1239 1674 haberetur,
1257 1640 1342 1668 dum-

435 1692 526 1720 modo
552 1691 640 1719 nacio
669 1690 728 1719 sibi
754 1690 949 1729 promitteret
972 1690 1054 1728 quod
1079 1689 1165 1717 illum
1190 1699 1343 1728 procura-

435 1747 532 1770 torem
552 1739 645 1769 vellet
662 1739 838 1773 informare,
860 1745 890 1768 et
914 1738 973 1767 sibi
990 1738 1177 1777 persuadere
1195 1744 1342 1777 quantum

435 1795 553 1828 posset,
567 1795 601 1818 ut
610 1788 724 1817 dictum
738 1794 838 1817 ortum
853 1787 935 1816 dicto
946 1787 1094 1827 magistro
1103 1786 1219 1815 Thome
1232 1787 1341 1826 pocius

435 1838 551 1867 locaret
576 1847 633 1877 pro
655 1836 760 1876 precio
778 1836 975 1875 competenti,
1004 1846 1094 1875 quam
1117 1836 1170 1865 uni
1194 1835 1293 1871 alteri,
1315 1836 1341 1865 si

436 1893 520 1916 esset
550 1886 708 1920 locandus,
734 1885 782 1915 vel
806 1886 964 1920 venderet,
992 1885 1018 1914 si
1045 1891 1129 1914 esset
1147 1885 1339 1914 vendendus.

436 1935 572 1965 Predicti
595 1945 670 1974 ergo
688 1940 870 1974 procurator
890 1934 1008 1963 scilicet
1030 1940 1060 1963 et
1078 1934 1242 1973 deputatus
1266 1934 1342 1963 esti-

435 1991 553 2014 mantes
571 1985 635 2013 sore
663 1984 788 2019 bonum,
814 1990 847 2012 ut
876 1993 970 2022 super
984 1982 1046 2022 jam
1078 1983 1169 2012 dictis
1196 1983 1342 2022 magister

436 2034 569 2062 Thomas
589 2039 651 2062 met
660 2033 829 2067 audiretur,
848 2038 878 2061 et
889 2032 961 2071 quia
972 2032 1040 2071 ipse
1051 2039 1183 2071 protunc
1198 2042 1259 2060 non
1277 2038 1343 2061 erat

435 2082 467 2111 in
484 2082 571 2117 villa,
593 2081 767 2121 petiverunt
786 2081 967 2110 dilacionem
984 2082 1022 2110 ad
1038 2081 1235 2120 quindenam,
1251 2091 1341 2120 quam

437 2141 504 2160 cum
533 2130 707 2159 difficultate
734 2130 942 2159 obtinuerunt.
964 2130 1065 2170 Super
1096 2130 1208 2169 quibus
1236 2129 1342 2159 relatis

437 2179 620 2209 deliberavit
642 2179 730 2207 nacio
758 2185 791 2207 ut
820 2178 1007 2208 haberentur
1032 2179 1179 2218 deputati,
1199 2179 1251 2218 qui
1274 2189 1341 2208 cum

437 2234 638 2268 procuratore
654 2228 835 2256 accederent
850 2228 1029 2267 magistrum
1052 2227 1210 2262 Thomam,
1228 2234 1258 2256 et
1275 2227 1341 2267 ejus

435 2277 640 2307 intencionem
663 2277 701 2305 de
721 2277 867 2315 pretactis
887 2277 1094 2315 inquirerent;
1117 2287 1177 2316 qua
1194 2276 1342 2316 inquisita

437 2336 501 2355 eam
518 2326 548 2354 in
566 2325 694 2354 nacione
712 2325 873 2354 referrent.
893 2325 932 2354 Et
954 2326 1075 2354 fuerunt
1092 2325 1227 2364 deputati
1243 2326 1342 2365 magi-

437 2382 501 2404 ster
516 2374 670 2404 Henricus
688 2374 854 2413 Langhals,
872 2375 1020 2413 magister
1036 2374 1192 2403 ,lohannes
1207 2375 1341 2403 Luczen-

436 2423 544 2458 borch,
561 2423 710 2463 magister
723 2423 878 2452 Jordanus
894 2424 931 2451 de
950 2423 1059 2458 Clivis‚
1081 2423 1227 2462 magister
1242 2423 1341 2452 Wen-

436 2482 549 2507 marus,
564 2482 642 2512 quos
657 2478 841 2511 procurator
855 2482 964 2501 vocare
981 2472 1107 2501 deberet
1119 2482 1176 2511 per
1186 2471 1340 2511 juramen-

436 2528 509 2550 tum.

841 2612 938 2642 1373

437 2684 508 2724 (F'ol.
532 2684 608 2725 361³)
651 2684 922 2714 Procuratoria
963 2685 1132 2723 magistri
1170 2685 1339 2725 Hugonis

758 2735 799 2763 de
822 2733 1020 2762 Hervorst.

477 2813 566 2842 Anno
592 2814 714 2842 Domini
746 2813 908 2842 millesimo
937 2813 1152 2842 trecentesimo
1187 2813 1338 2848 LXX1110,

436 2862 550 2890 mensis
570 2862 760 2901 Septembris
781 2861 830 2890 die
846 2860 943 2901 xxiija,
963 2868 1068 2890 vocata
1084 2862 1211 2891 nacione
1229 2862 1340 2901 Angli-

467 2963 490 2985 1.
507 2962 567 2986 Scil.
582 2963 692 2987 Henrico
705 2964 735 2986 de
749 2963 854 2987 Thenis.

1380 955 1414 981 10

1381 1199 1414 1226 15

1380 1445 1413 1471 20

1379 1690 1413 1716 25

1379 1937 1413 1963 30

1379 2183 1413 2209 35

1378 2428 1412 2454 40

1378 2673 1411 2699 45

1450 521 1525 541 cana
1541 512 1579 540 ad
1597 511 1742 541 Sanctum
1760 511 1947 541 Maturinum
1967 512 2006 541 ad
2025 511 2210 542 audiendum
2227 523 2356 554 compu-

1448 567 1511 590 tum
1530 561 1702 600 receptoris
1720 567 1750 590 et
1768 562 1806 590 ad
1824 561 2000 600 eligendum
2016 568 2250 600 procuratorem
2272 569 2302 592 et
2318 564 2355 592 ad

1450 609 1698 649 supplicandum,
1718 619 1780 639 non
1803 610 1976 649 comparuit
1991 617 2147 650 receptor.

1491 658 1566 688 Item
1593 665 1666 688 tunc
1687 658 1803 688 electus
1828 659 1884 688 fuit
1904 659 1935 688 in
1960 665 2193 698 procuratorem
2210 662 2358 701 magister

1451 707 1543 748 Hugo
1565 708 1602 737 de
1630 707 1784 738 Hervorst
1801 718 1858 747 per
1879 707 2040 737 unanimes
2060 718 2232 739 consensus
2258 711 2358 750 magi-

1450 763 1586 786 strorum
1613 757 1694 786 dicte
1722 757 1862 786 nacionis
1892 763 1964 787 tunc
1994 757 2229 794 assistendum,
2267 759 2353 790 nullo

1450 815 1557 835 eorum
1576 806 1772 836 reclamante.
1800 806 1834 835 ln
1853 805 1939 846 cujus
1964 807 2179 846 procuratoria
2193 814 2260 838 acta
2285 816 2358 839 sunt

1450 865 1510 894 que
1528 861 1711 894 sequuntur.

1491 903 1596 933 Primo
1612 904 1813 933 deliberatum
1837 904 1892 934 suit
1906 904 2082 934 intrandum
2098 915 2168 935 esse
2187 906 2357 943 tabernam,

1451 959 1482 982 et
1496 953 1612 982 dictum
1629 959 1860 993 procuratorem
1880 953 2002 983 noviter
2025 954 2166 990 electum,
2189 955 2262 995 quia
2278 966 2358 986 non-

1451 1002 1523 1032 dum
1547 1002 1635 1041 prius
1665 1008 1844 1032 exercuerat
1871 1002 2002 1032 officium
2031 1005 2254 1042 procuratoris,
2287 1015 2357 1035 esse

1451 1050 1565 1080 ibidem
1590 1051 1726 1080 francum
1745 1051 1926 1080 soluturum.
1952 1051 1992 1081 Et
2012 1052 2139 1082 intravit
2155 1053 2244 1083 nacio
2258 1055 2358 1084 taber-

1451 1110 1520 1129 nam
1549 1100 1661 1129 dictam
1684 1101 1727 1128 ad
1743 1102 1898 1129 castellum
1916 1101 2005 1130 sitam
2026 1101 2108 1130 inter
2127 1102 2206 1131 duos
2228 1109 2356 1142 pontes,

1452 1156 1482 1178 et
1503 1149 1546 1178 ibi
1561 1149 1662 1178 dictus
1683 1159 1782 1178 novus
1804 1156 1987 1188 procurator
2003 1151 2223 1189 perpotabatur
2241 1151 2272 1181 in
2296 1162 2358 1182 uno

1452 1199 1568 1228 franco.

1493 1248 1567 1277 Item
1599 1247 1698 1286 prima
1723 1247 1773 1276 die
1801 1247 1917 1277 mensis
1934 1247 2080 1277 Octobris
2100 1256 2284 1287 procurator
2297 1260 2359 1280 una

1452 1307 1520 1326 cum
1533 1296 1699 1336 deputatis,
1718 1306 1798 1336 quos
1813 1296 1926 1326 habere
1942 1297 2053 1336 potuit,
2069 1297 2188 1327 scilicet
2199 1299 2358 1338 magistris

1452 1346 1588 1375 Henrico
1608 1346 1645 1374 de
1672 1345 1800 1380 Thenis,
1821 1345 1946 1375 domiuo
1966 1345 2144 1386 receptore⁴
2170 1353 2201 1376 et
2218 1347 2358 1378 Johanne

1452 1394 1640 1430 Priswalch,
1667 1394 1840 1423 immediate
1871 1401 1958 1424 antea
1989 1402 2207 1434 procuratore,
2236 1396 2359 1428 iverunt

1452 1454 1520 1474 cum
1555 1443 1676 1473 bedello
1709 1444 1748 1472 ad
1780 1444 1903 1472 domum
1936 1444 2076 1483 magistri
2109 1444 2225 1474 Thome
2260 1446 2358 1485 partis

1451 1494 1580 1523 adverse
1607 1493 1645 1522 de
1671 1502 1758 1522 muro
1780 1493 1954 1532 reparando
1983 1499 2013 1522 et
2036 1494 2074 1522 de
2103 1500 2171 1524 orto
2198 1495 2358 1534 provincie

1453 1542 1584 1577 Swecie,
1602 1548 1732 1582 propter
1747 1552 1836 1582 quem
1854 1547 1955 1571 ortum
1972 1542 2022 1571 vel
2036 1552 2156 1572 murum
2176 1543 2232 1573 fuit
2249 1543 2358 1574 citatus

1452 1597 1645 1631 procurator.
1683 1590 1722 1620 Et
1747 1591 1820 1620 dum
1849 1590 1923 1620 dicti
1954 1598 2138 1630 procurator
2162 1598 2192 1621 et
2217 1593 2358 1633 magistri

1451 1640 1589 1681 deputati
1621 1640 1801 1678 veneru[n]t
1838 1640 1876 1668 ad
1911 1640 2034 1669 domum
2072 1641 2182 1679 prefati
2217 1642 2358 1682 magistri

1451 1689 1567 1719 Thome
1579 1688 1718 1719 volentes
1742 1698 1845 1718 secum
1861 1688 1946 1728 loqui
1964 1690 2002 1718 de
2019 1689 2111 1719 dictis
2127 1696 2196 1719 orto
2209 1697 2239 1720 et
2256 1701 2356 1727 muro,

1451 1739 1619 1768 secundum
1642 1738 1725 1777 quod
1747 1738 1944 1767 commissum
1966 1738 2022 1767 suit
2041 1738 2086 1768 eis
2108 1749 2124 1768 a
2139 1739 2280 1775 nacione,
2294 1739 2358 1780 jam

1450 1788 1518 1827 ipse
1535 1787 1666 1816 recessit
1686 1787 1724 1816 de
1742 1786 1893 1822 Parisius,
1912 1787 1957 1816 sic
1973 1788 2056 1827 quod
2070 1787 2132 1827 ipsi
2152 1798 2214 1818 non
2229 1788 2358 1818 invene-

1450 1843 1523 1866 runt
1538 1836 1651 1876 ipsum.

1492 1885 1624 1925 Insuper
1634 1885 1683 1914 die
1696 1885 1767 1914 lune
1784 1885 1957 1914 immediate
1972 1891 2131 1925 sequente,
2146 1895 2206 1925 que
2222 1893 2287 1916 erat
2300 1885 2358 1916 Ill·

1451 1934 1518 1964 dies
1538 1934 1654 1963 mensis
1673 1934 1831 1969 Octobris,
1851 1940 1917 1963 erat
1936 1934 2087 1963 terminus
2109 1935 2308 1974 comparendi
2325 1935 2358 1965 in

1450 1983 1608 2013 castelleto
1626 1983 1664 2012 ad
1681 1983 1872 2012 tractandum
1895 1983 1933 2011 de
1951 1983 2033 2012 dicto
2054 1983 2195 2022 gardino.
2214 1983 2272 2013 lvit
2287 1993 2357 2023 pro-

1451 2038 1574 2062 curator
1590 2042 1657 2061 cum
1673 2031 1821 2071 magistro
1835 2030 1928 2060 Petro
1944 2032 1982 2060 de
2000 2031 2082 2061 Luca
2093 2031 2160 2061 sine
2175 2031 2243 2062 aliis
2258 2033 2358 2072 depu-

1450 2082 1533 2116 tatis,
1550 2081 1690 2121 quamvis
1704 2087 1812 2120 postea
1829 2087 2076 2120 supervenerunt
2092 2081 2233 2121 magistri
2249 2082 2357 2111 Jorda-

1450 2140 1509 2160 nus
1522 2131 1560 2159 de
1573 2130 1672 2160 Clivis
1683 2136 1714 2159 et
1727 2129 1934 2159 Wenemarus
1949 2130 1987 2159 de
2000 2129 2086 2169 Goye
2100 2131 2138 2159 ad
2153 2129 2355 2166 castelletum,

1451 2186 1480 2209 et
1507 2189 1655 2208 concessa
1683 2178 1739 2208 fuit
1764 2178 1875 2207 dilacio
1902 2188 1958 2217 per
1989 2185 2221 2218 procuratorem
2258 2179 2357 2219 partis

1450 2229 1580 2258 adverse
1612 2237 1668 2267 per
1703 2228 1779 2257 duas
1816 2228 2019 2262 ebdomadas,
2056 2233 2089 2257 ut
2118 2228 2195 2257 sorte
2233 2227 2356 2257 interim

1450 2278 1598 2306 redeunte
1611 2276 1751 2316 predicto
1770 2276 1918 2316 magistro
1937 2276 2064 2311 Thoma,
2085 2282 2194 2316 posset
2205 2276 2271 2306 fieri
2285 2287 2355 2306 con-

1450 2326 1566 2355 cordia.

1491 2374 1628 2404 Ulterius
1644 2374 1692 2403 die
1708 2374 1748 2403 X⁸
1761 2374 1918 2408 Octobris,
1936 2374 2007 2403 dum
2023 2374 2194 2414 eligebatur
2209 2374 2357 2414 magister

1449 2424 1606 2453 Johannes
1621 2424 1658 2453 de
1672 2423 1830 2452 Roncuria
1846 2423 1878 2452 in
1895 2429 2046 2452 rectorem
2059 2422 2083 2458 ²,
2101 2429 2166 2452 erat
2184 2432 2357 2463 congrega-

1450 2473 1497 2502 cio
1512 2472 1651 2502 nacionis
1670 2472 1701 2501 in
1716 2471 1828 2501 Sancto
1845 2471 1967 2501 Juliano
1987 2472 2024 2500 ad
2044 2471 2219 2511 eligendum
2237 2471 2356 2500 intran-

1449 2528 1509 2551 tem
1537 2531 1595 2561 pro
1630 2520 1778 2550 electione
1807 2520 1950 2554 rectoris,
1980 2526 2010 2549 et
2041 2520 2078 2549 ad
2108 2519 2354 2559 supplicandum.

1450 2570 1512 2599 Pro
1529 2576 1601 2599 tunc
1615 2576 1701 2599 erant
1717 2579 1864 2598 concesse
1885 2579 1942 2608 per
1964 2569 2123 2602 nacionem
2144 2569 2227 2598 scole
2245 2569 2356 2598 situate

1449 2629 1544 2658 super
1565 2618 1666 2648 scolas
1691 2617 1832 2658 magistri
1856 2617 2017 2647 Wilhelmi
2042 2618 2080 2646 de
2101 2617 2278 2656 Wadenoy,
2297 2617 2356 2647 site

1450 2678 1547 2708 prope
1563 2667 1722 2702 Secanam,
1738 2666 1887 2706 magistro
1904 2666 2029 2706 Hugoni
2044 2667 2082 2695 de
2099 2666 2261 2695 Hervorst.

1490 2716 1564 2746 Item
1580 2716 1629 2746 die
1651 2715 1725 2745 ΧΙΙ*ι
1748 2713 1884 2754 ejusdem
1901 2715 2018 2744 mensis
2036 2714 2188 2754 magistri,
2208 2715 2261 2754 qui
2280 2714 2355 2744 alias

1449 2766 1674 2804 deputabantur
1710 2764 1748 2793 ad
1783 2764 1956 2793 adeundum
1993 2763 2174 2803 magistrum
2208 2763 2356 2792 Thomam

1449 2815 1486 2843 de
1505 2815 1598 2843 fundo
1625 2814 1690 2843 sive
1720 2812 1851 2853 gardino
1882 2812 2034 2852 predicto,
2066 2812 2185 2842 scilicet
2215 2811 2356 2852 magistri

1448 2863 1463 2892 J
1468 2863 1604 2892 ohannes
1614 2863 1650 2892 de
1664 2860 1877 2902 Lutzenbfirg,
1888 2861 2042 2891 Henricus
2053 2862 2091 2891 de
2103 2861 2229 2897 Thonis,
2241 2861 2355 2891 Wene-

1480 2965 1502 2988 2.
1541 2964 1595 2988 Vid.
1608 2964 1727 2993 chartul,
1741 2964 1786 2995 111,
1801 2964 1907 2987 n·1388.
