2632 3464
391 437 441 463 715
922 436 1144 463 AUCTARIUM
1173 436 1433 463 CHARTULARII
1457 437 1631 464 UNIVERS.
1657 438 1775 465 PARIS.
2259 441 2314 467 716

385 513 498 542 Sancto
518 511 636 542 David⁴
661 518 691 542 et
707 512 802 551 aliqui
826 512 985 551 principes
1004 511 1182 541 seculares2
1208 518 1296 541 erant

385 562 538 596 Parisius,
561 568 591 591 et
617 562 700 601 quod
724 561 896 600 expediens
922 567 1006 591 esset
1030 562 1114 600 quod
1134 561 1229 600 aliqui
1257 562 1295 590 de

385 611 513 640 nacione
529 621 583 640 eos
596 610 760 640 visitarent
770 611 808 639 ad
822 611 1023 640 intimandum
1034 616 1064 639 et
1076 610 1295 639 notificandum

386 660 443 695 eis,
453 660 608 699 quomodo
617 660 705 689 nacio
715 659 886 699 Anglicana
892 659 1032 689 Parisius
1041 659 1203 688 consuevit
1212 659 1296 688 omni

386 719 465 739 anno
480 709 637 738 celebrare
655 709 868 748 sollempniter
891 709 1001 738 festum
1021 709 1101 738 beati
1122 708 1296 737 Eadmundi

386 759 470 798 regis
481 758 594 798 Anglie
609 764 639 787 et
652 758 799 793 martiris,
812 764 842 787 et
852 758 890 787 ad
902 757 1139 797 supplicandum
1152 757 1198 786 eis
1212 758 1296 796 quod

387 808 457 837 huic
480 808 557 837 festo
582 808 779 842 interessent,
804 807 831 836 si
853 813 993 846 possent,
1020 807 1060 835 ob
1086 806 1295 835 reverenciam

387 857 457 892 Dei,
479 857 560 886 beati
587 856 760 885 Eadmundi
783 862 813 885 et
836 855 986 885 nacionis.
1016 855 1215 894 Quapropter
1238 865 1296 894 ego

388 906 444 935 feci
458 905 734 945 congregacionem
749 905 888 934 nacionis
904 905 942 933 ad
957 904 1180 933 consulendum
1195 904 1296 932 nacio-

387 965 456 984 nem
470 961 570 984 utrum
591 954 751 993 expediret
769 953 854 982 adire
869 953 939 982 illos
954 953 1106 992 Anglicos
1122 959 1151 982 et
1164 953 1209 982 eis
1223 952 1297 981 inti-

387 1014 470 1033 mare
493 1004 569 1033 illud
592 1004 700 1032 festum
722 1010 751 1032 et
770 1003 865 1032 eciam
888 1002 1064 1042 supplicare
1089 1003 1180 1031 modo
1202 1008 1294 1031 tacto.

389 1054 549 1082 Secundus
558 1052 705 1081 articulus
715 1058 779 1081 erat
787 1061 882 1091 super
890 1051 1174 1090 supplicacionibus
1182 1057 1212 1079 et
1219 1050 1260 1089 inj
1266 1061 1296 1079 u-

387 1103 454 1131 riis.
469 1102 570 1141 Super
578 1102 677 1140 primo
690 1101 819 1130 articulo
827 1101 940 1140 placuit
951 1100 1163 1139 nacioniquod
1172 1099 1296 1139 Anglici

387 1151 546 1180 adirentur
557 1157 586 1180 et
597 1151 642 1179 eis
656 1150 849 1179 intimaretur
864 1149 916 1178 illa
930 1149 1077 1178 festivitas
1090 1149 1183 1177 modo
1199 1148 1293 1177 dicto.

388 1201 427 1229 Et
438 1201 475 1229 ad
494 1200 550 1229 hoc
562 1200 731 1228 faciendum
748 1200 972 1238 deputaverunt
986 1198 1166 1237 magistrum
1179 1197 1296 1226 Johan-

387 1259 455 1278 nem
480 1250 517 1278 de
545 1249 753 1282 Claromonte,
780 1248 832 1287 qui
856 1258 924 1276 cum
948 1253 1150 1287 procuratore
1175 1253 1205 1275 et
1226 1246 1295 1275 aliis

387 1298 555 1338 magistris,
582 1307 660 1337 quos
686 1303 870 1336 procurator
899 1298 938 1325 ad
964 1296 1022 1325 hoc
1052 1305 1162 1325 vocare
1190 1295 1293 1330 vellet,

387 1348 457 1377 illos
473 1347 622 1386 Anglicos
637 1347 767 1376 adirent.
787 1346 888 1385 Super
906 1346 1043 1375 secundo
1063 1344 1204 1379 articulo,
1224 1344 1296 1383 quia

387 1397 489 1426 nullus
505 1403 570 1426 erat
586 1396 775 1435 supplicans,
794 1395 901 1423 nichil.

794 1489 811 1516 1
817 1488 890 1517 395

427 1562 497 1601 (Fol.
516 1561 564 1601 23)
587 1561 677 1590 Acta
711 1561 745 1590 in
775 1559 1041 1599 procuratoria
1071 1558 1254 1587 Johannis

742 1611 784 1638 de
820 1609 935 1638 Veen.

427 1691 518 1720 Facta
555 1690 800 1730 congregacione
832 1689 972 1718 nacionis
1004 1687 1175 1727 Anglicane
1213 1688 1294 1726 apud

387 1740 530 1769 Sanctum
550 1740 702 1769 Julianum
730 1749 809 1768 anno
835 1738 959 1768 Domini
982 1738 1048 1766 M¹¹¹⁰
1070 1737 1164 1767 CCC⁰
1185 1736 1293 1771 XCV0,

386 1790 455 1818 Vll¹³
477 1789 526 1818 die
546 1789 661 1818 mensis
685 1788 879 1822 Decembris,
904 1797 998 1826 super
1019 1787 1119 1816 tribus
1144 1785 1292 1815 articulis.

387 1839 510 1868 Primus
541 1839 596 1867 fuit
631 1839 669 1867 ad
707 1837 882 1877 eligendum
917 1846 1030 1865 novum
1062 1842 1294 1874 procuratorem

387 1888 525 1916 nacionis
545 1887 694 1927 predicte.
715 1888 760 1915 2¹¹⁸
781 1887 836 1915 suit
857 1887 895 1915 ad
917 1885 1101 1914 audiendum
1120 1890 1294 1923 computum

387 1937 501 1966 domini
518 1937 701 1976 receptoris‚
717 1936 743 1965 si
760 1936 930 1975 expediret.
945 1936 991 1963 3¹¹⁸
1005 1934 1060 1963 fuit
1070 1943 1164 1972 super
1177 1933 1294 1972 suppli-

387 1986 565 2015 cacionibus
584 1992 614 2014 et
628 1985 761 2023 iniuriis.
785 1984 885 2023 Super
910 1984 1010 2022 primo
1028 1982 1156 2012 articulo
1180 1983 1295 2011 electus

388 2035 443 2064 fuit
454 2034 650 2064 concorditer
660 2035 691 2063 in
703 2040 933 2073 procuratorem
945 2033 1024 2061 dicte
1038 2031 1177 2060 nacionis
1185 2031 1295 2060 Johan-

388 2095 443 2113 nes
456 2086 493 2113 de
507 2084 602 2113 Veen.
619 2084 719 2123 Super
735 2084 764 2112 2⁰
780 2083 908 2112 articulo
922 2092 983 2111 non
998 2081 1161 2111 videbatur
1174 2080 1295 2109 nacioni

388 2144 515 2162 necesse
551 2139 743 2172 computare;
776 2142 871 2170 quare
913 2137 1044 2170 protunc
1074 2130 1296 2168 supersedebat

388 2182 486 2211 nacio.
504 2183 549 2211 De
571 2183 601 2210 3⁰
620 2181 748 2210 articulo
765 2180 859 2209 nichil
880 2180 951 2219 quia
970 2179 1073 2208 nullus
1098 2178 1293 2217 supplicavit.

430 2232 519 2260 Facta
528 2230 772 2270 congregacione
784 2229 922 2258 nacionis
929 2228 1098 2268 Anglicane
1110 2228 1191 2266 apud
1204 2227 1295 2256 Sanc-

388 2287 450 2309 tum
472 2280 657 2308 Maturinum
673 2290 752 2308 anno
772 2279 895 2307 Domini
918 2288 979 2317 quo
1001 2287 1106 2316 supra,
1126 2276 1231 2306 ultima
1246 2277 1295 2304 die

389 2330 504 2358 mensis
533 2329 714 2358 Decembris
736 2338 830 2366 super
854 2328 974 2356 duobus
999 2326 1147 2355 articulis.
1171 2325 1295 2354 Primus

390 2379 445 2407 fuit
462 2379 498 2406 ad
517 2378 693 2407 avisandum
713 2388 766 2406 seu
781 2376 946 2405 videndum
964 2382 1064 2404 utrum
1081 2375 1167 2403 nacio
1184 2384 1295 2403 conce-

389 2428 476 2456 deret
490 2427 614 2456 domino
633 2427 745 2455 rectori
767 2432 896 2464 protunc
913 2425 1056 2453 existenti
1077 2424 1199 2453 nomine
1217 2423 1295 2452 Uni-

421 2542 443 2564 1.
476 2543 523 2564 Seu
538 2542 694 2567 Mcncvens.,
706 2544 766 2564 tunc
777 2540 910 2563 Johannes
924 2539 1034 2566 Gilbert,
1047 2539 1079 2561 ab
1091 2547 1133 2562 an.
1146 2539 1215 2561 1389.

421 2578 442 2600 2.
479 2579 569 2600 Omnes
585 2577 635 2605 isti,
651 2585 662 2599 (t
676 2585 731 2599 cum
747 2575 864 2598 comitiva
880 2574 948 2598 mille
965 2577 989 2597 et
1005 2574 1171 2598 ducentorum
1186 2574 1295 2597 virorum

390 2612 511 2635 nobilium
526 2622 536 2634 u
552 2615 610 2635 lunc
626 2611 746 2643 temporis
759 2614 783 2634 et
796 2613 872 2634 antea
886 2610 992 2633 Parisiis
1005 2611 1179 2637 morabantur,
1199 2610 1294 2633 missia

391 2656 447 2679 rege
457 2648 565 2679 .=1ngliae
580 2650 606 2670 ul
617 2648 700 2678 filiam
713 2647 780 2678 regis
791 2647 923 2673 Franciae,
938 2645 1083 2673 isabellam,
1096 2646 1121 2668 in
1136 2654 1239 2668 uxorem
1247 2654 1295 2676 pro

391 2683 444 2714 ipso
454 2686 575 2714 peterent.
592 2683 644 2706 Vid.
659 2684 754 2706 Chron.
770 2682 803 2705 du
816 2682 861 2705 rel.
878 2681 909 2704 de
921 2682 950 2704 St
960 2681 1054 2712 DcnyS,
1069 2681 1108 2706 e'd.
1124 2682 1293 2707 Batauum.

391 2719 423 2746 ll,
441 2720 501 2747 32:3;
520 2720 616 2746 Jnfflv,
633 2719 667 2742 La
688 2718 728 2741 vie
746 2717 873 2749 politique
891 2717 922 2740 de
940 2716 1019 2740 Louis
1036 2717 1068 2740 de
1083 2717 1189 2744 France,
1208 2725 1233 2747 p.
1251 2716 1295 2739 164

391 2763 402 2777 ,ς
445 2772 450 2777 .

404 2763 442 2812 qg.
476 2791 503 2812 Ιιι
518 2790 578 2820 ch.
592 2790 673 2820 Supp.
692 2788 823 2812 Benedicti
836 2788 894 2811 XllI
907 2786 1071 2810 inveniuntur
1087 2785 1172 2809 Rutuli
1184 2785 1296 2816 gradua-

391 2828 477 2847 torum
489 2825 570 2847 Puris.
588 2825 612 2847 in
626 2825 699 2848 curin
710 2824 880 2855 presentium,
892 2825 916 2846 el
929 2821 1094 2845 Studentium
1106 2821 1231 2848 Par-isius,
1248 2829 1294 2851 pro

391 2869 433 2883 an.
450 2861 509 2883 1394
525 2864 547 2883 el
566 2862 620 2883 1395
632 2860 657 2882 in
669 2860 740 2883 curia
753 2859 858 2890 signati.
871 2860 920 2882 An.
941 2858 998 2880 1395
1009 2857 1098 2888 (1396),
1110 2856 1243 2879 Februarii
1256 2857 1293 2884 22,

394 2895 546 2918 [lulum-silas
559 2896 637 2918 Paris.
651 2895 789 2926 prohibuit,
806 2903 836 2917 ne
848 2893 969 2924 sac-ultas,
987 2892 1068 2920 natio,
1083 2892 1224 2924 collegium,
1234 2900 1294 2914 con-

387 2931 505 2961 gregatio
526 2931 678 2953 scholarium
699 2931 736 2953 uel
754 2930 942 2962 gradualorum
963 2928 1073 2951 rotulum
1093 2928 1148 2950 sine
1172 2935 1295 2950 consensu

393 2966 567 2988 [fnium-sitatis
581 2967 616 2988 azl
625 2975 747 2989 summum
758 2966 903 2996 ponczficem
917 2965 1024 2987 unt-teret
1037 2963 1133 2995 (partie
1149 2963 1194 2986 des
1205 2963 1293 2994 piceas

1335 956 1368 982 10

1334 1201 1367 1227 15

1332 1447 1366 1473 20

1332 1693 1366 1719 25

1332 1939 1366 1965 30

1333 2185 1366 2211 35

1333 2425 1366 2451 40

1402 513 1558 542 versitatis
1570 514 1705 553 quinque
1723 520 1809 543 scuta
1824 515 1862 543 ad
1873 515 2053 544 mittendum
2061 526 2154 545 unum
2169 516 2312 546 clientem

1403 569 1561 602 regentem
1579 573 1616 592 ex
1636 570 1721 602 parte
1738 563 1956 593 Universitatis
1976 565 2015 593 ad
2036 563 2220 594 Avinionem
2239 572 2313 605 post

1404 621 1508 646 unum,
1535 612 1587 651 qui
1614 612 1788 651 deportavit
1815 613 1967 652 quendam
1994 614 2127 643 rotulum
2156 624 2192 644 ex
2223 620 2314 654 parte

1404 660 1576 699 aliquorum
1593 661 1756 691 scolarium
1775 661 1997 691 bacalariorum
2012 668 2043 692 et
2058 663 2154 692 eciam
2170 663 2313 693 licencia-

1404 715 1504 738 torum
1513 710 1549 738 ad
1561 719 1681 749 papam,
1693 716 1725 739 ut
1739 711 1777 739 ab
1789 720 1825 739 eo
1837 710 2027 750 signaretur;
2045 712 2098 751 qui
2109 712 2206 742 cliens
2216 712 2315 742 habe-

1404 758 1553 787 batillum
1569 759 1702 788 rotulum
1720 765 1750 789 et
1768 759 1862 788 eciam
1878 760 2037 790 ductorem
2054 761 2147 790 rotuli
2162 761 2189 791 si
2206 767 2316 801 posset

1405 806 1566 846 impedire,
1581 818 1619 837 ne
1634 808 1820 838 sortirentur
1835 809 1985 844 effectum,
2000 815 2029 839 et
2043 810 2139 839 eciam
2152 820 2206 840 eos
2217 810 2312 850 Pary-

1405 855 1471 885 sius
1483 857 1643 886 reducere.
1661 858 1708 886 2¹¹·
1719 857 1866 887 articulus
1886 858 1942 888 fuit
1959 869 2055 898 super
2071 859 2315 899 supplicacioni·

1405 905 1463 934 bus
1478 911 1508 934 et
1517 905 1650 945 injuriis.
1669 906 1777 944 Quoad
1791 907 1924 946 primum
1939 907 2100 937 articulum
2114 908 2203 938 nacio
2214 908 2317 938 voluit

1405 955 1575 983 concedere
1586 954 1722 994 quinque
1738 962 1833 990 scuta,
1847 956 1874 985 si
1887 962 1916 985 et
1931 957 1962 985 in
1974 963 2120 996 quantum
2136 957 2194 986 alie
2207 957 2314 987 nacio-

1405 1013 1460 1031 nes
1486 1004 1701 1033 concederent.
1729 1004 1791 1034 Sed
1814 1005 1872 1034 alie
1896 1005 2043 1035 naciones
2070 1012 2310 1043 concesserunt;

1405 1062 1500 1090 quare
1524 1059 1667 1092 receptor
1693 1053 1832 1083 nacionis
1862 1054 1958 1083 eciam
1989 1055 2144 1084 concessit
2173 1055 2316 1095 predicta

1405 1100 1541 1140 quinque
1559 1107 1655 1131 scuta.
1679 1102 1780 1142 Super
1798 1103 1830 1131 2⁰
1847 1103 1955 1139 nichil,
1973 1104 2045 1143 quia
2062 1104 2165 1134 nullus
2189 1105 2314 1144 suppli-

1405 1149 1484 1179 cavit
1494 1149 1518 1179 ³.

1810 1205 1907 1234 1396

1519 1271 1767 1301 Continuacio
1799 1272 1980 1302 Johannis
2009 1274 2052 1302 de
2082 1273 2196 1303 Veen.

1444 1345 1535 1376 Facta
1564 1347 1810 1387 congregacione
1837 1349 1919 1387 apud
1951 1348 2096 1378 Sanctum
2124 1349 2312 1380 Maturinum

1403 1405 1483 1425 anno
1509 1395 1635 1425 Domini
1659 1396 1704 1426 M⁰
1728 1396 1823 1427 CCC⁰
1845 1397 1955 1427 XCV1⁰
1979 1398 2028 1427 die
2052 1398 2171 1428 decima
2195 1400 2315 1430 mensis

1402 1444 1540 1474 Januarii
1555 1455 1650 1484 super
1662 1445 1762 1475 tribus
1773 1446 1921 1476 articulis.
1937 1447 2060 1476 Primus
2076 1447 2133 1477 fuit
2146 1449 2184 1477 ad
2197 1448 2312 1488 eligen-

1402 1494 1474 1522 dum
1498 1503 1610 1523 novum
1634 1501 1877 1534 procuratorem.
1903 1496 1950 1524 2¹¹⁵
1982 1496 2038 1525 suit
2062 1497 2101 1525 ad
2126 1497 2312 1535 audiendum

1403 1549 1578 1582 computum
1591 1544 1773 1582 receptoris.
1790 1544 1837 1573 3¹¹·
1846 1544 1902 1574 fuit
1917 1554 2012 1584 super
2027 1545 2312 1585 supplicacionibus

1403 1597 1433 1620 et
1447 1591 1580 1631 injuriis.
1597 1592 1698 1631 Super
1710 1593 1810 1632 primo
1825 1593 1955 1623 articulo
1970 1595 2165 1624 continuatus
2183 1601 2213 1624 et
2229 1595 2316 1624 elec·

1402 1646 1451 1670 tus
1467 1640 1524 1670 suit
1538 1641 1734 1670 concorditer
1748 1642 1904 1672 Johannes
1919 1644 1957 1672 de
1977 1642 2062 1672 Veen
2079 1644 2111 1672 in
2127 1651 2312 1684 procurato-

1402 1699 1467 1718 rem
1491 1690 1571 1719 dicte
1595 1690 1745 1720 nacionis.
1769 1690 1871 1731 Super
1893 1692 1924 1720 2⁰
1949 1698 1979 1721 et
2001 1693 2033 1722 3⁰
2054 1693 2192 1722 articulis
2217 1693 2312 1723 nichil

1404 1739 1513 1768 factum
1529 1739 1585 1768 fuit
1599 1745 1742 1778 protunc.

1444 1787 1535 1816 Facta
1548 1788 1793 1828 congregacione
1806 1788 1945 1819 nacionis
1961 1791 2043 1829 apud
2056 1790 2201 1820 Sanctum
2214 1791 2315 1821 Matu-

1404 1836 1503 1866 rinum
1526 1847 1605 1866 anno
1624 1847 1685 1876 quo
1704 1847 1798 1877 supra
1820 1848 1914 1878 super
1934 1839 2054 1868 duobus
2079 1840 2218 1869 articulis
2238 1851 2313 1880 sep-⁶

1403 1886 1476 1915 tima
1497 1886 1546 1915 die
1572 1885 1744 1916 Februarii.
1772 1886 1895 1917 Primus
1924 1888 1980 1917 fuit
2003 1889 2042 1918 ad
2068 1889 2311 1928 dispensandum

1404 1945 1471 1964 cum
1485 1935 1605 1964 duobus
1619 1935 1802 1971 scolaribus,
1822 1946 1952 1975 quorum
1970 1947 2050 1966 unus
2068 1938 2124 1967 fuit
2138 1938 2312 1969 bacalarius

1405 1984 1584 2023 Pragensis,
1615 1984 1691 2013 alter
1722 1985 1892 2015 bacalarius
1926 1986 2142 2022 Coloniensis3
2173 1988 2315 2026 requisi·-

1403 2039 1512 2062 verunt
1539 2033 1619 2061 enim
1646 2033 1698 2062 isti
1724 2034 1784 2063 duo
1810 2035 1968 2063 nacionem
1994 2036 2077 2074 quod
2103 2036 2191 2065 naeio
2218 2036 2312 2067 vellet

1404 2081 1491 2121 ipsos
1515 2082 1654 2121 recipere
1683 2082 1714 2111 in
1741 2082 1932 2112 bachalarios
1957 2094 2013 2122 per
2041 2084 2309 2123 dispensacionem

1405 2130 1568 2169 specialem
1586 2130 1737 2166 nacionis,
1755 2131 1849 2161 salvis
1865 2138 1964 2161 tamen
1980 2131 2103 2171 juribus
2122 2133 2262 2163 nacionis
2281 2141 2315 2163 et.

1405 2179 1594 2209 bedellorum
1609 2186 1681 2215 etc.‚
1699 2182 1775 2210 facta
1790 2181 2010 2211 informacione
2023 2188 2053 2211 et
2068 2182 2229 2212 sufficienti
2246 2193 2311 2212 cre-

1404 2229 1530 2257 dulitate
1550 2229 1587 2258 de
1610 2229 1667 2258 hoc
1689 2230 1772 2268 quod
1797 2236 1902 2259 essent
1923 2230 2067 2259 bacalarii
2089 2231 2120 2259 in
2138 2231 2215 2260 locis
2237 2241 2313 2271 pre-

1404 2277 1506 2306 dictis.
1523 2277 1568 2305 2¹¹³
1588 2278 1644 2306 fuit
1659 2288 1753 2317 super
1775 2279 2069 2318 supplicacionibus.
2089 2279 2190 2319 Super
2208 2280 2313 2320 primo

1404 2332 1549 2365 requesta
1563 2336 1668 2356 eorum
1687 2327 1742 2356 fuit
1760 2337 1908 2357 concessa
1923 2334 1954 2357 et
1967 2328 2112 2363 admissa,
2131 2328 2224 2358 salvis
2233 2327 2310 2368 juri-

1404 2376 1462 2404 bus
1484 2381 1554 2410 etc.‚
1574 2382 1606 2404 ut
1623 2375 1769 2415 tangitur.
1788 2376 1889 2416 Super
1913 2377 1945 2405 2⁰
1967 2377 2096 2406 articulo
2113 2377 2218 2413 nichil,
2239 2378 2313 2417 quia

1404 2434 1466 2453 non
1483 2430 1570 2453 erant
1587 2424 1808 2464 supplicantes.

1403 2542 1429 2561 et
1447 2541 1517 2562 actes
1535 2538 1579 2570 qui
1600 2542 1755 2562 concernent
1775 2539 1862 2563 l'estat
1881 2543 2016 2571 present...
2034 2540 2067 2563 de
2087 2540 2256 2564 rUniversite
2276 2541 2312 2565 de

1404 2574 1486 2601 Paris,
1496 2574 1568 2597 Paria
1578 2574 1646 2604 1653,
1654 2579 1681 2597 n⁰
1687 2575 1709 2602 9,
1718 2583 1744 2606 p.
1757 2575 1789 2606 9).
1797 2577 1853 2598 Non
1860 2583 1947 2598 omne-s
1955 2575 2113 2603 obedierunt,
2121 2576 2309 2608 qutdamprop·

1402 2613 1471 2633 terea
1484 2610 1584 2641 ezpuisi
1594 2612 1661 2632 sunt.
1674 2610 1703 2633 ln
1715 2610 1779 2642 Reg.
1791 2610 1884 2642 Suppl.
1899 2610 1995 2634 Bened.
2009 2611 2136 2634 inuenitur
2143 2611 2221 2635 etiam
2232 2612 2312 2636 Rotu-

1403 2645 1444 2668 lus
1456 2645 1596 2668 Parisiens.
1609 2645 1640 2668 de
1652 2645 1737 2668 studio
1748 2645 1978 2677 expulsorum,pro
1986 2654 2028 2670 an.
2041 2647 2102 2670 1396
2111 2647 2237 2678 signatus.
2253 2647 2307 2671 Vid.

1403 2680 1531 2709 Chat-tul,
1544 2681 1584 2704 1v.
1599 2680 1753 2705 Univeraitas
1765 2681 1847 2704 Paris.
1863 2681 1945 2705 noluit
1958 2682 2046 2712 facere
2056 2682 2166 2706 rotulum
2181 2683 2217 2706 ad
2230 2684 2310 2707 Bene-

1403 2715 1507 2744 dictum,
1527 2724 1538 2739 t<
1560 2719 1588 2739 ut
1603 2716 1707 2740 tolleret
1725 2724 1916 2748 quamcumque
1935 2717 2101 2741 occasionem
2117 2718 2264 2749 tepiditatis
2282 2718 2308 2742 in

1402 2751 1586 2782 prosecutione
1607 2751 1712 2775 unionis
1731 2751 1876 2782 suppositis
1897 2752 1961 2780 suis,
1983 2760 1995 2775 »
2016 2755 2043 2776 ut
2062 2752 2150 2777 scribit
2169 2753 2259 2777 Simon
2277 2753 2313 2778 de>

1403 2786 1534 2810 Cramaud
1545 2786 1571 2809 in
1583 2794 1628 2809 suo
1641 2788 1753 2809 tractatu
1759 2794 1808 2817 pro
1818 2786 1992 2810 subtractione
2000 2787 2068 2819 (Reg.
2079 2788 2155 2812 Arc-li.
2173 2790 2227 2812 Vat.
2241 2796 2307 2812 arm.

1403 2823 1441 2850 54,
1458 2826 1484 2844 n⁰
1494 2821 1532 2849 33,
1545 2822 1591 2852 fol.
1606 2821 1654 2852 30).
1673 2821 1842 2844 Nihilominus
1855 2822 1881 2844 in
1898 2822 1995 2846 Chron.
2008 2823 2042 2846 du
2057 2823 2105 2846 rel.
2121 2823 2152 2847 de
2166 2824 2310 2855 St-Denys,

1403 2857 1435 2884 11,
1448 2857 1501 2884 218,
1517 2859 1640 2880 narratur
1653 2857 1688 2879 ad
1703 2865 1744 2880 an.
1760 2857 1906 2886 1394-1395,
1923 2857 2114 2881 Universitatem
2126 2858 2232 2882 consilio
2244 2859 2308 2882 doc-

1402 2894 1484 2915 torum
1501 2894 1525 2915 et
1544 2891 1648 2914 rectoris
1665 2891 1787 2919 rotulum,
1809 2891 1853 2923 qui
1872 2895 1957 2916 tamen
1977 2900 2027 2916 non
2044 2893 2174 2924 generalia
2189 2893 2249 2925 fuit,
2271 2894 2310 2917 ad*

1403 2926 1567 2950 Benedictuvn
1581 2927 1687 2950 miei-sse.

2630 2696 2632 2700 .
2613 2259 2632 2683 ΑΑ.--,η-ἔς.,.ν.ει-Δ.ι.-...-“νιη....καὶ
2622 2061 2632 2244 ...daim-mm.
2620 2017 2622 2019 ’
2619 1981 2623 1984 ’
2620 1940 2623 1951 ‘¹
2620 1889 2624 1896 *
