2632 3464
1020 0 1069 21 ,Vt-3⁷

642 2 643 5 ¹
654 10 663 20 »
671 0 1030 29 „vm-amm-
1044 0 1112 27 fr·

287 421 339 448 381

287 498 333 528 vit
342 497 431 528 nacio
444 499 603 528 tabernam
617 499 661 527 ad
668 497 788 528 basiam
801 498 904 537 Egidii
921 497 952 526 in
962 497 1031 527 vico
1045 496 1193 536 Cyffiare,

287 547 341 578 ubi
354 547 503 587 magister
517 546 684 577 Rex-toldus
703 547 743 576 de
758 545 928 576 Ruenhove
939 545 948 563 ⁴
967 545 1059 576 solvit
1070 545 1098 575 11
1110 546 1195 575 sran-

287 606 354 632 cos,
379 606 473 626 unum
497 606 555 636 pro
575 595 712 637 jocundo
733 595 872 630 introitu,
899 594 1052 634 reliquum
1077 595 1116 624 de
1139 604 1194 624 sua

286 645 387 685 prima
409 645 633 685 procui-acione
643 643 669 680 ¹,
687 650 718 674 et
735 653 828 674 unum
846 653 906 684 pro
923 643 1074 684 magistro
1093 643 1194 673 David

287 694 381 724 Scoto
406 703 465 734 pro
478 693 617 734 jocundo
638 703 696 724 suo
715 692 856 728 introitu,
879 702 971 732 quem
993 693 1142 727 francum,
1166 692 1193 722 si

284 744 424 783 prefatus
451 743 600 783 magister
629 741 730 772 David
761 740 882 772 solvere
913 741 1013 771 eidem
1044 741 1193 782 magistro

288 791 438 822 Bertoldo
462 791 664 826 recusaverit,
677 790 772 820 »nacio
801 789 914 820 astabit
937 790 1086 830 magistro
1115 790 1193 820 Ber-

284 840 370 871 toldo
385 841 416 870 in
433 841 554 881 agendo
567 846 675 870 contra
688 839 869 880 magistrum
883 839 995 874 David,
1014 846 1045 869 et
1057 839 1194 869 servabit

285 899 355 920 eum
369 889 577 929 indempnem.

326 938 401 969 Item
421 938 452 968 in
476 938 593 968 eisdem
617 943 756 977 tempore
781 943 811 967 et
835 937 904 967 loco
929 937 1022 967 solvit
1045 937 1193 978 magister

285 987 481 1017 Hermannus
501 986 631 1017 Hersem
649 987 687 1016 de
706 986 847 1017 Wesalia
866 996 958 1016 unum
980 987 1115 1016 francum
1135 996 1191 1026 pro

279 1035 418 1076 jocundo
433 1036 561 1066 introitu
576 1046 643 1066 suc.

325 1085 400 1115 Item
424 1085 502 1114 sacta
524 1084 774 1125 congregacione
790 1085 930 1114 nacionis
949 1085 1031 1124 apud
1045 1085 1190 1115 Sanctum

283 1133 470 1164 matur-inum
484 1133 572 1164 xlu·
599 1133 716 1163 mensis
748 1133 887 1163 Januarii
917 1133 993 1163 hora
1018 1134 1130 1174 prime,
1152 1134 1191 1163 ad

281 1183 467 1212 audiendum
483 1189 659 1222 computum
674 1183 858 1222 recepturis,
875 1183 1010 1223 receptis
1024 1189 1054 1212 et
1068 1183 1190 1222 exposi-

283 1231 324 1262 tis
338 1231 411 1262 hinc
431 1232 501 1261 inde
521 1231 680 1261 defalcatis
700 1237 731 1261 et
749 1232 958 1271 compensatis
974 1232 1087 1262 mansit
1101 1232 1191 1262 nacio

284 1281 400 1311 debens
422 1280 577 1320 receptori
600 1280 660 1310 1111
682 1280 790 1316 libras,
813 1280 854 1310 XI
875 1280 1005 1316 solidos,
1030 1281 1071 1310 IX
1095 1282 1192 1311 dena-

281 1339 359 1359 rios.

708 1422 804 1452 13⁷1

310 1493 384 1533 (Fal.
413 1495 448 1524 21
465 1493 489 1534 1’)
520 1493 749 1523 Procuracio
776 1494 948 1534 magistri
977 1493 1160 1524 Johannis

631 1542 674 1572 de
702 1542 841 1572 Duren.

322 1622 412 1652 Anno
437 1621 561 1652 Domini
594 1622 625 1651 M
655 1621 735 1652 CCC
763 1621 872 1658 LXXl,
894 1622 961 1663 xiij·
992 1623 1043 1652 die
1074 1624 1191 1653 mensis

280 1671 419 1702 Januarii
445 1671 521 1701 bora
544 1671 654 1710 prime,
674 1672 751 1700 facta
772 1672 1019 1712 congregacione
1050 1673 1189 1703 nacionis

281 1719 453 1761 Anglicane
477 1721 558 1760 apud
580 1719 725 1750 Sanctum
747 1720 935 1750 Maturinum
955 1722 993 1750 ad
1014 1721 1188 1761 eligendum

282 1775 514 1809 procuratorem
530 1775 560 1799 et
574 1769 610 1798 ad
622 1769 807 1799 audiendum
821 1776 995 1809 compotum
1004 1771 1189 1810 receptoris,

281 1818 471 1858 computavit
500 1824 644 1858 receptor
676 1825 709 1848 ut
742 1828 848 1858 supra,
884 1825 914 1848 et
944 1829 1002 1859 ego
1033 1819 1190 1850 Johannes

281 1866 444 1898 Michaelis
458 1867 497 1897 de
514 1867 620 1897 Duren
631 1867 747 1897 electus
762 1877 844 1897 eram
861 1869 1058 1898 concorditer
1073 1869 1103 1899 in
1118 1879 1189 1909 pro-

281 1922 455 1955 curatorem
471 1917 509 1946 ab
524 1916 667 1946 omnibus
681 1916 851 1957 magistris.

322 1965 398 1995 ltem
418 1965 531 1994 ibidem
550 1965 752 1995 deliberatum
776 1971 842 1995 erat
865 1967 1077 2002 concorditer,
1106 1968 1190 2007 quod

282 2014 417 2044 francum
435 2024 526 2054 quem
543 2014 670 2044 tenebar
689 2014 847 2055 magistris
867 2015 899 2044 in
918 2015 1000 2045 dicta
1015 2026 1190 2056 congrega-

281 2063 370 2093 cione
396 2063 596 2103 presentibus
623 2062 653 2092 in
677 2064 805 2094 taberna
831 2064 954 2094 solvere
967 2074 1025 2104 pro
1050 2066 1189 2105 presenti

281 2112 382 2152 primo
392 2113 628 2152 procuracionis
640 2112 752 2148 officio,
763 2114 917 2143 traderem
930 2115 1085 2154 receptori
1096 2115 1190 2155 magi·

281 2167 347 2192 stro
368 2161 500 2191 Johanni
527 2161 651 2196 Amers,
681 2167 714 2192 ut
737 2161 839 2192 dictus
862 2162 1011 2202 magister
1031 2163 1189 2194 Johannes

280 2211 396 2240 dictum
407 2211 543 2240 francum
557 2210 722 2240 defalcaret
733 2211 770 2240 de
783 2211 912 2250 pecunia
926 2212 1017 2242 dictis
1031 2212 1188 2253 magistris

280 2259 480 2299 presentibus
507 2268 656 2289 concessa
683 2269 739 2299 per
762 2268 830 2289 eum
858 2259 932 2289 llll¹¹
955 2260 1005 2290 die
1032 2262 1189 2301 presentis

280 2308 396 2338 mensis
419 2307 451 2337 in
466 2308 605 2343 taberna,
623 2318 682 2348 que
700 2307 815 2338 dicitur
833 2309 923 2338 hacta
940 2310 1052 2349 Egidii,
1075 2310 1134 2340 sita
1158 2311 1188 2340 in

279 2357 349 2387 vico
365 2356 511 2397 Cythare‚
528 2356 580 2387 ubi
598 2357 672 2387 dicti
694 2356 834 2397 magistri
849 2359 1031 2399 congregati
1049 2366 1137 2390 erant
1150 2361 1188 2390 ad

280 2406 460 2446 potandum,
484 2411 514 2436 et
537 2405 652 2435 ibidem
679 2405 790 2436 dictam
819 2406 980 2446 pecuniam
1010 2418 1068 2448 pro
1096 2409 1188 2439 dictis

280 2453 439 2494 magistris
455 2453 610 2494 exposuit.

322 2502 396 2533 ltem
413 2502 504 2533 solvit
518 2503 666 2544 magister
681 2503 838 2534 Johannes
853 2504 979 2535 Necken
997 2505 1035 2535 de
1047 2505 1189 2546 Trajecto

279 2561 373 2582 unum
398 2552 533 2582 francum
556 2553 710 2592 receptori
735 2563 792 2593 pro
814 2563 870 2583 suo
887 2552 1025 2593 jocundo
1047 2554 1187 2591 introitu,

280 2610 371 2641 quem
396 2601 532 2630 francum
549 2602 718 2631 secundum
738 2602 906 2632 deliberata
922 2603 1074 2633 dictorum
1091 2604 1189 2644 magi-

279 2654 415 2679 strorum
443 2649 606 2680 desalcabit
623 2650 661 2680 de
688 2660 806 2680 summa
826 2661 883 2691 per
904 2661 971 2681 eum
994 2653 1136 2692 exposita
1157 2652 1187 2683 in

281 2696 362 2727 dicta
376 2698 503 2728 taberna
520 2708 577 2738 pro
595 2699 764 2739 sepedictis
779 2699 949 2740 magistris.

322 2745 397 2776 ltem
409 2747 517 2777 eodem
531 2747 582 2777 die
600 2747 676 2778 bora
694 2758 894 2788 vesperarum
918 2750 994 2779 sacta
1012 2759 1187 2791 congrega-

280 2794 370 2824 cione
387 2795 467 2835 apud
486 2795 630 2826 Sanctum
646 2796 832 2827 Maturinum
847 2798 885 2827 ad
902 2797 1137 2838 supplicandum
1158 2805 1188 2829 et

313 2909 336 2934 1.
370 2910 417 2934 Mo.
435 2909 586 2935 Ruenbave.

312 2945 335 2969 2.
369 2946 398 2969 Ιιι
409 2945 524 2978 margine
533 2947 627 2971 Amore
640 2946 692 2972 Dei.

1117 0 1131 20 ex
1140 0 1181 23 ςνε
1190 0 1222 21 f:

1235 0 1453 22 ”5¹*>''··}.*’':T-“'³
1486 0 1536 15 *:··.
1569 0 1577 5 ..
1613 0 1618 6 x
1737 0 1774 7 -μη

792 421 907 448 LIBER
927 420 1240 448 PROCURATORUM
1261 421 1441 448 NATIONIS
1460 422 1705 449 ANGLICANAE

1229 941 1263 967 10

1228 1186 1262 1212 15

1229 1432 1263 1458 20

1228 1678 1262 1704 25

1227 1924 1261 1950 30

1226 2169 1261 2195 ³5

1226 2414 1260 2441 40

2158 425 2211 452 382

1302 497 1519 533 ordinandum,
1533 499 1718 538 supplicavit
1731 500 1878 539 magister
1891 500 2080 530 Wilhelmus
2097 501 2210 537 Bflzer,

1302 552 1375 575 tunc
1399 546 1514 576 electus
1530 547 1562 576 in
1584 548 1729 577 nuncium
1749 549 1901 584 nacionis,
1926 556 1958 578 ut
1980 551 2118 589 pensatis
2145 551 2210 580 suis

1303 595 1414 624 suturis
1429 595 1588 626 laboribus
1606 597 1695 626 nacio
1705 597 1798 626 vellet
1811 597 1839 626 ei
1854 599 2037 634 concedere,
2057 600 2139 638 quod
2157 610 2211 629 sex

1302 644 1443 684 magistri
1469 645 1612 675 absentes
1639 652 1771 685 possent
1800 646 1917 686 imponi
1946 648 2047 677 rotulo
2072 649 2210 678 nacionis

1302 693 1370 722 sine
1393 703 1440 729 eo,
1459 695 1542 733 quod
1560 694 1621 733 ipsi
1639 694 1790 725 solverint
1808 696 1968 734 pecuniam
1990 697 2129 733 nacioni;
2152 708 2211 737 que

1302 742 1494 782 supplicacio
1515 744 1553 772 ab
1567 743 1710 773 omnibus
1728 744 1814 773 nullo
1834 745 2066 775 contradicente
2086 746 2114 775 ei
2136 757 2211 775 con-

1301 801 1390 820 cessa
1425 791 1491 827 fuit,
1521 793 1579 821 sub
1607 792 1660 822 tali
1698 794 1913 823 moder-acione
1947 795 2030 834 quod
2064 796 2212 835 magister

1300 839 1488 870 Wilhelmus
1518 841 1606 871 daret
1638 842 1761 871 nacioni
1788 842 1907 872 literam
1934 843 2151 883 obligatoriam
2173 846 2210 874 de

1300 889 1431 929 proprio
1444 889 1561 930 sigillo,
1581 897 1611 920 et
1628 891 1865 921 instrumentum
1876 893 2032 932 publicum
2045 893 2076 922 in
2090 894 2209 923 meliori

1301 939 1398 967 forma
1413 949 1474 978 qua
1485 939 1552 968 fieri
1568 946 1686 979 posset,
1707 950 1803 980 super
1820 951 1856 970 eo
1874 942 1958 981 quod
1973 942 1999 971 si
2015 942 2095 971 idem
2112 943 2211 982 magi-

1300 993 1365 1016 ster
1375 987 1562 1017 Wilhelmus
1575 988 1705 1018 officium
1720 989 1780 1019 sibi
1793 1001 1809 1018 a
1824 990 1953 1020 nacione
1968 992 2165 1021 commissum
2180 993 2210 1021 in

1299 1037 1407 1066 eodem
1424 1047 1641 1076 perseverans,
1658 1038 1790 1068 fideliter
1805 1045 1836 1068 et
1851 1039 2018 1079 diligenter
2037 1042 2211 1070 exercuerit

1299 1086 1338 1114 ad
1360 1086 1521 1115 utilitatem
1539 1086 1679 1116 nacionis
1698 1093 1728 1116 et
1746 1087 1940 1128 singulorum
1963 1090 2208 1128 suppositorum,

1299 1140 1329 1163 et
1354 1134 1412 1164 hoc
1436 1145 1474 1164 ex
1497 1142 1569 1174 post
1589 1137 1668 1166 sacto
1689 1146 1747 1176 per
1768 1136 1914 1177 majorem
1936 1144 2053 1177 partem
2071 1138 2210 1169 nacionis

1299 1183 1392 1213 fuerit
1404 1183 1585 1224 judicatum,
1598 1192 1706 1224 posset
1721 1197 1736 1214 a
1752 1185 1844 1215 dictis
1861 1196 1916 1216 sex
1931 1188 2089 1227 magistris
2103 1198 2160 1227 pro
2177 1199 2210 1218 se

1299 1233 1439 1272 recipere
1466 1233 1639 1272 pecuniam,
1668 1245 1758 1274 quam
1783 1235 1871 1265 nacio
1898 1236 2071 1276 recepisset
2101 1247 2209 1266 secun-

1299 1282 1371 1311 dum
1389 1282 1465 1311 alias
1488 1282 1668 1319 deliberata,
1689 1289 1852 1324 antequam
1875 1295 1930 1314 eos
1951 1285 2113 1315 inrotulari
2136 1297 2210 1325 per-

1300 1331 1453 1367 misisset3
1483 1331 1510 1360 si
1536 1338 1635 1361 autem
1661 1333 1761 1362 dictus
1784 1334 1932 1374 magister
1955 1334 2142 1364 WVilhelinus
2170 1336 2211 1365 ita

1299 1379 1435 1420 diligens
1459 1386 1517 1410 etc.
1542 1387 1687 1420 repertus
1709 1391 1771 1411 non
1793 1382 1895 1418 suerit,
1917 1383 2072 1413 tenebitur
2088 1385 2210 1414 nacioni

1300 1429 1338 1458 ad
1360 1429 1592 1458 restitucionem
1610 1430 1752 1469 pecunie,
1779 1441 1870 1470 quam
1894 1432 1968 1461 dicti
1991 1442 2045 1462 sex
2070 1433 2210 1472 magistri

1300 1479 1469 1507 secundum
1501 1478 1671 1508 deliberata
1701 1479 1841 1510 nacionis
1875 1481 1996 1510 solvere
2029 1482 2211 1512 debuissent

1299 1526 1428 1556 nationi.
1447 1527 1486 1556 Et
1510 1538 1548 1557 ne
1571 1528 1602 1557 in
1623 1528 1763 1558 absentia
1780 1529 1880 1568 ipsius
1902 1530 1990 1559 naeio
2015 1541 2076 1559 non
2105 1539 2211 1570 posset

1299 1585 1395 1615 super
1419 1576 1479 1606 isto
1502 1577 1683 1614 procedere,
1710 1577 1736 1607 si
1758 1588 1837 1617 opus
1856 1579 1958 1614 fuerit,
1980 1579 2123 1618 promisit
2143 1580 2210 1610 dic-

1299 1630 1348 1654 tus
1362 1625 1511 1665 magister
1523 1625 1710 1655 Wilhelrnus
1724 1627 1804 1656 bona
1819 1628 1890 1663 fide,
1906 1628 2090 1668 ubicumque
2107 1630 2208 1664 suerit,

1299 1674 1409 1703 citatus
1422 1680 1522 1704 tamen
1539 1685 1595 1714 per
1607 1675 1767 1705 nacionem
1778 1677 1937 1706 tenebitur
1951 1687 2142 1717 comparere,
2159 1685 2211 1708 aut

1298 1723 1374 1752 alias
1383 1723 1471 1753 nacio
1480 1723 1512 1752 in
1523 1722 1589 1763 ejus
1598 1723 1610 1742 ³
1623 1725 1768 1754 absencia
1778 1727 1927 1764 procedet
1939 1727 1970 1755 in
1985 1727 2158 1766 premissis.
2172 1728 2210 1757 Et

1298 1772 1336 1801 ad
1352 1771 1498 1812 majorem
1519 1773 1735 1803 certitudinem
1759 1780 1788 1804 et
1804 1774 1978 1805 firmitatem
1998 1776 2208 1815 predictorum

1298 1821 1443 1860 promisit
1471 1822 1648 1861 sepedictus
1682 1823 1831 1863 magister
1863 1824 1937 1854 dare
1973 1825 2071 1854 dictas
2103 1825 2209 1856 literas

1298 1870 1431 1906 nacioni,
1449 1877 1479 1900 et
1498 1871 1583 1901 dedit
1602 1871 1839 1902 instrumentum
1859 1873 2015 1913 publicum
2036 1875 2130 1904 eciam
2152 1886 2208 1905 suo

1299 1919 1406 1959 sigillo
1420 1919 1588 1960 sigillatum
1603 1919 1625 1950 ⁴.

1339 1967 1414 1998 Item
1431 1969 1463 1998 in
1478 1970 1583 1998 eadem
1601 1970 1849 2010 congregacione
1869 1971 1956 2001 multi
1974 1972 2115 2012 magistri
2132 1983 2208 2013 sup-

1298 2017 1491 2056 plicaverunt
1515 2028 1572 2057 pro
1592 2018 1662 2048 aliis
1687 2019 1846 2059 magistris
1869 2020 2009 2050 honestis
2034 2028 2066 2051 ut
2091 2022 2207 2061 imponi

1298 2073 1428 2105 possent
1441 2067 1544 2096 rotulo
1558 2067 1697 2098 nacionis
1712 2068 1823 2098 solutis
1838 2069 2008 2105 solvendis,
2021 2070 2087 2100 sine
2104 2070 2207 2111 preju-

1297 2115 1380 2145 dicio
1387 2114 1517 2156 alicujus
1527 2116 1831 2157 inrotulati‚quorum
1842 2118 2090 2158 supplicaciones
2100 2130 2206 2150 omnes

1297 2174 1446 2194 concesse
1462 2165 1595 2200 fuerunt,
1613 2166 1751 2206 exceptis
1769 2167 1888 2197 duabus
1904 2167 2120 2198 consimilibus
2131 2179 2207 2208 sup-

1298 2213 1522 2253 plicacionibus
1541 2224 1598 2254 pro
1621 2215 1741 2245 duobus
1766 2216 1923 2256 magistris
1946 2218 1983 2246 de
2003 2217 2121 2254 Scofia,
2147 2229 2207 2258 que

1298 2263 1421 2293 fuerunt
1435 2263 1553 2302 pariter
1566 2263 1762 2304 interempte.

1338 2311 1412 2341 ltem
1431 2312 1619 2352 supplicavit
1639 2313 1786 2353 magister
1805 2314 1993 2344 Wilhelmus
2013 2316 2161 2346 Zurmunt
2175 2323 2207 2346 ut

1297 2370 1376 2391 unus
1394 2361 1432 2390 de
1448 2362 1570 2391 duobus
1585 2361 1700 2392 francis
1715 2372 1772 2402 per
1787 2363 1887 2402 ipsum
1908 2363 2029 2393 nacioni
2046 2375 2103 2404 pro
2119 2365 2205 2394 inro-

1297 2409 1450 2439 tulacione
1478 2410 1589 2440 solutis
1607 2411 1825 2442 restitueretur
1851 2412 1911 2441 sibi
1938 2413 2092 2452 graciose,
2118 2413 2205 2453 cujus

1297 2458 1489 2498 supplic-acio
1506 2459 1544 2488 ab
1559 2459 1704 2490 omnibus
1723 2461 1919 2491 concorditer
1933 2468 1998 2491 erat
2013 2472 2173 2492 concessa.

1338 2507 1412 2537 ltem
1437 2508 1624 2548 supplicavit
1646 2509 1792 2549 magister
1817 2509 1995 2540 Hartwicus
2016 2517 2048 2540 ut
2070 2511 2205 2550 placeret

1297 2556 1412 2586 nationi
1428 2563 1461 2586 ut
1480 2556 1548 2597 ipse
1565 2557 1697 2598 pignora
1714 2558 1900 2588 sufficiencia
1917 2560 2071 2599 receptori
2082 2561 2204 2590 tradere

1297 2612 1404 2645 posset
1417 2615 1474 2645 pro
1494 2606 1594 2636 tribus
1614 2607 1727 2637 francis
1745 2617 1782 2637 ex
1803 2607 2026 2638 inrotulacione
2046 2608 2203 2648 cujusdam

1296 2654 1452 2694 magistri;
1469 2665 1530 2695 que
1549 2655 1575 2685 si
1594 2655 1671 2685 infra
1686 2666 1821 2686 mensem
1840 2667 1855 2685 a
1872 2658 1939 2686 data
1957 2657 2112 2696 presentis
2129 2668 2205 2687 con-

1295 2704 1493 2743 gregacionis
1506 2714 1567 2734 non
1581 2705 1806 2735 redimerentur
1814 2706 1852 2734 ab
1863 2715 1910 2740 eo,
1930 2716 1967 2735 ex
1980 2712 2050 2736 tunc
2062 2713 2206 2747 receptor

1295 2762 1330 2782 ea
1346 2754 1481 2783 vendere
1496 2760 1621 2793 posset;
1639 2760 1668 2783 et
1686 2764 1832 2784 concessa
1850 2755 1906 2784 fuit
1919 2755 1957 2784 ab
1971 2755 2114 2786 omnibus
2130 2766 2206 2786 con-

1295 2802 1443 2837 corditer,
1461 2809 1491 2832 et
1505 2802 1586 2832 dicta
1602 2802 1734 2843 pignora
1753 2803 1879 2832 tradidit
1894 2804 2060 2843 receptori.

1326 2915 1350 2940 3.
1384 2917 1432 2939 Me.
1443 2915 1490 2940 eis.

1327 2951 1351 2974 Ιο.
1385 2952 1413 2975 ln
1425 2951 1540 2983 margine
1553 2952 1625 2976 dedit
1637 2952 1681 2976 tuli
1696 2952 1748 2976 dia.
