2632 3464
293 413 345 440 257

334 489 410 519 Item
421 489 471 519 die
483 489 516 518 4⁰
526 489 599 518 Maii
613 490 690 519 facta
700 487 947 528 congregacione
962 486 1103 516 nacionis
1118 487 1200 526 apud

294 537 440 568 Sanctum
468 538 624 568 Julianum
647 537 724 567 hora
752 537 852 577 prime
880 536 919 566 ad
948 536 1198 575 computandum,

293 587 437 616 omnibus
452 586 611 616 defalcatis
626 593 658 616 et
674 586 826 626 expositis
844 590 990 625 quantum
1008 585 1047 614 ad
1064 590 1199 624 paratam

292 636 454 676 pecuniam
466 636 555 666 nacio
566 635 715 666 remansit
724 634 859 674 obligata
867 633 1022 674 receptori
1033 633 1065 662 in
1074 634 1093 662 2
1102 632 1200 663 scutis

291 683 454 720 Johannis,
471 691 502 714 et
516 694 578 714 uno
591 693 704 725 grosso
720 682 870 723 Philippi.

333 733 409 763 Item
422 733 506 763 natio
519 732 684 774 requisivit
700 738 932 772 procuratorem
947 738 981 761 ut
995 731 1147 761 scriberet
1161 731 1200 760 ad

292 782 400 812 librum
414 783 561 818 nacionis,
576 781 659 822 quod
669 781 818 822 magister
829 779 984 810 Henricus
999 779 1149 810 Johannis
1161 781 1199 810 de

292 831 392 871 Ligno
412 831 450 860 de
470 831 609 870 Kempen
631 829 708 860 alias
725 831 832 859 eodem
854 839 934 859 anno
955 829 1071 859 electus
1088 829 1144 859 fuit
1167 829 1199 858 in

291 880 528 910 examinatorem
547 879 803 909 licentiandorum
824 879 864 908 ad
888 878 1031 908 Sanctam
1054 878 1199 908 Genove-

291 928 362 964 fam,
390 935 421 959 et
442 938 505 958 non
532 928 625 959 solvit
645 928 821 968 propinam,
847 938 939 968 quam
959 927 1070 957 exinde
1092 927 1199 957 debuit

290 987 426 1007 naciom.

329 1074 421 1105 Anno
439 1085 502 1115 quo
519 1085 624 1115 supra,
641 1075 692 1104 die
710 1075 742 1104 4⁰
757 1074 842 1110 Maii,
862 1075 938 1104 facta
951 1075 1197 1115 congregacione

289 1123 430 1154 nacionis
451 1123 623 1164 Anglicane
647 1124 729 1164 apud
749 1123 894 1154 Sanctum
913 1123 1066 1153 Julianum
1087 1124 1124 1153 ad
1144 1123 1196 1153 eli-

288 1172 423 1213 gendum
431 1172 480 1202 vel
489 1173 731 1203 continuandum
741 1179 987 1213 procuratorem,
999 1172 1196 1202 continuatus

289 1221 346 1251 fuit
374 1221 523 1262 magister
552 1221 764 1252 Theodericus
801 1221 911 1262 Dystel
946 1222 1132 1258 antedictus,
1164 1221 1196 1251 in

289 1269 377 1310 cujus
392 1271 617 1310 procuracione
633 1270 690 1301 hec
707 1274 781 1301 sunt
797 1277 872 1300 acta.

329 1318 405 1349 Item
428 1319 614 1360 supplicavit
635 1320 779 1350 dominus
804 1319 983 1360 Rotgherus
1007 1321 1046 1349 de
1070 1319 1196 1350 Lunen-

288 1367 390 1408 borgh
427 1378 485 1408 pro
519 1369 738 1409 expectacione
773 1370 936 1399 bursarum
978 1379 1101 1399 suarum
1137 1378 1196 1409 pro

289 1416 482 1456 incepcione,
499 1423 571 1453 etc.,
591 1424 621 1447 et
639 1428 820 1448 concessum
837 1418 894 1448 fuit
908 1418 968 1448 sibi
986 1424 1020 1448 ut
1034 1419 1072 1448 de
1088 1418 1148 1448 isto
1166 1424 1195 1448 et

289 1465 393 1496 debito
415 1466 514 1506 priori
539 1467 674 1497 solveret
693 1467 712 1497 3
731 1473 817 1496 scuta
840 1467 990 1497 Johannis
1015 1467 1046 1496 in
1065 1467 1196 1508 pecunia

287 1521 443 1554 prompta,
455 1522 486 1545 et
499 1516 538 1545 de
555 1515 681 1546 residuo
694 1522 910 1556 expectaretur
921 1517 959 1545 ad
973 1526 1084 1546 annum
1101 1526 1197 1556 supra

287 1563 420 1603 pignora
432 1562 496 1604 jam
513 1564 635 1600 tradita,
657 1571 687 1594 et
705 1571 739 1594 ut
752 1564 852 1595 adhuc
870 1565 965 1594 eciam
988 1575 1022 1595 se
1044 1565 1197 1605 obligaret

288 1622 346 1651 per
358 1612 464 1642 literas
477 1612 627 1643 officialis.

328 1660 403 1690 Item
425 1667 569 1701 receptor
590 1669 716 1692 vocatus
736 1663 773 1692 ad
796 1664 1032 1703 computandum
1050 1663 1139 1698 dixit,
1162 1673 1195 1693 se

289 1715 360 1749 post
391 1710 562 1750 proximam
592 1712 857 1751 computacionem
889 1712 1003 1742 nullam
1034 1712 1195 1752 pecuniam

286 1758 445 1798 recepisse
459 1759 508 1790 vel
526 1761 712 1800 exposuisse
729 1771 766 1790 ex
778 1767 865 1801 parte
880 1761 1031 1791 nacionis.

329 1807 404 1838 ltem
430 1809 617 1849 supplicavit
643 1809 786 1839 dominus
813 1810 978 1840 Conradus
1003 1810 1138 1840 Klokere
1162 1816 1195 1840 ut

285 1856 324 1886 de
343 1856 449 1887 bursis
470 1858 584 1888 debitis
606 1858 728 1888 nacioni
745 1869 803 1899 pro
824 1859 1006 1900 incepcione
1026 1860 1113 1890 fieret
1133 1859 1193 1889 sibi

285 1905 391 1945 gracia
406 1907 645 1946 expectacionis‚
658 1913 691 1937 ut
703 1908 790 1948 prius
809 1908 865 1938 fuit
876 1909 986 1939 factum
1002 1909 1040 1938 de
1056 1909 1192 1945 licentia,

286 1960 317 1983 et
334 1954 390 1984 fuit
402 1965 595 1986 concessum.

332 2003 407 2035 Item
434 2005 620 2045 supplicavit
643 2006 787 2036 dominus
810 2006 968 2036 lohannes
1003 2007 1042 2036 de
1073 2007 1194 2037 Rostok

287 2057 395 2086 eodem
413 2055 516 2090 modo,
540 2060 570 2084 et
592 2054 680 2084 nacio
701 2055 856 2085 concessit
875 2056 935 2085 sibi
957 2056 1091 2096 graciam
1113 2056 1194 2086 sicut

287 2114 345 2144 pro
362 2103 624 2134 determinacione
642 2109 671 2133 et
687 2103 828 2140 licencia,
849 2111 883 2135 ut
897 2114 992 2145 supra
1009 2105 1091 2135 circa
1103 2105 1193 2145 prin-

286 2153 401 2193 cipium
418 2151 508 2192 hujus
524 2152 635 2192 pagine
653 2153 846 2183 narrabatur.

326 2201 402 2232 Item
428 2211 610 2231 concessum
638 2201 694 2231 fuit
719 2202 827 2231 eodem
854 2203 916 2237 die,
946 2202 1067 2233 scilicet
1092 2203 1192 2243 primo

287 2260 392 2280 mense
411 2249 511 2286 lunii,
533 2249 608 2279 hora
626 2250 726 2290 prime
751 2251 781 2280 in
803 2251 935 2281 ecclesia
954 2252 1058 2282 Sancti
1078 2252 1191 2282 Juliani

286 2299 435 2340 magistro
450 2298 643 2329 Theoderico
662 2299 762 2329 Distel
777 2300 944 2336 antedicto,
958 2302 1041 2341 quod
1063 2302 1089 2331 si
1106 2302 1193 2332 fieret

286 2348 406 2379 rotulus
422 2354 561 2388 tempore
576 2348 785 2385 vacacionum,
808 2348 876 2389 ipse
895 2350 1021 2380 deberet
1039 2360 1109 2380 esse
1129 2351 1192 2391 pri-

286 2407 355 2428 mus
369 2403 400 2427 et
413 2403 557 2437 tanquam
574 2403 759 2437 procurator
772 2396 794 2427 ⁴.

326 2445 433 2476 Primo
453 2445 568 2486 incepit
589 2446 732 2476 dominus
753 2446 911 2477 lohannes
931 2448 969 2477 de
990 2447 1110 2478 Rostok
1134 2450 1191 2478 sub

286 2494 436 2535 magistro
455 2493 584 2524 Alberto
600 2495 638 2525 de
660 2495 804 2532 Saxonis,
825 2495 911 2537 cujus
935 2497 1030 2526 bursa
1051 2497 1069 2526 4
1086 2498 1191 2537 grossi

286 2549 448 2574 turonens.
471 2543 610 2584 Philippi
629 2544 678 2574 vel
699 2545 859 2575 dimidium
885 2552 1003 2575 scutum
1022 2545 1189 2583 Johannis,

287 2598 317 2622 et
333 2602 391 2632 pro
409 2592 515 2622 bursis
532 2593 730 2633 tangentibus
746 2594 917 2630 nacionem,
935 2594 1053 2625 scilicet
1070 2596 1190 2626 duabus

286 2651 355 2671 cum
378 2641 516 2677 dimidia,
537 2641 686 2683 obligavit
705 2652 740 2673 se
764 2653 820 2683 per
844 2643 963 2673 literam
985 2644 1135 2680 officialis,
1158 2651 1192 2675 ut

286 2689 374 2730 prius
401 2696 467 2720 erat
495 2690 556 2720 sibi
592 2700 791 2728 concessum;
828 2693 942 2722 rectori
977 2699 1008 2723 et
1036 2693 1190 2733 receptori

286 2738 439 2768 communi
457 2745 487 2769 et
503 2739 619 2769 bidello
635 2740 794 2770 satisfecit.

328 2787 402 2817 item
425 2787 541 2828 incepit
562 2789 706 2819 dominus
735 2788 915 2830 Rotgherus
938 2791 976 2821 de
1003 2790 1190 2831 Luneborgb

319 2897 340 2920 1.
374 2898 465 2921 Poura
482 2897 582 2922 circiter
601 2899 630 2923 12
648 2899 731 2924 tineae
749 2908 840 2924 erasae
856 2903 927 2929 nunt,
946 2901 983 2925 ica
1006 2904 1033 2926 uc
1053 2901 1119 2926 nihil
1135 2903 1192 2927 crui

283 2933 374 2965 posuit.

365 2978 479 2998 Anu-urim
491 2979 614 2999 umal-ria·
624 2979 711 3000 Univon.
719 2980 785 3001 Parin.
794 2991 821 2997 —
831 2980 847 3001 Ι.

794 412 909 439 LIBER
933 410 1247 438 PROCURATORUM
1271 410 1451 437 NATIONIS
1472 411 1716 438 ANGLICANAE

1254 686 1271 712 5

1235 931 1270 958 10

1233 1177 1267 1203 15

1229 1423 1267 1463 ν20

1233 1669 1267 1694 25

1230 1914 1265 1940 30

1229 2159 1264 2186 35

1229 2405 1263 2431 40

1228 2650 1262 2676 45

2165 415 2218 441 258

1309 487 1367 516 sub
1395 487 1545 528 magistro
1582 487 1712 518 Alberto
1751 489 1788 517 de
1828 489 1972 524 Saxonia,
2007 490 2094 530 cujus
2123 492 2218 521 bursa

1308 535 1455 566 dimidius
1468 536 1595 576 regalis,
1611 537 1675 566 sive
1686 539 1704 566 5
1715 538 1820 577 grossi
1831 544 1990 568 turonens.
2006 540 2044 568 de
2056 540 2214 579 Philippo,

1309 591 1339 614 et
1360 585 1398 614 de
1421 585 1491 615 istis
1513 586 1618 615 bursis
1639 596 1698 625 pro
1722 592 1794 616 tune
1821 587 1980 616 nacionem
2003 589 2213 628 tangentibus,

1309 633 1428 663 scilicet
1448 635 1568 664 duabus
1593 641 1623 664 et
1647 635 1785 671 dimidia,
1809 642 1839 665 et
1863 636 1901 665 de
1922 636 2036 666 debitis
2057 638 2215 676 prioribus

1308 682 1419 712 solutis
1436 683 1454 712 3
1468 690 1554 713 scuta
1565 683 1717 714 Johannis
1732 685 1901 714 secundum
1918 686 2053 725 graciam
2069 686 2128 715 sibi
2145 697 2217 716 con-

1308 741 1444 768 cessam3
1461 733 1576 762 rectori
1595 739 1625 762 et
1639 733 1708 762 aliis
1724 734 1884 763 satisfecit.

1355 781 1428 821 (Fal.
1475 781 1523 822 44)
1535 781 1548 800 ²
1593 782 1667 811 item
1712 782 1829 822 incepit
1869 783 2012 813 dominus
2052 783 2216 814 Conradus

1309 829 1464 860 Kloukere
1479 831 1537 860 sub
1555 831 1704 871 magistro
1724 831 1881 861 Themone
1895 832 1997 868 Judei,
2017 832 2104 873 cujus
2122 834 2216 862 bursa

1307 878 1468 909 dimidium
1486 886 1604 910 scutum
1622 880 1784 916 Johannis,
1806 881 1871 911 sive
1891 882 1909 910 4
1930 882 2035 922 grossi
2053 888 2214 912 turonens.

1307 926 1459 968 Philippi,
1481 935 1511 958 et
1526 939 1584 968 pro
1606 936 1693 969 parte
1712 930 1874 959 bursarum
1897 931 2092 971 tangencium
2114 931 2215 961 nacio-

1306 987 1388 1013 nem,
1409 977 1529 1007 scilicet
1545 979 1664 1008 duabus
1687 989 1754 1008 cum
1775 979 1913 1015 dimidia,
1935 980 2085 1020 obligavit
2102 990 2136 1010 se
2158 991 2218 1020 per

1305 1025 1412 1056 literas
1441 1027 1581 1057 officialis
1607 1028 1801 1058 continentes
1833 1029 1869 1058 10
1903 1039 2046 1069 grossos,
2075 1030 2113 1058 de
2145 1029 2216 1059 aliis

1305 1075 1426 1105 scilicet
1440 1076 1554 1106 rectori
1568 1083 1599 1106 et
1613 1077 1767 1117 receptori
1783 1078 1935 1107 communi
1954 1084 1984 1107 et
1996 1078 2112 1108 bidello
2126 1079 2217 1108 satis·

1305 1124 1387 1154 fecit.

1346 1173 1421 1202 Item
1436 1181 1580 1214 receptor
1592 1181 1719 1205 vocatus
1736 1176 1775 1205 ad
1792 1177 2029 1216 computandum
2043 1176 2074 1205 in
2085 1187 2216 1217 congre-

1303 1222 1434 1262 gacione
1451 1223 1584 1253 nationis
1604 1224 1682 1254 facta
1699 1225 1737 1254 ad
1762 1224 1906 1254 Sanctum
1923 1225 2077 1255 sulianum
2095 1226 2146 1256 die
2165 1227 2217 1255 13⁰

1302 1270 1377 1301 Julii
1400 1272 1479 1302 dixit
1498 1279 1672 1312 compotum
1698 1279 1778 1303 stare
1801 1284 1857 1314 per
1880 1280 1977 1304 totum
2000 1275 2080 1304 sicut
2105 1275 2212 1315 prius,

1304 1320 1424 1350 scilicet
1435 1322 1519 1361 quod
1534 1322 1678 1352 omnibus
1689 1322 1846 1352 defalcatis
1857 1329 1887 1352 et
1903 1324 2053 1363 expositis
2067 1331 2212 1364 quantum

1303 1370 1341 1398 ad
1358 1376 1494 1409 paratam
1513 1372 1674 1411 pecuniam
1689 1372 1777 1401 naeio
1792 1378 1949 1402 teneretur
1967 1373 2027 1402 sibi
2043 1373 2075 1402 in
2091 1374 2214 1403 duobus

1304 1419 1400 1448 scutis
1417 1419 1568 1449 Johannis
1584 1426 1614 1450 et
1626 1431 1688 1450 uno
1705 1431 1818 1460 grosso
1833 1427 1994 1451 turonens.
2013 1421 2159 1462 Phylipp.

1345 1467 1419 1497 Item
1437 1469 1489 1497 240
1503 1469 1553 1498 die
1569 1469 1703 1509 Augusti
1718 1471 1794 1499 sacta
1809 1471 2055 1510 congregacione
2071 1472 2212 1502 nacionis

1304 1515 1381 1546 bora
1392 1517 1491 1556 prime
1506 1519 1587 1558 apud
1601 1518 1745 1548 Sanctum
1763 1518 1950 1548 Maturinum
1966 1519 2042 1549 hora
2060 1521 2158 1559 prime
2175 1522 2211 1550 ad

1303 1565 1488 1595 audiendum
1506 1574 1681 1607 compotum
1699 1568 1884 1607 receptoris‚
1898 1569 2041 1598 omnibus
2055 1570 2213 1599 defalcatis

1304 1620 1335 1644 et
1353 1615 1505 1654 expositis
1525 1623 1671 1656 quantum
1695 1617 1733 1646 ad
1754 1623 1928 1657 promptam
1946 1618 2106 1656 pecuniam
2125 1619 2212 1648 nacio

1304 1665 1451 1694 remansit
1470 1665 1625 1704 receptori
1644 1665 1780 1706 obligata
1798 1666 1829 1695 in
1847 1666 1975 1695 dimidio
1992 1677 2106 1707 grosso
2125 1674 2211 1697 turo-

1303 1712 1393 1742 nensi
1409 1712 1547 1753 Philipp.

1708 1809 1806 1838 1360

1450 1877 1659 1920 [Rutgerus
1687 1881 1729 1909 de
1760 1880 2052 1922 Wevelkoven.]

1340 1959 1433 1990 Anno
1450 1960 1573 1990 Domini
1586 1960 1631 1990 Μο
1641 1960 1736 1991 CCC⁰
1744 1961 1821 1996 Lx⁰‚
1833 1961 1883 1991 die
1895 1961 2044 1991 vicesimo
2054 1963 2086 1991 6⁰
2096 1963 2212 1992 mensis

1301 2008 1447 2049 Augusti,
1467 2010 1543 2038 facta
1558 2010 1803 2050 congregacione
1822 2010 2042 2041 Universitatis
2057 2012 2094 2040 ad
2114 2011 2212 2041 Sanc-

1301 2064 1364 2088 tum
1378 2058 1533 2088 sulianum
1549 2069 1714 2099 pauperem
1730 2066 1760 2089 et
1772 2060 1867 2089 eciam
1882 2060 2058 2099 specialiter
2072 2061 2211 2090 nacionis

1300 2106 1471 2147 Anglicane
1482 2107 1513 2136 in
1523 2107 1632 2147 primis
1642 2108 1754 2138 Nostre
1765 2109 1896 2138 Domine
1905 2110 1943 2139 ad
1956 2109 2130 2150 eligendum
2140 2120 2210 2150 pro—

1301 2162 1485 2192 curatorem,
1501 2156 1617 2187 electus
1635 2157 1691 2187 fuit
1713 2158 1910 2188 concorditer
1927 2158 1959 2188 in
1979 2165 2210 2198 procuratorem

1301 2205 1439 2235 nacionis
1455 2206 1603 2246 magister
1618 2206 1796 2246 Rutgherus
1813 2206 1881 2248 [de]
1893 2207 2118 2243 Wevelkoven‚
2135 2208 2209 2238 Leo-

1301 2254 1420 2284 diensis
1434 2255 1582 2290 diocesis,
1597 2255 1681 2285 nullo
1698 2256 1891 2286 reclamante.
1908 2256 1943 2286 In
1957 2256 2043 2296 cujus
2059 2267 2209 2296 procura·

1301 2303 1390 2333 cione
1401 2309 1468 2334 acta
1486 2310 1557 2334 sunt
1573 2304 1628 2334 hec
1646 2315 1706 2344 que
1723 2311 1906 2345 sequuntur.

1342 2353 1460 2389 Primo,
1489 2354 1597 2383 eodem
1628 2354 1677 2383 die
1709 2354 1887 2394 propinavit
1923 2355 2080 2395 magistris
2116 2365 2208 2385 unum

1300 2401 1404 2442 regale
1422 2404 1452 2431 in
1470 2405 1638 2432 Turonense
1649 2402 1672 2432 ².

1707 2496 1804 2526 1360

1377 2566 1566 2596 Johannes
1595 2566 1685 2597 Uter
1714 2567 1817 2607 Spiic
1844 2569 1885 2597 de
1914 2568 2125 2598 Hollandia.

1338 2645 1430 2676 Anno
1455 2647 1579 2676 Domini
1605 2648 1692 2683 1360,
1722 2648 1869 2677 vicesimo
1898 2649 1989 2678 tertio
2018 2649 2066 2678 die
2092 2649 2208 2679 mensis

1299 2695 1504 2735 Septembris,
1532 2696 1609 2726 facta
1637 2697 1882 2737 congregacione
1912 2697 2063 2728 facultatis
2096 2698 2206 2728 artium

1297 2745 1379 2784 apud
1404 2745 1548 2775 Sanctum
1568 2745 1721 2775 lulianum
1748 2746 1784 2775 ad
1812 2747 2004 2775 statuendum
2035 2746 2083 2776 vel
2111 2747 2207 2777 conti-

1299 2794 1452 2823 nuandum
1471 2801 1614 2823 statutum
1634 2801 1664 2824 et
1679 2805 1745 2823 cum
1762 2794 1819 2823 hoc
1835 2795 1973 2824 nacionis
1990 2795 2160 2835 Anglicane
2176 2796 2206 2825 in

1329 2904 1352 2927 2.
1385 2905 1414 2928 In
1427 2905 1542 2937 margine
1552 2905 1678 2936 superiori
1690 2905 1865 2929 Theodericus
1878 2906 1967 2937 Dyntcl
1980 2906 2012 2930 dc
2025 2906 2110 2931 Unnn.

1330 2941 1352 2963 3.
1386 2941 1405 2964 1.
1418 2948 1441 2964 e.
1451 2941 1560 2964 taberna
1573 2940 1606 2964 nd
1620 2948 1744 2972 magnum
1760 2941 1948 2965 ‘turone-mm.

2101 2988 2124 3007 Π
