2632 3464
448 415 499 440 155

489 492 564 521 ltem
593 492 709 531 incepit
731 492 874 521 dominus
899 491 1054 521 Henricus
1079 493 1115 521 de
1143 492 1353 532 Ruthelingen

449 542 506 570 sub
522 541 670 581 magistro
687 541 864 570 Harmanno
877 542 914 570 de
928 541 1144 577 Rothewielle‚
1159 541 1246 581 cujus
1259 542 1354 570 bursa

448 590 557 620 nichil.

853 638 950 668 1352

450 711 688 750 [Procuratio
716 710 886 750 magistri
910 710 1092 739 ,Iohannis
1118 711 1160 739 de
1189 710 1350 748 Peblis.]

487 786 559 827 (Fol.
573 789 609 816 17
624 786 648 827 ¹³)
661 786 753 816 Anno
767 786 891 815 Domini
900 785 1062 815 millesimo
1074 786 1191 816 CCC¹¹¹⁰
1204 786 1352 825 quinqua-

449 836 568 876 gesimo
591 836 742 870 secundo,
766 845 848 864 nona
869 835 918 863 die
938 835 1054 864 mensis
1078 835 1254 870 Februarii,
1277 836 1354 864 facta

450 885 696 925 congregacione
728 884 867 913 nacionis
894 883 1064 924 Anglicane
1095 885 1176 923 apud
1209 884 1353 914 Sanctum

447 934 601 964 sulianum
636 943 803 973 pauperem
839 943 934 972 super
960 932 1114 962 eleccione
1140 933 1353 973 procuratoris

447 983 596 1018 facienda,
613 983 728 1011 electus
742 982 797 1011 fuit
812 982 843 1010 in
856 988 1087 1021 procuratorem
1102 981 1238 1022 ejusdem
1252 983 1353 1011 nacio-

446 1033 496 1061 nis
512 1032 660 1071 magister
673 1031 830 1060 Johannes
850 1032 887 1060 de
906 1031 1012 1060 Peblis
1031 1031 1141 1060 Scotus
1158 1032 1354 1061 concorditer

446 1082 531 1110 nullo
548 1081 670 1120 penitus
690 1080 890 1115 reclamante,
909 1081 940 1109 in
956 1079 1042 1119 cujus
1059 1081 1272 1120 procuratoria
1287 1087 1353 1110 acta

446 1137 517 1160 sunt
534 1141 592 1169 que
609 1136 790 1169 sequuntur.

487 1180 522 1208 In
546 1180 655 1218 primis
687 1179 736 1207 die
770 1178 888 1208 sabbati
915 1178 1075 1218 proxima⁴
1108 1179 1250 1218 sequenti
1277 1180 1354 1208 facta

445 1229 692 1268 congregacione
721 1228 860 1257 nacionis
893 1228 1064 1268 Anglicane
1095 1229 1177 1267 apud
1208 1228 1352 1257 Sanctum

445 1278 598 1307 Julianum
623 1287 790 1317 pauperem
815 1287 910 1317 super
934 1277 1089 1306 eleccione
1112 1277 1352 1306 examinatorum

445 1326 718 1356 determinancium
754 1326 901 1361 facienda,
930 1326 1018 1355 electi
1052 1327 1175 1356 suerunt
1205 1326 1353 1366 magister

444 1376 600 1405 Johannes
627 1377 664 1404 de
698 1375 837 1405 Wesalia
863 1385 920 1414 pro
949 1382 1022 1405 tunc
1047 1382 1191 1415 receptor
1215 1375 1352 1415 ejusdem

446 1425 600 1460 nacionis,
618 1424 765 1464 magister
781 1425 936 1454 Henricus
954 1425 992 1454 de
1013 1424 1111 1454 Clivis
1129 1435 1259 1454 unacum
1278 1435 1352 1464 pre-

447 1475 529 1503 dicto
545 1480 757 1513 procuratore,
774 1474 858 1503 nullo
874 1474 998 1513 penitus
1014 1474 1208 1503 reclamante.

627 1550 694 1579 Isti
733 1556 819 1579 sunt
854 1549 1163 1579 determinantes.

485 1623 519 1651 In
542 1622 652 1661 primis
673 1622 816 1651 dominus
835 1621 1016 1651 Conrardus
1036 1622 1074 1650 de
1092 1621 1229 1651 Ghesike
1247 1623 1352 1651 deter-

444 1672 570 1701 minavit
594 1672 651 1700 sub
675 1671 824 1710 magistro
850 1670 990 1700 Johanne
1017 1671 1054 1699 de
1080 1669 1235 1706 Wesalia,
1263 1669 1351 1710 cujus

444 1722 538 1750 bursa
554 1720 613 1749 llll
628 1720 730 1755 solidi,
753 1726 840 1749 scuto
856 1720 904 1748 ad.
924 1720 959 1748 12
976 1720 1105 1749 solidos.

484 1770 558 1799 Item
584 1769 727 1798 dominus
753 1769 949 1798 Hermannus
976 1769 1014 1798 de
1038 1769 1267 1809 Zunnenbergh
1293 1770 1351 1798 suh

444 1819 592 1858 magistro
604 1818 761 1857 VViskyno
776 1817 939 1857 Wenslay,
957 1817 1044 1858 cujus
1061 1819 1155 1847 bursa
1171 1818 1230 1847 1111
1245 1818 1348 1848 solidi.

484 1868 558 1897 Item
583 1868 726 1896 dominus
759 1867 966 1907 Henninghus
995 1867 1128 1906 Pamyn,
1155 1868 1212 1896 sub
1243 1869 1350 1897 eodem

444 1918 592 1957 magistro
611 1916 769 1951 Wiskino,
788 1915 875 1955 cujus
893 1917 987 1945 bursa
1005 1916 1065 1945 1111
1084 1916 1187 1946 solidi.

485 1967 558 1995 Item
571 1965 713 1995 dominus
726 1965 907 1995 Lambertus
923 1966 961 1995 de
974 1965 1135 1995 Dordraco
1146 1965 1158 1983 ²
1179 1967 1237 1995 sub
1252 1966 1351 2006 magi-

448 2022 512 2044 stro
527 2015 667 2044 Johanne
686 2015 723 2043 de
741 2014 895 2050 Lovanio,
913 2013 1002 2054 cujus
1018 2015 1113 2044 bursa
1130 2015 1148 2044 4
1164 2015 1267 2044 solidi.

484 2065 557 2093 Item
583 2064 725 2093 dominus
753 2063 912 2093 Gerardus
942 2064 979 2093 de
1003 2063 1114 2093 Suecia
1140 2065 1198 2093 sub
1225 2065 1348 2100 eodem,

444 2112 530 2152 cujus
546 2114 639 2142 bursa
656 2113 715 2142 1111
733 2113 834 2142 solidi.

485 2163 557 2191 Item
583 2162 725 2191 dominus
749 2162 905 2191 Johannes
925 2162 963 2191 de
988 2162 1098 2192 Rodde
1121 2163 1178 2192 sub
1201 2163 1350 2202 magistro

443 2211 582 2241 Johanne
600 2212 637 2240 de
656 2210 806 2245 Wesalia‚
823 2210 908 2250 cujus
924 2212 1018 2240 bursa
1032 2211 1092 2240 Illl
1109 2211 1212 2240 solidi.

486 2260 560 2289 Item
588 2260 730 2289 dominus
752 2260 909 2289 Johannes
932 2261 969 2289 de
996 2259 1096 2299 Aquis
1120 2261 1177 2289 sub
1202 2261 1350 2300 magistro

443 2310 558 2339 Jacobo
577 2310 614 2338 de
633 2309 774 2344 olandia,
790 2308 877 2348 cujus
893 2310 987 2338 bursa
1002 2309 1108 2338 nichil.

485 2359 559 2388 Item
578 2359 721 2387 dominus
738 2358 903 2387 Bertoldus
926 2359 963 2387 de
986 2358 1157 2387 Gamundia
1175 2360 1232 2388 sub
1252 2359 1351 2399 magi-

445 2415 509 2437 stro
526 2407 699 2436 Teodorico
715 2408 752 2436 de
771 2408 914 2443 Olandia,
932 2406 1019 2447 cujus
1033 2409 1125 2437 bursa
1143 2407 1248 2437 nichil.

486 2457 559 2485 Item
578 2457 720 2485 dominus
741 2456 897 2485 Johannes
918 2458 954 2485 de
974 2456 1130 2486 Harnhem
1150 2458 1206 2486 sub
1226 2458 1348 2492 eodem,

445 2505 531 2545 cujus
546 2507 641 2534 bursa
658 2505 763 2534 nichil.

486 2555 559 2583 Item
580 2555 723 2583 dominus
738 2554 894 2584 Johannes
916 2555 954 2583 de
968 2554 1112 2594 Waspiic
1124 2554 1136 2573 ³
1152 2555 1209 2584 sub
1225 2555 1348 2591 eodem,

445 2603 531 2642 cujus
547 2605 640 2633 bursa
656 2604 760 2633 nichil.

486 2653 559 2681 Item
597 2653 739 2682 dominus
774 2652 930 2682 Arnaldus
965 2654 1002 2682 de
1035 2653 1259 2683 Haestelberch
1293 2654 1350 2683 sub

445 2702 593 2741 magistro
613 2702 741 2731 Alberto
760 2703 796 2730 ‹le
817 2702 965 2736 Saxonia,
984 2701 1070 2741 cujus
1089 2703 1183 2731 bursa
1202 2703 1307 2732 nichil.

486 2751 559 2779 Item
576 2751 718 2780 dominus
733 2751 889 2780 Johannes
908 2752 945 2780 de
964 2751 1139 2790 Reymbach
1157 2753 1214 2780 sub
1230 2753 1349 2787 eodem,

444 2798 532 2838 cujus
550 2800 640 2828 bursa
657 2799 762 2828 nichil.

477 2879 499 2901 1.
534 2879 560 2901 11
576 2878 717 2902 Februarii.

477 2915 499 2937 2.
535 2916 561 2937 In
576 2914 690 2945 margine
703 2914 873 2938 Dordrucum.

476 2951 500 2972 3.
534 2951 562 2973 In
576 2950 690 2982 margine
704 2950 827 2981 Waspiic.

985 415 1208 442 AUCTARIUM
1229 415 1488 442 CHARTULARII
1507 417 1680 444 UNIVERS.
1703 418 1821 445 PARIS.

1391 936 1424 962 10

1391 1181 1424 1207 15

1389 1427 1423 1453 20

1388 1675 1421 1700 25

1388 1920 1422 1946 30

1388 2166 1421 2191 35

1388 2411 1422 2437 40

1388 2661 1421 2686 45

2208 0 2209 3 ¹
2220 0 2245 17 ff·
2254 0 2455 30 ἐ”.φξ-πῑςνξῐζῐᾱψ

2301 26 2309 34 ο(
2315 26 2318 27 ’
2397 27 2400 28 ⁷
2441 23 2449 29 ν
2455 29 2457 33 ,

2317 422 2369 449 156

1502 493 1577 523 Item
1608 494 1788 524 licenciatus
1820 495 1875 524 suit
1901 496 1958 524 sub
1990 497 2139 536 magistro
2165 497 2304 527 Johanne
2331 499 2369 527 de

1460 541 1600 572 Wesalia
1622 543 1654 572 in
1675 543 1776 583 prima
1800 544 1961 574 audicione
1988 545 2070 584 apud
2096 545 2239 575 Sanctam
2264 546 2369 576 Geno-

1460 591 1558 620 vefam
1589 592 1733 622 dominus
1762 592 1941 623 Bernardus
1971 594 2009 623 de
2034 593 2256 634 Gruninghen,
2281 594 2368 636 cujus

1461 640 1557 669 bursa
1572 640 1679 670 nichil.

1503 688 1577 718 Item
1595 690 1810 721 determinavit
1824 691 1967 721 dominus
1983 691 2139 722 Johannes
2157 693 2195 722 de
2213 692 2369 723 Havenslo

1462 738 1519 767 sub
1553 739 1702 778 magistro
1728 739 1868 769 Johanne
1899 741 1937 770 de
1971 740 2125 776 Lovanio‚
2155 740 2242 782 cujus
2275 743 2370 773 bursa

1461 786 1480 815 4
1496 786 1599 816 solidi.

1502 835 1578 865 Item
1598 837 1741 867 dominus
1764 837 1935 878 Eghelinus
1955 837 2019 868 Bos
2040 839 2097 868 sub
2117 839 2266 879 magistro
2282 840 2370 870 Hen-

1461 884 1527 913 rico
1543 885 1581 914 de
1598 885 1715 922 Minda,
1732 885 1818 926 cujus
1834 887 1929 916 bursa
1947 887 2007 917 1111
2023 887 2127 917 solidi.

1502 933 1577 963 Item
1588 934 1731 964 dominus
1742 935 1909 965 Bertoldus
1924 937 1961 965 de
1974 936 2181 976 Drispensted
2197 938 2254 967 sub
2270 938 2370 978 magi-

1463 988 1528 1011 stro
1543 983 1658 1012 Jacobo
1674 984 1711 1012 de
1728 982 1877 1020 olandia,
1894 984 1980 1024 cujus
1998 986 2093 1015 bursa
2108 986 2214 1016 nichil.

1503 1031 1578 1060 Item
1606 1032 1750 1062 dominus
1783 1033 1940 1063 Johannes
1974 1033 2096 1064 Beissel
2128 1036 2185 1064 sub
2219 1035 2369 1075 magistro

1460 1079 1600 1110 Johanne
1618 1082 1655 1110 de
1672 1081 1823 1117 Wesalia,
1840 1081 1927 1122 cujus
1944 1083 2039 1112 bursa
2055 1083 2114 1113 1111
2131 1084 2235 1114 solidi.

1502 1129 1577 1159 ltem
1599 1130 1779 1161 licenciatus
1798 1131 1854 1160 fuit
1871 1132 2015 1162 dominus
2035 1132 2208 1172 Eghelinus
2228 1133 2292 1163 Bos
2310 1134 2368 1163 sub

1461 1178 1610 1219 magistro
1627 1179 1764 1209 Henrico
1779 1181 1817 1209 de
1833 1180 1950 1216 Minda‚
1967 1180 2054 1220 cujus
2070 1182 2164 1211 bursa
2179 1182 2198 1211 4
2215 1182 2319 1212 solidi.

1503 1228 1577 1257 Item
1599 1228 1780 1258 licenciatus
1800 1229 1856 1259 fuit
1875 1230 2018 1259 dominus
2035 1230 2192 1260 Johannes
2210 1232 2248 1260 de
2268 1231 2368 1271 Aquis

1462 1278 1519 1306 sub
1535 1277 1684 1316 magistro
1696 1277 1711 1306 J
1716 1277 1835 1307 ohanne
1847 1279 1884 1308 de
1894 1278 2045 1314 Wesalia,
2056 1278 2144 1319 cujus
2156 1281 2250 1309 bursa
2260 1280 2367 1310 nichil.

1503 1326 1576 1355 Item
1604 1327 1747 1356 dominus
1775 1327 1955 1357 Conrardus
1984 1328 2022 1357 de
2050 1328 2283 1369 Menzenbergh
2309 1330 2367 1359 sub

1461 1375 1610 1414 magistro
1629 1375 1806 1405 Hermanno
1822 1377 1860 1405 de
1878 1376 2024 1412 Roetwil‚
2044 1376 2131 1416 cujus
2148 1378 2242 1407 bursa
2259 1377 2366 1408 nichil.

1502 1423 1577 1452 Item
1592 1424 1736 1454 dominus
1751 1424 1908 1454 Johannes
1923 1426 1961 1454 de
1981 1425 2169 1455 Hardewost
2188 1426 2368 1457 licenciatus

1461 1473 1517 1501 fuit
1538 1474 1595 1502 sub
1615 1474 1766 1513 magistro
1784 1474 1924 1503 Johanne
1943 1475 1980 1503 de
1997 1474 2152 1511 Wesalia,
2170 1474 2256 1515 cujus
2273 1477 2370 1506 bursa

1462 1521 1521 1551 1111
1539 1522 1642 1551 solidi.

1501 1571 1575 1600 ltem
1593 1572 1736 1601 dominus
1751 1572 1908 1602 Johannes
1924 1574 1962 1602 de
1977 1573 2203 1613 Minzenbergh
2221 1574 2369 1603 determi-

1459 1620 1543 1649 navit
1568 1621 1625 1650 sub
1655 1621 1804 1661 magistro
1831 1621 2008 1651 Hermanno
2033 1623 2070 1651 de
2100 1622 2251 1658 Roetwil,
2279 1621 2367 1662 cujus

1459 1669 1554 1698 bursa
1570 1669 1675 1698 nichil.

1500 1718 1575 1747 Item
1593 1718 1736 1748 dominus
1753 1718 1923 1749 Gobelinus
1941 1720 1978 1749 de
1998 1720 2137 1759 Kempen
2153 1720 2369 1751 determinavit

1460 1768 1517 1797 501)
1533 1768 1682 1807 magistro
1696 1767 1825 1797 Alberto
1838 1769 1876 1797 de
1893 1768 2035 1804 Saxonia,
2051 1767 2137 1808 cujus
2152 1770 2247 1798 bursa
2258 1769 2366 1799 nichil.

1501 1817 1575 1845 Item
1600 1826 1781 1846 concessum
1806 1817 1904 1847 fuerat
1927 1817 1959 1846 in
1990 1818 2255 1857 congregacione,
2283 1818 2368 1857 quod

1460 1865 1603 1895 dominus
1628 1865 1807 1895 Tilmannus
1832 1867 1869 1895 de
1897 1866 1988 1906 Heyk
2013 1867 2232 1896 determinaret
2257 1867 2366 1897 solutis

1461 1915 1630 1950 solvendis,
1646 1914 1733 1955 cujus
1748 1916 1842 1945 bursa
1858 1915 1918 1945 1111
1934 1915 2038 1945 solidi.

1500 1964 1574 1993 Item
1607 1965 1687 1993 idem
1719 1965 1862 1994 dominus
1893 1964 2073 1994 Tilmannus
2102 1964 2283 1994 licenciatus
2311 1965 2368 1995 suit

1459 2012 1541 2050 apud
1558 2011 1699 2040 Sanctam
1717 2010 1903 2040 Genovefam
1924 2012 1981 2040 sub
2002 2011 2152 2051 magistro
2169 2011 2308 2041 Johanne
2328 2012 2366 2042 de

1459 2060 1613 2094 Wesalia‚
1632 2059 1719 2099 cujus
1735 2061 1830 2089 bursa
1847 2061 1865 2089 4
1883 2060 1986 2089 solidi.

1500 2109 1574 2138 Item
1608 2109 1787 2138 licenciatus
1822 2108 1878 2138 fuit
1908 2115 1937 2138 et
1974 2109 2189 2139 determinavit
2223 2109 2366 2140 dominus

1459 2158 1672 2187 Theodericus
1699 2159 1736 2187 de
1764 2157 1902 2188 Sithart⁴
1928 2159 1985 2187 sub
2015 2158 2164 2198 magistro
2189 2158 2366 2189 Hermanno

1459 2208 1496 2236 de
1513 2207 1651 2241 Rotwel,
1667 2205 1755 2246 cujus
1771 2207 1865 2236 bursa
1881 2206 1941 2235 1111
1959 2207 2063 2236 solidi.

1500 2256 1575 2285 Item
1593 2256 1736 2285 dominus
1757 2255 1909 2285 Martinus
1929 2256 1967 2285 de
1986 2256 2094 2285 Bomel
2113 2255 2293 2285 licenciatus
2311 2256 2368 2286 fuit

1459 2307 1517 2334 sub
1546 2305 1696 2345 magistro
1730 2304 1870 2334 Johanne
1901 2305 1938 2334 de
1967 2303 2123 2340 Wesalia·‚
2156 2304 2242 2344 cujus
2272 2306 2367 2334 bursa

1459 2354 1564 2384 nichil.

1501 2404 1575 2433 ltem
1604 2403 1748 2432 dominus
1773 2402 1931 2432 Johannes
1954 2403 1991 2432 de
2021 2402 2128 2432 Ubach
2152 2403 2368 2432 determinavit

1460 2453 1517 2482 sub
1530 2452 1679 2492 magistro
1692 2452 1822 2482 Alberto
1837 2452 1875 2481 de
1889 2451 2033 2487 Saxonia,
2048 2450 2135 2491 cujus
2150 2452 2244 2481 bursa
2257 2451 2364 2481 nichil.

1501 2501 1575 2530 Item
1593 2500 1809 2530 determinavit
1827 2501 1970 2530 dominus
1991 2500 2203 2529 Theodericus
2223 2501 2262 2529 de
2280 2500 2366 2530 Cou-

1459 2550 1588 2579 ssuencia
1615 2551 1673 2580 sub
1702 2550 1850 2590 magistro
1877 2549 2006 2579 Alberto
2038 2550 2075 2578 de
2106 2549 2250 2585 Saxonia,
2278 2548 2366 2589 cujus

1460 2600 1554 2629 bursa
1571 2599 1630 2628 1111
1647 2599 1751 2629 solidi.

1501 2697 1572 2737 (Fol.
1600 2697 1647 2737 18)
1676 2699 1766 2727 Anno
1791 2695 1916 2726 Domini
1942 2696 2105 2725 millesimo
2131 2695 2366 2725 trescentesimo

1460 2746 1717 2786 quinquagesimo
1747 2747 1900 2781 secundo,
1922 2746 1971 2774 die
1995 2744 2142 2774 veneris⁵
2164 2751 2233 2774 ante
2257 2746 2366 2774 festum

1460 2796 1540 2824 beati
1567 2794 1712 2834 Gregorii
1734 2804 1828 2834 pape,
1853 2795 1930 2823 sacta
1955 2794 2202 2834 congregacione
2227 2793 2369 2823 nacionis

1491 2875 1513 2898 4.
1550 2874 1640 2906 Utique
1653 2874 1755 2899 Sittart.

1491 2914 1514 2936 5.
1547 2912 1673 2936 9Martii.
