2632 3464
273 423 326 449 ³85

274 498 385 528 cionis.
405 498 563 528 Concesse
581 504 668 528 erant
686 497 767 527 dicte
784 495 1032 536 supplicaciones
1049 503 1181 523 concor-

274 547 366 582 diter,
385 547 552 577 dummodo
570 557 604 576 se
621 546 797 586 obligarent
813 545 845 574 in
862 544 952 574 litera
965 542 1106 573 officialis
1121 543 1180 572 sub

274 606 354 635 pena
371 595 430 626 late
448 596 618 630 sentencie,
634 595 717 635 quod
735 594 767 623 in
781 603 855 623 casu
874 603 936 632 quo
954 592 1092 632 impositi
1114 592 1181 621 sue-

273 645 347 680 rint,
366 645 449 684 quod
471 651 543 674 tunc
562 644 642 673 infra
663 643 821 673 dimidium
842 651 954 671 annum
977 651 994 670 a
1013 642 1082 670 data
1099 641 1181 670 dicte

273 693 488 734 imposicionis
517 693 755 733 computandum
782 690 940 721 solverent
966 689 1087 719 nacioni
1116 696 1180 719 tres

274 743 407 777 francos,
426 748 520 782 prout
531 742 563 771 in
580 741 680 771 literis
692 739 832 770 officialis
847 749 942 779 super
957 739 1015 768 hoc
1031 739 1180 768 consectis

273 791 459 821 continetur.
470 790 510 821 Et
527 796 560 820 ut
573 789 691 830 imponi
705 795 836 829 possent
853 788 927 818 dicti
941 788 1081 828 magistri
1097 788 1181 817 dicto

274 840 386 876 rotulo,
405 840 560 870 ordinavit
582 838 671 869 nacio
687 848 782 878 super
804 838 862 867 hoc
889 848 979 867 unam
1001 837 1120 866 literam
1143 837 1180 866 ad

273 889 416 919 nuncium
433 898 534 922 suum,
554 898 614 928 que
630 887 660 917 in
673 887 920 927 congregacione
939 886 1100 925 sequentis
1118 886 1179 915 diei

273 944 339 967 erat
357 938 503 978 perfecta.

314 986 388 1016 item
401 986 506 1016 eadem
519 985 665 1016 vicesima
676 986 708 1014 2·
719 985 781 1020 die,
798 991 870 1024 post
884 985 996 1014 dictam
1009 994 1179 1025 congrega-

272 1034 391 1064 cionem
406 1034 579 1064 immediate
594 1034 720 1064 intravit
730 1034 818 1063 uacio
833 1034 991 1063 tabernam
1006 1034 1049 1062 ad
1061 1035 1179 1062 lim-iam

273 1085 374 1123 Egidii
394 1084 425 1113 in
444 1084 513 1113 vico
531 1083 678 1123 Cythare,
703 1089 733 1112 et
754 1083 867 1112 ibidem
888 1083 1083 1122 consumpsit
1107 1082 1178 1111 Vlll

276 1132 498 1173 sranc0s‚quos
507 1132 667 1162 solverunt
681 1139 750 1162 octo
769 1132 922 1172 magistri,
939 1131 1070 1172 quilibet
1087 1142 1179 1161 unum

273 1182 425 1217 francum,
453 1191 512 1222 pro
536 1191 593 1211 suo
613 1180 751 1222 jocundo
778 1181 918 1210 introitu.
953 1181 1016 1210 Pro
1044 1180 1180 1221 jocundo

272 1230 399 1260 introitu
417 1230 510 1260 solvit
527 1230 675 1271 magister
694 1230 855 1260 &Valterus
877 1230 915 1259 de
935 1229 1065 1269 Reynen
1087 1240 1179 1259 unum

272 1279 427 1316 francum;
441 1279 514 1309 item
527 1279 676 1319 magister
690 1278 832 1309 Andreas
846 1279 968 1318 [B]loyr
983 1279 1076 1308 solvit
1087 1289 1179 1308 unum

272 1329 427 1364 srancum3
445 1328 516 1358 item
530 1328 680 1368 magister
691 1327 849 1358 lohannes
864 1327 963 1357 Ruter
979 1328 1071 1358 solvit
1086 1338 1179 1357 unum

273 1377 428 1412 francum
448 1377 519 1407 item
536 1377 682 1418 magister
694 1377 882 1407 Wilhelmus
897 1376 967 1406 Zale
983 1376 1075 1406 solvit
1087 1387 1180 1406 unum

273 1426 408 1456 francum
423 1438 431 1461 ;
452 1426 524 1456 item
540 1426 688 1466 magister
697 1425 876 1466 Alphardus
890 1426 928 1455 de
941 1426 969 1455 A
979 1425 1071 1455 solvit
1087 1436 1180 1455 unum

273 1475 427 1510 francum;
454 1475 525 1505 item
549 1475 697 1515 magister
722 1474 877 1504 Henricus
903 1475 942 1504 de
965 1474 1065 1504 Lecka
1089 1475 1181 1504 solvit

273 1534 366 1553 unum
391 1523 545 1559 francum3
571 1524 642 1554 item
663 1523 812 1564 magister
835 1523 969 1553 Thomas
991 1524 1029 1553 de
1055 1523 1179 1553 Heriem

273 1571 366 1602 solvit
375 1582 468 1602 unum
479 1573 633 1607 francum;
651 1571 724 1602 item
740 1571 887 1613 magister
901 1572 1057 1602 lohannes
1076 1572 1180 1612 Egidii

274 1621 368 1651 solvit
380 1621 528 1651 francum.

314 1670 388 1700 ltem
400 1669 408 1688 ⁸
431 1669 547 1700 xxm·
558 1670 608 1700 die
619 1671 735 1700 mensis
744 1670 882 1700 Januarii
893 1671 1008 1710 incepit
1023 1671 1037 1700 J
1043 1670 1181 1700 ohannes

272 1718 374 1749 dictus
395 1718 494 1749 Ruter
516 1719 574 1749 sub
597 1719 747 1759 magistro
774 1718 913 1748 Johanne
942 1719 1068 1754 Amers,
1093 1719 1180 1760 cujus

274 1768 370 1798 bursa
387 1767 444 1798 Vll
459 1768 563 1798 solidi.
581 1767 690 1798 Solvit.

322 1816 397 1847 Item
419 1816 536 1847 xxm·
554 1816 605 1846 die
625 1816 741 1847 mensis
758 1816 896 1847 lanuarii
914 1818 988 1847 sacta
1006 1827 1181 1858 congrega-

274 1865 365 1896 cione
388 1866 427 1896 ad
458 1866 695 1906 supplicandum
722 1866 754 1895 in
780 1867 872 1896 nonis
896 1866 1010 1896 Nostre
1035 1867 1179 1903 Domine,

273 1915 527 1955 supplicaverunt
535 1915 683 1956 magister
692 1915 850 1945 lohannes
860 1915 1074 1955 Leyenberch,
1083 1917 1181 1956 magi-

273 1969 339 1994 ster
354 1963 508 1995 Henricus
526 1963 724 1994 Vorbiensun
742 1965 781 1994 de
796 1965 945 2004 Wesepe,
961 1965 1038 1995 alias
1055 1965 1093 1994 de
1111 1965 1181 1995 Mu-

274 2013 346 2048 den,
362 2013 434 2042 item
455 2012 604 2053 magister
619 2013 777 2043 ,lohannes
795 2013 834 2043 de
855 2013 984 2054 lnghen,
1008 2020 1040 2043 ut
1064 2014 1180 2054 imponi

274 2067 404 2102 possent
419 2061 520 2092 rotulo
538 2062 783 2098 reformationis,
803 2069 834 2092 et
843 2062 1035 2102 supplicacio
1053 2073 1180 2093 concor·

273 2110 355 2140 diter
370 2117 436 2140 erat
445 2120 606 2146 concessa,
621 2111 709 2141 sicud
720 2111 903 2152 quibusdam
916 2111 984 2141 aliis
995 2113 1181 2152 precedente

274 2159 336 2194 die,
343 2160 381 2189 de
390 2170 452 2200 quo
461 2165 492 2189 et
500 2160 630 2200 quilibet
641 2160 771 2190 istorum
780 2160 870 2190 etiam
880 2161 966 2190 dedit
973 2161 1091 2190 literam
1100 2161 1182 2190 obli—

274 2209 423 2248 gatoriam
432 2208 571 2238 officialis
581 2210 638 2238 sub
646 2219 727 2250 pena
734 2209 793 2239 late
803 2209 971 2244 sentencie.
980 2210 1059 2240 sicut
1067 2211 1181 2240 dictum

275 2263 322 2287 est
337 2258 376 2287 de
391 2257 460 2287 aliis
478 2267 584 2298 supra.
604 2258 643 2288 Et
655 2258 804 2298 magister
817 2258 1004 2288 VVilhelmus
1021 2259 1181 2299 Meynnrdi

276 2305 368 2336 F'nbri
384 2306 477 2336 simili
493 2307 585 2336 modo
601 2307 798 2348 supplicavit,
823 2313 854 2337 et
867 2307 927 2337 sibi
942 2308 1180 2344 concedebatur,

275 2361 305 2385 et
324 2365 358 2385 se
378 2355 531 2385 consimili
547 2355 636 2386 litera
653 2356 793 2396 obligare
810 2355 919 2392 voluit,
942 2357 997 2386 sed
1012 2367 1074 2387 non
1097 2358 1178 2388 fecit.

316 2403 419 2444 Super
432 2404 621 2435 admissione
635 2415 689 2435 seu
703 2404 908 2445 imposicione
926 2405 1019 2436 rotuli
1036 2406 1182 2436 reforma-

275 2452 375 2482 cionis
390 2453 519 2483 istorum
530 2453 630 2483 xvnl
642 2453 862 2494 magistrorum
878 2454 962 2483 misit
978 2454 1084 2490 nacio,
1103 2455 1182 2486 sicut

276 2510 372 2542 supra
401 2501 469 2531 xvi
502 2502 565 2538 die,
593 2502 705 2533 nuncio
730 2513 820 2533 unam
847 2502 966 2533 literam
993 2509 1024 2533 et
1045 2503 1077 2533 in
1101 2504 1183 2534 dicta

276 2549 365 2580 litera
395 2560 486 2586 unus,
519 2551 664 2582 videlicet
695 2551 874 2592 Meynardi,
906 2552 1079 2592 virgulatus
1110 2553 1181 2588 suit,

277 2597 364 2640 cujus
381 2600 500 2640 copiam
520 2600 647 2631 retinuit
669 2607 699 2631 et
720 2601 821 2641 posita
842 2607 889 2631 est
905 2601 986 2631 dicta
1006 2602 1096 2642 copia
1115 2612 1182 2632 cum

277 2646 368 2678 dieti·
382 2647 484 2679 xvut
500 2649 599 2680 literis
614 2649 810 2690 obligatoriis
829 2649 860 2679 in
883 2649 1002 2680 schita²
1028 2650 1180 2686 nacionis,

277 2701 308 2726 et
321 2697 416 2727 eciam
432 2697 589 2739 publicum
611 2698 848 2728 instrumentum
872 2709 967 2739 super
981 2699 1183 2729 concessione

277 2745 519 2786 supplicacionis
546 2747 685 2788 magistri
713 2747 873 2777 Wilhelmi
906 2747 1019 2784 Buzer,
1052 2749 1091 2778 de
1121 2758 1183 2788 quo

278 2795 482 2826 instrumento
496 2794 626 2826 habetur
640 2806 735 2836 supra
749 2795 838 2826 Xllll
855 2803 885 2826 et
902 2796 956 2826 XV
970 2796 1112 2828 diebus².

310 2883 322 2907 1
367 2884 439 2915 Quae
459 2886 600 2916 sequuntur
618 2883 725 2916 (as-27).
748 2884 773 2908 ιἰι
793 2892 837 2908 mu.
853 2887 913 2909 nale
927 2885 1071 2917 praemium
1090 2891 1099 2908 .·
1119 2885 1183 2909 nem

280 2918 373 2943 eadem
387 2918 439 2950 (11)
453 2921 561 2943 acuunt.

309 2955 333 2979 2.
366 2955 387 2978 1.
400 2962 423 2979 n.
432 2953 508 2979 cista.

359 2999 472 3020 Aret-riu-
484 2998 608 3020 cam-uria*
618 2999 706 3020 vniun.
718 3000 784 3021 Paria.
795 3011 821 3016 -
836 2999 853 3021 Ι.

776 421 890 448 LIBER
910 417 1223 446 PROCURATORUM
1243 417 1422 444 NATIONIS
1441 418 1685 444 ANGLICANAE

1218 939 1252 964 10

1218 1185 1252 1211 15

1218 1430 1252 1456 20

1218 1675 1252 1701 25

1218 1918 1252 1945 30

1218 2164 1252 2190 35

1219 2408 1253 2435 40

1220 2653 1254 2680 45

2144 421 2195 447 386

1331 493 1405 523 ltem
1427 494 1557 523 redemit
1573 494 1751 533 Alphardus
1772 495 1809 523 de
1828 494 1875 524 Αἱ
1905 495 2009 524 literas
2026 507 2079 525 sue
2098 496 2195 526 licen-

1290 541 1336 571 cie
1354 548 1383 571 et
1399 542 1548 571 satisfecit
1563 543 1728 582 receptori.

1331 591 1404 620 ltem
1431 598 1503 631 post
1529 592 1806 631 congregacionem
1832 591 1947 621 ΧΧΙΙΙΘ
1977 593 2037 622 diei
2072 594 2195 623 intravit

1289 639 1377 669 nacio
1401 641 1559 669 tabernam
1581 641 1623 669 ad
1648 642 1787 669 huchiam
1817 642 1918 679 Egidii
1947 648 1977 670 et
2003 644 2194 682 consumpsit

1289 689 1367 718 duos
1390 690 1523 722 francos,
1538 690 1575 718 de
1591 689 1704 728 quibus
1725 690 1873 729 magister
1892 690 2049 719 Johannes
2074 691 2195 730 Leyen-

1289 737 1384 767 berch
1399 738 1493 767 solvit
1511 748 1603 767 unum
1620 739 1755 767 francum
1765 749 1822 778 pro
1832 749 1888 768 suo
1900 738 2036 778 jocundo
2053 740 2193 775 introitu,

1289 793 1319 816 et
1341 786 1431 816 alium
1454 787 1547 816 solvit
1564 787 1711 827 magister
1729 787 1885 816 Johannes
1906 789 1944 817 de
1966 788 2083 828 lnghen
2105 789 2193 818 etiam

1289 846 1346 875 pro
1366 836 1494 865 introitu
1504 835 1653 875 jocundo.

1329 885 1401 924 (Fol.
1418 885 1492 924 22¹²)
1511 885 1585 914 Item
1602 885 1716 914 xxvia
1732 885 1782 914 die
1801 886 1916 915 mensis
1932 896 1993 925 quo
2009 897 2103 926 supra
2119 887 2195 916 sacta

1289 934 1535 974 congregacione
1557 935 1637 974 apud
1664 934 1808 963 Sanctum
1832 935 2018 964 Maturinum
2039 942 2110 975 post
2132 946 2194 965 ser-

1289 993 1408 1013 monem
1424 984 1462 1012 ad
1478 983 1713 1022 supplicandum
1730 990 1759 1012 et
1772 984 1809 1012 ad
1821 983 2007 1013 audiendum
2021 991 2194 1024 compotum

1289 1032 1461 1072 receptoris
1486 1038 1516 1061 et
1538 1033 1576 1061 ad
1598 1032 1690 1062 alium
1717 1039 1909 1072 receptorem
1934 1033 2193 1067 substituendum,

1289 1081 1361 1121 quia
1385 1087 1455 1110 tunc
1485 1088 1628 1121 receptor
1652 1082 1799 1121 magister
1819 1081 1976 1111 Johannes
1999 1082 2142 1112 Ammers
2162 1093 2195 1111 se

1289 1131 1457 1160 transferre
1469 1130 1567 1160 voluit
1585 1140 1694 1160 versus
1708 1131 1823 1159 curiam
1840 1131 2018 1166 Romanam.
2041 1138 2195 1171 computa-

1288 1179 1331 1209 vit
1350 1179 1451 1209 dictus
1476 1186 1633 1219 receptor;
1668 1179 1803 1219 receptis
1835 1186 1864 1209 et
1888 1181 2039 1219 expositis
2071 1187 2100 1210 et
2121 1181 2148 1210 ei
2178 1191 2195 1210 a

1289 1228 1417 1258 nacione
1435 1229 1548 1258 debitis
1563 1229 1635 1258 hinc
1655 1229 1726 1258 inde
1744 1229 1913 1263 defalcatis,
1931 1229 2043 1258 mansit
2062 1229 2149 1258 nacio
2167 1230 2194 1258 ei

1289 1278 1406 1307 debens
1422 1277 1645 1317 quinquaginta
1656 1278 1734 1307 duos
1743 1277 1862 1307 solidos
1875 1284 1904 1307 et
1915 1288 2024 1307 novem
2036 1278 2193 1308 denarios.

1290 1325 1330 1355 Et
1341 1332 1502 1366 compotus
1518 1326 1556 1355 ab
1571 1326 1714 1356 omnibus
1732 1326 1788 1356 suit
1803 1327 2003 1366 approbatus

1331 1374 1405 1404 ltem
1426 1374 1456 1403 in
1477 1375 1582 1404 eadem
1603 1375 1872 1415 [congregacione]
1891 1376 2038 1414 magister
2052 1376 2195 1405 Ammers

1289 1423 1479 1463 presentavit
1491 1423 1670 1464 magistrum
1686 1424 1853 1454 Henricum
1865 1422 1902 1454 de
1914 1424 2020 1460 Tenis,
2032 1431 2062 1454 et
2076 1426 2195 1465 rogavit

1289 1479 1441 1512 quatenus
1455 1472 1592 1512 placeret
1606 1473 1764 1513 magistris
1782 1480 1815 1503 ut
1829 1474 1929 1503 dictus
1945 1474 2093 1514 magister
2109 1474 2195 1503 Hen-

1290 1522 1373 1551 ricus
1385 1522 1423 1551 de
1434 1521 1529 1551 Tenis
1543 1522 1783 1551 substitueretur
1798 1522 1866 1551 loco
1882 1522 1929 1552 sui
1944 1523 1974 1551 in
1991 1529 2192 1562 receptorem.

1290 1570 1330 1600 Et
1351 1570 1466 1610 placuit
1487 1571 1631 1600 omnibus
1656 1571 1815 1610 magistris
1841 1571 1926 1600 nullo
1949 1572 2072 1610 penitus
2097 1572 2195 1601 recla-

1289 1626 1400 1649 mante.
1419 1619 1458 1649 Et
1473 1630 1557 1649 more
1571 1620 1663 1649 solito
1673 1619 1790 1660 juravit
1803 1620 1904 1649 dictus
1921 1621 2073 1660 magister
2085 1621 2195 1650 Henri-

1289 1679 1344 1698 cus
1359 1675 1503 1708 tanquam
1519 1679 1616 1698 novus
1633 1675 1787 1708 receptor.

1331 1718 1405 1748 item
1421 1718 1451 1747 in
1470 1718 1574 1747 eadem
1589 1718 1836 1758 congregacione
1850 1718 2103 1758 supplicaverunt
2114 1729 2193 1759 mag.

1287 1767 1445 1797 ‚lohannes
1476 1767 1538 1806 [de]
1569 1766 1666 1796 Venio
1695 1773 1725 1796 et
1752 1766 1899 1806 magister
1922 1767 2079 1797 Johannes
2106 1768 2194 1798 Uden

1289 1823 1440 1856 quatenus
1475 1816 1563 1845 nacio
1591 1815 1684 1845 vellet
1714 1816 1760 1845 eis
1796 1817 1967 1846 concedere
1999 1823 2031 1846 ut
2069 1824 2197 1856 possent

1289 1865 1406 1904 imponi
1424 1865 1525 1894 rotulo
1545 1865 1796 1900 reformacionis,
1813 1865 1927 1905 quibus
1947 1866 2196 1905 supplicaciones

1290 1924 1438 1944 concesse
1460 1914 1599 1949 suerunt,
1626 1924 1661 1943 ea
1688 1914 1871 1944 condicione
1894 1921 1926 1944 ut
1947 1915 2057 1944 darent
2078 1915 2195 1945 literam

1289 1963 1429 1993 officialis
1452 1963 1509 1993 sub
1531 1973 1610 2003 pena
1632 1963 1692 1993 late
1712 1963 1881 1998 sentencie,
1903 1964 1933 1992 in
1956 1974 2029 1993 casu
2053 1975 2114 2004 quo
2135 1975 2195 1994 non

1289 2012 1447 2042 solverent
1464 2012 1507 2042 lll
1526 2013 1648 2042 francos
1671 2013 1750 2042 infra
1772 2012 1931 2042 dimidium
1955 2022 2066 2042 annum
2091 2023 2107 2042 a
2127 2014 2196 2043 data

1290 2061 1511 2091 intitulacionis
1536 2071 1641 2091 eorum
1662 2062 1912 2102 computandum.
1927 2061 1967 2092 Et
1982 2062 2070 2091 nacio
2093 2069 2195 2092 trans-

1290 2111 1373 2140 misit
1391 2121 1486 2150 super
1507 2111 1567 2140 isto
1589 2120 1678 2141 unam
1700 2110 1878 2140 literamsuo
1917 2111 2040 2140 nuncio.
2065 2111 2103 2141 Et
2124 2112 2195 2151 quia

1289 2159 1363 2189 dicti
1381 2160 1521 2200 magistri
1541 2160 1639 2189 dictas
1662 2160 1766 2190 literas
1786 2159 1926 2189 officialis
1945 2170 2006 2189 non
2025 2160 2198 2190 habuerunt

1290 2209 1321 2239 in
1333 2215 1488 2248 promptu,
1500 2215 1672 2248 posuerunt
1682 2208 1721 2238 Vl
1734 2209 1856 2238 francos
1866 2209 1895 2238 in
1905 2210 2025 2238 vadium
2036 2220 2197 2249 quousque

1290 2258 1440 2288 haberent
1457 2258 1555 2288 dictas
1569 2257 1674 2288 literas
1685 2258 1836 2287 officialis.
1854 2258 1891 2287 Et
1903 2258 1959 2287 hoc
1973 2258 2085 2297 placuit
2099 2259 2195 2287 omni-

1290 2308 1348 2337 bus
1357 2307 1525 2347 magistris,
1534 2313 1563 2336 et
1572 2307 1672 2336 dictos
1682 2306 1721 2336 vl
1732 2307 1854 2336 francos
1864 2307 2053 2336 redimerunt
2068 2307 2178 2337 xxvu
2187 2315 2198 2327 ¹

1290 2356 1350 2391 die,
1365 2363 1395 2386 et
1413 2362 1583 2396 posuerunt
1598 2357 1674 2385 duas
1688 2356 1794 2386 literas
1810 2356 1951 2385 officialis
1967 2362 1999 2386 ut
2018 2367 2121 2396 supra.

1332 2405 1406 2435 ltem
1424 2404 1551 2435 xxvll-
1570 2405 1620 2434 die
1637 2404 1775 2444 ejusdem
1792 2405 1908 2434 mensis
1928 2406 2004 2434 sacta
2025 2415 2198 2445 congrega-

1290 2454 1379 2484 cione
1398 2454 1430 2484 in
1453 2454 1562 2494 primis
1581 2455 1662 2494 apud
1682 2454 1826 2484 Sanctum
1845 2454 1998 2483 sulianum
2018 2455 2056 2483 ad
2077 2454 2198 2494 suppli-

1291 2503 1432 2538 candum,
1445 2503 1660 2543 supplicarunt
1671 2503 1818 2543 magister
1836 2503 1995 2532 Erhardus
2009 2504 2047 2532 de
2062 2503 2198 2532 Gamun-

1291 2552 1341 2581 dia
1356 2558 1386 2581 et
1398 2551 1572 2582 Wernerus
1587 2552 1657 2591 May
1669 2558 1701 2582 ut
1717 2558 1845 2591 possent
1860 2551 1974 2591 imponi
1992 2552 2091 2581 rotulo
2104 2553 2198 2581 resor-

1291 2600 1450 2631 mecionis.
1473 2601 1513 2631 Et
1531 2611 1679 2630 concesse
1700 2607 1771 2630 sunt
1786 2601 1983 2630 concorditer
1999 2611 2104 2630 eorum
2123 2611 2198 2640 sup-

1292 2649 1479 2690 plicaciones
1489 2650 1546 2679 sub
1555 2650 1671 2679 eisdem
1685 2649 1933 2684 condicionibus,
1946 2650 2059 2689 quibus
2073 2649 2140 2679 aliis
2152 2656 2199 2679 est

1291 2709 1485 2729 concessum.
1502 2699 1603 2738 Super
1618 2709 1679 2738 quo
1698 2699 1785 2728 nacio
1806 2699 1890 2728 dedit
1907 2698 1952 2727 eis
1967 2708 2056 2727 unam
2080 2698 2197 2727 literam

1291 2748 1329 2778 ad
1348 2747 1504 2783 nuncium,
1526 2754 1556 2777 et
1577 2748 1637 2788 ipsi
1658 2748 1810 2777 dederunt
1828 2748 1904 2777 duas
1925 2747 2030 2777 literas
2045 2747 2195 2777 officialis.

1333 2796 1407 2827 ltem
1435 2795 1579 2826 xxvlu·
1603 2796 1653 2826 die
1682 2797 1797 2826 mensis
1830 2803 1862 2826 ut
1891 2806 1986 2836 supra
2017 2796 2198 2836 inceperunt

1323 2886 1347 2909 3.
1386 2885 1451 2910 Vid..
1465 2893 1491 2917 p.
1510 2885 1564 2913 ³80.
1580 2885 1609 2908 Ἃ
1620 2893 1677 2917 ιιΙιΙ,

1323 2922 1347 2944 lu.
1382 2922 1429 2944 Μι.
1444 2920 1534 2952 repetit
1548 2920 1666 2944 redemit.
