2632 3464
292 458 346 484 801

335 534 411 564 Item
435 533 552 574 incepit
571 532 715 562 dominus
737 531 863 562 Ulricns
880 530 1009 560 Baeslar
1026 531 1084 559 sub
1100 529 1199 569 magi-

292 589 360 613 stro
376 581 517 612 Iohanne
535 581 691 616 Boutbur,
710 579 798 621 cujus
812 581 907 610 bursa
919 579 989 609 XVI
1007 578 1136 608 denarii.

335 631 411 662 Item
423 631 540 672 incepit
554 630 698 660 dominus
708 629 856 659 Albertus
871 628 988 668 Pagani
1005 629 1063 657 sub
1078 628 1197 662 eodem,

293 679 382 721 cujus
396 681 492 710 bursa
503 679 572 709 xvl
588 679 718 709 denarii.

335 729 411 759 Item
426 729 605 758 licenciatus
617 734 665 758 est
681 727 825 757 dominus
836 726 994 756 ¹Iohannes
1012 726 1126 756 Leonis
1142 727 1200 755 sub

293 778 443 818 magistro
458 776 597 807 Arnoldo
615 776 756 811 Wtwiic‚
775 774 862 816 cujus
882 776 976 805 bursa
994 775 1035 804 VI
1057 775 1149 804 solidi
1171 782 1202 805 et

293 826 335 856 vl
350 826 480 856 denarii.

310 867 313 870 .
335 875 410 905 Item
436 875 552 914 incepit
574 874 717 904 dominus
740 873 897 903 Johannes
925 873 1118 902 Achirlomin
1144 874 1201 902 sub

296 924 447 964 magistro
466 923 606 954 Johanne
626 923 782 957 Bonum,
801 921 888 962 cujus
907 923 1002 951 bursa
1017 921 1076 952 lIIl
1096 922 1199 952 solidi.

336 973 411 1003 Item
426 973 543 1012 incepit
560 972 704 1002 dominus
723 971 881 1001 lohannes
896 970 1011 1000 Leonis
1031 972 1088 1000 sub
1105 971 1203 1011 magi-

293 1028 361 1052 stro
384 1021 525 1051 Arnoldo
547 1020 687 1056 Wtwiic‚
709 1019 797 1060 cujus
819 1021 914 1050 bursa
934 1019 975 1049 VI
994 1020 1086 1049 solidi
1108 1026 1139 1049 et
1161 1020 1202 1049 Vl

294 1070 424 1100 denarii.

335 1119 428 1149 Facta
441 1118 688 1159 congregacione
703 1117 843 1148 nacionis
858 1117 1040 1157 Anglicane,
1055 1117 1138 1147 xvla
1153 1117 1203 1147 die

293 1168 410 1198 mensis
440 1167 535 1202 Junii,
564 1167 646 1207 apud
680 1167 824 1197 Sanctum
855 1167 1042 1197 Maturinum
1071 1173 1203 1207 protunc

295 1216 518 1247 Universitatis
543 1216 769 1246 convocacione
794 1215 947 1246 celebrata
974 1226 1069 1256 super
1103 1216 1203 1245 tribus

293 1265 444 1295 articulis.
473 1265 598 1295 Primus
622 1271 688 1294 erat
709 1275 806 1305 super
829 1265 1026 1294 edificacione
1050 1265 1203 1294 scolarum

293 1314 545 1345 edificandarmu.
571 1313 611 1343 Et
628 1313 732 1354 tetigit
752 1313 796 1343 ibi
819 1319 1002 1353 procurator
1023 1315 1062 1343 de
1082 1313 1203 1355 locagio

293 1363 405 1392 domus
420 1364 450 1392 in
464 1373 554 1392 cornu
569 1364 649 1391 cervi
663 1369 693 1392 et
708 1362 792 1392 illius
805 1363 928 1392 modum
943 1373 999 1402 per
1014 1373 1117 1402 quem,
1133 1373 1202 1392 nam

295 1411 363 1451 ipse
378 1411 558 1441 lumbardus
574 1421 636 1441 una
657 1421 726 1441 cum
742 1411 837 1441 sociis
857 1412 923 1441 suis
943 1411 1202 1451 composicionem

294 1460 478 1490 facientibus
489 1470 584 1500 super
601 1459 722 1500 locagio
740 1462 856 1500 prefate
869 1461 990 1496 domus,
1003 1461 1122 1490 dixerat
1134 1467 1203 1490 tan-

294 1519 385 1549 quam
414 1509 558 1549 superior
584 1508 786 1545 Bomondo‘,
817 1519 851 1539 se
872 1509 951 1540 velle
975 1516 1202 1549 acceptaturum

294 1568 353 1598 pro
371 1557 490 1588 XXIIII
510 1557 606 1587 scutis
624 1563 654 1588 et
672 1568 733 1587 uno
752 1559 856 1588 franco
874 1568 932 1598 pro
947 1558 1203 1588 immundiciebus

292 1606 496 1646 repellendis,
517 1606 605 1637 sicud
627 1613 739 1636 tactum
763 1613 829 1638 erat
851 1607 881 1636 in
903 1607 1008 1637 ultima
1028 1618 1203 1648 congrega-

294 1655 383 1685 cione
405 1655 557 1685 nacionis.
582 1656 623 1685 Et
647 1655 827 1686 Bomondus
853 1666 939 1686 suam
961 1657 1203 1687 notificacionem

292 1705 485 1744 presentavit
505 1705 630 1734 domino
653 1705 849 1744 procuratori
871 1711 901 1735 et
924 1706 1094 1745 receptori;
1128 1717 1203 1746 pro-

293 1759 418 1783 curator
435 1763 496 1783 una
517 1763 584 1783 cum
605 1754 723 1784 domini
745 1754 916 1794 receptoris
941 1754 1006 1784 sore
1027 1755 1108 1784 finiri
1127 1756 1203 1785 esti-

293 1807 412 1832 mantes
434 1802 578 1838 concilio,
599 1803 733 1832 innotuit
753 1803 885 1833 nacioni.
909 1802 1021 1833 Verum
1046 1810 1093 1834 est
1119 1805 1201 1844 quod

293 1857 366 1881 tunc
381 1851 496 1891 placuit
509 1851 630 1881 nacioni
650 1852 854 1892 composicio;
876 1853 932 1882 sed
951 1852 1104 1883 dilacione
1124 1854 1202 1883 duo-

294 1909 362 1930 rum
382 1900 501 1930 dierum
521 1900 627 1940 elapsa
645 1899 745 1930 dixit²
763 1911 797 1930 se
823 1911 885 1930 non
905 1911 1000 1941 posse
1019 1903 1202 1932 concordari

293 1959 363 1979 cum
378 1949 474 1979 sociis
489 1949 565 1979 suis.
583 1949 669 1980 Tunc
683 1950 750 1980 viso
766 1950 842 1984 isto,
861 1949 1095 1990 diligenciarum
1110 1952 1202 1981 actio-

294 2007 351 2028 nes
365 1999 584 2034 reformantes,
601 1998 680 2028 facta
695 2005 743 2028 est
760 1998 926 2038 diligencia
945 2000 983 2029 de
1005 1999 1067 2030 illis
1084 2007 1152 2030 actu
1171 2001 1201 2030 in

293 2047 385 2077 domo
400 2047 453 2076 illa
467 2047 738 2084 commorantibus,
757 2054 790 2077 ut
807 2054 928 2087 poterat
941 2049 1088 2088 experiri,
1109 2055 1202 2088 optu-

294 2095 398 2126 lerunt
410 2095 527 2125 XXIIII
546 2096 680 2125 srancos.
694 2096 882 2126 Procurator
898 2097 993 2137 peciit
1012 2098 1086 2137 qnid
1107 2108 1202 2138 super

293 2144 352 2174 hoc
374 2145 518 2179 flendum,
538 2150 590 2174 aut
609 2144 702 2174 vellet
719 2145 831 2184 [nacio]
848 2146 970 2176 tradere
992 2146 1054 2176 illis
1077 2147 1200 2177 domum

292 2193 548 2228 inhabitantibus,
560 2193 608 2223 vel
618 2193 711 2223 vellet
722 2201 903 2234 exspectare
918 2195 956 2224 ad
971 2195 1060 2230 alios,
1072 2197 1110 2225 ad
1126 2206 1201 2236 quo-

293 2251 361 2273 rum
376 2242 613 2282 inquisicionem
632 2242 704 2282 plus
725 2243 884 2279 offerrent,
903 2244 951 2274 vel
971 2244 1095 2274 mallent
1116 2245 1202 2275 desi-

293 2297 376 2321 stere
396 2301 411 2320 a
430 2291 543 2321 talibus
557 2297 588 2320 et
608 2291 764 2331 inspicere
782 2302 871 2322 unam
890 2303 1036 2322 summam
1055 2294 1201 2333 pecunia—

292 2350 373 2375 rum,
400 2340 438 2370 ad
464 2350 593 2380 quarum
624 2341 862 2371 defalcacionem
887 2341 947 2371 sibi
976 2342 1202 2372 defalcarentur

292 2388 396 2429 alique
419 2389 550 2429 pecunie
570 2399 629 2429 pro
652 2389 773 2430 locagio
794 2390 833 2420 ad
858 2395 956 2420 taxam
985 2391 1198 2427 ordinandam,

292 2447 422 2478 quarum
439 2438 555 2468 utilitas
577 2439 764 2468 redundaret
784 2439 814 2468 in
833 2449 922 2468 usum
940 2439 1092 2470 scolarum
1113 2441 1213 2470 edili-'

293 2487 472 2517 candarum.

333 2536 380 2565 2·-
388 2535 538 2566 articulus
553 2542 618 2566 erat
632 2546 727 2576 super
742 2537 821 2566 sacto
835 2536 1054 2576 archydiaconi
1070 2532 1200 2568 ecclesie

294 2583 468 2614 Scarensis.
484 2584 573 2615 Unde
584 2585 684 2625 tetigit
695 2591 878 2625 procurator
887 2586 1020 2625 qualiter
1029 2586 1104 2616 alias
1117 2587 1201 2617 venit

293 2639 325 2663 et
340 2633 450 2673 petivit
468 2633 589 2664 restitui
606 2634 852 2674 procuratorium
866 2641 924 2664 etc.
940 2634 1012 2674 (Vol.
1029 2636 1089 2674 50),
1105 2636 1199 2665 eciam

293 2679 389 2719 peciit
412 2679 555 2710 satisfieri
577 2681 615 2710 de
636 2680 744 2710 levatis
764 2691 821 2720 per
842 2681 1012 2711 nacioncm.
1038 2682 1201 2712 Delibera-

292 2728 338 2758 vit
357 2734 488 2768 protunc
507 2729 597 2759 nacio
619 2730 702 2769 quod
723 2729 749 2759 si
773 2729 866 2759 vellet
888 2740 1004 2770 ponere
1023 2730 1199 2761 caucionem

286 2775 454 2816 juridicam
469 2778 508 2807 de
521 2788 583 2808 non
603 2779 712 2808 domus
728 2778 916 2808 alienacione
936 2779 1199 2820 qualitercumque

294 2825 388 2856 suerit
415 2825 476 2856 nisi
502 2826 541 2856 de
565 2836 720 2857 consensu
746 2828 901 2864 nacionis,
920 2828 1008 2858 nacio
1033 2828 1146 2859 obtulit
1166 2839 1199 2859 se

326 2904 348 2928 1.
383 2903 490 2929 Bedello
502 2905 624 2930 nationis.

327 2940 353 2966 2.
390 2939 566 2965 Lumburdnn.

373 3020 487 3041 Aen-riu-
499 3020 623 3042 Chrmlan'n‘
633 3021 720 3042 ouium.
732 3022 799 3043 euris.
810 3032 832 3038 -
849 3021 867 3043 I.

796 455 911 482 LIBER
931 453 1244 481 PROCURATORUM
1266 452 1445 479 NATIONIS
1463 453 1707 479 ANGLICANAE

1344 12 1354 19 .
1385 6 1481 37 κ-«χμκ
1590 2 1642 30 ffl-
1692 2 1749 25 ,Ν
1759 3 1777 8 ·“

2159 455 2212 480 802

1316 529 1462 557 facturam
1478 528 1528 557 illa
1547 539 1606 568 que
1620 535 1725 558 essent
1743 529 1877 558 racionis
1894 536 1923 558 et
1934 530 2080 568 liquitatis
2091 530 2113 559 ².
2127 531 2222 560 voca-

1313 583 1363 606 tus
1374 577 1451 606 dixit
1459 578 1541 616 quod
1556 587 1650 616 super
1666 577 1718 606 illo
1733 583 1871 607 uteretur
1886 588 2010 607 suorum
2027 580 2220 609 dominorum

1309 625 1453 661 concilio,
1475 631 1505 655 et
1525 627 1654 655 referret
1674 633 1745 655 tunc
1769 627 1799 655 in
1818 627 1957 656 nacione.
1983 627 2119 657 Protunc
2138 629 2221 658 venit

1309 674 1608 704 suamintencionem
1619 675 1797 711 revelando,
1808 676 1891 715 quod
1907 686 1967 704 non
1982 684 2145 716 appareret
2162 678 2220 706 sibi

1255 730 1271 756 5
1304 721 1423 763 justum
1442 733 1498 752 nec
1509 722 1603 763 juris,
1622 725 1704 762 quod
1726 734 1759 753 se
1778 724 1819 753 ita
1838 725 1981 754 redderet
1997 725 2163 765 obligatum
2183 728 2221 756 de

1241 976 1274 1002 10

1241 1221 1274 1247 15

1240 1466 1274 1492 20

1240 1711 1274 1737 25

1239 1956 1273 1982 30

1239 2201 1272 2227 35

1238 2445 1272 2472 40

1238 2691 1271 2717 45

1312 773 1459 813 ponendo
1477 772 1652 802 caucionem
1666 772 1839 812 juridicam.

1349 823 1396 851 3¹¹·
1409 821 1558 851 articulus
1570 827 1635 850 erat
1646 831 1741 861 super
1751 822 2035 862 supplicacionibus
2047 830 2075 853 et
2088 824 2218 862 injuriis,

1312 870 1505 910 Supplicavit
1527 880 1606 900 unus
1626 871 1819 900 bachali-rius
1842 882 1900 911 pro
1923 872 2073 902 dilacione
2092 873 2220 913 alicujus

1311 919 1472 959 temporis,
1495 930 1656 959 quousque
1678 927 1786 959 posset
1807 921 1975 959 adimplere
1998 932 2070 950 suas
2096 923 2217 956 bursas,

1312 969 1450 998 narravit
1465 969 1544 997 enim
1560 968 1764 998 necessitatus
1776 979 1808 998 se
1820 969 1864 998 illi
1880 970 2103 1009 supplicacioni
2118 971 2220 1011 subju-

1311 1018 1445 1057 gandus,
1471 1027 1539 1046 cum
1570 1023 1635 1046 erat
1657 1018 1695 1046 de
1724 1018 1992 1057 longinquissimis
2023 1020 2163 1058 partibus
2191 1027 2220 1050 et

1315 1077 1402 1097 suum
1419 1067 1612 1096 commodum
1625 1077 1687 1096 non
1698 1073 1820 1106 poterat
1834 1067 1874 1096 ita
1889 1068 1950 1097 cito
1965 1068 2138 1108 adimpleri.

1354 1116 1399 1145 De
1417 1116 1538 1145 duobus
1555 1115 1665 1155 primis
1680 1116 1819 1145 articulis
1834 1116 1928 1146 nichil
1942 1123 2007 1146 erat
2018 1118 2218 1148 deliberatum

1312 1170 1441 1204 propter
1464 1165 1613 1203 temporis
1636 1165 1831 1199 brevitatem,
1862 1166 1917 1194 sed
1947 1166 2039 1196 delati
2070 1174 2156 1197 erant
2182 1169 2219 1197 ad

1311 1214 1400 1243 aliam
1418 1213 1706 1253 congregacionem.
1732 1214 1832 1253 Super
1853 1215 1884 1243 3⁰
1907 1215 2036 1244 articulo
2054 1223 2119 1245 erat
2141 1217 2219 1246 deli-

1311 1263 1462 1298 beratum,
1484 1263 1567 1302 quod
1583 1269 1712 1302 poneret
1724 1263 1947 1302 obligacionem
1967 1264 2165 1294 sufficientem
2181 1267 2219 1295 de

1312 1311 1461 1341 solvendo
1475 1312 1586 1341 bursas
1600 1322 1671 1341 suas
1687 1318 1825 1351 tempore
1841 1313 2002 1342 bursarum
2019 1314 2219 1354 adimplecio-

1313 1361 1362 1390 nis
1380 1367 1410 1390 et
1427 1360 1614 1390 sufficienter
1626 1361 1758 1390 nacioni.

1353 1410 1427 1439 Item
1443 1409 1622 1439 licenciatus
1634 1417 1681 1439 est
1690 1410 1847 1440 Johannes
1860 1411 2107 1450 Mazinghersub
2126 1413 2218 1453 magi-

1312 1465 1378 1489 stro
1397 1459 1536 1489 Iohanne
1555 1460 1593 1488 de
1612 1459 1827 1494 Francsordia,
1846 1459 1932 1499 cujus
1950 1461 2043 1490 bursa
2059 1462 2126 1490 xvi
2145 1463 2215 1492 den.

1353 1509 1427 1538 ltem
1456 1508 1571 1548 incepit
1596 1508 1740 1538 dominus
1766 1508 1922 1538 lohannes
1949 1509 2130 1549 Mazingher
2160 1513 2218 1540 sul)

1311 1557 1431 1592 eodem,
1447 1556 1535 1597 cujus
1552 1558 1647 1587 bursa
1662 1557 1730 1587 XVI
1747 1557 1876 1587 denarii.
2090 1594 2092 1596 v

1352 1606 1443 1636 Facta
1470 1606 1716 1646 congregacione
1743 1607 1881 1636 nacionis
1905 1607 2033 1647 Anglie‚
2057 1608 2140 1638 X1x=
2168 1610 2218 1638 die

1311 1655 1427 1685 mensis
1450 1655 1545 1691 Junii,
1574 1655 1650 1684 hora
1674 1655 1713 1685 Χ“Ι
1741 1656 1779 1684 de
1807 1666 1938 1695 vespere
1965 1658 2046 1695 apud
2074 1658 2216 1687 Sanctum

1311 1704 1497 1734 Maturinum
1514 1714 1609 1744 super
1625 1705 1725 1734 tribus
1743 1705 1892 1734 articulis.
1910 1705 1948 1735 Et
1963 1706 2023 1735 duo
2039 1706 2130 1746 primi
2146 1708 2217 1736 arti-

1311 1753 1372 1783 culi
1393 1759 1480 1782 erant
1501 1753 1547 1782 illi
1568 1754 1606 1783 de
1626 1754 1739 1793 quibus
1758 1753 1876 1783 mensio
1899 1761 1964 1783 erat
1988 1755 2062 1784 alias
2089 1756 2164 1785 facta
2187 1756 2216 1785 in

1311 1802 1416 1832 ultima
1430 1802 1677 1843 congregacione
1693 1803 1841 1838 nacionis,
1857 1809 1886 1832 et
1901 1804 1947 1832 3¹¹³
1961 1810 2026 1833 crat
2037 1815 2132 1844 super
2145 1815 2215 1845 sup-

1310 1851 1534 1891 plicacionibus
1558 1858 1588 1881 et
1612 1851 1744 1892 injuriis.
1772 1852 1872 1892 Super
1894 1852 1994 1892 primo
2017 1853 2215 1883 articulorum

1311 1901 1542 1940 propositorum
1572 1907 1638 1930 erat
1668 1901 1864 1930 concorditer
1892 1901 2104 1937 deliberatum,
2133 1904 2215 1942 quod

1310 1949 1535 1979 desalcarentur
1551 1950 1611 1979 sibi
1622 1950 1723 1989 alique
1738 1950 1866 1989 pecunie
1878 1951 1915 1979 ad
1931 1957 2052 1990 quotam
2069 1951 2216 1980 ordinan-

1310 1999 1379 2028 dam
1408 2008 1464 2038 per
1498 1999 1653 2028 dominum
1686 2005 1878 2039 receptorem
1911 1999 1949 2028 de
1977 1999 2096 2039 locagio
2131 1999 2214 2029 illius

1310 2048 1419 2076 domus
1434 2048 1549 2087 prefate
1564 2050 1593 2076 in
1606 2059 1695 2076 cornu
1712 2050 1790 2076 cervi
1807 2048 1844 2076 ab
1862 2058 1921 2077 una
1939 2058 2055 2077 summa
2074 2049 2215 2087 pecunia-

1310 2106 1378 2126 rum
1394 2096 1591 2136 prestitarum
1607 2107 1664 2136 per
1678 2097 1779 2136 ipsum
1796 2096 1928 2131 nacioni,
1944 2104 1972 2126 et
1990 2098 2015 2126 si
2032 2107 2092 2126 non
2108 2105 2216 2138 posset

1310 2145 1368 2174 iste
1390 2146 1499 2175 modus
1515 2146 1660 2185 optineri,
1682 2146 1764 2185 quod
1785 2152 1956 2185 exponatur
1975 2146 2135 2182 locacioni,
2154 2157 2214 2176 non

1310 2194 1451 2224 obstante
1470 2201 1569 2224 tamen
1588 2195 1647 2224 isto
1666 2196 1748 2234 quod
1767 2204 1827 2223 non
1846 2194 1936 2224 vellet
1951 2201 2094 2234 preantea
2108 2206 2215 2224 conce-

1310 2243 1383 2272 dere
1405 2243 1527 2273 nacioni
1544 2250 1643 2273 tantas
1657 2244 1832 2283 peccunias.
1851 2243 1952 2283 Super
1969 2245 1999 2273 2⁰
2014 2244 2213 2274 deliberatum

1309 2298 1374 2322 erat
1386 2293 1593 2328 concorditer,
1611 2293 1694 2332 quod
1709 2303 1770 2322 non
1786 2293 2000 2322 restitueretur
2017 2293 2077 2322 sibi
2094 2293 2215 2333 obliga-

1309 2340 1422 2370 torium
1451 2351 1508 2370 nec
1540 2342 1803 2381 procuratorium,
1831 2342 1898 2370 viso
1926 2342 2007 2381 quod
2035 2352 2096 2371 non
2124 2343 2215 2372 vellet

1309 2399 1424 2429 ponere
1442 2390 1618 2420 caucionem
1634 2389 1796 2430 juridicam
1815 2390 1947 2425 nacioni,
1962 2392 2043 2430 quod
2061 2402 2120 2420 non
2139 2391 2214 2420 alic-

1309 2445 1396 2469 naret
1410 2439 1532 2468 domum
1544 2439 1806 2479 qualitercumque
1821 2440 1921 2474 suerit,
1934 2440 1993 2469 nisi
2007 2441 2044 2468 de
2059 2450 2212 2470 consensu

1310 2488 1459 2518 nacionis.
1479 2488 1580 2527 Super
1598 2489 1630 2517 3⁰
1647 2488 1752 2517 nichil.

1350 2537 1440 2566 Facta
1464 2537 1709 2576 congregacione
1734 2537 1872 2567 nacionis
1894 2537 2006 2577 Anglie
2029 2537 2144 2567 xxul=
2163 2538 2213 2567 dic

1309 2586 1425 2615 mensis
1436 2585 1519 2615 Iunii
1530 2587 1610 2625 apud
1623 2585 1766 2615 Sanctum
1777 2586 1930 2616 Iulianum
1941 2596 2105 2626 pauperem
2119 2596 2214 2626 super

1309 2635 1430 2664 duobus
1458 2634 1608 2664 articulis.
1635 2635 1758 2664 Primus
1789 2642 1854 2664 crat
1878 2645 1971 2674 super
1993 2636 2070 2664 sacto
2102 2635 2211 2675 locagii

1308 2684 1419 2713 domus
1429 2685 1458 2712 in
1469 2694 1560 2712 cornu
1573 2686 1660 2713 cervi.
1675 2685 1720 2712 2⁰·
1730 2690 1794 2713 erat
1810 2694 1903 2723 super
1914 2683 2210 2723 supplicacionibus.

1309 2732 1412 2772 Super
1428 2733 1528 2772 primo
1539 2738 1604 2762 erat
1615 2732 1815 2762 deliberatum
1827 2733 1909 2772 quod
1921 2739 2063 2772 receptor
2074 2733 2212 2762 nacionis

1307 2780 1420 2821 Anglie
1436 2780 1609 2821 requireret
1624 2782 1786 2821 deputatos
1804 2781 2031 2816 universitatis,
2046 2781 2099 2821 qui
2118 2781 2212 2811 habe-

1309 2836 1377 2860 rent
1391 2830 1477 2859 utilia
1491 2831 1528 2859 ad
1543 2840 1631 2860 usum
1644 2831 1752 2859 domus
1764 2830 1903 2869 apposita
1916 2830 2065 2859 raitilicare
2076 2836 2105 2860 et
2115 2830 2210 2860 eciam

1338 2909 1362 2933 ³.
1401 2909 1452 2932 rom
1475 2908 1562 2941 ignota
1577 2909 1648 2940 apud
1667 2908 1929 2940 Dncnnge-Ilenschel
1946 2908 2094 2941 :ignificaro
2113 2908 2212 2933 videtur

1308 2952 1320 2967 α
1330 2943 1399 2976 quod
1410 2944 1526 2975 liquetu:
1537 2944 1587 2968 nini
1599 2944 1682 2968 scriba
1692 2953 1741 2976 pro
1751 2944 1874 2976 equitati·
1887 2944 1928 2967 laic
1938 2947 1961 2968 rt
1974 2952 2051 2976 mpra
2065 2952 2091 2976 p.
2105 2945 2158 2971 75¹9.
2171 2946 2210 2971 20,

1309 2982 1448 3003 monueram
1458 2979 1551 3011 potuit.

2117 3025 2140 3044 Μ
