2632 3464
552 19 554 22 -
567 0 1438 32 'Wrfflffiffissfflaeffrwvffwsswfi2³⁷2*
1448 0 1539 11 *
1549 0 1653 23 ν*
1706 0 1727 14 ⁵·
1739 9 1742 12 -
1752 13 1762 19 γ’
1780 0 1797 4 ··
1815 0 1830 8 ‘x
1914 0 1917 5 ¹
1931 0 1945 9 -1

889 463 1161 491 MEMORABILIA
1180 463 1265 490 NAT.
1285 462 1533 489 ANGLICANAE
2121 471 2186 488 xxxx

256 543 404 594 gesima
425 542 520 579 fieri.
551 544 593 578 In
619 540 791 591 qualibet
819 541 975 576 natione
1001 538 1103 575 idem
1127 551 1220 575 usus
1239 538 1408 587 vigebat.
1434 538 1505 585 Qui
1525 537 1806 580 determinavit,
1830 537 2106 574 determinator
2124 537 2186 574 vel

256 612 516 649 determinans
540 610 762 648 vocabatur.
790 610 883 646 Cum
905 610 944 644 in
968 608 1269 657 Quadragesima
1294 607 1419 644 solum
1440 607 1479 643 hi
1507 615 1615 644 actus
1637 606 1925 656 perficerentur,
1947 606 2131 643 deficiunt
2147 608 2186 643 in

255 682 439 718 Auctario
455 679 609 730 quando
627 678 719 715 folia
738 678 917 714 codicum
935 677 984 714 de
1004 676 1328 727 Quadragesimae
1345 684 1519 726 tempore
1537 677 1690 726 agentia
1709 677 1850 712 amissa
1864 683 1966 719 sunt,
1990 675 2093 725 quod
2109 689 2185 712 non

255 763 340 787 raro
360 748 514 793 accidit,
529 756 572 785 ut
591 760 637 784 ex
656 747 829 784 Elenclzo
840 755 1144 796 procuratorum
1158 747 1283 796 quivis
1298 745 1429 783 videre
1448 753 1590 795 potest.

306 818 608 856 Determinantia
628 830 671 854 ac
697 816 984 853 baccalareatus
1010 815 1111 852 idem
1134 816 1292 852 omnino
1315 822 1399 851 erat
1416 814 1507 862 (vid.
1530 815 1616 857 264,
1639 821 1719 850 not.
1744 815 1784 857 7;
1811 814 1894 856 352,
1921 815 1988 857 35;
2011 814 2096 856 491,
2118 814 2183 857 233

257 889 342 932 538,
370 888 435 931 33;
454 887 539 929 606,
558 887 617 934 29)
634 887 659 922 ¹.
680 888 942 923 Commumter
956 885 1027 922 sub
1043 886 1227 935 magistro
1243 885 1410 920 nationis
1423 885 1615 934 propriae,
1632 885 1749 920 immo
1763 883 1939 933 populari
1953 896 2036 926 suo,
2057 883 2187 919 deter-

262 959 502 994 minaverunt
521 963 561 993 et
589 955 807 992 debuerunt
834 955 1103 992 determinare.
1131 955 1211 991 Hoc
1241 953 1353 990 facile
1377 954 1486 1003 sequi
1513 954 1640 1003 possis
1664 954 1703 989 in
1725 954 1825 990 serie
1847 952 2186 989 determinantium

258 1027 347 1062 anni
376 1026 664 1076 cujuscumque.
681 1023 900 1074 Aliquando
918 1023 990 1060 sub
1017 1025 1201 1074 magistro
1228 1023 1376 1060 alienae
1398 1023 1565 1059 nationis
1589 1021 1956 1066 determinaverunt,
1975 1023 2030 1058 sic
2048 1022 2185 1071 aliquis

258 1095 478 1145 gallicatus,
498 1094 768 1145 picardizatus,
790 1095 1101 1130 normannizatus
1125 1093 1360 1131 dicebatur2.
1386 1094 1436 1130 Ut
1458 1091 1782 1129 examinatoribus
1803 1104 1870 1128 seu
1890 1091 2188 1141 temptatoribus

259 1165 613 1208 determinantium‚
637 1165 690 1201 ita
712 1163 1059 1200 determinantibus
1081 1170 1186 1200 certa
1206 1163 1422 1212 juramenta
1444 1162 1682 1211 praescripta
1705 1169 1815 1198 erant
1826 1162 1851 1196 3.
1880 1162 2189 1199 Determinantes

255 1217 484 1284 juramentis
504 1233 729 1270 asserebant
746 1233 975 1282 praesertim
994 1245 1091 1282 quos
1108 1232 1228 1268 libros
1245 1231 1484 1268 audivissent
1498 1238 1538 1268 et
1553 1243 1667 1281 quam
1685 1230 1873 1267 haberent
1889 1230 2056 1267 bursam.

309 1306 352 1340 In
380 1304 535 1353 scriptis
558 1301 788 1351 redigebant·
803 1301 948 1338 alumni
973 1315 1015 1339 se
1037 1301 1157 1338 libros
1182 1300 1358 1338 ordinate
1378 1300 1571 1338 audivisse
1591 1307 1631 1337 et
1659 1313 1680 1336 a
1700 1300 1840 1350 quibus
1861 1301 2068 1350 magistris.
2093 1301 2187 1337 Cum

259 1374 416 1410 Parisiis
436 1372 513 1409 tale
529 1372 804 1410 documentum
825 1384 901 1408 non
922 1373 1171 1422 reperiamus,
1194 1371 1417 1421 speciminis
1433 1371 1566 1413 instar,
1587 1369 1804 1419 exemplum
1820 1369 1914 1406 illud
1931 1382 1976 1406 ex
1991 1370 2188 1406 Universi-

259 1450 340 1480 tate
359 1441 650 1480 vindobonensi
671 1441 825 1478 saeculo
842 1454 904 1477 xiv
921 1448 1084 1478 exeunte
1104 1441 1363 1490 protrahimus
1373 1440 1398 1476 4.

243 1577 248 1585 ν
285 1552 380 1607 κΕςοἸ
398 1559 634 1599 Perchtoldus‚
652 1559 715 1591 Dei
735 1558 843 1604 gratia
862 1558 930 1590 dux
949 1557 990 1590 de
1008 1557 1214 1591 Radiawn...
1235 1556 1371 1602 publice
1390 1556 1563 1601 profiteor,
1579 1555 1670 1600 quod
1686 1555 1796 1588 audivi

305 1617 422 1650 Parva
438 1617 596 1662 Iogicalia
611 1629 627 1648 a
645 1628 732 1662 mag.
756 1616 884 1649 Flukch
905 1615 957 1657 [de
972 1615 1198 1656 Psullendorf]
1220 1621 1253 1647 et
1272 1615 1422 1647 ,Iohanne
1439 1613 1608 1648 Werbard
1625 1614 1693 1656 (i.e.
1709 1613 1894 1655 Berwardi)

309 1675 469 1720 Logia-am
490 1682 629 1708 veterem
648 1686 665 1707 a
685 1686 773 1720 mag.
797 1672 953 1707 Conrado
970 1681 1002 1706 et
1017 1673 1186 1706 Johannes
1205 1672 1374 1707 Werbard

307 1728 479 1765 Phisicar‘n
498 1732 687 1765 Aristotelia
704 1744 722 1764 a
737 1737 825 1778 mag.
844 1731 1000 1765 Conrado
1017 1731 1058 1764 de
1073 1730 1274 1777 Rotenburg

305 1791 479 1831 Euclidem
500 1797 533 1823 et
547 1790 744 1824 Inaolubilia
764 1803 783 1823 a
802 1802 890 1836 mag.
912 1790 1104 1823 Christiano
1122 1790 1164 1822 de
1179 1791 1281 1823 Gratz

312 1849 454 1894 Speram
473 1849 507 1892 (i.
526 1860 555 1881 e.
574 1849 751 1894 Spheram)
767 1861 786 1881 a
806 1861 894 1894 mag.
910 1849 1092 1895 Rechperg

310 1908 466 1940 Priorum
484 1907 648 1950 analytic.
665 1919 682 1939 a
699 1919 788 1953 mag.
809 1907 1001 1939 Christiano
1018 1907 1058 1939 de
1080 1908 1200 1939 Susato

307 1965 536 2011 Posterior-um
568 1977 586 1997 a
605 1977 692 2011 mag.
708 1965 858 1998 johanne
879 1964 919 1997 de
936 1965 1061 1997 Tannis

310 2023 517 2056 Greci-smum
529 2024 542 2046 ⁵
557 2035 574 2056 a
591 2035 678 2070 mag.
697 2023 915 2056 Gurtenstain

309 2139 536 2184 Confi¹edum⁷
557 2151 574 2171 a
595 2151 683 2185 mag.
706 2139 908 2186 De'lthinger

305 2279 332 2308 1.
378 2278 546 2318 Perperam
566 2277 713 2314 TmJRO'r,
730 2281 775 2308 De
790 2278 1018 2318 l’organisation
1040 2279 1078 2308 de
1099 2281 1174 2307 l'en-

263 2329 457 2367 seignement,
474 2334 547 2365 etc„
567 2338 600 2367 p.
617 2327 668 2363 48,
691 2333 755 2357 not.
773 2327 792 2357 4
810 2339 816 2357 z
835 2339 848 2354 α
865 2327 914 2357 Au
928 2333 996 2357 xiv‘
1013 2327 1124 2363 siecle,
1146 2327 1174 2357 le

263 2383 327 2406 mot
349 2377 386 2406 de
411 2376 584 2423 bacsmlarii
607 2387 645 2406 ne
669 2376 737 2406 leur
759 2383 807 2406 est
828 2376 935 2416 jamais
951 2377 1108 2417 applique.
1131 2377 1174 2406 lls

264 2429 336 2452 sont
348 2421 488 2462 toujours
504 2423 631 2463 appeles
644 2424 886 2452 determinantes.
908 2435 922 2451 n
947 2423 1061 2463 Utique
1076 2434 1175 2464 quan-

264 2473 366 2512 doque
376 2472 474 2502 adhuc
484 2473 644 2502 dicebatur
656 2483 673 2500 ω
683 2472 924 2502 determinantes
937 2481 965 2502 ee
978 2473 1147 2502 baccalarei
1159 2485 1172 2500 n

264 2521 324 2561 (48,
340 2522 400 2561 40).
413 2521 475 2551 Sed
488 2532 504 2550 e
521 2521 598 2551 locis
612 2528 645 2552 ut
659 2522 730 2559 623,
744 2522 774 2558 3,
787 2522 916 2554 omnino
926 2529 1055 2562 apparet
1068 2529 1175 2552 nostra

265 2570 430 2608 sententia,
454 2581 523 2599 nam
549 2571 703 2601 Hem-icus
719 2570 866 2600 Poelman
891 2581 993 2601 coram
1015 2572 1174 2612 magistris

265 2619 364 2649 solum
387 2620 619 2658 determinavit,
643 2626 673 2649 et
697 2620 772 2650 haec
793 2621 1029 2650 determinantia
1047 2627 1175 2650 vocatur

266 2681 279 2696 α
308 2668 536 2699 bacbalariatus
565 2682 592 2698 n.
619 2669 678 2699 vid
705 2669 796 2699 etiam
823 2670 893 2705 701,
921 2670 970 2699 40.
998 2669 1172 2699 Secundum

264 2717 402 2758 rigorem
431 2724 531 2748 tamen
566 2719 822 2754 determinantes,
853 2731 867 2746 α
898 2719 1128 2748 bachalariandi
1159 2731 1172 2746 ι)

265 2767 345 2804 (823,
377 2767 405 2807 3)
438 2767 537 2797 solum
561 2768 797 2797 determinantia
833 2768 971 2808 perfecta
1005 2768 1174 2798 baccalarei

265 2821 362 2845 erant.
378 2815 454 2845 Inde
462 2816 697 2846 determinantia
712 2823 819 2847 vocata
834 2817 1074 2846 baecalareatus.

306 2865 335 2894 2.
382 2866 425 2894 De
438 2865 488 2895 his
501 2865 678 2895 nominihus
691 2866 754 2895 vid.
771 2867 921 2901 Char-tul„
934 2865 973 2901 ll,
987 2877 1018 2907 p.
1035 2867 1082 2902 19,
1096 2873 1172 2903 not.;

268 2924 299 2954 p.
318 2914 375 2944 475
392 2920 422 2944 et
435 2924 530 2954 supra
544 2925 612 2955 cap.
627 2915 655 2944 5.

309 2963 338 2992 3.
382 2963 473 3000 una„
493 2974 523 3003 p.
539 2965 598 2994 672
610 2963 669 3004 (3);
686 2964 745 2994 673
759 2964 816 3004 (4);
834 2964 892 2995 674
911 2955 961 3005 ’(5).

308 2081 519 2126 Obligatoria
531 2081 546 2104 ⁶
561 2087 595 2114 et
606 2083 799 2114 exercitium
811 2084 967 2126 priorum
983 2093 1000 2113 a
1018 2093 1104 2127 mag.
1124 2081 1323 2113 Bernhardo
1343 2079 1539 2123 [Berwardi]
1560 2080 1601 2112 de
1619 2080 1768 2127 Villigen

1322 2279 1352 2308 4.
1398 2278 1422 2308 Ε
1446 2277 1634 2308 bibliotheca
1661 2277 1797 2317 Capituli
1821 2277 2024 2307 Posoniensis
2056 2288 2113 2307 ms.
2142 2279 2192 2314 68,

1282 2328 1364 2368 apud
1401 2326 1524 2363 Kmuz,
1557 2330 1581 2356 A
1610 2329 1758 2364 Pozsonyi
1785 2329 2003 2366 deealannak
2038 2329 2194 2356 Keziratai

1283 2376 1395 2417 (1870),
1420 2387 1452 2416 p.
1485 2377 1552 2406 140.
1575 2375 1816 2406 Instrumentum
1837 2376 1868 2405 in
1886 2376 1991 2416 lingua
2017 2377 2194 2416 germanica

1283 2425 1433 2465 scriptum
1450 2425 1543 2455 latine
1560 2426 1720 2455 vertimus.

1322 2476 1352 2505 5.
1397 2474 1584 2504 Emzmunm
1611 2474 1845 2510 Biz-mumma,
1867 2475 1915 2504 ed.
1938 2474 2096 2512 Wnonnt,
2121 2474 2194 2504 Vra-

1282 2523 1435 2559 tislaviae,
1454 2525 1541 2554 1887.

1321 2574 1351 2602 6.
1398 2573 1444 2603 De
1464 2573 1660 2612 Obligatoriis
1672 2573 1735 2602 vid.
1753 2572 1895 2609 ΡηΑΝτι,
1912 2574 2018 2603 ΟεεοΙι.
2036 2573 2091 2602 der
2103 2574 2195 2612 Logik

1282 2624 1322 2651 im
1348 2622 1489 2658 Abendl„
1515 2621 1567 2658 IV,
1588 2622 1627 2651 40
1649 2633 1734 2662 sqq„
1758 2623 1796 2652 52
1819 2632 1889 2662 sqq.
1920 2622 2143 2661 Obligaeionum
2168 2630 2195 2651 et

1284 2671 1487 2700 insolubilium
1504 2678 1664 2700 tractatum
1676 2671 1803 2711 scripsit
1813 2671 1970 2701 „Iohannes
1982 2671 2195 2701 Holandrinus

1283 2720 1343 2760 (ed.
1359 2719 1572 2756 Vindobonae,
1592 2720 1690 2759 1509).

1323 2771 1351 2799 7.
1396 2769 1608 2799 Godofredum
1631 2770 1668 2799 de
1684 2769 1879 2805 Vino-salvo,
1903 2779 1957 2798 seu
1979 2769 2118 2804 vinsaus,
2143 2769 2195 2809 qui

1283 2818 1412 2858 scripsit
1435 2820 1586 2847 Poeticam
1614 2829 1720 2847 novam
1745 2819 1804 2856 (ed.
1829 2818 1964 2853 Lssvsssn,
1991 2820 2069 2847 Hist.
2095 2829 2194 2857 poem.

1283 2868 1361 2898 med.
1376 2869 1454 2903 aevi,
1471 2878 1502 2908 p.
1517 2867 1599 2907 862),
1614 2877 1725 2897 versus
1740 2868 1819 2896 2114
1830 2867 2024 2896 hexametros
2039 2867 2196 2897 continen-

1285 2923 1356 2951 tem.
1379 2927 1457 2956 quae
1476 2917 1514 2946 de
1536 2923 1602 2946 arte
1626 2917 1776 2952 dictandi,
1796 2916 1993 2946 versificandi
2017 2923 2046 2946 et
2064 2918 2198 2946 transsc-

1289 2966 1377 2995 rendi
1394 2966 1467 3006 agit.
