2632 3464
445 413 497 439 259

445 488 545 528 prima
565 487 676 517 Nostre
697 487 826 516 Domine
848 487 886 515 ad
908 486 1081 525 eligendum
1104 490 1348 524 procuratorem,

443 537 560 567 electus
587 542 650 566 erat
675 535 858 565 unanimiter
893 535 923 563 in
955 540 1185 573 procuratorem
1209 532 1349 561 nacionis

445 586 584 626 predicte
604 585 751 625 magister
767 584 944 613 Johannnes
961 583 1037 612 Uter
1058 582 1153 621 Spiic,
1175 580 1350 620 Trajecten-

445 635 490 664 sis
506 634 661 674 dyocesis,
680 633 764 662 nullo
785 633 1022 662 contradicente.
1042 631 1075 660 ln
1096 630 1181 670 cujus
1199 639 1349 669 procura-

444 684 533 713 cione
547 689 612 712 acta
629 689 700 712 sunt
715 692 773 722 que
789 687 968 721 sequuntur.

487 732 591 761 Primo
610 733 715 760 eodem
734 731 783 760 die
796 730 952 770 magistris
971 739 1024 759 sue
1041 728 1179 757 nacionis
1199 730 1229 756 in
1241 738 1349 767 magno

450 784 616 810 Turonense
637 780 746 819 viginti
772 789 863 808 unum
884 778 1001 808 solidos
1020 788 1087 807 cum
1108 783 1177 806 octo
1195 776 1347 812 denariis,

447 836 536 859 scuto
552 830 670 859 valente
686 829 818 858 sedecim
833 828 962 862 solidos,
980 827 1167 866 propinavit.

484 879 558 909 Item
588 889 679 913 anno,
705 887 820 911 mense,
844 877 893 905 die
919 882 948 905 et
970 875 1215 915 congregacione
1237 875 1349 914 quibus

446 940 554 970 supra,
571 928 723 968 quoddam
741 932 884 955 statutum
899 935 979 954 anno
998 924 1122 953 Domini
1142 924 1229 959 1359,
1245 924 1294 952 die
1312 924 1350 953 23

449 979 565 1009 mensis
588 975 789 1015 Septembris,
807 975 838 1003 in
854 974 992 1003 facultate
1006 983 1063 1012 pro
1079 973 1132 1002 illo
1146 983 1226 1002 anno
1242 979 1351 1002 tenen-

447 1030 519 1058 dum
547 1023 757 1059 ordinatum⁴,
790 1024 908 1052 scilicet
936 1029 968 1051 ut
997 1022 1126 1061 quilibet
1156 1023 1194 1051 ad
1219 1021 1351 1061 aliquem

446 1084 547 1107 actum
568 1074 741 1114 procedens
770 1082 826 1112 pro
851 1078 936 1101 sexta
962 1072 1066 1106 bursa,
1090 1081 1179 1110 quam
1208 1076 1352 1109 receptor

448 1125 587 1155 nacionis
611 1123 748 1161 recipere
773 1121 931 1150 consuevit
951 1130 1007 1159 pro
1036 1120 1176 1159 negociis
1202 1119 1351 1148 facultatis

448 1172 651 1206 sustinendis,
669 1171 767 1200 tradat
786 1170 921 1209 quinque
938 1179 1067 1208 grossos
1087 1169 1284 1208 Philippinos
1299 1168 1352 1197 uni

449 1222 602 1261 receptori
630 1219 756 1259 speciali
777 1220 814 1248 ad
839 1219 896 1247 hoc
918 1228 975 1258 per
1002 1218 1172 1247 facultatem
1194 1219 1350 1257 deputato,

449 1282 505 1301 nec
527 1276 709 1309 procurator
725 1268 854 1306 recipiet
866 1267 1083 1307 juramentum,
1104 1267 1164 1296 nisi
1183 1266 1354 1306 portaverit

451 1321 605 1360 signetum
623 1317 753 1357 predicti
774 1317 926 1355 deputati,
946 1326 1002 1355 pro
1026 1326 1106 1345 anno
1125 1316 1226 1344 futuro
1244 1321 1353 1344 tenen-

451 1370 522 1398 dum
539 1367 746 1397 continuatum
765 1366 821 1395 fuit
834 1372 864 1395 et
881 1375 1072 1394 concessum.

490 1418 564 1447 Item
580 1426 659 1445 anno
679 1422 712 1444 ut
731 1425 836 1454 supra,
855 1415 886 1443 3⁸
903 1414 951 1443 die
969 1414 1085 1443 mensis
1101 1413 1259 1449 Octobris,
1278 1414 1355 1442 facta

449 1465 693 1506 congregacione
709 1464 858 1493 facultatis
871 1463 985 1492 arcium
1000 1463 1081 1502 apud
1097 1462 1241 1492 Sanctum
1257 1462 1353 1491 Matu-

450 1516 550 1545 rinum
575 1515 605 1542 in
632 1513 739 1552 primis
760 1513 872 1542 Nostre
892 1512 1023 1541 Domine
1047 1512 1085 1540 ad
1108 1511 1284 1551 eligendum
1305 1511 1354 1541 vel

450 1563 689 1594 continuandum
704 1568 894 1601 receptorem
913 1571 1101 1590 communem
1119 1561 1269 1590 facultatis
1284 1571 1354 1600 pre-

450 1613 531 1642 dicte
557 1618 586 1641 et
613 1612 650 1640 ad
675 1611 857 1640 audiendum
889 1616 1062 1648 compotum
1088 1610 1125 1638 de
1148 1610 1299 1649 expositis
1325 1616 1355 1639 et

450 1661 596 1700 receptis,
623 1660 815 1689 continuatus
838 1665 902 1688 erat
923 1659 1069 1698 magister
1092 1658 1247 1688 Johannes
1270 1658 1354 1688 Ance

452 1709 591 1740 nacionis
614 1708 769 1737 Gallicane
797 1709 827 1737 in
851 1718 1040 1736 communem
1064 1714 1270 1746 receptorem,
1302 1708 1354 1747 qui

450 1759 540 1789 talem
567 1759 638 1787 fecit
663 1764 847 1796 computum,
873 1757 955 1795 quod
983 1757 1124 1785 omnibus
1149 1757 1300 1796 expositis
1324 1757 1355 1785 in

451 1808 591 1847 negociis
618 1807 766 1835 facultatis
791 1805 927 1845 ejusdem
952 1806 1108 1834 defalcatis
1130 1806 1210 1834 dicte
1230 1807 1356 1835 deberet

452 1856 584 1886 facultati
603 1857 640 1885 29
652 1856 771 1895 ragales
790 1855 850 1894 (sic)
865 1865 932 1883 cum
948 1854 1008 1883 2bu·
1022 1855 1143 1894 grossis
1158 1854 1206 1883 vel
1218 1855 1289 1883 3b¹¹⁸.

493 1906 567 1935 Item
592 1915 671 1933 anno
696 1914 757 1943 quo
782 1914 885 1943 supra,
914 1905 961 1933 9¹²·
987 1904 1035 1932 die
1058 1903 1173 1932 mensis
1197 1904 1353 1939 Octobris,

453 1956 529 1984 facta
550 1954 794 1993 congregacione
814 1953 952 1981 nacionis
971 1953 1140 1992 Anglicane
1163 1954 1243 1992 apud
1260 1953 1356 1982 Sanc-

452 2010 516 2033 tum
531 2002 717 2032 Maturinum
733 2003 763 2031 in
781 2002 889 2041 primis
905 2002 1017 2031 Nostre
1034 2002 1164 2031 Domine
1179 2003 1217 2030 ad
1235 2002 1356 2042 suppli-

454 2053 582 2081 candum
596 2058 625 2080 et
637 2051 820 2080 audiendum
839 2057 1013 2090 computum
1030 2051 1201 2089 receptoris
1219 2050 1355 2090 ejusdem

452 2101 601 2135 nacionis,
615 2100 799 2139 supplicavit
809 2100 954 2139 magister
963 2099 1140 2138 Rutgherus
1149 2098 1216 2140 [de]
1227 2100 1356 2129 Wevel-

453 2150 564 2184 koven,
588 2149 769 2178 Leodiensis
793 2149 947 2187 dyocesis,
971 2155 1004 2177 ut
1031 2149 1057 2177 si
1077 2149 1271 2188 contingeret
1290 2150 1356 2178 fieri

453 2199 585 2227 rotulum
601 2198 632 2226 in
645 2198 852 2227 Universitate
872 2197 1043 2226 Parisiensi
1062 2198 1099 2226 ad
1115 2198 1259 2226 domnum
1270 2198 1357 2237 Apo-

453 2247 606 2281 stolicum,
628 2248 711 2286 quod
732 2247 799 2286 ipse
817 2248 928 2275 absens
944 2253 1085 2285 tanquam
1101 2257 1232 2286 presens
1250 2254 1358 2286 posset

453 2295 581 2335 imponi,
593 2296 637 2325 sic
648 2297 730 2334 quod
741 2306 797 2335 per
808 2296 922 2324 nullum
934 2296 1127 2334 suppositum
1138 2296 1186 2324 vel
1197 2297 1358 2335 supposita

454 2345 578 2374 racione
601 2355 654 2373 sue
679 2351 786 2383 posset
804 2344 945 2373 absencie
968 2344 1122 2383 impediri,
1142 2355 1209 2374 cum
1228 2351 1358 2384 propter

454 2404 561 2422 causas
593 2393 759 2433 legitimas,
795 2393 911 2422 scilicet
944 2393 1061 2422 litteras
1090 2394 1268 2433 inscriptas,
1297 2404 1358 2422 non

455 2443 555 2481 possit
568 2442 707 2471 Parisius
718 2442 951 2481 presencialiter
965 2452 1156 2481 permanere,
1171 2453 1230 2481 que
1242 2443 1358 2481 suppli-

457 2491 540 2520 cacio
557 2491 615 2519 sibi
633 2497 697 2519 erat
715 2501 862 2519 concessa
875 2491 1009 2520 totaliter
1026 2492 1121 2520 forma
1137 2492 1194 2520 sub
1206 2492 1356 2530 predicta,

456 2540 619 2568 dummodo
637 2540 749 2568 nuncio
771 2540 871 2568 futuro
892 2550 947 2578 per
963 2550 996 2568 se
1012 2540 1061 2569 vel
1076 2550 1133 2579 per
1147 2540 1274 2570 amicum
1294 2541 1358 2570 sive

456 2588 546 2617 alium
564 2599 686 2627 quoque
703 2589 793 2617 modo
807 2589 886 2617 foret
901 2589 1097 2618 satisfactum.

496 2637 535 2666 Et
565 2638 608 2666 sic
643 2644 771 2676 propter
805 2637 938 2676 graciam
976 2637 1035 2666 sibi
1071 2638 1178 2667 factam
1213 2638 1359 2678 magister

457 2686 634 2725 Rutgherus
649 2686 807 2725 predictus
823 2686 987 2725 magistros
1001 2697 1107 2716 omnes
1124 2686 1263 2716 nacionis
1278 2694 1359 2716 ante-

458 2734 538 2763 dicte
569 2736 683 2764 ducens
707 2736 749 2763 ad
776 2736 938 2774 hospicium
965 2736 1089 2764 Rutheri
1115 2735 1201 2775 juxta
1237 2737 1359 2765 domum

459 2782 602 2812 Richoldi
620 2784 664 2812 eis
685 2784 843 2813 dimidium
863 2784 997 2823 regalem
1011 2784 1151 2824 graciose
1173 2785 1358 2824 propinavit.

490 2893 512 2916 1.
552 2893 604 2915 Vid.
620 2901 707 2923 supra,
721 2901 747 2924 p.
761 2894 814 2921 251,
827 2894 856 2916 34

490 2928 512 2950 2.
548 2929 593 2950 Ma.
609 2928 742 2951 Bloukere.

983 408 1205 435 AUCTARIUM
1231 407 1489 434 CHARTULARII
1514 407 1688 433 UNIVERS.
1710 406 1829 434 PARIS.

1388 929 1422 954 10

1390 1173 1423 1200 15

1391 1420 1425 1446 20

1392 1666 1426 1692 25

1393 1912 1427 1937 30

1394 2157 1427 2183 35

1395 2403 1429 2429 40

1396 2648 1430 2674 45

2312 409 2365 436 260

1498 483 1573 513 Item
1611 493 1703 518 anno,
1730 483 1780 513 die
1804 483 1932 519 mensis,
1961 485 2214 524 congregatione,
2240 485 2309 515 loco
2335 492 2367 515 et

1458 532 1534 561 hora
1562 532 1676 572 quibus
1704 542 1798 571 supra
1830 533 1970 572 proxime
2006 533 2193 572 supplicavit
2218 534 2367 574 magister

1458 581 1621 611 Conradus
1644 580 1823 611 Kloukere²
1843 582 1935 610 modo
1953 588 1983 611 et
2004 582 2112 619 forma,
2132 582 2247 622 quibus
2266 583 2366 624 magi-

1458 635 1523 659 ster
1538 629 1717 670 Rutgherus
1732 630 1905 660 immediate
1919 631 2126 670 prescriptus‚
2143 641 2203 671 que
2217 641 2366 662 concessa

1458 685 1524 708 erat
1539 679 1742 708 consimiliter
1758 679 1871 709 nuncio
1887 680 2056 715 satisfacto,
2077 686 2135 709 etc.

1499 727 1574 757 Item
1598 737 1690 763 anno,
1718 728 1768 757 die
1798 728 1926 764 mensis,
1959 729 2216 769 congregacione,
2241 729 2310 759 loco
2337 735 2367 759 et

1458 776 1535 806 hora
1553 777 1666 816 quibus
1689 786 1784 816 supra
1801 777 1916 816 placuit
1932 778 2139 817 procuratori,
2160 778 2315 818 receptori
2337 784 2367 808 et

1458 825 1616 865 magistris
1629 825 1772 855 omnibus
1787 826 1855 856 aliis
1869 827 2068 866 presentibus
2079 827 2218 866 predicte
2227 827 2367 857 nacionis

1459 875 1543 914 quod
1562 875 1710 914 magister
1724 874 1883 905 Arnoldus
1899 875 2012 912 Ghier,
2029 874 2238 916 Trajectensis
2253 877 2368 916 dyoce-

1461 923 1517 959 sis,
1545 923 1590 953 eis
1614 924 1647 952 in
1673 924 1806 963 prandio
1828 934 1885 963 pro
1909 924 2009 964 prima
2035 925 2292 965 congregacione,
2319 925 2368 955 cui

1459 972 1608 1007 interfuit,
1637 979 1667 1002 et
1694 983 1751 1012 pro
1777 973 2012 1013 procuracionis
2034 973 2133 1003 officio
2157 974 2259 1013 primo
2285 975 2369 1014 quod

1460 1021 1562 1060 ipsum
1577 1021 1772 1061 contingeret
1791 1032 1948 1057 exercere,
1966 1022 2020 1051 illo
2039 1023 2088 1052 die
2103 1023 2296 1063 propinaret,
2315 1024 2369 1063 qui

1460 1070 1576 1100 eisdem
1595 1072 1624 1099 in
1639 1071 1725 1099 domo
1741 1072 1887 1100 Ruutheri
1898 1071 2052 1100 antedicto
2068 1081 2136 1101 cum
2151 1072 2370 1112 propinatione

1460 1119 1599 1159 magistri
1613 1119 1766 1159 Rutgheri
1781 1129 1874 1149 unum
1889 1126 2043 1150 mutonem
2062 1121 2203 1150 benivole
2220 1121 2370 1161 propina-

1459 1168 1515 1204 vit,
1537 1167 1623 1208 cujus
1643 1169 1767 1198 racione
1786 1169 1934 1209 magister
1954 1169 2114 1199 Arnoldus
2137 1170 2333 1210 prescriptus
2352 1180 2370 1200 a

1460 1218 1683 1258 propinacione
1716 1227 1806 1247 causa
1837 1217 1962 1248 illorum
1989 1218 2132 1258 ampliori
2160 1219 2270 1249 debeat
2299 1228 2368 1249 esse

1462 1267 1577 1306 quitus.

1870 1360 1968 1390 1360

1554 1430 1626 1471 (F'ol.
1645 1430 1721 1471 44¹³)
1762 1430 1951 1461 Johannes
1978 1430 2069 1462 Uter
2098 1431 2201 1472 Spiic
2230 1433 2273 1462 de

1808 1480 2023 1510 Hollandia.

1502 1560 1594 1590 Anno
1617 1570 1678 1599 quo
1700 1569 1805 1599 supra,
1827 1560 1879 1589 21⁰
1901 1560 1951 1589 die
1971 1559 2088 1590 mensis
2113 1560 2271 1597 Octobris,
2296 1560 2372 1590 hora

1463 1609 1562 1649 prime
1578 1609 1691 1639 Nostre
1710 1609 1841 1638 Domine
1861 1609 1939 1638 facta
1959 1610 2203 1649 congregacione
2220 1609 2371 1640 facultatis

1463 1659 1573 1688 artium
1602 1659 1640 1687 ad
1670 1658 1855 1687 audiendum
1886 1664 2063 1697 computum
2093 1658 2224 1688 rectoris
2253 1658 2371 1699 antiqui

1464 1707 1684 1737 Universitatis
1697 1713 1728 1736 et
1741 1707 1879 1736 nacionis
1894 1706 2065 1746 Anglicane
2080 1708 2118 1736 ad
2133 1707 2308 1747 eligendum
2322 1707 2372 1738 vel

1465 1756 1704 1786 continuandum
1717 1762 1950 1795 procuratorem
1961 1755 2098 1795 ejusdem
2110 1757 2261 1792 nacionis,
2277 1757 2372 1786 conti-

1464 1812 1574 1835 nuatus
1590 1811 1655 1834 erat
1667 1805 1815 1844 magister
1828 1804 1984 1834 Johannes
1998 1805 2075 1834 Uter
2087 1805 2172 1844 Spiic
2187 1805 2371 1842 antedictus,

1464 1861 1494 1884 et
1517 1854 1576 1884 hoc
1599 1855 1679 1893 apud
1700 1853 1844 1883 Sanctum
1862 1853 2015 1883 Julianum
2033 1863 2212 1894 pauperem.
2233 1854 2268 1884 ln
2286 1854 2372 1895 cujus

1464 1903 1686 1943 procuracione
1700 1903 1776 1932 facta
1794 1909 1865 1932 sunt
1880 1902 2050 1942 sequentia.

1504 1953 1596 1982 Anno
1614 1962 1675 1992 quo
1691 1962 1796 1991 supra,
1811 1952 1847 1982 27
1864 1952 1914 1981 die
1925 1952 2041 1981 mensis
2057 1951 2205 1991 ejusdem,
2220 1953 2252 1982 in
2263 1952 2373 1992 primis

1465 2002 1578 2031 Nostre
1601 2001 1732 2030 Domine
1750 2001 1827 2030 facta
1846 2000 2092 2041 congregacione
2109 2001 2249 2031 nacionis
2265 2001 2374 2042 Angli-

1465 2061 1538 2080 cane
1558 2051 1640 2090 apud
1659 2050 1803 2079 Sanctum
1825 2050 2012 2086 Maturinum
2032 2050 2070 2079 ad
2086 2050 2271 2080 audiendum
2289 2059 2374 2080 com-

1465 2106 1570 2139 potum
1585 2099 1758 2139 receptoris
1772 2098 1909 2139 ejusdem
1921 2099 2067 2135 nationis,
2083 2099 2268 2139 computavit
2280 2099 2374 2140 magi-

1465 2155 1529 2178 ster
1551 2148 1667 2177 Themo
1689 2154 1833 2187 receptor
1849 2148 1906 2183 sic,
1930 2149 2013 2187 quod
2033 2149 2175 2178 omnibus
2191 2148 2374 2188 computatis

1465 2204 1496 2227 et
1510 2197 1667 2227 defalcatis
1683 2197 1767 2226 natio
1790 2197 1924 2226 obtinuit
1942 2197 1973 2225 in
1991 2203 2136 2237 prompta
2150 2197 2282 2237 pecunia
2295 2198 2374 2227 duos

1466 2246 1598 2286 regales,
1619 2247 1657 2276 de
1677 2247 1790 2286 quibus
1812 2246 1880 2285 ipsa
1899 2246 1990 2275 debet
2010 2246 2159 2286 magistro
2180 2246 2317 2276 Henrico
2336 2247 2375 2276 de

1467 2296 1594 2335 Kempis
1614 2305 1703 2324 unam
1726 2295 1846 2330 libram,
1877 2294 2005 2324 dimidio
2027 2295 2126 2335 regali
2150 2295 2262 2330 minus,
2285 2304 2375 2334 quam

1466 2345 1509 2373 ibi
1535 2344 1671 2379 sustulit,
1695 2350 1724 2373 et
1749 2354 1816 2373 cum
1839 2343 1898 2372 hoc
1920 2343 2018 2373 libros
2039 2354 2056 2373 a
2078 2350 2239 2384 receptore
2267 2344 2375 2374 eodem

1466 2399 1641 2422 reservatos
1667 2399 1752 2422 extra
1780 2403 1892 2428 arcam,
1922 2403 2001 2432 quos
2026 2393 2063 2422 ad
2091 2393 2227 2422 valorem
2255 2393 2274 2422 6
2303 2402 2376 2422 scu-

1466 2448 1597 2471 tatorum
1621 2442 1772 2471 Johannis
1795 2452 1862 2471 cum
1884 2442 2011 2471 dimidio
2036 2441 2149 2471 taxavit
2172 2447 2202 2471 et
2225 2451 2292 2471 cum
2317 2441 2375 2470 hoc

1466 2491 1561 2520 alicos
1573 2490 1585 2509 ³
1605 2491 1682 2520 alios
1699 2491 1797 2520 libros
1817 2491 1898 2530 apud
1916 2490 2086 2520 Johannem
2109 2491 2147 2520 de
2167 2491 2261 2520 Porta
2280 2490 2376 2520 libra·

1467 2541 1545 2569 rium
1573 2539 1775 2575 existentes⁴‚
1810 2550 1900 2579 quem
1934 2545 2109 2579 computum
2142 2539 2245 2569 nullus
2277 2539 2375 2569 recla-

1467 2589 1567 2618 mavit.

1507 2637 1598 2667 Anno
1625 2647 1687 2676 quo
1709 2647 1815 2677 supra,
1843 2638 1861 2666 3
1883 2637 1932 2666 die
1960 2637 2075 2667 mensis
2096 2637 2280 2667 Novembris
2304 2643 2377 2676 post

1468 2687 1591 2716 missam
1621 2686 1839 2716 Universitatis
1865 2686 1942 2715 sacta
1965 2686 2210 2726 congregacione
2240 2685 2377 2725 generali

1467 2737 1549 2775 apud
1566 2735 1709 2765 Sanctum
1729 2735 1927 2770 Maturinum,
1943 2735 2109 2774 proposuit
2125 2741 2227 2764 rector
2243 2734 2377 2764 Univer-

1469 2785 1568 2814 sitatis
1601 2784 1800 2819 parisiensis
1830 2789 1863 2813 ut
1889 2784 2009 2813 rotulus
2037 2784 2125 2813 fieret
2158 2784 2196 2813 ad
2219 2783 2376 2813 dominum

1499 2896 1523 2918 3.
1556 2896 1576 2918 1.
1590 2903 1612 2918 ε.
1630 2894 1742 2926 aliquos.

1499 2931 1523 2954 4.
1561 2930 1614 2954 Vid.
1630 2938 1716 2961 supra,
1731 2938 1758 2961 p.
1773 2930 1828 2958 241,
1842 2930 1881 2954 42.
