2632 3464
270 422 323 449 1⁰9

314 498 388 528 ltem
407 496 551 527 dominus
569 496 726 527 Johannes
745 497 784 526 de
803 495 899 526 Dacia
913 501 1036 524 tenetur
1054 493 1178 523 nacioni

269 546 393 577 solvere
405 546 437 575 in
452 545 617 576 Nativitate
631 546 718 575 beate
732 544 872 585 Virginis
886 543 939 573 LX
955 543 1085 573 solidos.

311 595 387 626 Item
396 595 540 624 dominus
549 594 738 625 Wilhelmus
747 592 916 623 Surmonth
925 598 1047 622 tenetur
1057 591 1179 622 solvere

271 644 393 674 nacioni
411 644 467 674 XX
482 643 602 674 solidos
615 644 654 672 de
667 642 739 672 forti
754 647 887 671 moneta.

314 693 389 723 ltem
405 693 548 722 dominus
559 691 717 722 lohannes
728 690 914 720 Kinnemoth
925 696 1047 720 tenetur
1059 690 1180 719 solvere

270 742 394 773 nacioni
420 741 462 771 lx
491 741 610 771 solidos
638 740 727 770 fortis
757 746 891 775 monete,
919 739 992 778 quia
1018 739 1182 769 tenebatur

272 790 356 822 XXV
386 790 498 820 solidis
527 789 617 820 sortis
650 795 788 823 monete,
822 789 860 818 de
890 788 1004 828 quibus
1036 787 1181 817 dominus

272 840 450 870 Alexander
467 838 562 869 solvit
580 838 703 868 nacioni
725 837 737 867 1
758 843 877 867 scutum
895 847 965 867 cum
987 847 1048 867 uno
1067 836 1178 866 solido.

315 889 389 919 Item
411 889 461 918 die
481 894 512 918 et
532 887 609 917 hora
632 887 749 916 eisdem
776 887 864 916 nacio
892 886 1032 926 predicta
1055 887 1183 915 dederat

274 938 424 978 magistro
456 937 582 966 Galtero
607 937 645 965 de
669 935 840 965 Wardelau
871 935 927 965 XX
953 935 1073 965 solidos
1095 933 1183 974 juxta

274 987 403 1017 formam
417 986 533 1016 statuti.

316 1035 391 1066 Item
406 1035 492 1064 dedit
510 1034 659 1075 magistro
677 1033 810 1064 Johanni
828 1034 866 1063 de
883 1033 1023 1063 Wesalia
1037 1033 1094 1063 XX
1111 1033 1183 1063 soli-

277 1085 335 1114 dos
353 1094 391 1114 ex
406 1084 518 1124 gratia.

314 1133 388 1163 Item
406 1133 555 1172 magistro
573 1131 740 1162 Thiderico
758 1131 914 1172 receptori
928 1132 1014 1161 dedit
1030 1131 1184 1171 quinqua-

273 1182 358 1224 ginta
375 1181 506 1217 solidos,
521 1181 641 1211 scilicet
655 1181 709 1211 XL
726 1181 896 1211 secundum
917 1181 1044 1210 formam
1065 1180 1183 1216 statuti,

275 1237 307 1262 et
319 1231 347 1261 X
363 1241 401 1260 ex
417 1231 528 1271 gratia.

316 1279 411 1310 Item⁴
446 1279 502 1310 XX
525 1279 575 1309 die
601 1279 686 1309 Junii
711 1280 788 1309 facta
816 1279 1064 1319 congregacione
1087 1279 1186 1319 magi-

277 1335 411 1360 strorum
421 1329 560 1359 nacionis
570 1328 740 1369 Anglicane
752 1329 834 1368 apud
844 1328 989 1358 Sanctum
999 1328 1186 1358 Maturinum

275 1379 314 1409 ad
329 1378 546 1413 ordinandum,
565 1378 810 1417 dispensandum
825 1383 856 1407 et
869 1387 928 1417 pro
944 1377 1188 1417 supplicacioni-

277 1428 351 1462 bus,
388 1427 545 1457 concessit
577 1427 726 1467 magister
759 1426 903 1456 Galterus
938 1427 976 1456 de
1006 1425 1187 1456 Wardelaw

277 1477 403 1506 domino
424 1475 575 1516 lnjeramo
595 1477 633 1505 de
660 1476 805 1510 Ketenes‚
830 1477 913 1515 quod
938 1482 1047 1515 posset
1069 1485 1138 1505 esse
1159 1481 1189 1505 et

277 1526 415 1565 reputari
430 1525 640 1554 determinans
653 1531 733 1559 actu,
751 1524 862 1554 solutis
878 1524 1037 1554 solvendis
1051 1524 1186 1559 nacioni,

277 1584 370 1615 quam
398 1575 523 1614 quidem
551 1574 682 1614 gratiam
712 1575 848 1603 fecerant
878 1574 938 1603 sibi
980 1573 1121 1613 magistri
1150 1574 1188 1602 de

277 1623 419 1653 facultate
436 1623 564 1658 arcium,
580 1629 610 1652 et
627 1633 695 1652 eum
713 1623 836 1652 nacioni
856 1623 1047 1662 presentavit
1065 1622 1188 1662 suppli-

276 1682 362 1708 cans,
386 1672 459 1712 quia
485 1682 669 1702 recessurus
694 1678 760 1701 erat
781 1673 818 1701 ad
848 1678 966 1712 partes,
993 1672 1077 1712 quod
1099 1671 1188 1701 nacio

276 1721 380 1762 ipsum
396 1721 490 1751 vellet
503 1721 759 1751 determinantem
778 1727 936 1760 reputare,
957 1731 1048 1761 quam
1066 1720 1189 1760 suppli-

277 1770 435 1800 cacionem
454 1770 612 1800 concessit
633 1770 694 1800 sibi
717 1770 818 1800 nacio.
844 1769 951 1800 Voluit
978 1776 1080 1799 tamen
1105 1770 1189 1809 quod

279 1819 379 1859 prius,
402 1829 492 1859 quam
519 1825 628 1859 posset
647 1818 783 1859 juribus,
816 1819 991 1859 privilegiis
1015 1826 1046 1849 et
1070 1819 1190 1848 actibus

278 1868 514 1899 determinantia
535 1868 591 1904 uti,
615 1868 752 1898 solveret
775 1868 897 1898 nacioni
922 1868 1082 1904 solvenda,
1107 1868 1190 1908 quod

281 1917 423 1958 p[l]acuit
440 1917 639 1958 supplicanti.

322 2015 397 2045 ltem
426 2016 476 2045 die
506 2015 672 2056 sequenti²
699 2016 778 2046 facta
801 2016 915 2045 ibidem
944 2015 1192 2056 congregacione

279 2065 448 2094 eorundem
466 2065 504 2094 ad
526 2071 703 2105 requestam
719 2071 750 2095 et
769 2065 1034 2105 supplicacionem
1050 2064 1191 2105 magistri

281 2113 399 2143 Galteri
417 2113 567 2153 predicti,
585 2120 656 2143 tunc
672 2114 897 2154 procuratoris,
915 2115 953 2143 ad
970 2120 1074 2154 partes
1091 2120 1193 2143 tamen

281 2163 448 2198 recessuri,
466 2163 652 2193 substitutus
669 2163 725 2193 fuit
743 2169 928 2203 procurator
941 2163 1009 2192 loco
1028 2163 1075 2193 sui
1094 2162 1194 2203 magi-

281 2217 348 2244 ster
366 2211 501 2242 Thomas
521 2213 560 2242 de
581 2211 734 2252 Wedayle
754 2212 913 2252 magistris
935 2212 1079 2242 omnibus
1105 2218 1135 2242 et
1157 2222 1194 2242 eo

281 2261 566 2297 consencientibus,
591 2260 678 2301 cujus
699 2261 924 2291 substitucione
947 2268 1013 2292 acta
1036 2267 1108 2291 sunt
1134 2271 1194 2301 que

283 2316 468 2350 sequuntur.

323 2359 431 2389 Primo
446 2359 535 2389 factis
551 2359 735 2399 quibusdam
755 2360 1057 2400 congregacionibus
1072 2359 1196 2390 faculta-

283 2408 324 2438 tis
347 2409 458 2438 artium
485 2409 524 2438 ad
547 2408 693 2438 Sanctum
721 2408 876 2438 Julianum
899 2419 1066 2449 pauperem
1097 2409 1197 2439 vocati

285 2458 409 2487 fuerunt
428 2456 455 2486 V
471 2457 613 2498 magistri
636 2457 668 2487 in
683 2457 865 2498 t[h]eologia
887 2459 926 2487 ad
944 2458 1197 2498 respondendum

285 2506 347 2536 illis
371 2516 432 2546 que
453 2513 557 2536 rector
582 2506 676 2536 vellet
697 2507 744 2536 eis
769 2517 947 2547 proponere
980 2507 1010 2536 in
1035 2507 1198 2547 presencia

286 2555 505 2596 magistrorum
523 2556 561 2585 de
578 2555 754 2586 facultate⁸.
777 2556 837 2594 Qui
861 2557 998 2596 quinque
1019 2556 1091 2586 licet
1113 2566 1199 2586 com-

286 2605 458 2645 paruerint,
481 2604 647 2635 noluerunt
670 2605 774 2635 debite
796 2605 969 2646 propositis
992 2606 1197 2646 respondere,

286 2659 334 2684 set
351 2654 572 2684 contumaciter
587 2660 798 2690 recesserunt,
822 2655 1054 2695 appellaciones
1073 2655 1199 2685 frivolas

319 2773 343 2798 1.
376 2772 435 2797 Alio
452 2772 611 2798 charactere.

318 2808 342 2833 2.
375 2809 404 2833 21
417 2808 498 2833 Junti.

321 2844 344 2868 8.
377 2844 508 2876 Agebatur
517 2845 550 2868 de
558 2844 751 2877 praepositione
761 2845 872 2870 nomr‘nin
881 2854 892 2869 α
902 2846 1020 2870 aectoris
1031 2854 1043 2870 ι)
1055 2846 1080 2870 in
1089 2846 1200 2878 publicio

289 2879 356 2903 aclis
374 2880 560 2908 Unioerulatia,
575 2880 672 2905 scilicet
691 2889 697 2905 ι
716 2881 810 2906 Rector
828 2885 854 2906 ot
870 2881 1036 2906 universitas
1057 2883 1200 2915 magistro-

291 2923 348 2939 rum
363 2915 550 2940 Universitati·
564 2916 662 2945 Paris.;
673 2915 789 2949 theologi
798 2917 931 2942 voluerunt
944 2917 1094 2942 vocabulum
1108 2919 1202 2944 Recto?

290 2950 393 2983 deponi.
408 2951 447 2983 CsZ
459 2951 576 2976 Chai-tul.
593 2951 724 2982 [Μίνω-1.,
739 2953 772 2982 ΙΙ,
786 2957 814 2977 n·
826 2953 896 2977 1143.

778 420 891 447 LIBER
913 418 1227 446 PROCURATORUM
1245 417 1427 444 NATIOle
1446 418 1691 444 ANGLICANAE

1221 939 1254 965 10

1223 1185 1256 1211 15

1225 1431 1259 1457 20

1226 1678 1260 1705 25

1228 1923 1262 1949 30

1231 2169 1265 2196 35

1235 2415 1269 2442 40

1236 2665 1270 2692 45

2145 421 2198 447 110

1287 494 1474 523 emittentes.
1494 494 1579 531 Quos
1595 494 1622 522 V
1638 494 1804 533 magistros
1820 496 1859 524 ob
1876 496 2096 525 contumaciam
2114 496 2194 525 illam

1288 549 1318 572 et
1337 543 1394 572 alia
1416 543 1578 582 proposita
1601 549 1709 572 contra
1730 554 1800 578 eos,
1825 544 1938 583 quibus
1960 545 2125 574 noluerunt
2149 555 2196 574 re-

1288 593 1456 631 spondere,
1484 598 1588 621 rector
1611 598 1641 621 et
1671 602 1778 621 omnes
1807 592 1858 621 alii
1885 593 2026 632 magistri
2051 594 2088 622 de
2117 594 2197 623 dicta

1290 641 1430 670 facultate
1453 641 1653 670 concorditer
1675 651 1693 670 a
1717 642 1798 671 dicta
1820 642 1959 671 facultate
1985 642 2196 681 privaverunt,

1289 700 1343 719 eos
1361 690 1490 719 infames
1504 696 1534 719 et
1547 689 1691 730 perjuros
1707 696 1887 730 reputantes
1898 690 1922 719 ⁴.

1331 739 1406 768 ltem
1431 739 1508 768 facta
1541 739 1791 779 congregacione
1823 739 1975 768 facultatis
2005 740 2113 769 artium
2149 740 2200 769 die

1290 788 1388 817 sabati
1416 787 1578 827 proxima³
1601 794 1671 817 ante
1703 789 1813 818 festum
1841 788 2081 827 Assumpcionis
2113 789 2200 818 beate

1290 836 1389 866 Marie
1406 837 1487 876 apud
1511 836 1655 866 Sanctum
1678 837 1865 866 Maturinum
1889 838 1927 866 ad
1946 838 2151 867 ordinandum
2173 844 2203 867 et

1291 886 1528 926 supplicandum
1553 892 1583 915 et
1606 896 1664 926 pro
1683 886 1980 926 supplicacionibns,
2005 887 2203 926 supplicave-

1291 941 1364 965 runt
1383 935 1443 964 llll
1464 942 1683 975 procuratores
1705 946 1760 973 pro
1782 935 1842 965 1111
1862 935 2152 970 determinantibus,
2174 942 2205 965 et

1291 990 1395 1014 rector
1423 994 1480 1024 pro
1510 995 1583 1020 uno,
1612 991 1642 1014 et
1668 985 1758 1014 etiam
1784 984 1890 1024 posuit
1914 985 1945 1014 in
1974 984 2203 1014 deliberacione

1292 1040 1394 1063 utrum
1407 1034 1569 1072 expediret
1579 1034 1662 1073 quod
1674 1043 1857 1073 unaqueque
1873 1034 1961 1063 nacio
1973 1033 2100 1063 haberet
2110 1044 2204 1063 unum

1293 1082 1404 1112 solutis
1434 1082 1593 1112 solvendis
1625 1093 1692 1112 cum
1727 1082 2012 1122 supplicacionibus
2040 1083 2202 1122 predictis.

1294 1132 1378 1169 Quas
1392 1132 1641 1171 supplicaciones
1654 1142 1762 1161 omnes
1776 1138 1806 1162 et
1819 1132 1959 1172 singulas
1973 1132 2129 1161 consessit
2139 1132 2203 1172 (sic)

1295 1181 1422 1211 facultas
1448 1181 1599 1220 predicta,
1634 1182 1710 1210 dans
1745 1181 1994 1221 supplicantibus
2033 1181 2204 1211 facultatem

1294 1230 1495 1270 presentandi
1512 1230 1595 1264 illos,
1612 1240 1670 1270 pro
1689 1231 1803 1270 quibus
1821 1231 2086 1270 supplicaverunt,
2107 1241 2207 1270 quan-

1295 1279 1458 1319 docunque
1474 1279 1588 1308 vellent
1603 1280 1718 1309 rectori
1734 1286 1764 1309 et
1777 1280 1972 1319 procuratori
1984 1289 2039 1309 sue
2053 1279 2204 1314 nacionis,

1296 1329 1334 1358 de
1347 1339 1478 1368 quorum
1500 1335 1735 1368 procuratorum
1753 1339 1882 1358 numero
1902 1329 2052 1369 magister
2072 1328 2207 1358 Thomas

1296 1377 1334 1406 de
1350 1377 1504 1416 Wedayle
1524 1383 1597 1406 tunc
1618 1378 1768 1417 temporis
1789 1378 1908 1407 exstitit
1925 1384 2064 1417 quartus.
2090 1378 2129 1407 Et
2150 1387 2209 1417 per

1297 1436 1493 1465 consequens
1510 1427 1766 1466 procuratoribus
1785 1427 1834 1456 vel
1854 1427 1967 1456 rectori
1990 1433 2092 1466 potest
2112 1437 2205 1456 unum

1296 1482 1478 1515 presentare
1497 1476 1550 1515 qui
1568 1476 1778 1505 determinans
1794 1482 1842 1505 est
1857 1477 2058 1516 reputandus.

1706 1569 1804 1598 1347

1299 1640 1540 1679 [Procuratio
1570 1640 1743 1680 magistri
1769 1640 1934 1670 Conradi
1962 1642 2004 1670 de
2031 1641 2207 1680 Swecia.]

1338 1721 1411 1762 (Ποῖ.
1438 1721 1464 1762 4)
1486 1721 1577 1751 Anno
1599 1721 1724 1750 Domini
1746 1721 1791 1750 M⁰
1807 1721 1887 1751 CCC
1910 1721 2035 1757 XLVII,
2059 1722 2109 1751 die
2130 1722 2211 1751 beati

1299 1770 1447 1801 Lodovici
1463 1770 1548 1810 regis
1568 1769 1720 1799 Francie⁶
1739 1770 1855 1800 electus
1880 1771 1935 1800 fuit
1953 1771 2102 1810 magister
2125 1771 2211 1800 Con-

1298 1820 1393 1849 radus
1410 1820 1448 1849 de
1465 1819 1575 1849 Suecia
1591 1819 1622 1848 in
1642 1826 1873 1859 procuratorem
1890 1820 2029 1850 nacionis
2040 1819 2212 1860 Anglicane

1299 1869 1381 1909 apud
1409 1868 1554 1898 Sanctum
1574 1869 1780 1904 'Maturinum,
1809 1869 1840 1898 in
1865 1868 1952 1909 cujus
1985 1870 2212 1909 procuracione

1300 1924 1367 1948 acta
1385 1925 1530 1957 suntque
1545 1924 1706 1957 sequntur.

1711 2013 1808 2042 1347

1303 2083 1544 2122 [Procuratio
1571 2084 1743 2124 magistri
1770 2084 1969 2114 Michaelis
1994 2085 2036 2114 de
2066 2085 2211 2123 Dacia]

1342 2163 1434 2194 Anno
1464 2164 1589 2194 Domini
1614 2164 1660 2193 M0
1682 2164 1776 2195 CCC⁰
1802 2165 1926 2200 XLVII,
1950 2165 1999 2194 die
2025 2165 2105 2194 beati
2130 2165 2214 2194 Mau-

1303 2213 1405 2249 ricii⁷‚
1423 2214 1500 2243 sacta
1514 2214 1762 2253 congregacione
1786 2214 1925 2244 nacionis
1943 2214 2116 2254 Anglicane
2134 2215 2215 2253 apud

1305 2262 1450 2293 Sanctum
1482 2262 1653 2298 lulianum,
1686 2263 1803 2293 electus
1833 2263 1889 2293 fuit
1920 2263 1951 2292 in
1982 2270 2214 2303 procuratorem

1305 2311 1443 2352 ejusdem
1459 2311 1600 2341 nacionis
1619 2312 1768 2352 magister
1783 2312 1916 2342 Michael
1935 2313 1972 2342 de
1989 2313 2095 2342 Dacia.

1347 2361 1382 2390 ln
1397 2360 1485 2401 cujus
1503 2361 1728 2401 procuracione
1745 2368 1810 2391 acta
1833 2368 1906 2391 sunt
1921 2372 1955 2391 ea
1976 2372 2035 2401 que
2053 2367 2214 2401 sequntur.

1347 2409 1382 2440 ln
1396 2410 1456 2440 fine
1471 2420 1525 2440 sue
1543 2410 1779 2450 procuracionis
1800 2411 1883 2440 citati
1902 2411 2024 2440 fuerunt
2043 2411 2079 2439 ad
2101 2410 2216 2439 curiam

1307 2459 1477 2489 Romanam
1509 2466 1624 2494 rector,
1662 2466 1794 2499 quatuor
1832 2466 2051 2499 procuratores
2086 2466 2116 2489 et
2154 2466 2216 2489 tota

1309 2508 1435 2538 facultas
1450 2508 1562 2538 artium
1580 2509 1618 2538 ad
1637 2509 1819 2538 instanciam
1840 2509 2067 2548 theologorum,
2085 2515 2118 2538 ut
2137 2518 2218 2538 com·

1308 2563 1453 2597 parerent
1475 2558 1556 2587 infra
1577 2557 1706 2598 triginta
1733 2557 1835 2588 dies⁸.
1857 2558 2056 2597 Quapropter
2077 2558 2219 2588 ordinata

1307 2607 1364 2636 suit
1401 2607 1591 2637 contributio
1634 2607 1792 2647 generalis
1825 2617 1921 2647 super
1958 2613 2050 2636 totam
2087 2607 2217 2636 faculta-

1308 2662 1380 2691 tem,
1406 2663 1439 2686 ut
1463 2656 1595 2696 quilibet
1619 2663 1678 2686 tam
1703 2656 1922 2696 magistrorum
1944 2666 2033 2695 quam
2054 2656 2219 2686 scolarium

1339 2776 1361 2800 Ιι.
1397 2777 1466 2799 Inter
1480 2775 1538 2799 moa
1553 2775 1664 2807 quinque
1683 2784 1750 2808 mag.
1767 2775 1923 2799 Guillelmus
1934 2775 1964 2799 dc
1975 2775 2093 2805 Exclusa,
2109 2775 2155 2808 qui
2169 2783 2223 2799 rem

1307 2814 1389 2836 lolam
1398 2814 1513 2835 enarrat.
1534 2812 1558 2835 V.
1571 2811 1660 2835 Churt.
1676 2811 1692 2835 I.
1703 2820 1724 2835 c.
1742 2814 1766 2835 el
1780 2811 1824 2838 ΙΙΙ,
1837 2815 1864 2834 η·
1878 2811 1946 2835 1217.

1339 2849 1363 2871 5.
1398 2847 1425 2871 11
1441 2847 1559 2879 Augusti.

1340 2884 1356 2907 Β
1398 2884 1428 2907 25
1441 2882 1559 2916 Augusti.

1340 2919 1364 2943 7.
1398 2919 1428 2942 22
1445 2918 1608 2950 Septembris.

1340 2955 1364 2978 8.
1403 2954 1458 2978 Vid.
1471 2953 1591 2978 chartul.
1604 2953 1620 2977 l.
1636 2962 1659 2977 c.
