2632 3464
307 448 360 474 473

306 523 399 559 senti,
431 525 513 553 unde
541 531 650 564 posset
680 525 802 555 nacioni
834 525 1012 554 satisfacere
1041 525 1080 554 de
1109 524 1214 554 bursis

305 573 546 603 determinancie
564 580 594 603 et
609 575 648 604 de
662 574 767 604 bursis
785 573 954 613 optinende
964 573 1092 603 licencie
1105 585 1112 602 ι
1127 575 1216 603 daret

305 621 334 651 ei
349 621 438 651 nacio
454 622 638 652 dilacionem
648 632 747 663 usque
763 623 802 652 ad
817 622 927 652 festum
938 621 1036 652 sancti
1052 621 1214 652 Michaelis

305 671 446 710 proxime
464 671 610 707 futurum,
628 671 678 701 vel
694 671 802 701 saltem
820 671 988 711 prefigeret
1001 671 1030 700 ei
1044 671 1136 700 alium
1154 677 1214 701 ter-

305 719 437 755 minum,
465 720 544 749 infra
567 730 657 760 quem
679 720 790 750 dietam
811 719 973 760 pecuniam
998 719 1126 750 haberet
1148 720 1214 750 sol-

303 778 387 798 vere.
398 767 439 798 Et
446 767 630 798 deliberavit
639 769 728 798 nacio
739 769 834 808 quod,
847 775 994 808 quantum
1005 775 1054 798 est
1060 769 1099 798 de
1108 769 1214 799 bursis

304 817 560 853 determinancie‚
585 824 619 847 ut
643 817 787 848 dicebant
809 818 951 858 magistri
978 824 1112 858 protunc
1139 829 1214 858 pre-

305 873 409 896 sentes
424 876 483 906 pro
498 865 607 904 majori
624 873 723 906 parte,
744 877 807 896 non
827 873 935 906 posset
953 867 1042 897 nacio
1058 867 1119 897 sibi
1138 868 1213 897 dila-

304 915 425 944 cionem
440 915 621 955 ampliorem
637 916 821 951 concedere,
835 926 903 946 cum
914 915 977 956 jam
988 916 1016 946 ei
1028 926 1045 946 a
1057 916 1212 956 principio

305 963 498 994 concesserit
518 964 681 994 terminum
706 964 797 994 trium
819 965 982 1001 mensium,
1002 972 1033 995 et
1053 972 1137 995 esset
1154 972 1214 996 sta-

305 1018 402 1042 tutum
416 1013 556 1042 nacionis
571 1013 603 1042 in
615 1013 815 1043 contrarium.
831 1013 1047 1044 Verumtamen
1065 1021 1210 1054 quantum

305 1067 353 1091 est
368 1062 407 1090 de
424 1062 529 1091 bursis
546 1061 687 1098 licencie,
705 1069 771 1092 erat
787 1073 937 1092 concessa
952 1073 1008 1092 sua
1021 1063 1212 1103 supplicacio

305 1110 385 1140 sicut
396 1110 527 1140 aliorum
545 1111 803 1151 supplicancium,
819 1118 853 1141 ut
867 1112 986 1142 scilicet
1001 1112 1127 1142 haberet
1137 1112 1212 1142 dila-

304 1158 424 1189 cionem
442 1159 534 1189 trium
549 1160 711 1190 mensium.
731 1160 956 1190 Nicbilominus
971 1161 1121 1201 predictis
1137 1172 1213 1201 sup-

305 1207 491 1248 plicantibus
506 1208 639 1248 injunxit
656 1209 744 1241 nacio
763 1211 858 1249 quod,
877 1209 949 1239 licet
963 1210 1211 1250 supplicaciones

302 1267 409 1287 eorum
422 1264 510 1287 erant
522 1257 566 1287 sic
578 1268 738 1294 concesse,
751 1259 777 1288 si
791 1265 891 1288 tamen
903 1265 974 1289 ante
985 1259 1076 1289 finem
1089 1259 1211 1290 illorum

302 1305 396 1336 trium
414 1306 564 1336 mensium
589 1307 634 1336 eis
658 1316 878 1337 concessorum
905 1314 1034 1348 possent
1053 1309 1211 1339 commode

303 1355 426 1384 nacioni
441 1354 631 1391 satisfacere,
649 1356 707 1386 hoc
722 1356 822 1386 facere
837 1357 996 1387 deberent.

344 1403 419 1433 Item
439 1403 555 1434 xxm·
576 1404 625 1434 die
652 1404 789 1445 ejusdem
816 1406 943 1442 mensis,
969 1417 1029 1446 que
1053 1413 1119 1436 erat
1144 1407 1211 1437 dies

302 1452 460 1488 mercurii,
487 1453 666 1484 licenciatus
696 1454 752 1484 fuit
779 1455 923 1485 dominus
950 1455 1107 1486 Johannes
1136 1455 1211 1486 Ber-

303 1502 410 1531 sword
430 1503 488 1532 sub
508 1502 658 1542 magistro
684 1502 802 1533 Thoma
823 1504 861 1533 de
882 1503 992 1540 Clivis,
1014 1503 1101 1545 cujus
1117 1506 1212 1535 bursa

302 1549 375 1580 VIII
390 1551 495 1580 solidi.

343 1599 419 1629 Item
439 1601 547 1630 eodem
567 1600 617 1630 die
634 1600 816 1631 licenciatus
833 1602 890 1632 fuit
910 1602 1054 1632 dominus
1072 1603 1210 1633 Theode-

301 1649 386 1679 ricus
403 1649 442 1678 de
468 1649 626 1679 Hesewiic
653 1651 711 1680 sub
735 1651 885 1691 magistro
905 1651 1038 1691 Hugone
1058 1653 1096 1682 de
1129 1652 1210 1682 Her-

301 1704 400 1733 vorst,
416 1704 489 1728 tuuc
504 1705 717 1738 procuratore,
734 1698 822 1739 cujus
838 1701 933 1730 bursa
948 1700 1020 1730 VIII
1037 1701 1141 1731 solidi.

342 1746 416 1776 Item
433 1753 505 1776 tunc
519 1747 700 1778 licenciatus
719 1749 774 1778 fuit
795 1749 939 1779 dominus
955 1749 1133 1780 Alexander
1145 1750 1210 1780 Bur

303 1796 361 1826 sub
371 1796 521 1836 magistro
530 1796 701 1827 Wilhelmo
712 1798 750 1827 de
761 1797 914 1834 Trebron,
927 1797 1015 1839 cujus
1026 1800 1121 1829 bursa
1128 1799 1168 1829 Vl
1181 1810 1206 1830 s.

342 1844 417 1874 ltem
432 1850 504 1875 tunc
519 1845 672 1875 licenciati
687 1846 810 1876 suerunt
822 1847 939 1876 domini
957 1847 1101 1878 Galterus
1112 1848 1209 1878 Fore-

301 1893 388 1924 starii
403 1899 434 1923 et
447 1893 589 1924 Andreas
601 1894 686 1924 Scoti
697 1896 755 1925 sub
766 1895 916 1936 magistro
929 1896 1070 1926 Gerardo
1083 1898 1120 1927 de
1140 1897 1208 1928 Cal-

300 1943 368 1978 ker,
382 1949 412 1972 et
424 1941 589 1982 cujuslibet
605 1953 710 1974 eorum
726 1945 821 1974 bursa
833 1945 874 1974 vl
890 1945 993 1975 solidi.

341 1991 416 2021 ltem
437 1997 511 2021 tunc
532 1991 712 2023 licenciatus
738 1993 795 2023 fuit
819 1994 963 2024 dominus
987 1994 1144 2025 Johannes
1170 1997 1208 2026 de

301 2039 414 2070 Sancto
431 2039 502 2070 Vito
526 2041 584 2071 sub
609 2042 758 2082 magistro
782 2042 920 2073 Hem-ico
943 2043 1098 2083 Spronck,
1121 2043 1208 2084 cujus

300 2089 395 2119 bursa
411 2089 471 2119 IIII
486 2089 591 2119 solidi.

341 2138 416 2168 Item
438 2144 511 2168 tunc
537 2138 718 2169 licenciatua
746 2139 802 2170 ruit
822 2141 966 2171 dominus
990 2142 1150 2173 Arnoldus
1170 2143 1207 2173 de

300 2185 375 2216 Gise
397 2187 456 2217 sub
478 2187 628 2227 magistro
651 2187 821 2219 Wilhelmo
849 2190 887 2219 de
915 2189 1092 2230 Wadenoy,
1119 2190 1207 2231 cujus

300 2236 394 2266 bursa
409 2235 469 2266 llll
487 2236 591 2266 solidi.

339 2284 414 2315 Item
442 2285 584 2325 sequenti
609 2286 671 2322 die,
697 2285 818 2317 scilicet
845 2287 895 2318 die
917 2287 1038 2328 jovis⁴,
1063 2289 1206 2320 dominus

297 2333 454 2363 Johannes
472 2333 642 2364 Bersword
657 2335 772 2375 incepit
785 2337 843 2366 sub
861 2337 1011 2377 magistro
1034 2338 1151 2368 Thoma
1168 2339 1206 2368 de

299 2381 409 2418 clivis,
428 2381 515 2423 cujus
528 2383 623 2413 bursa
637 2383 710 2414 VIII
726 2384 831 2414 solidi.

339 2430 414 2461 Item
432 2432 539 2461 eodem
557 2432 608 2462 die
623 2432 803 2463 licenciatus
820 2434 876 2464 suit
890 2435 1034 2466 dominus
1047 2435 1206 2466 Johannes

299 2479 377 2510 Curt
397 2481 455 2510 sub
476 2481 625 2521 magistro
651 2481 791 2512 Johanne
810 2482 983 2514 Priswalch
1006 2484 1044 2514 de
1060 2484 1204 2522 Saxonia,

298 2527 385 2568 cujus
400 2530 494 2559 bursa
508 2529 534 2559 V
549 2530 653 2560 solidi.
671 2531 782 2561 Solvit.

339 2577 414 2607 Item
433 2584 505 2608 tunc
520 2578 701 2610 licenciama
723 2580 780 2610 fuit
797 2581 942 2611 dominus
964 2581 1099 2612 Thomas
1122 2583 1204 2612 Dob-

298 2625 439 2666 belsteyn
464 2628 522 2658 sub
544 2628 694 2668 magistro
721 2628 858 2659 Henrico
892 2630 930 2659 de
955 2630 1088 2671 Hassya,
1118 2630 1205 2672 cujus

298 2675 393 2705 bursa
409 2675 481 2706 VIIl
497 2676 599 2706 solidi.
619 2677 729 2708 Posuit
743 2678 886 2719 pignora.

339 2723 414 2754 ltem
438 2724 607 2764 penultima
628 2726 678 2756 die
701 2726 786 2763 Maii,
806 2738 867 2767 que
883 2734 949 2758 erat
963 2728 1069 2768 vigilia
1083 2729 1206 2759 Ascen-

299 2771 409 2808 sionis,
435 2773 511 2803 facta
530 2775 778 2815 congregacione
797 2777 937 2807 nacionis
960 2776 1036 2807 hora
1054 2787 1203 2808 nonarum

328 2859 352 2918 ἒ
385 2859 624 2929 &xxipasch
639 2898 671 2921 ³0
683 2897 749 2922 uate·
764 2901 901 2929 teneretur,
917 2901 942 2923 et
955 2899 1056 2924 liueraae
1074 2901 1203 2926 Aonio„

297 2929 527 2998 {xvix-ipae
541 2934 632 2962 enen,
646 2932 790 2958 litterarum
797 2934 914 2966 perlator
925 2936 981 2959 8-10
995 2938 1094 2960 tantum
1107 2937 1163 2961 dien
1175 2937 1202 2962 in

813 449 927 475 LIBER
947 447 1260 475 PROCURATORUM
1281 447 1462 474 NATIONIS
1481 447 1726 475 ANGLICANAE

1250 969 1284 995 10

1249 1217 1282 1243 15

1248 1461 1282 1488 20

1246 1706 1280 1733 25

1245 1950 1280 1977 30

1244 2194 1278 2221 35

1243 2437 1277 2465 40

1241 2683 1276 2711 4⁵

2179 451 2230 476 474

1325 524 1439 553 Nostre
1459 524 1589 553 Domine
1613 525 1650 553 ad
1673 525 1816 554 Sanctum
1835 526 2020 555 Maturinum
2043 527 2081 555 ad
2103 528 2231 556 audien-

1324 573 1395 602 dum
1414 579 1557 602 contenta
1574 573 1606 602 in
1623 575 1754 613 quadam
1771 574 1860 603 litera
1877 575 1972 604 missa
1990 576 2183 614 procuratori
2202 583 2232 606 et

1323 622 1447 651 nacioni
1459 622 1636 662 amagistro
1652 622 1829 652 Hermanno
1845 623 2100 659 Buottenbroich,
2117 625 2231 654 nuncio

1322 680 1359 700 ex
1378 677 1465 710 parte
1480 671 1632 707 nacionis,
1649 672 1687 700 de
1702 671 1788 701 curia
1803 672 1952 708 Romana,
1970 683 2029 712 que
2047 672 2135 713 juxta
2148 680 2232 703 teno-

1322 729 1387 749 rem
1407 730 1462 749 sue
1487 721 1556 749 date
1573 721 1690 760 scripta
1709 727 1774 750 erat
1792 721 1860 750 XXn
1879 721 1929 750 die
1947 721 2019 761 Maij
2032 721 2055 757 ²,
2074 729 2103 751 et
2127 729 2231 762 aperta

1322 769 1391 808 ipsa
1408 769 1579 799 habebatur
1593 769 1625 799 in
1635 769 1756 805 effectu,
1772 770 1885 810 primo,
1905 771 1988 810 quod
2006 770 2078 800 licet
2095 773 2231 801 nondum

1323 825 1429 848 essent
1443 819 1579 858 expediti
1593 818 1714 848 rotulus
1729 819 1995 859 supplicacionum
2013 821 2230 860 magistrorum

1323 873 1353 897 et
1372 867 1519 897 articulus
1541 869 1579 897 de
1604 867 1769 908 privilegio
1794 868 2002 908 septennali³‚
2027 876 2110 898 esset
2130 876 2230 899 tamen

1322 917 1520 956 sperandum,
1529 917 1612 956 quod
1622 916 1817 947 Universitas
1826 917 1968 952 finaliter,
1976 918 2048 948 licet
2055 918 2228 954 difficulter,

1321 971 1423 995 tamen
1451 965 1635 1001 honorifice,
1666 966 1817 996 intentum
1846 973 1906 996 tam
1937 977 1999 1006 quo
2028 968 2066 996 ad
2096 967 2229 997 rotulum

1321 1024 1411 1054 quam
1435 1015 1529 1044 eciam
1557 1025 1618 1054 quo
1645 1015 1683 1044 ad
1705 1025 1873 1044 communes
1897 1017 2041 1044 articulos
2063 1016 2227 1055 optinebit.

1320 1063 1501 1093 Addebatur
1525 1070 1645 1103 postea,
1676 1065 1760 1104 quod
1782 1064 1813 1094 in
1841 1064 1927 1094 brevi
1955 1074 2095 1094 essemus
2121 1065 2229 1095 scituri

1320 1112 1411 1142 finem
1433 1112 1539 1142 saltem
1560 1113 1598 1142 de
1620 1113 1721 1142 rotulo
1746 1113 2012 1153 supplicacionum
2028 1120 2058 1143 et
2077 1114 2229 1154 signacio-

1320 1161 1412 1191 nibus
1449 1163 1627 1191 eorundem.
1663 1162 1783 1191 inserta
1811 1169 1898 1192 erant
1926 1163 2058 1202 quedam
2091 1163 2160 1199 alia,
2191 1164 2228 1193 de

1319 1210 1433 1250 quibus
1448 1221 1510 1240 non
1526 1217 1574 1240 est
1589 1221 1669 1251 opus
1685 1217 1717 1240 ut
1732 1211 1879 1241 memoria
1894 1211 2052 1241 habeatur.

1362 1259 1433 1299 (F'ol.
1456 1260 1503 1300 47)
1530 1260 1604 1289 Item
1635 1261 1771 1290 secunda
1794 1261 1844 1290 die
1867 1261 1963 1296 Junii,
1986 1271 2047 1300 que
2080 1262 2136 1291 suit
2161 1263 2228 1292 dies

1322 1309 1453 1343 sabbati,
1476 1309 1594 1349 incepit
1616 1309 1759 1339 dominus
1781 1309 1938 1339 Johannes
1959 1309 2037 1340 Cfirt
2056 1312 2114 1340 sub
2135 1311 2229 1351 magi-

1321 1364 1386 1387 stro
1402 1357 1541 1388 Johanne
1552 1358 1738 1394 Priswalch,
1752 1357 1839 1398 cujus
1853 1359 1948 1388 bursa
1959 1359 1986 1388 V
2002 1360 2104 1389 solidi.
2117 1360 2227 1390 Solvit.

1362 1407 1494 1447 Insuper
1533 1408 1638 1436 eadem
1673 1407 1723 1437 die
1754 1408 1837 1438 Junii
1870 1409 1948 1437 sacta
1982 1410 2228 1449 congregacione

1321 1456 1461 1486 nacionis
1487 1457 1657 1496 Anglicane
1679 1457 1754 1486 hora
1781 1457 1947 1496 primarum
1973 1459 2054 1497 apud
2084 1458 2226 1488 Sanctum

1321 1504 1508 1535 Maturinum
1534 1506 1572 1535 ad
1594 1506 1779 1536 audiendum
1805 1513 1980 1546 computum
2005 1508 2176 1547 receptoris
2200 1515 2230 1538 et

1319 1555 1357 1583 ad
1379 1554 1554 1594 eligendum
1578 1561 1811 1594 procuratorem
1835 1561 1866 1585 et
1885 1556 1923 1584 ad
1945 1556 2180 1596 supplicandum
2201 1557 2228 1587 si

1319 1603 1372 1642 qui
1385 1603 1500 1633 vellent
1512 1604 1688 1644 supplicare
1693 1627 1753 1633 .....
1776 1604 1851 1644 (sic).

1726 1697 1823 1728 1875

1319 1770 1409 1798 Acta
1444 1774 1615 1808 tempore
1643 1770 1908 1808 procuratoris
1947 1771 2119 1811 magistri
2147 1771 2226 1801 Jor-

1359 1817 1443 1846 dani
1473 1817 1592 1857 Wang
1622 1818 1664 1847 de
1696 1818 1818 1848 Clivis
1854 1829 1920 1859 per
1943 1820 2179 1850 vacaciones.

1357 1897 1448 1927 Anno
1465 1897 1588 1927 Domini
1602 1909 1664 1938 quo
1678 1908 1783 1938 supra,
1801 1900 1916 1929 mensis
1930 1899 2013 1930 Junii
2029 1901 2077 1930 die
2093 1901 2134 1935 2⁸,
2150 1911 2226 1930 con-

1317 1953 1446 1986 gregata
1467 1947 1596 1977 nacione
1615 1947 1787 1988 Anglicana
1803 1948 1880 1978 hora
1897 1949 2064 1988 primarum
2083 1949 2114 1978 in
2134 1950 2225 1979 domo

1317 1995 1478 2036 capitulari
1514 1996 1644 2026 ecclesie
1676 1997 1780 2026 Sancti
1810 1997 1956 2027 Maturini
1981 1999 2020 2027 ad
2049 1999 2224 2038 eligendum

1317 2051 1550 2085 procuratorem
1561 2051 1591 2075 et
1606 2046 1644 2074 ad
1655 2046 1838 2076 audiendum
1851 2054 2026 2087 computum
2039 2048 2223 2087 receptoris,

1317 2094 1430 2124 dilatus
1456 2101 1522 2124 erat
1542 2101 1704 2134 computus
1726 2096 1764 2125 de
1779 2097 1933 2126 communi
1951 2106 2106 2127 consensu
2126 2097 2224 2137 magi-

1316 2149 1452 2173 strorum
1478 2153 1577 2183 usque
1605 2145 1643 2173 ad
1672 2143 1811 2174 ultimum
1833 2145 1914 2174 diem
1939 2146 2087 2175 ordinarii
2109 2147 2222 2185 magni,

1317 2192 1436 2222 scilicet
1465 2192 1601 2232 vigiliam
1627 2193 1707 2222 beati
1735 2193 1830 2223 Petri.
1855 2194 1895 2223 Et
1923 2205 1961 2224 ex
1991 2205 2084 2224 causa
2112 2195 2223 2224 deinde

1316 2241 1432 2271 electus
1450 2247 1515 2271 erat
1528 2242 1725 2272 concorditer
1737 2243 1885 2282 magister
1899 2243 1914 2273 J
1919 2244 2054 2273 ordanus
2069 2244 2175 2284 XVnng
2185 2245 2222 2273 de

1316 2290 1415 2320 Clivis
1430 2290 1461 2319 in
1481 2297 1714 2330 procuratorem
1729 2291 1810 2321 dicte
1826 2292 1975 2322 nacionis.
1994 2293 2072 2322 Post
2089 2303 2222 2332 congre-

1315 2339 1474 2379 gacionem
1484 2349 1560 2369 vero
1573 2340 1662 2370 nacio
1673 2340 1797 2370 intravit
1812 2342 1967 2370 tabernam
1984 2342 2027 2370 ad
2036 2343 2110 2370 duos
2125 2352 2220 2377 enses,

1314 2394 1345 2418 et
1360 2388 1473 2418 ibidem
1485 2388 1632 2428 magister
1640 2388 1781 2419 Andreas
1798 2389 1943 2429 Symonis
1954 2391 1991 2419 de
2006 2391 2116 2420 Prucia
2130 2391 2222 2420 solvit

1315 2436 1343 2466 11
1363 2437 1497 2473 francos,
1515 2447 1609 2468 unum
1636 2448 1695 2478 pro
1709 2437 1847 2478 jocundo
1876 2439 2003 2469 introitu
2027 2439 2058 2468 in
2091 2439 2219 2479 primam

1315 2486 1604 2526 congregacionem,
1620 2487 1677 2516 2¹²¹¹²
1695 2497 1769 2517 vero
1784 2498 1841 2527 pro
1856 2489 2066 2527 procuratoria
2080 2488 2218 2527 proxime

1315 2545 1371 2574 per
1386 2545 1454 2565 eum
1470 2536 1667 2575 acceptanda.

1355 2584 1429 2614 ltem
1446 2584 1594 2624 magister
1610 2584 1768 2615 Arnoldus
1792 2586 1831 2615 de
1854 2585 2028 2615 Emelisse⁴
2058 2586 2219 2615 Zelandri-

1314 2642 1372 2662 nus
1385 2642 1422 2662 ex
1440 2633 1601 2662 affectione
1617 2632 1683 2673 ejus
1699 2635 1736 2663 ad
1748 2634 1914 2674 magistros
1926 2634 2064 2663 nacionis
2080 2641 2109 2663 ct
2120 2635 2218 2674 magi-

1313 2687 1447 2712 strorum
1465 2682 1503 2711 ad
1521 2682 1621 2722 ipsum
1640 2682 1730 2712 inivit
1744 2683 2022 2712 confraternitatem
2039 2694 2092 2712 seu
2111 2684 2218 2713 amica-

1312 2730 1404 2759 bilem
1436 2731 1578 2760 unionem
1606 2741 1673 2761 cum
1707 2732 1862 2771 magistris
1900 2732 2038 2761 nacionis
2069 2732 2218 2762 solvendo

1312 2789 1405 2809 unum
1433 2780 1580 2816 francum,
1605 2787 1755 2819 quatenus
1786 2781 1824 2809 de
1854 2787 1956 2809 cetero
1988 2781 2024 2809 ad
2055 2781 2218 2811 societates

1341 2867 1365 2892 ³.
1398 2869 1472 2891 Anno
1482 2867 1578 2896 eodem,
1587 2867 1659 2892 lunii
1668 2869 1706 2897 22,
1718 2877 1733 2892 a
1751 2868 1871 2900 Gregorio
1880 2869 1922 2896 ΧΙ,
1934 2871 2082 2892 renouatum
2096 2871 2142 2894 ecl.
2160 2869 2216 2894 Vid.

1310 2902 1429 2931 Chai-tul,
1444 2903 1487 2932 m,
1503 2908 1530 2926 n·
1542 2903 1610 2928 1404.

1341 2939 1363 2963 Ιι.
1398 2938 1455 2963 Fuit
1467 2939 1580 2962 nationi·
1593 2939 1694 2964 ricard.
1711 2941 1745 2963 De
1758 2939 1871 2963 Arnuldo
1884 2940 1915 2963 de
1935 2940 2062 2964 Emeliue
2077 2940 2173 2972 pluria
2190 2941 2215 2965 in

1312 2973 1421 2998 chartul
1435 2974 1478 2999 ΙΙΙ,
1497 2973 1550 2998 rid.
1565 2978 1601 2998 ¹1⁸·
1616 2974 1684 3002 1422,
1698 2975 1765 2998 1424.

1609 0 2025 25 Qngxm:qq-*fraymzx‘fvfirmasit:
2040 0 2178 18 emer-,0⁸3²
2231 0 2236 2 ⁷
2330 4 2334 6 Ἴ
2372 0 2391 9 *⁴*
