2632 3464
443 414 477 430 xx
1275 407 1538 433 INTRODUCTIO
1564 410 1567 411 ⁷

442 476 649 517 vendidit1.
675 483 818 518 Hortus
841 489 987 518 tantum
1010 481 1170 517 duarum
1197 482 1397 519 domorum
1421 484 1565 519 nationi
1594 480 1831 533 Angli'canae
1855 487 2052 527 remansit,
2083 485 2131 522 de
2151 500 2230 536 quo
2257 500 2373 539 saepe

442 549 538 584 infra
552 550 578 585 2.
616 546 618 550 ’
876 552 878 554 ’
1788 550 1790 552 ’

490 619 545 654 De
564 617 648 655 aliis
672 620 879 668 provinciis
901 619 994 655 nihil
1019 621 1113 656 certi
1135 621 1291 656 scimus.
1675 613 1677 624 ¹
1722 619 1749 634 ''

733 817 768 851 4.
806 816 926 863 Quae
965 824 1007 852 et
1045 818 1171 865 cujus
1214 819 1379 854 aetatis
1418 818 1586 856 fuerint
1626 819 1821 856 membra
1859 821 2079 858 nationis.

488 961 599 996 Natio
614 960 827 1009 Anglicana
847 960 1200 1010 comprehendebat
1221 963 1384 1011 primum
1408 974 1543 998 omnes
1567 975 1634 998 eos
1650 964 1730 1012 qui,
1754 975 1774 999 e
1787 963 2076 1013 regionibusi‘n
2091 966 2218 1014 capite
2237 966 2259 1002 3
2275 978 2372 1002 enu-

438 1030 594 1065 meratis
613 1029 778 1071 oriundi,
799 1031 954 1066 Parisiis
971 1031 1007 1065 in
1026 1030 1171 1066 artibus
1189 1030 1398 1067 studebant
1417 1031 1478 1068 vel
1494 1031 1703 1081 regebant;
1726 1031 1866 1069 deinde
1886 1041 2023 1070 omnes
2039 1033 2176 1070 iisdem
2197 1035 2373 1084 partibus

437 1107 548 1135 natos
569 1100 634 1148 qui
656 1099 767 1135 alicui
789 1099 851 1135 alii
866 1101 1051 1136 scientiae
1067 1102 1222 1136 Parisiis
1237 1100 1459 1143 studebant,
1477 1100 1649 1137 nondum
1667 1103 1705 1137 in
1728 1115 1772 1138 ea
1793 1103 2059 1152 magisterium
2083 1103 2227 1153 adepti,
2249 1118 2372 1154 quan-

436 1181 549 1217 quam
574 1169 612 1204 in
639 1168 784 1204 artibus
807 1168 950 1204 ibidem
974 1169 1168 1206 licenciati
1194 1183 1269 1206 non
1294 1178 1416 1206 erant.
1446 1172 1507 1207 Sic
1529 1185 1565 1206 v.
1591 1184 1629 1221 g.
1656 1171 1851 1207 Johannes
1876 1171 1924 1208 de
1948 1174 2210 1217 Jenzenstein,
2235 1182 2372 1224 postea

435 1238 642 1287 episcopus
663 1239 869 1274 Misnensis
890 1246 928 1274 et
949 1239 1262 1289 archiepiscopus
1288 1242 1512 1290 Pragensis3
1537 1241 1592 1276 sic
1614 1240 1846 1277 Benedictus
1865 1240 1914 1278 de
1934 1243 2101 1292 Ungaria
2119 1242 2272 1293 aliique.
2297 1245 2371 1292 Qui

435 1307 547 1343 alicui
569 1306 703 1343 Ordini
725 1307 907 1357 religioso
924 1307 1106 1357 adscripti
1122 1316 1244 1351 erant,
1266 1310 1303 1344 in
1324 1311 1481 1346 natione
1500 1310 1712 1360 Anglicana
1730 1323 1807 1346 non
1823 1312 2119 1356 inveniuntur3;
2139 1313 2372 1364 quandoque

432 1384 561 1412 tamen
586 1376 757 1413 membra
780 1377 964 1414 Ordinum
987 1391 1074 1414 cum
1098 1380 1311 1428 suppositis
1337 1380 1504 1415 nationis
1529 1379 1780 1428 Anglicanae,
1808 1381 2060 1430 popularibus
2083 1383 2176 1422 suis,
2201 1384 2369 1420 amicitia

434 1446 768 1495 conjungebantur
784 1453 822 1482 et
839 1446 885 1482 ad
903 1447 999 1482 festa
1017 1448 1183 1483 nationis
1199 1448 1438 1484 vocabantur
1456 1448 1544 1495 (vid.
1563 1462 1647 1499 cap.
1670 1449 1739 1494 12).

482 1517 746 1551 Communiter
763 1517 799 1551 in
819 1517 975 1552 natione
999 1516 1204 1553 manebant
1224 1517 1348 1553 donec
1367 1517 1610 1554 doctoratum
1630 1519 1668 1554 in
1689 1518 1761 1554 alia
1783 1511 1944 1556 scientia
1963 1519 2237 1564 obtinuissent,
2260 1522 2364 1571 quod

431 1584 624 1620 Johannes
642 1586 748 1620 Parvi
768 1598 827 1620 an.
854 1586 947 1621 1406
964 1587 1226 1635 pronuntiavit
1242 1600 1249 1621 ε
1268 1602 1285 1622 ι(
1299 1589 1358 1624 Un
1369 1587 1593 1638 theologien
1614 1595 1673 1624 est
1694 1588 1742 1625 de
1763 1588 1797 1624 la
1818 1589 1959 1626 faculte
1975 1589 2044 1626 des
2061 1598 2139 1626 arts
2155 1591 2308 1640 jusqu'a
2322 1605 2368 1629 ce

432 1653 523 1702 qu'il
541 1655 592 1689 ait
610 1653 644 1689 le
663 1654 807 1690 bonnet
829 1668 894 1690 sur
914 1654 947 1690 la
970 1655 1107 1698 teste4,
1129 1670 1146 1690 »
1170 1657 1193 1691 i.
1219 1669 1252 1692 e.
1275 1655 1399 1692 donec
1425 1658 1608 1707 magister
1628 1658 1666 1693 in
1687 1657 1883 1708 theologia
1902 1658 2026 1695 factus
2048 1660 2098 1695 sit
2116 1672 2159 1695 ac
2177 1659 2361 1696 birretum

432 1724 633 1772 receperit.
661 1723 873 1759 Medicinae
897 1732 1025 1760 tamen
1054 1726 1226 1773 magistri
1253 1725 1326 1762 hoc
1350 1726 1505 1763 saeculo
1531 1728 1569 1762 in
1589 1728 1745 1764 natione
1766 1735 2046 1765 remanserunt.
2067 1728 2142 1765 Sed
2163 1728 2226 1765 alii
2247 1730 2363 1766 etiam

431 1793 589 1829 aliarum
609 1794 831 1830 facultatum
857 1796 1028 1844 magistri
1049 1796 1242 1831 nationem
1266 1809 1342 1832 non
1359 1796 1648 1846 dereliquerunt
1667 1811 1683 1831 «
1703 1796 1749 1832 ad
1772 1810 2054 1848 quemcumque
2075 1805 2217 1835 statum
2234 1812 2366 1848 perve-

430 1870 569 1898 nerunt
588 1877 619 1906 n,
638 1870 678 1898 ut
690 1863 922 1910 juraverant.
944 1865 1005 1900 Sic
1019 1864 1217 1901 X‘Valterus
1234 1865 1282 1901 de
1294 1865 1504 1909 VVardlaw,
1517 1867 1724 1916 episcopus
1736 1866 1998 1916 Glasguensis.
2013 1868 2143 1904 Simon
2158 1867 2206 1904 de
2221 1869 2366 1906 Ketnes

429 1946 549 1968 annos
564 1933 609 1967 25
630 1945 648 1968 a
670 1934 823 1968 Parisiis
842 1933 982 1969 absens
998 1935 1275 1970 immunitatem
1293 1943 1426 1984 petere
1440 1935 1573 1972 debuit
1590 1944 1631 1972 ut
1645 1949 1665 1971 a
1679 1936 2047 1986 congregationibus
2062 1938 2228 1974 nationis
2246 1938 2363 1975 absti-

429 2010 537 2038 neret
562 2002 659 2048 (600,
690 2003 759 2049 16).
784 2003 978 2039 Johannes
1004 2003 1241 2040 Mullechner
1267 2004 1315 2040 de
1340 2006 1512 2047 Austria,
1541 2005 1762 2042 licentiatus
1796 2007 1834 2041 in
1858 2005 2055 2056 theologia
2083 2006 2131 2042 ab
2158 2020 2218 2043 an.
2251 2008 2360 2050 1395,

427 2072 656 2119 conjunctus
682 2084 767 2107 cum
793 2074 946 2108 natione
970 2075 1167 2115 remansit,
1196 2087 1311 2123 saepe
1342 2076 1496 2110 nomine
1519 2076 1640 2124 ipsius
1665 2075 1793 2111 officio
1820 2075 1936 2125 legati
1961 2076 2114 2112 functus
2142 2084 2214 2120 est,
2244 2078 2362 2114 immo

429 2139 552 2175 adhuc
568 2153 627 2175 an.
650 2141 756 2182 1416,
772 2143 921 2183 Martio,
937 2143 1092 2178 Parisiis
1104 2156 1173 2191 pro
1190 2145 1346 2180 natione
1362 2157 1489 2179 coram
1509 2144 1756 2193 Sigismundo
1770 2146 2002 2195 imperatore
2017 2159 2238 2195 proponens
2252 2145 2323 2182 fuit
2334 2147 2360 2182 ⁵.

477 2211 593 2245 Aetas
610 2212 898 2259 suppositorum
918 2211 1069 2247 diversa
1083 2219 1176 2248 crat.
1198 2215 1238 2248 ln
1256 2213 1437 2249 facultate
1455 2214 1592 2250 artium
1612 2214 1904 2263 quatuordecim
1926 2228 2047 2251 annos
2066 2216 2146 2251 nati
2168 2214 2364 2252 debebant

427 2291 514 2314 esse
535 2286 575 2314 ut
595 2278 640 2313 ad
663 2278 1021 2315 determinandumss
1042 2280 1350 2323 admitterentur,
1370 2290 1407 2318 at
1424 2295 1522 2318 unus
1539 2290 1577 2319 et
1597 2284 1731 2332 viginti
1755 2285 1844 2319 anni
1866 2283 1913 2319 ad
1936 2285 2198 2334 magisterium
2219 2286 2258 2320 in
2277 2286 2364 2321 arti-

428 2347 518 2383 bus⁷
538 2348 789 2384 obtinendum
822 2349 1126 2398 requirebantur.
1151 2352 1191 2385 In
1209 2352 1371 2386 caeteris
1393 2359 1519 2388 autem
1552 2353 1775 2389 nationibus
1804 2366 1891 2389 cum
1922 2353 2127 2403 aliquoties
2156 2355 2362 2404 magistros

427 2418 551 2453 minus
574 2419 617 2452 21
642 2419 750 2453 annis
778 2418 966 2454 habentes
993 2419 1226 2458 videamus&
1252 2420 1353 2456 idem
1378 2423 1504 2470 potuit
1528 2423 1565 2457 in
1588 2423 1744 2458 natione
1765 2422 1979 2472 Anglicana
2013 2423 2201 2460 accidere.
2230 2423 2362 2460 Altera

467 2550 492 2576 1.
538 2548 607 2577 Vid.
627 2548 810 2583 Gnorrnor,
828 2552 848 2578 l.
866 2560 891 2577 c.
1448 2554 1521 2580 toire
1534 2553 1574 2580 du
1593 2554 1712 2581 Concile
1727 2553 1764 2581 de
1782 2555 1958 2588 Consulum,
1975 2553 2125 2588 Preuves,
2143 2564 2174 2593 p.
2193 2555 2260 2583 229.

463 2597 492 2625 2.
537 2597 607 2626 Vid.
621 2598 765 2632 Iudicem,
784 2598 918 2627 ΤΗοΜΑε
933 2598 1115 2627 GRAFFAnm
1137 2606 1167 2628 et
1189 2599 1335 2635 Tnoms,
1487 2603 1515 2631 5.
1559 2601 1630 2631 vid.
1648 2608 1721 2630 tom.
1741 2601 1928 2630 11Auctarii.

424 2646 621 2675 consiliarius
636 2647 720 2686 regis
734 2647 892 2685 Franciae,
908 2654 937 2676 et
954 2648 1032 2676 infra
1047 2658 1114 2687 cap.
1134 2650 1181 2677 15.
1486 2652 1516 2679 6.
1561 2650 1630 2679 Vid.
1652 2651 1802 2685 chartul„
1820 2650 1860 2685 II,
1877 2662 1909 2690 p.
1926 2652 1985 2680 673
2000 2651 2050 2691 (4).

463 2696 491 2724 3.
538 2696 711 2725 Examinati
724 2696 754 2725 in
763 2697 881 2726 artibus
893 2698 973 2736 apud
988 2697 1019 2726 S.
1034 2697 1336 2738 Genovefamjurare
1487 2700 1513 2728 7.
1561 2699 1631 2728 Vid.
1649 2700 1737 2734 ibid„
1756 2699 1780 2735 I,
1800 2710 1831 2740 p.
1851 2701 1905 2736 78;
1925 2701 1994 2730 587.

423 2745 586 2779 debebant,
602 2746 685 2784 quod
701 2757 714 2772 «
730 2755 785 2774 nec
800 2746 830 2774 in
844 2746 949 2785 aliquo
966 2746 1084 2775 Ordine
1097 2754 1201 2776 votum
1217 2749 1334 2787 profes·
1484 2749 1513 2777 8.
1561 2749 1702 2778 Herveus
1721 2750 1758 2778 de
1782 2749 1922 2788 Freneya
1938 2755 1968 2779 et
1985 2750 2053 2779 Joh.
2070 2750 2202 2780 Caronis
2222 2750 2274 2780 vix
2291 2752 2362 2781 atti-

422 2794 520 2822 sionis
541 2794 702 2823 emiserint
723 2806 750 2823 n.
768 2796 918 2830 Chartul„
942 2795 986 2830 II,
1004 2806 1035 2835 p.
1056 2796 1125 2825 678.
1144 2796 1179 2825 ln
1204 2797 1335 2826 caeteris
1444 2804 1557 2836 gerunt
1576 2799 1672 2826 19¹¹¹¹¹¹¹¹
1696 2808 1808 2827 annum
1825 2798 1990 2837 (marum,
2010 2799 2065 2835 ΙΙΙ,
2082 2810 2113 2839 p.
2130 2800 2211 2840 460),
2227 2800 2362 2830 Thomas

422 2842 599 2872 nationibus
614 2844 812 2873 inveniuntur
828 2845 951 2883 quidam
970 2845 1122 2885 religiosi,
1141 2846 1195 2874 sed
1214 2846 1335 2875 mendi-
1444 2846 1471 2875 le
1491 2847 1602 2886 Mauge
1625 2853 1654 2876 et
1675 2847 1811 2876 Ursinus
1833 2848 1870 2876 de
1889 2847 2044 2877 Talvande
2064 2849 2115 2878 vix
2131 2849 2229 2878 20⁰¹·lun
2248 2860 2360 2879 annum

422 2898 525 2920 cantes
543 2903 697 2932 nunquam
715 2894 842 2923 admissi
860 2900 941 2923 sunt.
1444 2895 1541 2934 (ibid,
1565 2906 1596 2935 p.
1622 2897 1691 2930 384,
1717 2900 1748 2924 n⁰
1771 2895 1838 2936 liiij,
1863 2907 1895 2936 p.
1921 2897 2003 2937 385..)
2027 2897 2158 2935 Quidam
2187 2898 2237 2927 alii
2266 2900 2356 2928 etiam

461 2941 490 2969 4.
535 2941 626 2980 Apud
649 2942 834 2972 Bouncssois
861 2953 900 2972 nu
926 2943 1131 2978 CnAs'rENET,
1153 2947 1246 2973 Nouo.
1270 2945 1333 2972 his-
1438 2943 1580 2984 juniores
1599 2945 1755 2974 videntur.
