2632 3464
448 461 497 485 499

448 535 566 564 scilicet
589 534 734 573 magister
757 532 911 561 Henricus
935 530 1034 565 Tuve,
1062 540 1122 558 non
1151 527 1287 557 reddidit
1317 537 1350 556 se

451 583 616 619 difficilem,
637 583 691 612 sed
708 582 786 611 dixit
808 591 840 610 se
857 581 988 608 libenter
1009 579 1191 612 soluturum,
1209 583 1242 606 ut
1261 576 1348 612 fecit;

451 633 527 662 alter
542 638 652 666 autem,
673 630 792 660 scilicet
806 630 952 669 magister
967 628 1092 662 Paulus,
1107 626 1217 655 multas
1235 625 1351 655 evasio-

453 692 508 711 nes
525 682 682 721 querebat,
700 679 875 709 excusando
892 688 924 707 se
940 677 1022 716 quod
1041 686 1102 705 non
1119 675 1246 704 haberet
1257 684 1352 714 pecu-

450 731 541 760 niam.
561 730 648 759 Unus
667 735 764 758 autem
781 728 928 767 magister
942 725 1096 759 nacionis,
1117 724 1236 753 scilicet
1255 723 1354 763 magi-

456 786 519 809 ster
542 779 657 807 Hector
683 778 745 806 Vilt
769 778 805 805 de
831 777 984 809 Huessen,
1007 774 1083 803 dixit
1105 773 1164 802 sibi
1187 773 1269 812 quod
1291 782 1354 801 non

455 829 575 858 timeret
590 829 627 856 de
643 827 711 862 hoc,
724 827 795 865 quia
808 826 875 864 ipse
885 825 975 854 vellet
983 825 1060 852 bene
1072 833 1130 862 pro
1146 823 1215 861 ipso
1225 831 1353 861 respon-

454 879 526 906 dere
552 876 677 915 hospiti.
705 875 775 914 Ipse
797 881 907 908 autem,
929 873 1046 902 scilicet
1072 871 1220 911 magister
1239 870 1354 900 Paulus

455 927 649 965 respondens
665 924 724 953 sibi
743 924 820 952 dixit
840 935 845 952 :
868 935 881 950 «
902 928 995 956 certe,
1013 922 1038 950 si
1055 921 1167 950 scirem
1185 920 1243 949 hoc
1259 925 1354 955 certe,

454 975 589 1014 placeret
606 974 710 1008 michi,
736 979 766 1002 ct
782 982 840 1011 ego
860 972 996 1001 venirem
1017 971 1054 999 ad
1071 969 1246 1009 prandium,
1265 981 1279 996 ι)
1296 979 1355 1007 que

455 1024 596 1053 condicio
623 1022 788 1061 adimpleta
814 1027 879 1050 erat
907 1020 977 1059 quia
1009 1030 1041 1049 se
1068 1025 1206 1058 paratum
1235 1018 1272 1046 ad
1299 1017 1357 1047 hoc

455 1073 585 1113 prandio
611 1073 688 1100 facto
711 1070 831 1100 obtulit.
861 1070 962 1109 Super
991 1069 1103 1108 quibus
1132 1067 1238 1097 verbis
1269 1066 1357 1096 electi

460 1124 580 1151 suerunt
600 1126 828 1160 procuratores,
850 1119 902 1158 qui
924 1124 1060 1147 emerent
1085 1117 1189 1157 pisces
1212 1126 1248 1145 ex
1271 1121 1358 1156 parte

454 1171 603 1205 nacionis,
633 1170 713 1199 sicut
741 1170 888 1203 fecerunt,
918 1168 1036 1196 scilicet
1063 1173 1107 1196 tot
1128 1166 1247 1205 pisces,
1275 1165 1358 1204 quod

457 1221 644 1249 sufficienter
661 1224 839 1247 manserunt
855 1226 913 1256 pro
933 1226 1019 1251 cena,
1042 1215 1113 1254 quia
1134 1225 1189 1253 pro
1209 1214 1359 1253 magistro

456 1269 551 1299 Paulo
561 1269 615 1297 suit
624 1274 769 1307 emptum,
779 1273 808 1295 et
816 1276 910 1305 super
919 1265 1154 1304 responsionem
1164 1274 1249 1293 suam
1260 1273 1360 1292 asser-

455 1319 557 1352 tivam,
573 1318 644 1356 quia
654 1316 745 1346 vellet
753 1316 869 1345 venire.
881 1314 967 1355 [Sed]
979 1314 1109 1353 prandio
1122 1314 1199 1342 facto
1213 1312 1361 1351 magister

458 1367 572 1396 Paulus
584 1376 645 1395 non
656 1365 739 1394 venit
750 1364 772 1400 ⁴,
788 1365 828 1393 ita
840 1364 921 1403 quod
939 1362 1170 1402 computacione
1182 1362 1258 1391 facta
1267 1360 1360 1401 magi-

459 1423 522 1446 ster
543 1414 702 1444 Marcilius
723 1415 760 1442 de
780 1414 890 1452 Yngen
911 1419 941 1442 et
960 1412 1107 1451 magister
1125 1410 1308 1440 Guillelmus
1323 1411 1361 1439 de

457 1466 620 1503 Wadenoy
631 1463 842 1504 promiserunt
852 1461 967 1501 hospiti
980 1461 1156 1490 satisfacere
1168 1461 1205 1489 de
1219 1462 1247 1488 1ο
1257 1461 1361 1488 franco

459 1515 515 1544 sub
529 1513 710 1542 condicione
723 1512 866 1551 superius
882 1510 1042 1550 explicata,
1056 1509 1176 1539 scilicet
1185 1508 1300 1538 XVIIIa
1312 1508 1362 1537 die

461 1563 576 1592 mensis
595 1562 679 1590 Maii.
698 1561 811 1590 Postea
825 1560 956 1589 termino
974 1559 1142 1588 solucionis
1160 1558 1251 1587 istius
1267 1556 1362 1587 franci

458 1612 726 1651 appropinquante
764 1616 794 1638 et
819 1609 967 1648 magistro
1000 1608 1096 1637 Paulo
1130 1608 1262 1642 monito,
1295 1607 1363 1646 ipse

460 1661 537 1690 dixit
552 1661 633 1699 quod
650 1659 745 1688 nollet
762 1658 893 1692 solvere,
911 1664 940 1686 et
955 1658 1032 1686 dixit
1047 1658 1129 1696 quod
1141 1667 1203 1685 non
1217 1656 1362 1691 solveret,

464 1710 534 1749 quia
558 1708 765 1748 personaliter
791 1717 852 1736 non
879 1713 1047 1745 potaverat.
1080 1706 1120 1735 Et
1143 1706 1211 1734 istis
1240 1705 1364 1734 attentis

462 1759 595 1798 positum
613 1758 668 1786 fuit
683 1757 713 1786 in
732 1755 1011 1786 deliberacionibus
1028 1756 1245 1794 magistrorum
1264 1754 1365 1783 nacio-

464 1809 525 1843 nis,
538 1813 638 1836 utrum
651 1807 776 1835 deberet
790 1805 909 1834 solvere
926 1805 1017 1834 istum
1030 1805 1166 1833 francum
1177 1804 1226 1833 vel
1238 1813 1311 1832 non.
1327 1802 1367 1832 Et

461 1856 601 1896 magistri
618 1862 689 1884 tunc
703 1855 870 1884 existentes
886 1854 917 1883 in
933 1853 1179 1893 congregacione
1194 1853 1237 1881 nil
1252 1852 1366 1881 delibe-

463 1911 623 1941 raverunt,
650 1905 721 1944 quia
740 1914 846 1933 omnes
867 1904 989 1932 suerunt
1008 1903 1038 1931 in
1058 1903 1188 1942 prandio
1208 1902 1365 1941 predicto,

472 1961 599 1994 excepto
620 1954 768 1993 magistro
790 1952 897 1987 Paulo,
924 1953 979 1981 sed
1003 1952 1147 1981 dixerunt
1168 1952 1251 1990 quod
1273 1960 1368 1990 super

469 2004 526 2032 hoc
542 2004 627 2032 fieret
646 2003 704 2031 alia
726 2001 931 2041 congregacio
948 2001 1098 2036 nacionis,
1119 2006 1148 2029 et
1163 2001 1245 2040 quod
1261 2009 1368 2029 omnes

469 2053 607 2092 magistri
624 2051 763 2080 nacionis
779 2056 972 2079 vocarentur.

867 2143 964 2173 1376

507 2217 577 2256 (Fol.
597 2216 648 2256 1)²
673 2216 776 2245 Anno
809 2216 953 2245 Domini
986 2216 1151 2245 M⁰CCC⁰
1182 2222 1329 2255 septua-

774 2275 914 2304 geS1mo
944 2271 1059 2294 sexto.

565 2314 835 2344 Procuratoria
873 2314 1044 2353 magistri
1078 2313 1270 2343 Wilhelmi

778 2364 819 2391 de
850 2362 1055 2402 Wadenoy.

506 2443 596 2471 Anno
614 2443 737 2471 Domini
749 2453 809 2481 quo
826 2452 930 2481 supra,
944 2442 1058 2470 mensis
1069 2442 1152 2471 Junii
1165 2442 1214 2471 die
1226 2443 1371 2477 secunda,

469 2493 543 2521 facta
566 2492 811 2531 congregacione
839 2491 977 2519 nacionis
1000 2492 1080 2530 apud
1108 2491 1251 2520 Sanctum
1277 2491 1374 2520 Matu-

468 2542 567 2570 rinum
596 2542 633 2569 ad
664 2541 840 2580 eligendum
872 2546 1103 2579 procuratorem
1133 2546 1162 2569 et
1189 2540 1374 2569 audiendum

471 2597 642 2629 computum
654 2589 836 2628 recepturis,
854 2589 968 2618 electus
985 2589 1039 2618 suit
1054 2589 1250 2618 concorditer
1262 2589 1293 2617 in
1304 2599 1375 2628 pro-

473 2645 642 2668 curatorem
671 2638 819 2677 magister
852 2638 1037 2667 VVilhelmus
1067 2639 1104 2666 de
1135 2637 1310 2677 Wadenoy.
1342 2638 1375 2667 In

475 2686 560 2726 cujus
577 2687 788 2726 procuratoria
814 2688 890 2716 sacta
905 2693 976 2716 sunt
997 2697 1056 2726 que
1072 2693 1252 2726 sequuntur.

512 2736 615 2764 Primo
643 2736 673 2764 in
698 2737 802 2764 eadem
828 2736 1071 2775 congregacione
1096 2736 1296 2765 deliberatum
1322 2736 1378 2765 fuit

473 2785 666 2813 concorditer
699 2785 781 2824 quod
811 2791 970 2824 compotus
1001 2785 1171 2824 receptoris
1202 2785 1378 2814 differretur

473 2843 569 2872 usque
589 2835 624 2861 ad
645 2840 821 2872 sequentem
838 2834 1016 2862 electionem
1035 2834 1255 2872 procuratoris.

507 2948 527 2970 1.
562 2949 607 2970 Ma.
623 2948 698 2970 addit
711 2948 753 2971 ad.

507 2984 529 3006 2.
563 2984 638 3007 Ax-ch.
654 2983 773 3006 Univers.
787 2984 868 3007 Paris.
880 2986 939 3015 [teg.
955 2985 986 3007 de
995 2984 1152 3008 lvreium-site
1164 2989 1191 3008 n⁰
1202 2986 1224 3008 5.

986 453 1209 480 AUCTARtUM
1234 451 1493 477 CHARTULARH
1515 452 1688 478 UNIVERS.
1710 453 1817 479 PARIS

1395 972 1427 998 10

1398 1216 1431 1243 15

1399 1463 1433 1488 20

1402 1707 1435 1733 25

1405 1953 1438 1979 30

1408 2198 1441 2224 35

1410 2442 1444 2468 40

1414 2686 1447 2712 45

2316 453 2369 479 500

1530 547 1598 576 Isti
1632 553 1716 576 sunt
1745 547 1938 576 licenciati
1970 547 2005 576 in
2034 547 2297 586 procurator-ia

1824 596 2009 635 predicta.

1502 676 1606 706 Primo
1631 676 1810 706 licenciatus
1829 676 1885 706 suit
1910 676 2054 705 dominus
2074 675 2206 705 Mathias
2221 677 2259 705 de
2273 676 2372 706 Janov

1463 726 1520 754 sub
1536 725 1685 765 magistro
1701 725 1841 755 Gerardo
1853 725 1890 754 de
1903 725 2028 759 Kalker‚
2041 725 2094 764 qui
2105 723 2222 764 juravit
2237 725 2267 754 in
2281 725 2372 764 plena

1462 774 1709 814 congregacione
1724 774 1864 803 nacionis
1883 780 2028 803 statutum
2042 773 2245 813 paupertatis.

1504 823 1578 852 Item
1594 823 1773 852 licenciatus
1794 823 1849 852 ruit
1864 823 2007 852 dominus
2017 822 2173 852 Johannes
2191 822 2373 852 Muntsche-

1464 882 1594 901 mannus
1619 872 1791 902 bacalarius
1812 871 1912 902 Studii
1937 871 2123 911 Pragensis,
2145 872 2202 900 sub
2224 871 2372 911 magistro

1465 920 1677 960 Lamb[erto]³
1705 922 1742 950 de
1769 921 1922 956 Mat-chia,
1946 920 2032 960 cujus
2057 921 2152 950 bursa
2180 920 2239 950 1111
2267 920 2370 950 solidi.

1465 969 1575 1000 Posuit
1591 970 1707 1009 pignus
1722 976 1781 999 tam
1797 980 1854 1009 pro
1873 970 2112 999 determinancia
2127 979 2217 1009 quam
2232 969 2371 999 licencia.

1467 1018 1617 1048 Similiter
1635 1018 1747 1059 juravit
1762 1018 1935 1058 juramenta
1957 1018 2047 1048 solita
2069 1028 2126 1058 pro
2149 1025 2279 1058 utroque
2300 1028 2376 1058 gra·

1467 1068 1560 1097 duum
1578 1067 1798 1107 predictorum.

1510 1118 1585 1147 Item
1600 1117 1780 1147 licenciatus
1802 1117 1858 1147 fuit
1877 1117 2020 1146 dominus
2035 1116 2139 1146 Buzco
2156 1117 2193 1146 de
2214 1116 2375 1156 Scopitecz

1470 1168 1527 1196 sub
1554 1166 1703 1206 magistro
1729 1166 1868 1195 Johanne
1893 1166 1931 1195 de
1951 1165 2098 1201 Polonia‚
2117 1165 2204 1205 cujus
2229 1166 2322 1194 bursa
2346 1164 2374 1194 ll

1471 1216 1575 1246 solidi.
1595 1215 1751 1244 Satisfecit
1767 1215 1932 1254 receptori.

1512 1265 1588 1294 Item
1606 1264 1785 1294 licenciatus
1803 1264 1859 1293 suit
1877 1264 2021 1293 dominus
2046 1263 2230 1292 Fredericus
2254 1262 2376 1302 Junghe

1471 1314 1528 1343 sub
1551 1314 1699 1353 magistro
1723 1313 1863 1343 Johanne
1891 1313 1951 1351 [de]
1970 1312 2154 1352 Wolga[st],
2173 1311 2259 1351 cujus
2283 1312 2387 1341 bursa*

1473 1363 1532 1392 llll
1552 1362 1654 1392 solidi.
1672 1362 1782 1392 Posuit
1798 1362 1923 1402 pignus.

1513 1412 1588 1441 Item
1610 1411 1790 1441 licenciatus
1817 1411 1873 1440 fuit
1902 1410 2045 1440 dominus
2073 1410 2219 1440 Nicolaus
2242 1409 2316 1439 Piec
2340 1409 2379 1438 de

1474 1460 1683 1490 Ghorinchem
1713 1461 1771 1490 sub
1801 1460 1951 1500 magistro
1978 1459 2125 1489 Heinrico
2151 1459 2200 1497 [de
2220 1458 2377 1497 RossemJ,

1473 1509 1560 1549 cujus
1575 1511 1670 1539 bursa
1683 1509 1740 1539 VII
1759 1509 1862 1538 solidi.
1880 1508 1992 1538 Posuit
2006 1509 2120 1548 pignus
2133 1507 2297 1547 receptori.

1513 1559 1588 1588 Item
1606 1559 1788 1588 licenciatus
1802 1558 1858 1587 fuit
1873 1558 2016 1587 dominus
2030 1557 2218 1587 Wilhelmus
2233 1556 2381 1586 Falkland

1473 1608 1584 1638 Scotus
1607 1609 1664 1637 sub
1690 1608 1838 1647 magistro
1866 1606 2035 1636 Wilhelmo
2055 1607 2093 1635 de
2121 1606 2274 1640 Trebron,
2293 1603 2380 1645 cujus

1472 1659 1567 1687 bursa
1583 1657 1623 1686 vl
1642 1657 1744 1686 solidi.
1766 1656 1922 1686 Satisfecit
1936 1655 2090 1695 receptori
2109 1661 2139 1684 et
2160 1654 2253 1684 solvit
2271 1659 2379 1683 totum.

1475 1765 1542 1795 Isti
1584 1770 1670 1794 sunt
1715 1763 1945 1802 incipientes
1994 1761 2159 1802 ejusdem
2204 1770 2382 1800 procura·

1603 1813 1700 1843 torie
1727 1811 1945 1842 Whilhelmi
1968 1812 2016 1840 =de
2047 1810 2250 1849 Wadenoy.

1517 1903 1636 1942 lncepit
1655 1902 1797 1932 dominus
1812 1901 1945 1930 Jacobus
1970 1901 2008 1929 de
2033 1900 2134 1940 Praga
2156 1900 2213 1929 sub
2233 1898 2383 1938 magistro

1476 1953 1615 1983 Johanne
1633 1952 1671 1980 de
1692 1951 1836 1986 Saxonia,
1856 1949 1943 1989 cujus
1958 1950 2054 1979 bursa
2074 1948 2134 1978 1111
2150 1948 2254 1978 solidi.
2274 1947 2385 1977 Posuit

1477 2002 1603 2042 pignus.
1624 2001 1732 2030 Solvit.

1518 2051 1593 2080 Item
1621 2049 1737 2089 incepit
1758 2048 1901 2078 dominus
1922 2047 2094 2077 Stanislaus
2117 2047 2155 2075 de
2177 2045 2307 2075 Polonia
2326 2045 2384 2074 sub

1478 2100 1627 2139 magistro
1645 2099 1785 2128 Johanne
1803 2099 1841 2126 de
1861 2096 2000 2126 Polonia.
2026 2095 2146 2125 Juravit
2162 2100 2382 2134 paupertatem.

1519 2149 1590 2188 (Fol.
1610 2150 1624 2177 1
1639 2147 1664 2187 1>>
1695 2147 1770 2176 Item
1790 2145 1907 2186 incepit
1930 2145 2073 2175 dominus
2088 2143 2220 2173 Mathias
2235 2143 2272 2172 de
2288 2142 2387 2172 Janov

1481 2199 1539 2227 sub
1560 2197 1709 2236 magistro
1730 2195 1870 2225 Gerardo
1887 2196 1925 2224 de
1953 2194 2076 2224 Kalker.
2104 2192 2222 2223 Juravit
2241 2197 2386 2221 statutum

1480 2246 1681 2286 paupertatis.

1521 2296 1596 2325 Item
1611 2294 1727 2334 incepit
1739 2293 1883 2322 dominus
1901 2292 2057 2322 Johannes
2069 2290 2387 2320 Muntschenmannus

1482 2346 1539 2374 sub
1557 2344 1707 2383 magistro
1722 2342 1860 2372 Johanne
1878 2342 1916 2371 de
1943 2340 2086 2375 Saxonia,
2108 2337 2195 2379 cujus
2209 2339 2304 2368 bursa
2325 2337 2386 2367 1111

1483 2393 1586 2423 solidi.
1607 2392 1718 2422 Posuit
1731 2391 1857 2431 pignus.

1523 2442 1598 2472 Item
1627 2441 1742 2480 incepit
1775 2440 1918 2470 dominus
1949 2437 2134 2467 Fit-edericus
2168 2435 2291 2476 Junghe
2330 2435 2388 2464 sub

1484 2491 1634 2531 magistro
1653 2490 1793 2519 Johanne
1809 2489 1846 2518 de
1865 2487 2022 2526 Wolgast‚
2038 2484 2124 2526 cujus
2139 2486 2233 2514 bursa
2252 2484 2312 2514 1111
2328 2483 2388 2514 sol.

1485 2540 1596 2570 Posuit
1611 2539 1737 2579 pignus.

1524 2589 1599 2618 Item
1629 2588 1744 2627 incepit
1777 2586 1919 2616 dominus
1942 2584 2076 2614 Thomas
2107 2583 2144 2612 de
2173 2582 2312 2622 Ungaria
2331 2582 2389 2612 sub

1485 2638 1633 2677 magistro
1652 2637 1791 2666 Johanne
1811 2636 1848 2664 de
1870 2633 2012 2669 Polonia‚
2027 2631 2115 2672 cujus
2137 2632 2231 2661 bursa
2247 2630 2274 2660 V
2298 2629 2391 2660 solidi

1486 2697 1554 2717 cum
1570 2685 1708 2715 dimidio.
1729 2684 1837 2714 Solvit.

1526 2736 1601 2765 Item
1631 2733 1747 2773 incepit
1774 2732 1917 2762 dominus
1944 2731 2047 2760 Buzco
2077 2731 2115 2759 de
2145 2729 2306 2768 Scopitecz
2333 2729 2390 2758 sub

1486 2785 1568 2814 dicto
1586 2784 1734 2823 magistro
1756 2781 1894 2811 Johanne
1919 2780 1956 2809 de
1976 2779 2117 2814 Polonia‚
2136 2777 2222 2817 cujus
2244 2778 2338 2807 bursa
2362 2776 2390 2806 11

1487 2833 1591 2863 solidi.
1611 2831 1720 2861 Solvit.

1520 2949 1542 2972 3.
1576 2950 1654 2971 Locus
1663 2947 1688 2970 in
1697 2954 1742 2970 ms.
1751 2947 1874 2969 uetustate
1885 2943 2075 2976 pessumdatus,
2087 2945 2114 2965 ut
2127 2941 2206 2965 multa
2217 2941 2271 2965 alia
2287 2939 2392 2964 nomina

1490 2983 1565 3014 hujus
1573 2982 1674 3014 primae
1682 2981 1795 3013 paginae.
