2632 3464
297 443 353 470 6³7

302 519 384 549 hunc
399 519 594 558 inscriptum,
609 519 693 558 quod
708 519 747 548 de
764 518 905 547 facultate
916 510 1032 546 arcium
1042 516 1100 546 ΧΠ
1114 516 1210 546 franci

298 567 516 598 elevarentur⁴
536 568 629 597 dandi
642 566 796 608 deputatis
815 577 872 606 pro
887 566 990 596 causis
1007 565 1208 606 supradictis,

300 616 440 656 qualibet
453 617 546 646 trium
566 616 740 646 facultatum
756 615 952 655 superiorum
975 615 1113 644 solvente
1124 613 1137 632 ²
1155 624 1210 643 sex

301 666 425 695 francos
443 666 481 695 ad
501 665 741 695 satisfactionem
756 674 883 694 suorum
899 665 1126 704 deputatorum.
1147 663 1209 693 Sed

298 724 360 754 pro
378 715 469 744 modo
484 714 581 744 tercio
594 714 678 743 illius
692 713 813 743 articuli
829 713 1013 742 deliberavit
1023 713 1106 752 quod
1118 722 1208 752 pecu-

301 763 393 792 nialis
403 762 623 793 Universitatis
633 762 788 802 obligacio
797 768 892 792 staret
900 762 1080 797 inralexata‚
1095 772 1208 801 quous-

298 822 361 852 que
379 812 509 851 pecunie
528 823 543 841 a
562 811 761 842 sentenciatis
775 811 922 851 personis
941 811 1001 841 sibi
1016 811 1119 840 debite
1142 811 1208 840 fue-

300 861 364 890 rint
379 861 546 901 persolute.

341 910 404 940 Pro
426 909 557 940 articulo
578 911 715 940 secundo
732 909 962 939 deliberabatur
981 910 1066 949 quod
1086 908 1208 949 suppli-

299 959 444 989 caciones
470 959 601 989 duorum
625 958 799 998 (uniusdam
825 958 887 998 (sic)
907 959 1058 999 magistri,
1080 958 1208 988 alterius

298 1008 443 1047 scolaris)
459 1007 705 1048 supplicancium
715 1008 960 1037 admitterentur.

342 1057 417 1087 item
445 1056 589 1087 xxvlw
613 1057 664 1087 die
690 1057 806 1086 mensis
827 1057 1013 1087 Novembris
1041 1067 1100 1096 que
1127 1066 1208 1086 anno

298 1106 490 1146 supradicto,
507 1106 539 1135 in
559 1106 635 1135 hora
651 1106 816 1136 terciarum
839 1106 952 1136 Nostre
971 1106 1114 1141 Domine,
1132 1106 1210 1135 facta

297 1155 546 1196 congregacione
558 1155 709 1185 facultatis
724 1155 839 1185 arcium
849 1156 887 1184 ad
899 1155 1044 1185 Sanctum
1054 1155 1208 1185 Julianum

298 1214 395 1244 super
411 1205 503 1234 modo
524 1210 679 1244 oportuno
698 1204 834 1234 videndo
852 1204 1024 1244 recipiendi
1035 1203 1209 1244 juramenta

296 1263 318 1283 a
330 1253 488 1294 magistris
499 1253 684 1283 cancellario
694 1252 708 1272 ⁸
723 1263 783 1293 que
796 1253 1042 1283 subcancellario
1054 1253 1085 1282 in
1098 1253 1209 1283 Sancta

299 1302 469 1333 Genowefa
489 1302 667 1332 constitutis
692 1302 829 1342 receptis
852 1303 883 1332 in
908 1302 1129 1338 Universitate‚
1152 1312 1209 1342 pro

296 1361 431 1392 quorum
445 1351 635 1381 admissione
654 1351 878 1391 adjuramenta
899 1358 1047 1382 consueta
1071 1351 1210 1381 facienda

298 1401 332 1430 in
346 1400 476 1430 nacione
499 1407 606 1430 nostra
625 1407 656 1430 et
671 1401 741 1430 aliis
761 1400 939 1430 affirmative
954 1401 1207 1431 concludebatur.

340 1449 413 1490 (Fal.
438 1452 477 1480 38
491 1450 515 1490 ¹²)
533 1450 607 1480 ltem
634 1449 685 1479 die
714 1450 851 1479 secundo
879 1450 996 1479 mensis
1027 1450 1209 1480 Decembris

298 1500 376 1529 facta
391 1499 638 1539 congregacione
649 1499 789 1528 nacionis
799 1499 881 1538 apud
895 1499 1039 1529 Sanctum
1054 1499 1208 1529 Julianum

299 1548 375 1578 hora
393 1548 560 1588 primarum
579 1548 692 1578 Nostre
710 1548 840 1578 Domine
861 1558 956 1588 super
973 1549 1095 1578 duobus
1112 1549 1209 1578 infra-

297 1597 428 1637 scriptis
453 1597 593 1627 articulis
617 1597 839 1632 deliberandis,
862 1607 920 1638 pro
947 1607 1078 1637 quorum
1106 1598 1208 1638 primo

297 1646 441 1687 querenti
462 1646 624 1686 pecuniam
648 1645 726 1675 banc
745 1646 928 1684 modificari,
947 1657 1006 1686 que
1029 1653 1113 1676 esset
1127 1647 1208 1677 reci-

299 1695 412 1736 pienda
433 1706 451 1725 a
469 1695 609 1736 quolibet
630 1695 850 1736 magistrorum
876 1696 1016 1725 nacionis
1043 1696 1208 1726 intenden-

294 1745 378 1775 cium
396 1745 570 1780 inrotulari‚
586 1744 701 1774 ibidem
713 1754 731 1774 a
747 1750 833 1784 parte
851 1743 967 1785 majore
979 1745 1208 1775 deliberabatur

299 1803 395 1834 super
410 1794 515 1824 franco
532 1793 724 1834 recipiendo.

341 1843 415 1873 ltem
427 1853 486 1883 pro
502 1843 639 1873 secundo
649 1842 780 1873 articulo
794 1844 962 1883 exponenti
980 1844 1207 1884 simplicitatem

299 1892 440 1922 nacionis
459 1892 630 1922 deficientis
650 1891 682 1922 in
701 1892 882 1932 provisione
899 1893 1114 1932 pecuniarum,
1138 1894 1208 1923 uni-

300 1941 439 1971 formiter
461 1941 517 1970 fuit
535 1941 624 1971 uacio
643 1941 828 1971 concordata
850 1942 933 1982 quod
957 1942 1101 1972 dominus
1121 1944 1208 1973 deca-

298 1990 391 2026 nus⁴,
415 1990 563 2030 magister
585 1989 754 2020 Nicholaus
779 1991 818 2020 de
839 1990 989 2031 Grynlaw
1017 1992 1156 2028 nomine,
1180 1999 1210 2023 et

299 2039 447 2080 magister
462 2038 643 2069 Arnoldus⁸
660 2039 796 2079 deputati
817 2050 854 2069 ex
872 2046 959 2079 parte
977 2041 1116 2071 nacionis
1133 2052 1209 2071 con-

297 2089 398 2120 stituti
426 2088 548 2118 adirent
579 2088 713 2128 pignora
748 2088 942 2128 inspicienda
965 2088 1106 2130 jacencia
1140 2101 1208 2120 cum

298 2144 460 2178 receptore
476 2137 616 2166 nacionis
636 2143 666 2166 et
682 2147 812 2177 quorum
833 2138 923 2178 copia
942 2138 1010 2168 visa
1029 2139 1207 2180 diligenter,

298 2193 443 2226 receptor
463 2186 600 2216 traderet
625 2196 659 2215 ea
680 2186 768 2226 prius
783 2187 955 2222 vendenda,
981 2198 1040 2228 que
1067 2188 1209 2228 longiore

297 2242 438 2276 tempore
450 2234 595 2275 jacebant
609 2245 712 2265 secum
726 2235 890 2271 custodita,
907 2235 968 2266 hiis
983 2243 1084 2266 tamen
1100 2247 1209 2278 excep-

298 2285 339 2314 tis
353 2294 448 2324 super
469 2294 599 2324 quorum
619 2284 802 2314 vendicione
824 2285 989 2315 deferenda
1005 2285 1044 2314 a‘
1067 2286 1207 2322 nacione,

299 2333 371 2363 inde
385 2333 461 2363 alias
476 2333 637 2373 requisita,
655 2333 711 2363 fuit
728 2333 906 2374 specialiter
923 2334 1146 2374 dispensatum.

341 2382 415 2412 ltem
431 2382 508 2412 facta
521 2382 768 2422 congregacione
779 2382 1000 2413 Universitatis
1011 2385 1047 2413 ad
1065 2384 1209 2414 Sanctum

299 2430 487 2461 Maturinum
502 2441 560 2472 per
572 2430 780 2471 juramentum
798 2432 895 2462 tercio
913 2432 962 2462 die
981 2433 1096 2463 mensis
1115 2444 1209 2474 supra

297 2480 374 2510 dicti
390 2490 486 2520 super
500 2480 626 2510 salutari
647 2481 785 2511 remedio
800 2481 994 2521 providendo
1012 2488 1118 2512 contra
1136 2492 1209 2512 sen-

297 2530 430 2560 tenciam
457 2529 665 2570 repellendam
688 2530 1019 2560 excommunicacionis
1042 2531 1130 2561 latam
1154 2542 1210 2572 per

299 2577 481 2618 episcopum
507 2578 716 2608 Parisiensem
742 2579 876 2609 diversis
903 2579 1075 2619 suppositis
1104 2587 1209 2611 sancte

299 2627 407 2657 matris
430 2633 537 2657 nostre
562 2626 782 2658 Universitatis
810 2627 1010 2663 parisiensis,
1033 2628 1208 2659 volentibus

299 2676 447 2706 resistere
471 2676 589 2706 decime
609 2677 704 2717 petite
725 2677 943 2717 persolvende‚
971 2684 1086 2708 attento
1110 2678 1209 2718 privi-

332 2759 355 2784 1.
389 2761 436 2784 Mu.
449 2759 620 2785 diversatur.

331 2795 356 2819 2.
389 2796 436 2819 Μ’.
449 2795 571 2819 ιοΙνειιῑὶ.

331 2831 354 2854 3.
389 2829 482 2862 egidio
494 2829 528 2854 de
539 2831 646 2855 Vannio.
660 2831 883 2856 Subcancaellarim
895 2839 903 2856 .·
914 2833 1047 2857 Johanne·
1061 2833 1092 2857 de
1102 2834 1209 2859 Avenis.

305 2866 360 2890 rid.
371 2866 563 2895 Chnr2u1.,lll,
573 2868 628 2891 ³08.

332 2901 355 2925 10.
392 2901 482 2933 Illique
491 2901 604 2926 decanus
617 2902 728 2936 alicuju:
737 2903 867 2933 eccleciae,
881 2903 933 2927 nin'
945 2904 978 2928 u't
990 2904 1083 2928 senior.

332 2938 356 2960 ὅ.
390 2938 437 2960 Mn.
451 2937 593 2961 Orunlduo.

330 2974 356 2996 ὅ.
390 2973 437 2996 Μ’.
448 2980 516 2996 cum.

811 440 924 467 LIBER
945 439 1258 467 PROCURATORUM
1278 439 1459 466 NATIONIS
1477 440 1723 467 ANGLICANAE

1247 962 1280 988 10

1248 1208 1281 1234 15

1247 1454 1281 1480 20

1246 1701 1280 1727 25

1246 1947 1281 1973 30

1247 2193 1281 2219 35

1247 2438 1281 2464 40

1247 2683 1280 2710 45

2175 446 2229 472 638

1319 516 1401 556 legio
1417 517 1544 556 speciali
1562 518 1621 546 sibi
1643 519 1813 548 concesso⁷
1838 520 2024 549 contrarium
2046 521 2227 555 continenti,

1318 575 1377 604 pro
1397 576 1459 605 quo
1475 566 1563 595 nacio
1585 573 1692 596 nostra
1712 568 1894 598 deliberavit
1909 570 1992 608 quod
2013 570 2043 598 in
2066 571 2230 609 premissis

1318 615 1495 644 deferendis
1514 615 1710 645 Universitas
1725 617 1906 656 appellaret.

1360 663 1434 693 ltem
1451 664 1576 693 facultas
1594 665 1746 694 medicine
1765 666 1957 696 satisfaceret
1971 668 2008 696 de
2022 669 2152 707 pecunia
2169 669 2229 698 sibi

1318 718 1418 742 taxata
1437 714 1474 742 ad
1502 713 1662 743 honestam
1688 715 1931 744 conformitatem
1955 717 2133 755 capiendam
2154 718 2229 747 alia-

1318 771 1386 791 rum
1404 772 1579 792 nacionum.

1360 811 1434 840 ltem
1466 811 1578 841 ibidem
1607 812 1743 842 admissa
1773 820 1838 843 erat
1867 814 2059 854 supplicacio
2089 816 2228 855 magistri

1319 859 1447 890 Hem-ici
1471 861 1617 890 Poelman
1644 862 1804 891 nacionem
1830 863 2017 902 inquirentis
2045 874 2101 903 pro
2125 865 2229 894 bursis

1318 909 1384 938 suis
1401 909 1546 939 omnibus
1564 911 1741 940 deferendis
1759 911 1874 941 debitis
1890 913 2012 941 nacioni
2026 923 2063 942 ex
2081 920 2168 952 parte
2182 914 2228 943 sui

1318 958 1418 998 ipsius
1433 959 1471 987 ad
1490 959 1681 989 terminalem
1702 960 1816 990 exitum
1834 961 2049 1000 complendum
2069 963 2230 1002 proximo-

1318 1017 1385 1036 rum
1415 1008 1507 1037 trium
1531 1009 1683 1038 mensium
1710 1010 1882 1039 futurorum
1902 1020 1919 1039 a
1945 1011 1995 1040 die
2020 1010 2110 1050 hujus
2126 1012 2230 1051 gracie

1318 1056 1464 1096 specialis
1493 1057 1520 1086 ei
1551 1068 1699 1087 concesse
1723 1060 2012 1098 computandorum,
2042 1061 2099 1090 sub
2123 1067 2230 1100 prote-

1319 1105 1456 1135 stacione
1470 1112 1571 1135 tamen
1582 1113 1707 1147 recepta
1720 1108 1925 1138 condicionali
1943 1110 2079 1148 ponendi
2093 1110 2124 1138 in
2139 1120 2229 1139 manu

1318 1155 1491 1194 receptoris
1509 1156 1686 1185 caucionem
1702 1156 1901 1186 sufficientem
1917 1157 2065 1187 librorum
2079 1165 2130 1188 aut
2145 1159 2227 1194 libri,

1318 1204 1488 1233 valencium
1508 1211 1558 1234 aut
1574 1205 1704 1235 valentis
1729 1206 1889 1245 pecuniam
1916 1207 2040 1236 totalem
2061 1207 2143 1237 illam
2163 1207 2228 1248 ejus

1319 1263 1356 1282 ex
1367 1260 1454 1292 parte
1472 1254 1605 1283 debitam
1624 1254 1756 1284 nacioni.

1361 1302 1435 1332 Item
1464 1303 1513 1332 die
1542 1303 1721 1333 dominico⁸
1743 1304 1886 1344 proximo
1911 1306 2089 1344 precedenti
2119 1307 2229 1336 festum

1319 1351 1542 1391 Conceptionis
1563 1353 1649 1382 beate
1677 1353 1774 1382 Marie
1794 1353 1826 1382 in
1847 1354 1996 1383 Jacobitis
2016 1361 2085 1394 post
2104 1356 2229 1384 missam

1319 1400 1539 1430 Universitatis
1554 1401 1668 1431 ibidem
1680 1402 1874 1438 celebratam.
1892 1403 1969 1432 facta
1982 1405 2229 1444 congregacione

1318 1450 1457 1490 generali
1488 1457 1548 1480 tam
1582 1461 1644 1480 non
1675 1451 1851 1491 regencium
1885 1452 2102 1491 magistrorum
2138 1464 2229 1493 quam

1318 1499 1495 1539 regencium
1509 1510 1565 1539 per
1578 1498 1796 1539 juramentum,
1814 1506 1878 1530 tres
1896 1501 2017 1531 articuli
2032 1502 2146 1531 ibidem
2163 1503 2229 1532 fue-

1318 1554 1390 1578 runt
1415 1549 1567 1588 propositi
1592 1559 1649 1588 per
1672 1555 1834 1579 rectorem.
1862 1549 1925 1579 Pro
1949 1550 2051 1590 primo
2074 1552 2227 1590 querenti,

1318 1598 1441 1627 modum
1454 1608 1524 1627 esse
1542 1598 1781 1637 specificandum
1796 1599 1964 1628 reducendi
1979 1600 2150 1629 facultatem
2168 1611 2229 1630 me-

1317 1646 1419 1676 dicine
1435 1647 1472 1676 ad
1486 1647 1724 1677 uniformitatem
1740 1654 1911 1677 ceterarum
1933 1648 2107 1678 facultatum
2125 1650 2227 1688 quoad

1318 1696 1466 1735 pecunias
1488 1702 1616 1731 taxatas,
1637 1696 1862 1736 persolvendas
1887 1698 2055 1727 secundum
2078 1698 2228 1728 delibera-

1317 1745 1424 1775 ciones
1442 1745 1583 1780 aliorum,
1608 1752 1704 1774 mater
1726 1752 1833 1775 nostra
1855 1746 1943 1775 nacio
1962 1746 2133 1786 Anglicana
2150 1747 2229 1776 deli-

1317 1794 1437 1824 beravit
1452 1795 1534 1834 quod
1563 1794 1593 1823 in
1614 1794 1665 1823 illa
1682 1794 1822 1824 facultate
1845 1795 1890 1824 sic
1910 1796 2062 1831 obstante,
2084 1807 2144 1835 que
2159 1797 2229 1826 aliis

1318 1843 1512 1873 facultatibus
1524 1844 1592 1873 visa
1606 1844 1711 1872 eadem
1728 1843 1903 1873 rationabili
1919 1854 1989 1874 esse
2002 1855 2094 1874 causa
2104 1845 2116 1863 ⁹
2139 1856 2229 1884 pecu-

1318 1893 1385 1922 nias
1413 1892 1564 1928 elevandi,
1595 1893 1735 1932 predicta
1770 1893 1897 1923 facultas
1929 1903 2076 1923 recusans
2107 1894 2228 1924 solvere

1318 1941 1566 1982 compelleretur.

1359 1991 1434 2021 ltem
1466 2001 1562 2030 super
1591 1992 1729 2020 membro
1766 2001 1886 2021 annexo
1920 1991 2105 2027 continenti,
2137 1992 2227 2022 istum

1319 2040 1482 2080 Hugonem
1514 2039 1712 2070 Embriotli⁴⁰
1739 2040 1815 2070 alias
1844 2042 2113 2080 condempnatum,
2135 2052 2230 2081 super

1319 2096 1420 2119 cetera
1446 2089 1550 2118 mundi
1578 2089 1735 2128 placencia
1756 2090 1820 2119 fore
1844 2090 2018 2130 cupientem
2048 2091 2163 2120 assumi
2190 2092 2228 2120 ad

1318 2138 1454 2178 graciam
1467 2138 1657 2168 amicabilem
1669 2145 1699 2168 et
1710 2138 1985 2168 misericordiam⁴⁴
2000 2139 2139 2178 piissime
2150 2140 2228 2170 favo-

1319 2187 1427 2217 rabilis
1444 2188 1551 2217 matris
1576 2194 1682 2217 nostre
1703 2187 1864 2218 benedicte
1886 2188 2106 2218 Universitatis
2126 2189 2226 2218 Paris.

1319 2237 1478 2277 dignantis
1506 2247 1574 2266 eum
1600 2237 1774 2272 absolvere,
1794 2247 1854 2277 que
1874 2247 1891 2266 a
1912 2237 2002 2277 penis
2030 2238 2094 2267 suis
2115 2248 2229 2278 perpe—

1319 2286 1380 2316 tuis
1395 2285 1542 2326 injunctis
1555 2285 1705 2321 relaxare,
1722 2293 1905 2326 preaccepta
1916 2293 2015 2316 tamen
2030 2297 2137 2316 secura
2155 2297 2229 2326 pro-

1319 2335 1467 2365 missione
1492 2335 1701 2365 satisfaciendi
1730 2335 1761 2364 in
1781 2334 1902 2375 injuriis
1925 2342 1955 2365 et
1976 2336 2122 2375 expensis
2142 2336 2228 2365 factis

1318 2394 1376 2424 per
1389 2383 1631 2414 Universitatem
1643 2384 1767 2414 racione
1783 2395 1851 2414 eum
1867 2385 1999 2414 ducendi
2014 2385 2051 2414 ad
2068 2385 2229 2424 cognicio-

1319 2443 1387 2462 nem
1406 2433 1454 2462 sui
1473 2434 1602 2468 erroris,
1622 2443 1679 2473 per
1697 2434 1855 2463 nacionem
1879 2439 2015 2462 nostram
2036 2434 2090 2462 fuit
2109 2433 2228 2462 delibe-

1318 2489 1416 2512 ratum
1435 2483 1518 2522 quod
1534 2482 1671 2522 deputati
1690 2483 1834 2512 doctores
1852 2492 1889 2511 ex
1905 2489 1990 2521 parte
2010 2482 2228 2512 Universitatis

1318 2531 1451 2561 ordinati
1476 2531 1597 2561 adirent
1621 2532 1771 2571 quendam
1803 2531 1980 2571 magistrum
2007 2530 2072 2570 ejus
2096 2541 2229 2560 consan-

1318 2581 1463 2620 guineum
1483 2580 1624 2610 Pan-isius
1645 2580 1839 2615 existentem,
1859 2580 1959 2609 taliter
1987 2580 2144 2609 facientem
2164 2591 2228 2609 ma-

1318 2636 1395 2659 trem
1411 2636 1547 2659 nostram
1569 2630 1738 2669 predictam
1757 2629 1914 2658 informari
1940 2629 2063 2657 nomine
2086 2629 2228 2669 lingonis

1318 2679 1449 2719 predicti
1462 2678 1630 2718 dampnati,
1643 2678 1730 2717 cujus
1744 2678 1883 2717 magistri
1899 2677 2020 2706 nomine
2037 2678 2084 2706 sui
2100 2688 2228 2707 consan-

1349 2763 1372 2785 7.
1412 2761 1465 2786 Vid.
1479 2770 1557 2793 mpra
1571 2770 1595 2793 p.
1611 2762 1666 2789 627,
1681 2763 1732 2784 nol.
1753 2761 1774 2784 1.

1349 2798 1372 2821 8.
1407 2798 1420 2821 7
1434 2797 1585 2821 verenabris.

1349 2834 1372 2855 Ω.
1407 2833 1449 2856 Sic
1461 2833 1486 2855 in
1500 2836 1564 2859 num,
1581 2832 1626 2855 aed
1633 2831 1872 2863 proplerdrseclum
1889 2834 2032 2854 ulruclurue
2050 2834 2074 2854 el
2089 2831 2228 2855 latinitatis

1319 2867 1361 2891 vis·
1373 2868 1484 2899 intelligi
1498 2870 1591 2899 potent.

1350 2904 1388 2928 10.
1423 2906 1440 2927 Ι.
1456 2913 1477 2927 e.
1493 2903 1610 2927 Aubriot.

1351 2940 1388 2963 11.
1422 2941 1469 2963 Μ’.
1487 2938 1737 2962 ιηοηίἀοήοοι-ιΙίιιῐη.
1752 2939 1801 2961 An.
1818 2938 1885 2963 ¹:182,
1899 2937 1988 2961 Martii
2000 2938 2019 2963 1.
2037 2939 2108 2966 nugo
2120 2937 2228 2961 ,tubriot

1319 2984 1334 2999 α
1344 2974 1440 3007 postulo
1454 2983 1467 2998 σ
1480 2983 1581 2998 care-ere
1593 2974 1716 2997 liba-atus
1727 2977 1773 2997 cet.
1796 2973 1847 2996 rid.
1865 2973 1993 2999 Cbnrtul..
2007 2973 2051 3000 ΙΙΙ.
2064 2975 2118 3001 30¹1,
2137 2975 2187 2997 not.
2202 2975 2225 2996 u.
