2632 3464
274 430 327 457 377
780 429 892 455 LIBER
914 427 1227 454 PROCURATORUM
1247 427 1427 454 NATIONIS
1447 428 1692 454 ANGLICANAE
2144 430 2197 456 378

275 506 400 542 Tricht,
424 506 456 536 in
468 505 555 547 cujus
571 505 795 547 procuracione
817 510 884 534 acta
902 505 1024 534 fuerunt
1043 503 1099 532 hec
1121 513 1181 543 que

275 562 459 596 sequuntur.

314 605 421 635 Primo
443 605 549 634 eadem
566 604 616 634 die
634 603 691 634 fuit
711 602 908 633 concorditer
926 601 1128 631 deliberatum
1148 601 1181 630 in

274 654 403 684 nacione
414 653 499 683 nullo
513 653 697 683 reclamante
714 651 760 681 ire
773 651 812 680 ad
829 651 997 686 tabernam,
1015 650 1067 680 ubi
1082 650 1181 690 prefa-

274 709 325 733 tus
339 702 488 743 magister
505 701 664 732 Arnoldus
684 700 777 731 solvit
794 710 851 740 pro
865 699 964 740 prima
982 698 1048 739 ejus
1066 709 1181 739 procu-

275 752 399 782 racione
424 751 525 781 XVlll
542 750 660 780 solidos
680 756 711 780 et
732 748 792 778 llll
817 749 975 783 denarios,
1001 754 1031 778 et
1052 748 1182 788 quilibet

276 800 495 841 magistrorum
517 799 718 829 existencium
734 797 778 827 lll
799 798 897 833 albos,
919 803 949 827 et
970 803 1114 837 receptor
1135 796 1180 826 ΙΙΙ

275 849 394 879 solidos
409 855 440 878 et
450 848 510 878 1111
525 847 671 878 denarios
685 857 723 877 ex
736 847 890 877 communi
905 846 1105 876 ordinacione
1120 855 1178 875 ma-

274 898 445 939 gistrorum
461 897 504 927 ibi
531 896 745 932 existencium,
773 902 803 925 et
833 896 864 925 in
891 905 962 925 casu
987 896 1071 935 quod
1093 895 1181 925 nacio

276 947 397 977 solvere
428 956 491 976 non
518 945 622 981 vellet,
653 944 784 985 quilibet
816 944 1034 984 magistrorum
1063 950 1180 984 partem

275 1005 361 1026 suam
377 995 498 1026 solvere
514 994 628 1024 ibidem
646 994 800 1034 promisit.

317 1045 391 1074 ltem
413 1043 529 1073 xvlll·
559 1043 609 1073 die
629 1042 812 1073 Decembris
838 1042 1003 1072 inmediate
1023 1049 1096 1082 post
1117 1043 1182 1072 lec-

275 1094 376 1124 tiones
391 1093 423 1122 in
439 1092 531 1122 nonis
551 1093 664 1122 Nostre
688 1091 820 1122 Domine
839 1092 916 1121 facta
935 1092 1182 1132 congregacione

274 1143 355 1183 apud
375 1142 519 1172 Sanctum
540 1141 727 1171 Mami-inum
750 1150 845 1180 super
863 1141 1019 1171 discordia
1036 1141 1180 1176 rectorie‚

274 1198 376 1222 utrum
402 1191 564 1231 expediret
591 1190 737 1230 primitus
768 1191 868 1219 facere
904 1190 1182 1230 congregacionem

275 1240 427 1270 facultatis
442 1250 532 1280 quam
550 1239 782 1278 Universitatis,
803 1239 1004 1269 deliberatum
1024 1245 1090 1269 erat
1104 1249 1182 1269 una-

275 1290 400 1320 nimiter
419 1299 435 1318 a
454 1288 612 1329 magistris
627 1289 741 1318 ibidem
755 1288 972 1323 existentibus,
987 1289 1071 1328 quod
1086 1298 1182 1328 expe-

275 1339 358 1369 diret
371 1338 455 1378 quod
471 1338 616 1378 primitus
631 1338 718 1367 fleret
730 1337 893 1367 facultatis.

318 1387 392 1418 ltem
403 1387 435 1416 in
449 1387 555 1416 eadem
565 1386 814 1427 congregacione
825 1386 1077 1426 supplicaverunt
1088 1386 1181 1426 magi-

276 1437 334 1467 stri
348 1436 526 1466 Alexander
536 1435 670 1466 Schotus
684 1445 742 1475 pro
753 1445 786 1465 se
802 1441 832 1465 et
849 1435 998 1475 magister
1015 1435 1182 1465 Nicholaus

276 1486 315 1516 de
339 1485 511 1516 Crucinaco
535 1495 574 1514 ex
592 1491 680 1525 parte
705 1484 844 1524 magistri
864 1484 1025 1514 Wilhelmi
1043 1485 1082 1514 de
1100 1484 1183 1514 Her-

276 1534 354 1565 bach
370 1535 453 1574 quod
467 1534 495 1564 si
511 1534 706 1574 contingeret
717 1533 784 1563 fieri
798 1533 928 1569 rotulus,
946 1534 1030 1573 quod
1041 1533 1183 1574 impone-

276 1590 384 1614 rentur
405 1589 549 1623 tanquam
572 1589 747 1623 presentes,
772 1582 885 1622 quibus
910 1592 1091 1612 concessum
1119 1589 1184 1612 erat

275 1633 360 1673 quod
375 1633 525 1662 deberent
541 1631 677 1672 imponi;
699 1632 755 1661 sed
773 1637 875 1661 utrum
890 1638 1035 1671 tanquam
1051 1641 1184 1672 presen-

275 1681 392 1722 teskvel
413 1682 569 1716 absentes,
592 1680 652 1710 hoc
666 1686 762 1710 staret
781 1680 812 1710 in
827 1680 1024 1710 discussione
1043 1681 1183 1711 nacionis

277 1731 309 1760 in
323 1729 522 1760 conclusione
536 1729 641 1760 rotuli.

317 1778 392 1809 Item
411 1778 496 1809 xlx·
515 1778 566 1808 die
586 1778 703 1808 mensis
720 1778 903 1808 Decembris
917 1778 995 1808 facta
1009 1788 1185 1819 congrega-

276 1829 365 1859 cione
384 1837 441 1868 per
454 1826 659 1867 juramentum
682 1827 714 1857 in
731 1827 842 1867 primis
860 1827 964 1857 Sancti
979 1827 1086 1857 Jacobi
1104 1829 1185 1868 apud

278 1877 422 1908 Sanctum
439 1876 627 1906 Maturinum
647 1885 743 1916 super
761 1876 918 1906 discordia
935 1877 1085 1917 predicta,
1106 1877 1186 1907 deli-

277 1927 415 1956 beratum
429 1931 494 1956 erat
510 1925 707 1955 concorditer
717 1935 735 1955 a
746 1925 908 1966 magistris
923 1925 1037 1955 ibidem
1049 1926 1186 1956 existen-

277 1975 360 2006 tibus
375 1975 458 2016 quod
472 1975 559 2004 fleret
575 1974 782 2015 congregacio
801 1974 952 2005 facultatis
967 1981 1037 2005 ante
1053 1986 1187 2016 congre-

277 2024 437 2065 gacionem
453 2023 684 2059 numi-sitatis,
699 2029 730 2053 et
745 2024 829 2063 quod
845 2030 1030 2063 procurator
1046 2025 1186 2054 nacionis

278 2073 439 2104 Piccardie
455 2078 645 2112 proponeret
657 2078 723 2102 acta
740 2072 771 2101 in
789 2072 1035 2113 congregacione
1052 2073 1188 2103 Univer-

278 2122 390 2157 sitatis,
409 2121 483 2162 quia
501 2121 704 2151 deliberatum
719 2127 785 2151 erat
802 2121 834 2151 in
853 2121 993 2152 facultate
1013 2123 1096 2162 quod
1112 2121 1188 2151 Gal-

278 2171 357 2201 licus
369 2171 498 2200 liaberet
511 2170 644 2210 primum
663 2169 763 2200 locum
783 2171 991 2211 proponendi,
1011 2178 1042 2201 et
1062 2171 1188 2201 Piccar-

278 2221 338 2251 dus
353 2220 535 2250 secundum.

319 2269 394 2299 ltem
416 2268 484 2299 ΧΧ·
505 2268 555 2298 die
578 2268 694 2298 mensis
716 2268 898 2298 Decembris
917 2269 993 2299 facta
1015 2279 1188 2310 congrega-

278 2318 367 2348 cione
384 2317 525 2347 nacionis
540 2317 572 2347 in
591 2317 699 2357 primis
714 2317 828 2347 Nostre
843 2317 974 2347 Domine
990 2319 1071 2358 apud
1090 2318 1188 2348 Sanc-

279 2373 342 2397 tum
360 2366 547 2397 Maturinum
570 2376 666 2406 super
682 2366 840 2396 discordia
859 2366 1009 2406 predicta,
1033 2367 1189 2397 delibera-

279 2422 342 2446 tum
360 2421 426 2446 erat
437 2415 623 2446 unanimiter
638 2425 655 2444 a
667 2415 825 2455 magistris
842 2415 954 2445 ibidem
970 2416 1187 2451 existentibus,

279 2465 363 2506 quod
388 2464 595 2505 congregacio
618 2463 838 2494 Universitatis
862 2474 920 2504 pro
946 2465 1112 2495 concordia
1134 2465 1189 2495 ba-

280 2514 378 2544 benda
394 2514 482 2543 fleret
495 2519 565 2543 ante
581 2513 858 2554 congregacionem
877 2513 1041 2544 facultatis.

322 2563 396 2593 ltem
417 2562 587 2603 penultima
605 2562 656 2592 die
675 2561 812 2602 ejusdem
831 2562 947 2593 mensis
965 2563 1042 2593 facta
1054 2573 1189 2604 congre-

280 2611 410 2653 gacione
422 2611 563 2642 nacionis
573 2611 610 2640 ad
623 2610 767 2641 Sanctum
779 2611 983 2642 Marturinum
995 2611 1071 2642 hora
1081 2612 1189 2643 tercia-

281 2669 348 2691 rum
367 2660 405 2690 ad
425 2660 629 2690 ordinandum
653 2660 692 2690 de
714 2660 872 2700 magistris
897 2661 1189 2701 supervenientibus

282 2715 354 2749 post
369 2709 598 2740 conclusionem
616 2709 709 2739 rotuli
728 2719 797 2739 cum
813 2709 884 2740 aliis
899 2716 971 2740 tunc
989 2710 1189 2750 presentibus

282 2757 499 2794 inrotnlandis,
511 2758 548 2788 ab
565 2758 710 2788 omnibus
722 2758 880 2799 magistris
892 2759 1032 2789 nacionis
1050 2759 1188 2800 predicte

282 2806 484 2837 deliberatum
497 2807 554 2838 fuit
571 2807 656 2837 nullo
671 2807 868 2843 reclamante,
889 2809 971 2848 quod
990 2818 1098 2839 omnes
1118 2815 1190 2849 post

315 2916 338 2940 1.
371 2916 401 2939 w
411 2916 561 2941 Decet-sbrie.
574 2918 669 2941 Notata
679 2916 794 2950 dignum.
807 2920 909 2941 mortem
918 2926 1004 2950 papae
1019 2918 1190 2951 Parier'iajam

281 2954 340 2983 post
353 2951 377 2975 11
394 2951 449 2975 dien
460 2954 546 2976 notam
560 2960 621 2976 une.

1219 949 1253 974 10

1219 1193 1253 1220 15

1220 1439 1254 1466 20

1221 1686 1255 1712 25

1223 1930 1258 1956 ³0

1225 2175 1259 2202 35

1227 2421 1260 2447 40

1227 2666 1260 2692 45

1289 503 1520 533 conclusionem
1540 504 1631 533 rotuli
1658 505 1913 544 supervenientes
1938 512 2043 534 essent
2067 513 2197 545 postpo-

1288 553 1383 582 nendi
1398 553 1467 582 aliis
1483 553 1626 582 omnibus
1645 559 1718 583 tunc
1735 554 1944 592 presentibus,
1965 560 1994 583 et
2012 555 2103 583 michi
2122 565 2198 594 pro-

1289 602 1423 631 curatori
1456 602 1634 641 supradicto
1659 601 1828 642 injunctum
1853 609 1919 631 erat
1933 612 1950 631 a
1970 609 2032 632 tota
2054 604 2193 638 nacione,

1289 652 1373 690 quod
1396 650 1511 681 nullius
1545 651 1686 691 magistri
1717 651 1969 691 supervenientis
1995 652 2044 681 vel
2070 652 2198 681 alterius

1287 700 1445 740 presentis
1469 710 1506 730 ex
1527 707 1615 740 parte
1644 699 1710 740 ejus
1729 700 1991 740 supplicacionem
2010 701 2040 730 in
2067 701 2197 730 nacione

1288 749 1429 790 predicta
1440 759 1660 789 proponerem,
1677 755 1710 778 ut
1725 755 1867 788 tanquam
1882 759 2013 788 presens
2026 750 2197 790 imponere-

1289 804 1339 828 tur
1353 799 1455 838 quoad
1472 798 1634 838 pecuniam
1649 797 1698 828 vel
1714 798 1814 838 quoad
1832 797 1944 828 locum.

1329 847 1405 877 Item
1423 848 1528 877 eadem
1549 847 1598 877 die
1617 847 1692 876 hora
1711 857 1911 886 vesperarum
1932 848 2008 877 facta
2025 858 2199 888 congrega-

1290 896 1378 926 cione
1390 896 1532 925 nacionis
1545 897 1583 925 ad
1601 896 1778 936 eligendum
1798 895 1974 932 officiarios,
1998 897 2114 927 electus
2135 904 2201 926 erat

1290 945 1438 986 magister
1467 945 1656 975 Wilhelmus
1684 945 1786 974 Buser
1816 945 1848 974 in
1879 946 2023 975 nuncium
2051 956 2089 975 ex
2113 953 2199 986 parte

1289 994 1430 1024 nacionis
1451 1001 1559 1024 nostre
1580 995 1619 1023 ad
1635 1004 1746 1035 papam
1767 1004 1835 1024 cum
1854 994 1956 1024 rotulo
1976 995 2135 1024 mittendo.
2162 995 2201 1024 Et

1289 1043 1379 1073 electi
1394 1050 1482 1073 erant
1500 1043 1731 1079 inrotulatores,
1753 1043 1899 1074 videlicet
1913 1044 2060 1084 magister
2075 1044 2200 1074 Bartol-

1290 1094 1360 1128 dus,
1383 1092 1532 1133 magister
1553 1092 1720 1123 Heinricus
1741 1092 1904 1128 Lanchals,
1924 1099 1954 1122 et
1966 1093 2114 1133 magister
2128 1093 2201 1123 Jor-

1290 1142 1388 1172 danus
1404 1142 1442 1171 de
1458 1141 1567 1172 clivis.

1330 1191 1406 1221 Item
1422 1190 1454 1220 in
1476 1191 1582 1220 eadem
1608 1191 1856 1231 congregacione
1883 1197 1950 1221 erat
1977 1191 2151 1221 ordinatum
2184 1202 2201 1221 a

1290 1240 1418 1270 nacione
1442 1241 1481 1269 de
1509 1240 1802 1280 supervenientibus
1833 1241 1916 1280 quod
1942 1240 2073 1280 quilibet
2094 1251 2199 1270 eorum

1290 1290 1418 1319 deberet
1438 1289 1512 1318 dare
1537 1289 1659 1319 nacioni
1683 1289 1710 1318 ll
1736 1290 1869 1324 francos,
1893 1296 1923 1319 et
1946 1289 2200 1319 inrotulatoribus

1292 1338 1335 1368 111
1351 1338 1484 1373 solidos,
1502 1344 1532 1367 et
1546 1338 1677 1378 quilibet
1689 1339 1727 1367 de
1741 1338 1942 1378 presentibus
1957 1349 2050 1368 unum
2066 1339 2199 1368 solidum

1290 1387 1557 1418 inrotulatoribus.

1333 1436 1406 1466 {tem
1415 1436 1521 1466 ultima
1531 1436 1580 1465 die
1591 1434 1726 1475 ejusdem
1739 1436 1854 1466 mensis
1866 1436 1943 1466 facta
1954 1437 2200 1476 congregacione

1292 1485 1431 1515 nacionis
1454 1485 1485 1514 in
1507 1485 1618 1525 primis
1637 1484 1742 1514 Sancti
1763 1485 1871 1515 Jacobi
1896 1486 1934 1514 ad
1951 1485 2200 1524 supplicandum,

1291 1533 1478 1574 supplicavit
1493 1533 1634 1563 bedellus
1646 1540 1679 1563 ut
1691 1534 1780 1564 nacio
1790 1533 1883 1563 vellet
1895 1534 1922 1563 ei
1936 1534 2114 1570 subvenire,
2130 1535 2202 1574 quia

1293 1589 1422 1624 propter
1441 1583 1556 1612 obitum
1575 1581 1675 1622 pape‘
1698 1583 1736 1612 de
1753 1582 1853 1612 officio
1876 1593 1932 1613 suo
1953 1583 2006 1612 illo
2033 1593 2113 1613 anno
2132 1584 2202 1613 nul-

1291 1633 1353 1663 lum
1371 1633 1500 1662 fructum
1519 1632 1680 1671 percipere
1701 1632 1839 1667 deberet,
1863 1632 1912 1662 cui
1932 1638 1998 1662 erat
2019 1642 2201 1662 concessum

1292 1692 1310 1711 a
1340 1681 1469 1711 nacione
1489 1682 1573 1720 quod
1600 1681 1667 1720 ipse
1694 1681 1733 1710 de
1757 1680 2049 1720 supervenientibus
2076 1681 2203 1711 deberet

1292 1731 1406 1760 habere
1428 1740 1575 1760 summam
1597 1729 1624 1759 X
1644 1730 1830 1766 francorum,
1855 1736 1886 1759 et
1906 1730 2106 1760 subbedellus
2128 1741 2203 1761 suus

1293 1790 1441 1810 summam
1456 1779 1483 1808 V
1498 1780 1683 1814 francorum,
1705 1779 1736 1808 in
1755 1789 1828 1809 casu
1842 1779 1869 1809 si
1885 1785 1931 1809 tot
1946 1780 2203 1820 supervenientes

1293 1829 1446 1859 venirent.

1334 1878 1410 1908 Item
1441 1877 1694 1917 supplicaverunt
1720 1877 1827 1917 plures
1857 1877 1997 1918 magistri
2033 1878 2063 1906 in
2094 1878 2199 1907 eadem

1294 1927 1540 1967 congregacione
1549 1933 1582 1956 ut
1596 1926 1684 1956 nacio
1698 1926 1791 1956 vellet
1806 1926 1930 1966 aliquos
1947 1926 2204 1966 supervenientes

1294 1976 1326 2005 in
1347 1975 1480 2006 rotulum
1497 1975 1670 2011 admittere,
1692 1985 1823 2015 quorum
1849 1975 2101 2015 supplicaciones
2118 1982 2205 2005 erant

1295 2025 1490 2065 interempte.

1701 2096 1795 2126 1371

1337 2172 1411 2202 ltem
1427 2172 1458 2201 in
1474 2172 1572 2212 prima
1589 2171 1639 2201 die
1657 2172 1773 2202 mensis
1789 2172 1927 2201 Januarii
1944 2173 2020 2201 sacta
2035 2182 2205 2212 congrega-

1296 2221 1384 2252 cione
1409 2221 1549 2251 nacionis
1563 2220 1734 2261 Anglicane
1752 2221 1926 2250 immediate
1943 2227 2016 2261 post
2031 2231 2204 2250 sermonem

1296 2271 1328 2300 in
1342 2270 1455 2300 Sancto
1471 2270 1626 2300 Maturino
1644 2271 1681 2299 ad
1699 2270 1921 2310 assignandum
1934 2270 2109 2305 terminum,
2127 2270 2206 2299 infra

1297 2330 1388 2360 quem
1419 2319 1559 2360 magistri
1587 2319 1738 2349 deberent
1764 2319 1929 2359 porrigere
1956 2318 2206 2358 supplicaciones

1297 2378 1415 2404 eorum,
1435 2367 1638 2398 deliberatum
1658 2374 1725 2398 erat
1742 2368 1927 2398 unanimiter
1948 2368 2031 2408 quod
2047 2368 2126 2397 infra
2143 2374 2206 2397 tres

1297 2418 1365 2448 dies
1379 2417 1543 2453 inclusive,
1563 2417 1594 2446 in
1607 2427 1681 2447 casu
1697 2418 1780 2457 quod
1792 2417 1835 2446 illi
1848 2417 1900 2457 qui
1920 2427 1981 2446 non
1996 2417 2206 2456 porrigerent,

1297 2467 1381 2507 quod
1398 2477 1459 2496 non
1478 2467 1613 2496 facerent
1631 2465 1835 2506 prejudicium
1857 2466 1925 2495 aliis
1946 2466 2102 2505 magistris
2120 2465 2207 2494 inro-

1296 2515 1443 2546 tulandis.

1339 2564 1414 2595 ltem
1431 2564 1462 2594 in
1480 2565 1586 2594 eadem
1603 2563 1852 2605 congregacione
1867 2563 2069 2593 deliberatum
2088 2569 2154 2593 erat
2169 2563 2207 2592 ab

1297 2614 1441 2644 omnibus
1457 2624 1519 2643 non
1537 2612 1718 2653 regentibus
1736 2614 1819 2653 quod
1836 2612 2054 2642 inrotulatores
2065 2611 2208 2652 jurarent

1297 2663 1465 2694 secundum
1495 2662 1749 2692 consuetudinem
1769 2662 1924 2701 antiquam
1958 2671 2011 2690 seu
2039 2661 2207 2690 secundum

1297 2712 1421 2742 modum
1439 2717 1631 2746 consuetum,
1651 2717 1681 2741 et
1694 2711 1795 2741 taliter
1811 2711 1923 2740 ibidem
1932 2709 2125 2750 juraverunt.

1339 2761 1414 2791 ltem
1434 2761 1467 2791 in
1486 2761 1591 2790 eadem
1610 2760 1868 2800 congregacione,
1889 2769 1948 2799 que
1966 2765 2032 2789 erat
2054 2759 2131 2788 facta
2152 2769 2208 2799 per

1293 2809 1511 2850 juramentum,
1530 2809 1731 2839 deliberatum
1755 2815 1819 2838 erat
1839 2809 1877 2838 ab
1897 2808 2040 2838 omnibus
2058 2808 2207 2838 unanimi-
