2632 3464
153 839 202 864 Lis
222 849 283 865 cum
304 840 417 867 natione

211 884 356 911 Gallicana

442 419 498 435 an
1281 407 1545 434 INTRODUCTIO

442 484 602 520 facultas
621 484 676 519 eis
695 482 894 524 arrideret,
907 483 1151 520 immemores
1167 496 1300 519 eorum
1315 496 1414 532 quae
1430 485 1535 520 natio
1555 484 1767 534 Anglicana
1788 485 2049 523 favorabiliter
2069 488 2165 537 ipsis
2181 497 2248 526 aut
2263 488 2373 526 alteri

441 566 573 590 eorum
595 565 711 602 saepe
725 553 896 602 gratiose
913 552 1087 589 exhibuit
1109 560 1148 589 et
1168 553 1252 588 aliis
1271 552 1319 589 de
1332 553 1398 588 illa
1414 552 1544 602 lingua
1567 567 1585 589 1>
1603 555 1701 601 (796,
1724 556 1745 591 5
1762 558 1878 605 sqq).

490 624 545 658 De
564 622 707 658 scholis
724 629 875 671 septem
899 623 1036 658 artium
1059 635 1221 671 quorum
1242 629 1392 670 partem
1410 622 1631 659 inferiorem
1656 624 1882 673 Anglicana,
1910 626 2149 675 superiorem
2175 626 2371 664 Picardica

439 691 669 741 occupabat,
699 691 842 728 multae
865 691 1112 727 difficultates
1146 692 1435 736 surrexerunt¹‚
1469 699 1508 728 et
1537 691 1602 728 diu
1633 694 1805 742 viguisse
1834 702 1968 743 postea
1999 695 2235 733 simultatem
2272 698 2372 734 inter

441 761 573 797 ambas
594 762 771 797 nationes
791 760 931 810 probat
946 768 1037 796 nota
1061 762 1076 796 1
1095 761 1260 809 paginae
1281 761 1363 796 661.

489 832 621 880 Neque
637 843 724 866 cum
738 830 933 867 Gallicana
953 830 1110 865 natione
1126 835 1296 865 nostram
1315 831 1504 879 optimum
1519 830 1598 867 fere
1614 833 1888 869 commercium
1901 833 2172 884 habuisseJam
2187 835 2366 872 diximus.

438 902 509 936 An.
536 901 642 942 1364,
664 901 756 936 Otto
774 899 823 935 de
844 900 1076 948 Dymaringa
1099 913 1116 934 c(
1137 898 1185 935 de
1206 898 1376 935 dioecesi
1400 901 1563 936 Metensi
1586 907 1699 937 natus
1725 908 1764 938 et
1784 901 2009 940 acclimatus
2025 903 2208 941 idiomate
2227 904 2275 941 de
2291 918 2368 955 quo

436 969 595 1005 dubium
612 977 738 1005 erat...
759 970 859 1004 inter
878 969 1075 1004 nationem
1093 968 1327 1005 Gallicanam
1350 976 1388 1004 et
1405 977 1591 1013 nostram,
1614 970 1661 1006 ad
1678 983 1792 1020 quam
1809 973 2022 1020 pertineret
2039 986 2073 1017 12,
2095 973 2368 1011 determinavit

434 1040 532 1085 (295,
548 1039 613 1082 40,
637 1039 717 1079 297,
747 1039 778 1084 1)
799 1045 837 1074 et
854 1038 1074 1074 licentiatus
1094 1045 1155 1074 est
1172 1038 1269 1083 (298,
1294 1039 1342 1081 1);
1360 1039 1468 1087 cujus
1489 1041 1652 1088 pecunia
1666 1041 1693 1082 2,
1717 1053 1787 1089 pro
1808 1039 2130 1079 determinatione
2149 1050 2188 1080 et
2210 1043 2367 1081 licentia

434 1107 558 1143 danda
575 1109 674 1143 intra
691 1120 825 1143 manus
851 1108 1025 1157 magistri
1046 1106 1196 1143 Picardi
1216 1108 1255 1142 in
1275 1107 1495 1156 depositum
1521 1109 1638 1145 missa
1657 1117 1731 1152 est,
1757 1109 1881 1147 donec
1903 1110 2008 1147 dicta
2029 1124 2146 1148 causa
2174 1112 2360 1150 finiretur.

435 1179 553 1213 Immo
574 1177 711 1213 bursas
732 1189 802 1226 pro
828 1178 1049 1226 inceptione
1076 1190 1094 1211 (c
1123 1175 1386 1213 fraudulenter
1409 1185 1448 1213 et
1473 1177 1638 1214 latenter
1660 1192 1677 1213 »
1701 1180 1806 1215 natio
1830 1179 2024 1217 Gallicana
2044 1189 2243 1231 receperat
2262 1184 2361 1230 (316,

435 1248 504 1293 16).
526 1248 598 1283 An.
626 1247 731 1290 1380,
750 1246 920 1283 nondum
938 1246 1068 1283 decisa
1089 1259 1218 1288 causa,
1236 1246 1400 1283 facultas
1417 1248 1555 1284 artium
1570 1247 1619 1284 de
1635 1249 1862 1297 quaestione
1879 1249 2120 1288 deliberabat
2132 1252 2232 1298 (591,
2257 1254 2301 1300 1).

481 1318 618 1366 Magna
652 1316 700 1352 lis
738 1316 921 1352 adversus
956 1317 1152 1352 nationem
1191 1316 1425 1352 Gallicanam
1459 1317 1531 1354 fuit
1581 1326 1741 1368 propter
1778 1332 1939 1356 examen
1973 1319 2297 1358 lieentiandorum
2324 1324 2362 1359 in

431 1388 467 1421 S.
508 1385 711 1422 Genovefa.
746 1387 827 1421 Jam
855 1399 915 1421 an.
948 1386 1041 1421 1370
1070 1387 1167 1431 (351,
1200 1387 1241 1429 7,
1267 1386 1332 1429 42;
1361 1387 1446 1428 352,
1475 1387 1549 1433 20),
1585 1389 1625 1423 in
1654 1389 1812 1425 natione
1845 1389 2059 1438 Anglicana
2090 1391 2362 1428 cancellarium

429 1457 467 1491 S.
488 1455 702 1491 Genovefae
720 1455 921 1491 incusabat
935 1454 1039 1504 quod
1058 1469 1075 1489 α
1094 1454 1306 1491 secundum
1320 1461 1495 1491 tenorem
1511 1455 1640 1492 bullae
1657 1464 1696 1493 et
1716 1456 2000 1506 depositionem
2016 1460 2320 1496 examinatorum
2341 1475 2358 1496 ))

428 1524 683 1561 licentiandos
702 1537 778 1560 non
803 1524 1030 1560 licentiaret.
1055 1524 1189 1560 Gallici
1210 1537 1363 1574 semper
1383 1527 1725 1574 praeeminentiam
1749 1533 1787 1563 et
1808 1528 2047 1576 prioritatem
2072 1528 2146 1564 sibi
2164 1529 2362 1566 vindicare

427 1593 631 1630 voluerunt
644 1595 670 1629 3.
694 1595 825 1630 Mense
848 1595 948 1630 Maio
969 1595 1007 1629 in
1029 1607 1163 1630 manus
1180 1593 1344 1631 Walteri
1365 1593 1414 1630 de
1431 1594 1664 1639 XVardehw,
1686 1597 1860 1646 episcopi
1881 1596 2142 1645 Glasguensis‚
2162 1611 2222 1634 res
2239 1598 2361 1648 depo-

428 1664 530 1699 nitur
546 1664 639 1712 (357,
659 1664 704 1699 25
717 1665 817 1712 sqq.)
833 1671 870 1699 et
886 1662 1061 1711 ejusdem
1077 1663 1278 1712 capellano
1292 1665 1423 1699 vinum
1434 1664 1495 1700 vel
1510 1664 1699 1709 clenodia,
1718 1673 1760 1702 ut
1780 1667 2001 1703 memoriam
2022 1666 2168 1703 domini
2191 1667 2358 1716 adjuvet,

425 1732 639 1768 offeruntur
663 1733 759 1778 (358,
798 1733 866 1778 13).
898 1734 1052 1769 Frustra
1079 1733 1183 1768 natio
1208 1732 1422 1782 Anglicana
1451 1735 1574 1770 amice
1601 1747 1714 1784 agere
1741 1748 1828 1771 cum
1858 1735 1975 1772 altera
2006 1736 2232 1780 conabatur,
2269 1750 2356 1782 cum

426 1803 650 1838 societatem
668 1803 748 1838 sive
772 1802 1049 1839 fraternitatem
1065 1802 1270 1852 quamdam
1291 1816 1408 1852 super
1429 1804 1622 1852 exsequiis
1639 1803 1907 1840 defunctorum
1934 1805 2131 1841 ambarum
2155 1807 2356 1843 nationum

427 1871 584 1907 fundare
604 1879 838 1921 proponeret
851 1872 949 1918 (362,
976 1873 1020 1908 10
1041 1871 1159 1922 sqq.);
1181 1872 1431 1909 nihilominus
1448 1874 1572 1908 acrior
1590 1875 1827 1910 concertatio
1847 1874 2015 1923 vigebat.
2039 1876 2111 1911 An.
2138 1876 2231 1911 1376
2252 1877 2358 1912 nat-io

425 1941 617 1977 Gallicana
648 1943 685 1976 in
711 1943 885 1977 examine
912 1943 949 1977 S.
981 1941 1197 1978 Genovefae
1226 1942 1315 1978 illos
1338 1942 1504 1978 nationis
1531 1942 1768 1992 Anglicanae
1792 1943 1916 1980 noluit
1944 1943 2160 1988 admittere,
2191 1947 2256 1994 qui
2281 1955 2357 1982 non

426 2012 578 2046 Parisiis
605 2010 673 2046 sed
698 2010 787 2046 alibi
814 2010 1167 2047 determinaverant
1190 2012 1287 2057 (488,
1311 2013 1353 2054 53
1379 2012 1465 2054 489,
1495 2012 1563 2055 20,
1592 2012 1677 2055 490,
1702 2013 1749 2059 3).
1769 2014 1881 2049 Natio
1902 2013 2149 2050 Picardorum
2166 2015 2244 2063 jam
2264 2022 2356 2063 tuno

423 2080 568 2115 nationi
587 2079 824 2128 Anglicanae
841 2088 975 2116 contra
996 2080 1230 2116 Gallicanam
1251 2081 1503 2117 succurrebat
1523 2082 1619 2128 (490,
1645 2083 1715 2129 19).
1737 2082 1813 2119 Sed
1834 2082 1883 2119 de
1898 2083 1973 2119 alio
1989 2092 2126 2133 postea
2146 2085 2251 2120 natio
2266 2096 2356 2134 quie»

425 2149 591 2184 rebatur.
620 2151 692 2185 An.
719 2150 811 2186 1378
838 2151 1059 2199 imperatori
1083 2149 1220 2186 Carolo
1242 2151 1292 2187 IV
1318 2151 1455 2199 petitio
1480 2150 1659 2200 dirigitur
1683 2165 1700 2186 t<
1726 2159 1916 2201 quatenus
1942 2152 2166 2202 dignaretur
2185 2153 2355 2190 scribere

425 2231 492 2267 pro
515 2219 669 2254 natione
697 2218 743 2254 ad
767 2218 964 2255 dominum
993 2218 1265 2268 apostolicum,
1289 2226 1331 2254 ut
1355 2227 1526 2256 cessaret
1548 2220 1612 2256 illa
1629 2222 2042 2273 oppressio‘examinis
2059 2224 2098 2258 S.
2123 2222 2353 2266 Genovefae,

423 2287 633 2323 secundum
657 2288 760 2337 quod
782 2290 903 2324 nostri
924 2296 1154 2324 vocarentur
1174 2287 1386 2324 secundum
1408 2291 1542 2325 merita
1563 2303 1848 2339 personarum»
1871 2292 1970 2339 (529,
1989 2293 2061 2339 42).
2087 2291 2231 2328 Eodem
2252 2305 2353 2328 anno

423 2356 590 2393 Gerardo
610 2357 657 2393 de
674 2358 815 2394 Kalkar
830 2359 965 2394 nuntio
981 2359 1124 2394 curiam
1143 2360 1351 2394 Romanam
1369 2358 1519 2395 adituro
1542 2359 1704 2396 traditur
1726 2360 1853 2397 littera
1874 2375 1891 2396 «
1916 2361 1964 2397 ad
1986 2361 2200 2397 tollendum
2214 2374 2352 2410 grava-

425 2440 526 2470 men,
558 2427 661 2476 quod
688 2429 725 2463 in
748 2429 998 2476 temptamine
1027 2429 1064 2463 S.
1098 2427 1313 2464 Genovefae
1338 2428 1501 2477 singulis
1525 2430 1855 2467 annisnationem
1885 2438 2070 2475 nostram,
2101 2430 2192 2467 licet
2225 2431 2351 2466 minus

416 2497 531 2543 juste,
560 2504 693 2532 contra
713 2497 899 2533 honorem
921 2510 1030 2532 suum
1054 2504 1280 2546 aggravaret
1296 2511 1312 2532 ))
1334 2497 1435 2546 (558,
1451 2499 1499 2544 6).
1518 2499 1615 2535 Vani
1629 2506 1790 2535 conatus
1807 2500 1871 2535 diu
1885 2507 2102 2536 evaserunt.

470 2566 683 2602 Schismate
714 2573 860 2609 exorto,
895 2566 955 2602 vel
986 2566 1123 2602 saltem
1159 2579 1219 2603 an.
1262 2567 1369 2610 1381,
1406 2579 1534 2605 rerum
1568 2574 1692 2610 status
1728 2568 1934 2613 mediocris
1970 2568 2349 2613 fuit,.„,Cannella1>ius

421 2638 457 2672 S.
482 2636 711 2679 Genovefae,
736 2635 906 2672 Judocus
928 2636 1124 2678 Ghisilius,
1148 2637 1213 2685 qui
1241 2643 1371 2685 partes
1394 2636 1539 2673 Urbani
1563 2638 1612 2674 VI
1627 2645 1797 2680 ,secutus
1824 2645 1896 2682 est,
1920 2639 2066 2681 nationi
2081 2638 2236 2683 >favebat
2257 2637 2347 2685 (vid.

459 2804 485 2831 1,
530 2801 601 2830 Vid.
618 2811 712 2841 supra
728 2812 795 2842 cap,
813 2802 842 2830 6,
1439 2795 1540 2825 tiones
1560 2795 1715 2825 tales'non
1732 2794 1976 2826 ortilffstll'ssssellltl

457 2852 486 2881 2.
531 2851 654 2879 ottonis
677 2851 771 2879 bursa
792 2852 829 2879 ad
847 2852 865 2879 8
882 2850 940 2879 sol.
962 2851 1149 2879 ascendebat
1166 2850 1248 2890 (298,
1268 2850 1326 2890 16),
1478 2846 1525 2873 3--
1553 2844 1634 2875 Vitia
1653 2845 1717 2885 jam
1730 2846 1829 2875 *antea
1849 2844 2005 2882 nfflhnfflr,
2023 2845 2065 2874 ilt-
2081 2855 2111 2875 v.
2139 2852 2243 2884 gwnn·
2268 2845 2347 2874 1355

417 2901 496 2929 unde
513 2901 550 2929 de
571 2909 688 2929 summa
707 2901 723 2929 7
747 2900 818 2928 libr.
837 2900 855 2928 6
872 2900 930 2928 sol.
948 2901 1107 2939 agebatur,
1128 2900 1211 2939 quod
1234 2909 1328 2939 grave
1439 2895 1597 2934 cujusdam
1629 2907 1642 2922 α
1661 2896 1769 2935 brigae
1787 2902 1805 2923 »s
1834 2895 1915 2925 inter
1937 2894 2089 2943 nationes
2120 2899 2249 2933 propter
2287 2893 2346 2922 hoc

415 2950 516 2978 fiebat.
536 2950 580 2978 De
597 2949 770 2988 suppositis
786 2961 799 2976 α
820 2959 950 2988 quorum
967 2949 1061 2978 bursa
1075 2948 1155 2978 nihil
1173 2959 1186 2976 a
1202 2955 1328 2978 conten·
1439 2946 1553 2975 mentio
1569 2947 1601 2975 fit
1613 2944 1693 2984 (179,
1710 2945 1770 2984 28).
2026 2946 2055 2964 ²'
2118 2954 2120 2974 ἐ
2220 2945 2221 2949 ’
