2632 3464
444 425 493 451 371
987 420 1210 447 AUCTARIUM
1230 417 1490 445 CHARTULARII
1509 418 1682 446 UNIVERS.
1704 419 1823 446 PARIS.
2313 422 2366 448 372

443 501 481 530 ad
491 500 663 540 eligendum
676 505 918 538 procuratorem,
931 499 968 527 ad
978 497 1161 526 audiendum
1173 501 1348 534 computum

444 549 627 588 receptoris,
647 548 840 577 continuatus
856 557 937 576 eram
954 557 1010 586 ego
1025 546 1179 575 Jordanus
1198 546 1235 573 de
1251 543 1348 574 Clivis

443 599 474 627 in
493 604 735 637 procuratorem,
753 596 904 626 communi
920 605 1074 624 consensu
1096 594 1230 623 omnium
1254 592 1348 631 magi-

443 654 576 677 strorum
606 646 838 675 interveniente.
871 644 991 673 Dilatus
1021 650 1086 672 erat
1112 649 1274 681 computus
1298 651 1348 670 re-

445 697 579 736 ceptoris
596 705 694 734 usque
710 695 747 723 ad
760 694 930 733 proximam
948 692 1224 732 congregacionem
1243 690 1349 719 nacio-

443 746 504 780 nis,
525 745 594 784 quia
614 744 700 773 tarde
717 749 844 772 venerat
862 742 913 771 diu
929 747 1118 780 expectatus.
1138 740 1177 769 Et
1193 740 1224 768 in
1243 740 1347 768 eadem

444 793 688 833 congregacione
716 791 901 830 supplicavit
930 790 1076 829 magister
1102 789 1278 818 Everardus
1310 789 1347 816 de

442 843 572 872 Saxonia
589 852 646 881 pro
662 841 843 870 remissione
863 839 989 878 pecunie
1008 838 1054 868 vel
1070 838 1194 877 aliquali
1212 837 1347 866 diminu-

442 892 530 921 cione
554 900 669 920 summe
689 890 836 918 tradende
854 899 911 927 pro
929 888 1052 922 nuncio,
1072 887 1209 926 allegans
1229 885 1348 915 insuffi-

442 941 587 970 cienciam
604 939 752 968 solvendi.
768 937 863 977 Cujus
878 937 1066 976 supplicacio
1080 946 1142 964 non
1160 935 1347 964 concedeba-

441 996 502 1024 tur,
520 989 590 1028 quia
605 989 751 1017 timebant
767 986 906 1026 magistri
920 986 1001 1025 quod
1019 986 1094 1014 sorte
1108 986 1146 1014 ad
1157 994 1347 1023 consequen-

441 1039 519 1067 ciam
535 1037 757 1071 traheretur‚et
769 1036 852 1074 quod
865 1035 953 1064 nacio
970 1034 1122 1063 similibus
1139 1033 1348 1072 supplicacio-

444 1088 502 1116 bus
517 1087 657 1126 pluribus
675 1091 783 1124 posset
796 1084 930 1124 gravari.

484 1136 557 1164 Item
574 1135 622 1163 (lic
638 1134 791 1163 dominico
808 1132 969 1172 sequenti⁴
993 1138 1064 1171 post
1082 1141 1255 1161 sermonem
1271 1131 1348 1160 facta

442 1184 686 1223 congregacione
712 1183 849 1211 nacionis
876 1183 957 1221 apud
980 1182 1124 1210 Sanctum
1147 1181 1345 1214 Maturinum,

441 1234 540 1273 primo
552 1234 587 1261 ad
602 1233 759 1261 sciendum
775 1241 933 1260 numerum
946 1230 1164 1270 magistrorum
1175 1230 1347 1258 volencium

441 1283 514 1322 poni
534 1282 563 1310 in
579 1281 690 1315 rotulo,
707 1281 825 1310 scilicet
840 1290 877 1308 an
894 1286 938 1308 tot
953 1280 1067 1309 vellent
1084 1279 1245 1307 inrotulari
1264 1279 1348 1317 quod

441 1332 477 1360 ab
501 1331 545 1359 eis
568 1336 674 1369 posset
693 1330 799 1358 haberi
822 1339 938 1358 summa
958 1328 1086 1368 pecunie
1104 1338 1162 1367 pro
1185 1327 1297 1356 nuncio
1318 1334 1348 1356 et

440 1380 534 1409 eciam
558 1389 615 1418 pro
634 1378 765 1413 bedello,
788 1385 949 1417 antequam
972 1378 1059 1406 nacio
1082 1377 1248 1416 quidquam
1271 1386 1348 1415 pro-

441 1429 574 1457 mitteret
587 1427 708 1456 bedello
724 1437 780 1466 per
791 1427 960 1456 facultatem
972 1427 1126 1466 eligendo,
1150 1432 1179 1455 et
1199 1426 1347 1455 articulus

441 1478 499 1506 iste
530 1477 728 1506 differebatur
762 1482 892 1516 propter
923 1476 1104 1514 paucitatem
1137 1475 1344 1514 presencium.

441 1528 486 1555 2¹¹s
501 1526 646 1555 articulus
665 1526 702 1554 ad
716 1525 899 1554 audiendum
909 1524 1082 1563 juramenta
1097 1524 1344 1559 inrotulatorum,

441 1575 493 1614 qui
527 1575 620 1603 eciam
653 1574 861 1603 differebatur.
897 1573 1044 1602 Similiter
1071 1580 1100 1602 et
1120 1574 1166 1602 3²¹⁵
1185 1573 1344 1608 articulus,

441 1625 493 1663 qui
512 1625 566 1653 fuit
579 1625 616 1652 ad
629 1623 812 1652 audiendum
829 1629 1003 1662 computum
1015 1623 1197 1661 receptoris.
1213 1623 1258 1650 4¹¹³
1271 1622 1346 1651 arti-

442 1673 488 1702 lus
502 1679 566 1701 erat
580 1674 617 1701 de
634 1673 710 1701 sesto
727 1672 824 1701 sancti
846 1671 1029 1706 Eadmundi‚
1045 1671 1164 1700 scilicet
1176 1682 1243 1700 cum
1257 1671 1346 1700 nacio

441 1722 540 1750 nullas
570 1721 695 1750 haberet
723 1721 869 1760 pecunias
899 1731 1092 1755 communes,
1118 1730 1220 1759 ymmo
1247 1720 1346 1749 adhuc

442 1778 523 1799 esset
545 1770 613 1799 aliis
641 1770 785 1809 obligata,
815 1780 852 1798 an
875 1770 1035 1808 expediret
1059 1770 1158 1798 facere
1184 1769 1346 1808 prandium

435 1819 523 1858 juxta
540 1819 679 1858 antiquas
696 1819 933 1847 consuetudines
952 1819 1021 1858 ipso
1034 1818 1083 1847 die
1102 1818 1286 1847 Eadmundi.
1307 1818 1347 1847 Et

441 1869 641 1897 deliberatum
672 1868 727 1896 fuit
756 1868 952 1896 concorditer
980 1868 1060 1906 quod
1092 1867 1147 1896 sic.
1179 1868 1224 1896 De
1255 1867 1345 1897 modo

441 1924 539 1946 autem
556 1917 687 1945 habendi
703 1917 848 1955 pecunias
864 1927 922 1955 pro
939 1916 1085 1955 expensis
1105 1916 1253 1945 faciendis
1272 1916 1345 1945 deli-

442 1967 605 1995 berabatur
620 1976 636 1994 a
654 1965 760 2004 majori
780 1972 865 2004 parte
882 1966 964 2004 quod
984 1965 1229 2005 supplicaremus
1246 1966 1345 2004 primo

440 2015 598 2054 provincie
629 2021 733 2043 nostre
743 2014 766 2049 ²,
780 2021 930 2053 quatenus
957 2015 1140 2043 concederet
1163 2015 1284 2043 nacioni
1308 2015 1345 2044 de

441 2064 571 2103 pecunia
585 2064 745 2103 provincie
762 2063 819 2092 XII
837 2064 885 2092 vel
900 2063 969 2092 XVI
987 2064 1108 2092 francos
1127 2074 1183 2102 pro
1205 2064 1293 2092 festo.
1313 2064 1345 2093 Si

440 2123 513 2142 vero
543 2124 558 2141 a
582 2113 742 2151 provincia
770 2119 875 2141 nostra
906 2112 1001 2141 nichil
1030 2112 1142 2141 habere
1167 2123 1343 2151 possemus,

441 2162 523 2200 quod
541 2168 612 2190 tunc
623 2161 752 2200 quilibet
769 2162 877 2190 volens
894 2162 1045 2190 interesse
1062 2162 1139 2190 festo
1154 2162 1203 2191 vel
1214 2162 1345 2201 prandio

441 2211 649 2239 contribueret
668 2217 781 2239 certam
807 2211 1004 2249 quantitatem
1031 2211 1161 2250 pecunie
1187 2211 1268 2239 illam
1290 2221 1345 2239 na-

441 2259 521 2288 cioni
538 2260 746 2294 concedendo,
765 2260 862 2288 donec
877 2260 997 2289 solvere
1014 2266 1131 2298 posset.

481 2308 555 2337 Item
574 2309 703 2347 quadam
726 2309 774 2337 die
796 2309 936 2347 sequenti
953 2315 1025 2348 post
1041 2309 1158 2348 primas
1175 2309 1251 2338 sacta
1269 2319 1345 2338 con-

440 2357 625 2396 gregacione
634 2357 770 2386 nacionis
779 2359 859 2396 apud
870 2358 1014 2386 Sanctum
1026 2358 1212 2387 Maturinum
1226 2359 1342 2397 [super]

440 2406 576 2434 articulis
593 2406 758 2435 reservatis
774 2407 805 2434 in
826 2407 1071 2445 congregacione
1089 2408 1287 2446 precedente,
1307 2408 1344 2436 de

440 2455 539 2493 primo
558 2455 686 2483 articulo
710 2456 784 2484 facta
807 2455 1012 2494 inquisicione
1031 2456 1230 2495 singulariter
1248 2466 1264 2484 a
1278 2457 1344 2485 sin-

440 2504 521 2542 gulis
539 2504 734 2542 presentibus
753 2504 843 2533 habui
860 2514 1042 2543 responsum
1060 2506 1097 2533 ab
1113 2495 1344 2544 omnibuspre-

442 2552 590 2586 sentibus,
615 2553 746 2591 demptis
765 2553 911 2592 quinque,
929 2554 1011 2592 quod
1026 2553 1140 2582 vellent
1159 2554 1275 2592 imponi
1291 2564 1344 2583 ro-

441 2601 503 2629 tulo
519 2602 555 2629 de
573 2602 761 2630 absentibus.
782 2602 815 2630 ln
833 2602 885 2630 illa
903 2602 1149 2641 congregacione
1172 2603 1344 2632 committe-

443 2650 529 2677 batur
549 2650 668 2678 bedello
686 2657 718 2679 ut
733 2661 749 2679 a
766 2651 904 2689 quolibet
924 2661 1029 2680 eorum
1050 2651 1148 2680 adhuc
1169 2653 1275 2680 eodem
1294 2652 1343 2681 die

442 2698 610 2736 inquireret
630 2706 658 2727 et
675 2710 859 2738 responsum
878 2699 970 2728 michi
988 2706 1172 2739 reportaret,
1190 2707 1222 2729 ut
1240 2701 1343 2730 habito

443 2756 567 2775 numero
602 2748 771 2776 volencium
804 2748 919 2787 imponi
952 2749 1121 2787 poterimus
1152 2750 1343 2787 respondere

444 2794 573 2823 facultati
594 2797 631 2824 de
655 2796 765 2825 salario
785 2797 897 2825 bedelli
917 2798 954 2825 ad
975 2797 1089 2826 curiam
1112 2798 1261 2827 mittendi.
1282 2797 1342 2827 Alii

443 2843 503 2871 duo
519 2844 649 2879 articuli,
669 2845 786 2874 scilicet
806 2846 843 2874 de
861 2852 1004 2885 computo
1023 2847 1194 2886 receptoris
1212 2853 1242 2876 et
1256 2846 1343 2886 jura-

474 2922 496 2944 1.
530 2923 557 2944 27
573 2923 694 2946 Octobris.

473 2958 495 2980 2.
530 2958 704 2981 alemanniae.

1403 693 1419 719 5

1385 938 1419 963 10

1385 1183 1419 1209 15

1385 1428 1418 1454 20

1383 1674 1417 1700 25

1383 1920 1417 1946 30

1383 2166 1416 2192 35

1382 2412 1415 2439 40

1381 2656 1414 2682 45

1458 501 1560 524 mento
1591 495 1841 532 inrotulatorum,
1874 496 1973 526 adhuc
2011 497 2243 528 differebantur.
2277 498 2367 529 Alius

1456 543 1605 573 articulus
1625 555 1631 574 :
1653 554 1722 574 cum
1734 543 1877 584 juniores
1896 546 2037 585 magistri
2057 552 2090 575 ut
2106 546 2250 577 dicebant
2266 547 2367 578 distu-

1457 591 1551 622 lerint
1572 593 1736 633 porrigere
1758 594 2009 634 supplicaciones
2031 605 2104 625 suas
2123 602 2193 626 ante
2213 596 2365 632 seniores,

1457 651 1495 671 ne
1519 641 1598 671 forte
1620 642 1760 672 seniores
1787 641 2020 683 prejudicarent
2039 644 2119 683 ipsis
2145 651 2367 675 concurrentes

1456 700 1525 719 cum
1543 690 1588 720 eis
1606 691 1638 720 in
1649 691 1893 731 supplicacione,
1912 692 2064 732 proposui
2080 699 2112 722 ut
2122 693 2212 723 nacio
2223 693 2368 723 limitaret

1457 749 1512 769 seu
1539 740 1706 780 prefigeret
1731 747 1849 770 certum
1877 742 2040 771 terminum
2069 748 2100 771 et
2123 748 2257 782 tempus,
2288 742 2368 772 ultra

1457 789 1540 828 quod
1563 789 1703 818 seniores
1725 800 1788 819 non
1805 796 1935 829 possent
1954 790 2036 820 dicto
2057 792 2149 820 modo
2172 790 2367 831 prejudicare

1452 836 1642 876 junioribus.
1659 838 1699 868 Et
1710 839 1823 878 placuit
1838 840 2035 869 concorditer
2049 840 2192 870 omnibus
2210 841 2293 880 quod
2304 850 2367 870 non

1456 886 1537 916 ultra
1561 886 1641 916 diem
1668 888 1766 917 sancti
1788 887 1925 918 Martini.
1949 888 2039 918 Alius
2069 889 2216 919 articulus
2241 895 2306 919 erat
2329 890 2367 919 ad

1458 935 1705 975 supplicandum.
1731 936 1992 976 Supplicaverunt
2013 937 2108 977 aliqui
2133 939 2217 977 quod
2238 944 2367 977 possent

1457 984 1575 1024 imponi
1593 985 1695 1014 rotulo
1721 985 1788 1014 sine
1811 985 1971 1016 solucione
1994 987 2124 1026 pecunie
2141 987 2191 1016 vel
2210 987 2366 1017 moderate

1457 1043 1586 1069 summe,
1605 1034 1677 1073 quia
1698 1034 1816 1063 nollent
1834 1035 2012 1074 supplicare
2033 1046 2092 1075 pro
2113 1036 2284 1072 beneficiis,
2309 1037 2364 1066 sed

1457 1092 1514 1122 pro
1533 1083 1717 1112 remissione
1737 1090 1932 1122 peccatorum
1948 1084 1997 1114 vel
2012 1085 2266 1124 dispensacione;
2285 1095 2365 1125 quo-

1457 1141 1523 1161 rum
1542 1132 1733 1172 supplicacio
1750 1132 1994 1163 interimebatur.

1862 1225 1960 1255 1370

1502 1295 1574 1336 (Fal.
1599 1296 1675 1336 19¹³)
1707 1296 1937 1326 Procuracio
1966 1297 2139 1337 magistri
2163 1297 2319 1326 Jordani

1808 1346 1845 1374 de
1877 1345 2014 1376 Clivis.

1497 1426 1572 1455 Item
1579 1425 1679 1455 xvlla
1688 1426 1736 1454 die
1745 1425 1757 1443 ³
1767 1426 1883 1455 mensis
1899 1426 2084 1456 Novembris
2100 1426 2178 1455 facta
2191 1435 2366 1466 congrega-

1455 1475 1544 1504 cione
1558 1474 1698 1504 nacionis
1714 1475 1797 1514 apud
1809 1474 1954 1504 Sanctum
1966 1475 2153 1504 Maturinum
2168 1481 2241 1514 post
2251 1484 2366 1504 sermo-

1455 1534 1524 1553 nem
1554 1530 1584 1553 et
1609 1530 1681 1563 post
1704 1524 1982 1564 congregacionem
2013 1523 2186 1564 provincie,
2214 1524 2366 1564 proposui

1455 1573 1555 1612 primo
1567 1573 1604 1602 de
1615 1574 1707 1602 modo
1717 1572 1851 1602 habendi
1861 1573 2009 1612 pecunias
2020 1583 2078 1612 pro
2090 1574 2168 1602 festo
2179 1573 2364 1608 Eadmundi,

1456 1631 1550 1661 super
1572 1632 1633 1661 quo
1653 1632 1711 1661 pro
1732 1620 1840 1661 majori
1859 1628 1946 1661 parte
1965 1622 2106 1651 nacionis
2124 1622 2364 1658 deliberabatur,

1456 1672 1539 1710 quod
1555 1681 1623 1700 cum
1643 1671 1718 1700 alias
1739 1671 1798 1700 due
1818 1670 1868 1700 vie
1889 1671 2021 1700 fuissent
2039 1677 2117 1700 tacte
2135 1681 2230 1710 super
2247 1671 2319 1707 isto,
2336 1677 2367 1701 et

1456 1720 1555 1759 prima
1569 1726 1652 1749 esset
1667 1720 1863 1759 interempta,
1881 1720 1954 1759 quia
1971 1720 2132 1759 provincia
2147 1719 2246 1749 noluit
2258 1729 2366 1750 conce-

1455 1770 1528 1798 dere
1545 1768 1691 1808 pecunias
1701 1769 1761 1798 nisi
1772 1769 1852 1798 datis
1865 1769 1958 1798 certis
1971 1769 2167 1808 pignoribus,
2180 1775 2214 1798 ut
2224 1775 2366 1808 accepta-

1455 1825 1541 1847 retur
1561 1819 1593 1846 2³
1607 1818 1671 1853 via,
1694 1818 1812 1847 scilicet
1829 1819 1912 1857 quod
1931 1818 2061 1857 quilibet
2083 1818 2190 1847 volens
2213 1817 2366 1848 interesse

1455 1868 1640 1896 concederet
1649 1867 1772 1896 nacioni
1785 1866 1946 1896 dimidium
1962 1867 2100 1896 francum
2112 1866 2162 1896 vel
2179 1866 2219 1895 VI
2233 1866 2363 1902 solidos,

1455 1917 1553 1945 donec
1569 1916 1657 1945 nacio
1673 1915 1826 1945 sufficeret
1841 1915 1900 1945 sibi
1918 1915 2050 1950 solvere,
2072 1916 2156 1955 quod
2169 1914 2365 1945 concorditer

1455 1965 1598 1994 omnibus
1625 1965 1752 2004 placuit.
1781 1965 1881 1994 Electi
1904 1971 1991 1994 erant
2014 1965 2046 1993 in
2067 1970 2287 2004 procuratores
2305 1974 2364 2004 pro

1456 2013 1533 2044 festo
1562 2014 1710 2054 magister
1743 2013 1931 2043 Wilhelmus
1959 2014 2124 2052 Wadenoy
2157 2019 2188 2042 et
2217 2013 2365 2053 magister

1455 2063 1668 2092 Theodoricus
1687 2063 1726 2092 de
1740 2062 1919 2101 Yselsteyn.

1495 2112 1570 2141 Item
1588 2112 1755 2152 proposui,
1775 2112 1859 2151 quod
1872 2121 1939 2141 cum
1958 2111 2065 2151 plures
2081 2111 2299 2150 magistrorum
2314 2110 2364 2141 vel

1454 2161 1543 2201 quasi
1552 2171 1670 2196 omnes,
1682 2161 1734 2200 qui
1746 2160 1839 2190 michi
1852 2161 2047 2190 tradiderunt
2057 2160 2205 2200 pecunias
2214 2170 2272 2199 pro
2281 2160 2364 2190 inro—

1454 2210 1617 2245 tulacione,
1628 2211 1741 2239 dabant
1751 2211 1808 2239 sub
1818 2210 1876 2239 ista
1889 2209 2081 2244 condicione,
2093 2210 2176 2248 quod
2187 2209 2214 2238 si
2222 2219 2284 2238 non
2291 2218 2363 2248 pos-

1455 2266 1523 2289 sent
1534 2259 1651 2299 imponi
1659 2269 1717 2298 pro
1725 2265 1822 2294 tanto,
1831 2258 1951 2288 scilicet
1961 2264 2124 2297 presentes
2134 2268 2192 2297 pro
2205 2258 2321 2294 franco,
2333 2263 2363 2287 et

1453 2310 1598 2338 absentes
1623 2318 1680 2347 pro
1704 2308 1776 2343 2b¹¹⁸,
1800 2308 1883 2347 quod
1905 2307 2023 2337 nollent
2045 2306 2162 2347 imponi
2188 2316 2244 2336 nec
2267 2317 2363 2346 pecu-

1454 2357 1534 2386 niam
1557 2357 1663 2386 haberi
1684 2367 1741 2396 pro
1758 2357 1839 2386 data.
1863 2357 1902 2385 Et
1923 2356 2120 2386 considerato
2138 2365 2266 2385 numero
2285 2365 2362 2395 sup-

1453 2407 1658 2446 plicacionum
1673 2413 1703 2435 et
1718 2406 1886 2445 quantitate
1907 2405 2036 2444 pecunie
2051 2405 2089 2434 ab
2105 2404 2362 2434 inrotulatoribus

1453 2462 1588 2495 recepte,
1605 2455 1748 2495 apparuit
1765 2455 1848 2494 quod
1859 2465 1920 2483 non
1932 2460 2108 2494 poteramus
2122 2454 2160 2482 de
2173 2459 2257 2482 tanto
2268 2453 2362 2483 satis-

1454 2506 1552 2534 facere
1571 2510 1600 2533 et
1616 2504 1730 2533 nuncio
1747 2509 1776 2533 et
1794 2503 1926 2532 bedello.
1945 2502 2045 2532 Petivi
2060 2513 2098 2531 an
2110 2502 2246 2541 placeret
2261 2502 2361 2542 magi-

1453 2554 1527 2583 stris
1543 2554 1625 2593 quod
1639 2554 1744 2582 darem
1762 2552 1911 2592 pecunias
1930 2557 2070 2591 receptas
2085 2551 2211 2586 nuncio,
2229 2561 2296 2580 cum
2308 2561 2360 2581 eas

1452 2613 1469 2631 a
1487 2613 1533 2631 me
1556 2602 1775 2641 postulaverat.
1797 2601 1838 2630 Et
1857 2601 2011 2636 dicebant,
2036 2599 2088 2639 qui
2107 2601 2164 2629 sub
2183 2600 2264 2629 dicta
2285 2610 2361 2630 con-

1452 2652 1573 2680 dicione
1588 2651 1736 2691 pecunias
1747 2650 1907 2685 dederant,
1920 2650 2004 2689 quod
2014 2659 2076 2678 non
2088 2649 2223 2688 placeret
2233 2649 2291 2684 eis,
2303 2658 2360 2679 nec

1451 2710 1509 2740 per
1523 2700 1581 2729 hoc
1597 2706 1727 2739 possent
1741 2699 1876 2728 totaliter
1893 2698 2044 2738 acquitari
2061 2704 2091 2727 et
2107 2698 2209 2727 rotulo
2229 2698 2356 2737 imponi.

1451 2749 1514 2779 Alii
1531 2759 1616 2781 vero.
1635 2749 1755 2778 scilicet
1777 2747 1873 2782 Scoti,
1897 2747 1982 2787 quod
2005 2746 2189 2786 simpliciter
2210 2747 2359 2776 tradenda

1452 2804 1536 2827 esset
1558 2798 1688 2837 pecunia
1708 2797 1840 2831 nuncio,
1866 2802 1896 2826 et
1918 2795 2071 2836 quidquid
2099 2795 2245 2825 deficeret
2278 2805 2359 2825 nun-

1452 2847 1511 2882 cio,
1544 2847 1633 2875 nacio
1659 2852 1817 2875 teneretur
1845 2845 2024 2884 adimplere.
2062 2845 2136 2874 Item
2165 2844 2360 2884 supplicabat

1483 2927 1504 2950 3.
1542 2927 1603 2957 Quae
1616 2926 1667 2957 suit
1679 2926 1735 2949 dies
1747 2925 1885 2949 dominica.

2615 2630 2632 2795 &Rhamma-¹2&
2623 2566 2632 2614 nn.
2626 2512 2632 2539 Γ...
2630 2483 2632 2486 .
2630 2436 2632 2443 .
