2632 3464
404 439 455 464 427

445 515 518 543 Item
534 514 707 542 licentiatus
726 513 781 542 fuit
796 512 938 541 dominus
957 511 1133 551 Nycholaus
1149 510 1304 543 Radoncs,

403 563 572 602 Pragensis
595 563 684 601 dyoc.
708 563 764 591 sub
788 562 936 600 magistro
955 560 1124 590 Adelberto
1150 560 1187 588 de
1204 558 1307 587 Bohe-

402 623 481 651 mya,
497 611 582 651 cujus
601 612 694 640 bursa
708 610 751 640 III
767 610 870 639 solidi.
884 610 993 638 Posuit
1010 609 1153 649 pignora.

443 661 516 690 Item
553 660 726 689 licentiatus
766 659 821 688 fuit
858 659 1001 687 dominus
1038 657 1230 687 Guilhelmus
1268 656 1306 684 de

402 710 604 749 Fothynenyn
624 710 680 738 sub
698 709 845 748 magistro
862 707 998 737 Jordano
1018 707 1056 735 de
1073 706 1201 745 Clyvys,
1219 704 1305 744 cujus

401 760 494 788 bursa
511 758 537 786 V
552 758 655 787 solidi.
677 757 786 787 Solvit.

442 807 516 836 Item
534 807 650 846 incepit
662 807 804 835 dominus
820 805 977 845 Egbertus
990 804 1117 834 Henrici
1136 804 1193 832 sub
1207 803 1306 842 magi-

403 862 467 885 stro
486 856 628 885 Woltero
648 856 685 884 de
704 855 784 890 Delf,
809 854 895 894 cujus
913 855 1007 883 bursa
1022 853 1062 881 VI
1082 852 1183 881 solidi.
1207 851 1306 881 Satis-

403 905 474 934 feeit
485 904 648 943 receptori.

443 954 517 982 Item
548 954 729 992 inceperunt
749 953 856 981 eodem
878 951 927 980 die
952 952 1009 980 sub
1029 951 1135 979 eodem
1157 949 1305 989 magistro

402 1002 548 1031 Marcelio
566 1003 603 1031 de
626 1002 743 1041 Inghen
761 1013 767 1030 ε
787 1001 976 1040 Meynardus
1004 1000 1126 1028 Rodolfi
1154 1000 1191 1028 de
1216 998 1303 1037 Tyla,

400 1051 579 1080 licenciatus
596 1051 626 1079 in
646 1052 676 1079 4³
696 1050 879 1088 [audicione]
903 1049 1014 1078 Sancte
1036 1049 1216 1086 Ge[novefe]
1235 1047 1307 1076 licet

399 1100 487 1139 prius
509 1106 662 1138 tempore,
689 1098 775 1138 cujus
793 1100 886 1128 bursa
906 1098 932 1126 V
954 1098 1060 1133 solidi;
1080 1097 1243 1126 Wolterus
1268 1098 1305 1126 de

399 1149 512 1178 Zfielen
533 1148 710 1177 licenciatus
731 1149 761 1176 in
782 1149 812 1177 3³
829 1148 1012 1186 [audicione]
1028 1147 1141 1176 Nostre
1160 1146 1303 1181 Domine,

397 1198 468 1227 licet
482 1197 638 1236 posterius
658 1197 689 1225 in
706 1203 856 1235 tempore,
874 1196 960 1236 cujus
979 1197 1072 1225 bursa
1088 1195 1114 1225 V
1128 1195 1231 1224 solidi.

438 1246 513 1275 Item
532 1246 647 1285 incepit
668 1246 810 1275 dominus
832 1245 1024 1275 Guilhelmus
1043 1246 1081 1274 de
1098 1244 1304 1283 Fothynenyn

397 1297 454 1324 sub
470 1296 617 1335 magistro
636 1295 771 1323 Henrico
791 1295 828 1323 de
842 1295 969 1329 Thenis,
988 1293 1074 1334 cujus
1092 1295 1187 1322 bursa
1204 1293 1230 1322 V
1243 1293 1301 1322 sol.

437 1345 510 1373 Item
534 1344 649 1383 incepit
671 1344 813 1373 dominus
833 1344 989 1373 Johannes
1008 1343 1132 1382 Mathye
1156 1343 1192 1371 de
1211 1342 1321 1372 Cam-¹

395 1393 445 1431 pis
471 1394 528 1422 sub
552 1393 700 1431 magistro
723 1393 862 1422 Gerardo
890 1394 927 1422 de
955 1393 1078 1427 Calkar,
1103 1391 1190 1431 cujus
1209 1393 1304 1420 bursa

395 1442 434 1470 VI
450 1442 554 1470 solidi.

435 1491 508 1519 Item
536 1491 613 1519 facta
633 1491 878 1530 congregacione
901 1490 1041 1520 nacionis
1059 1491 1140 1529 apud
1158 1490 1302 1519 Sanctum

394 1539 589 1578 Maturynum
604 1540 642 1568 ad
658 1539 893 1578 supplicandum
907 1540 956 1568 die
974 1540 1029 1568 ΧΙ3
1044 1539 1129 1574 Julii,
1148 1539 1301 1578 supplica-

393 1589 437 1618 vit
450 1589 597 1628 magister
611 1588 793 1627 Radulphus
814 1589 851 1618 de
870 1589 1006 1623 Lubeke,
1026 1589 1109 1628 quod
1127 1599 1194 1618 cum
1210 1598 1301 1627 repa-

393 1637 485 1666 triare
502 1644 691 1676 proponeret
709 1644 836 1676 propter
851 1638 1013 1676 providere
1030 1637 1090 1667 sibi
1106 1639 1144 1666 de
1159 1647 1300 1667 necessa-

393 1686 461 1721 riis,
488 1686 588 1715 animo
612 1693 712 1715 tamen
734 1687 910 1716 revertendi
932 1687 1027 1716 cicius
1054 1697 1114 1726 quo
1133 1692 1252 1725 posset,
1273 1687 1300 1716 si

393 1735 511 1764 rotulus
531 1742 669 1774 tempore
693 1746 747 1764 sue
771 1736 916 1765 absencie
937 1736 1003 1765 fieri
1031 1735 1235 1775 contingeret,
1255 1736 1299 1764 illi

393 1784 601 1823 imponeretur
625 1791 778 1823 tamquam
806 1795 949 1824 presens.
984 1784 1079 1824 Cujus
1109 1785 1299 1823 supplicacio

393 1833 448 1862 fuit
461 1833 655 1862 concorditer
675 1844 833 1868 concessa,
857 1835 914 1863 sub
935 1834 992 1863 hoc
1011 1835 1102 1862 modo
1124 1835 1206 1873 quod
1222 1840 1300 1863 tem-

392 1892 468 1921 pore
493 1882 633 1911 factionis
655 1883 747 1912 rotuli
774 1883 856 1912 natio
881 1884 994 1912 faceret
1012 1893 1068 1922 pro
1089 1893 1125 1912 eo
1148 1883 1299 1922 quidquid

393 1931 465 1959 boni
479 1937 587 1970 posset
603 1932 640 1960 de
657 1931 737 1960 dicta
751 1932 993 1971 supplicacione⁴

434 1980 507 2008 Item
528 1981 603 2009 facta
625 1981 870 2020 congregacione
890 1981 1030 2010 nacionis
1055 1982 1136 2020 apud
1155 1981 1298 2011 Sanctum

392 2028 544 2057 Julianum
566 2039 732 2068 pauperem
748 2030 785 2058 ad
807 2030 1054 2069 supplicandum,
1076 2031 1125 2058 15³
1144 2031 1192 2059 die
1212 2031 1296 2066 Julii,

393 2077 596 2116 supplicatum
611 2078 666 2106 suit
677 2088 713 2106 ex
727 2085 813 2117 parte
825 2079 963 2118 magistri
980 2079 1129 2108 Johannis
1143 2079 1296 2114 Neckens,

392 2132 425 2154 ut
449 2126 474 2154 si
509 2127 702 2165 contingeret
735 2137 843 2166 papam
874 2128 962 2162 mori,
993 2128 1061 2166 ipse
1088 2128 1298 2167 imponeretur

391 2175 492 2203 rotulo
512 2174 583 2203 licet
602 2176 726 2210 absens,
745 2176 854 2205 solutis
872 2177 1045 2212 solvendis;
1065 2187 1124 2216 que
1140 2177 1297 2216 supplica-

391 2223 438 2251 cio
453 2223 507 2252 fuit
523 2233 671 2252 concessa
686 2224 718 2252 in
731 2231 876 2264 quantum
892 2226 1013 2254 nacioni
1031 2232 1115 2254 esset
1131 2226 1295 2265 possibile.

432 2272 506 2301 ltem
516 2273 701 2311 supplicavit
714 2274 855 2303 dominus
869 2274 1024 2303 Johannes
1036 2276 1073 2303 de
1089 2275 1200 2310 Berku,
1213 2277 1297 2314 quod

392 2331 458 2349 cum
479 2321 571 2350 vellet
586 2321 691 2361 jurare
712 2328 856 2351 statutum
880 2324 1019 2353 nacionis
1038 2324 1091 2352 illo
1109 2323 1295 2363 juramento,

392 2369 451 2398 sibi
469 2369 602 2408 quitaret
616 2371 726 2400 bursas
746 2381 800 2400 sue
820 2371 958 2407 licencie,
985 2379 1014 2402 et
1032 2373 1087 2402 fuit
1106 2373 1296 2412 supplicacio

392 2419 428 2447 ab
442 2419 585 2448 omnibus
603 2429 762 2448 concessa.

432 2467 506 2496 Item
530 2467 708 2497 licenciatus
730 2475 777 2497 est
797 2470 938 2498 dominus
959 2470 1115 2500 Johannes
1137 2472 1174 2499 de
1196 2471 1297 2500 Berka

391 2517 548 2554 predictus
570 2518 651 2556 apud
675 2517 814 2546 Sanctam
838 2517 1023 2548 Genovefam
1045 2519 1094 2548 die
1116 2520 1165 2548 162
1180 2521 1296 2549 mensis

391 2565 522 2603 predicti
535 2567 591 2594 sub
606 2566 754 2605 magistro
769 2567 934 2596 Francisco
948 2568 985 2596 de
998 2568 1109 2597 Sancto
1124 2569 1293 2607 Mychaele,

392 2614 462 2652 quia
480 2614 534 2642 fuit
549 2614 721 2653 gallicatus,
739 2614 824 2654 cujus
841 2617 934 2645 bursa
947 2616 1052 2645 nichil.

432 2662 465 2690 ln
489 2663 537 2691 die
555 2663 790 2702 Assumpcionis
810 2674 868 2704 pro
895 2665 1117 2694 distribucione
1135 2676 1294 2696 munerum

390 2710 428 2738 36
440 2711 541 2746 solidi,
562 2718 591 2740 et
604 2713 664 2741 duo
681 2712 772 2741 solidi
789 2723 846 2751 pro
864 2713 980 2748 herbis,
998 2720 1027 2743 et
1042 2715 1059 2743 2
1078 2715 1136 2743 sol.
1161 2725 1218 2754 pro
1235 2715 1293 2745 tri-

390 2758 487 2798 bus(?)

430 2807 503 2836 Item
518 2815 622 2838 vocata
635 2810 762 2838 nacione
774 2811 811 2839 ad
825 2811 1009 2840 audiendum
1024 2813 1196 2851 receptoris
1212 2823 1291 2842 com-

420 2882 441 2904 1.
477 2882 513 2904 Ad
531 2883 675 2907 suturam...
689 2885 834 2915 acceptavit
850 2885 904 2908 alia
920 2894 996 2909 mann
1009 2887 1139 2918 scriptum.

419 2917 440 2939 2,
476 2919 590 2940 Fortasse
612 2919 681 2941 deest
697 2919 796 2950 solium,
815 2924 838 2944 et
852 2920 954 2951 quidem
966 2921 1022 2952 jam
1041 2930 1056 2944 a
1079 2931 1146 2946 saec.
1163 2924 1239 2952 XVII,
1264 2928 1290 2948 ut

389 2953 532 2975 numeratio
544 2954 662 2983 soliorum
672 2955 777 2979 indicat.

1380 0 1401 8 w
1443 0 1915 38 mewwwfflwwfflw

944 434 1166 461 AUCTARIUM
1187 432 1445 459 CHARTULARII
1466 432 1640 458 UNIVERS.
1662 432 1780 460 PARIS.

1361 708 1377 734 5

1344 954 1378 979 10

1343 1200 1376 1226 15

1341 1447 1374 1472 20

1374 1583 1400 1601 ,.

1338 1694 1372 1720 25

1337 1940 1371 1966 30

1335 2186 1368 2211 35

1334 2430 1367 2456 40

1332 2674 1365 2700 45

2272 434 2330 461 428

1416 515 1523 547 putum
1539 514 1568 537 et
1583 509 1621 538 ad
1638 508 1814 548 eligendum
1828 515 2073 549 procuratorem,
2089 510 2202 540 mansit
2213 520 2328 551 recep-

1416 564 1466 586 tor
1480 557 1634 597 obligatus
1650 557 1772 587 nacioni
1793 558 1824 587 in
1845 559 1863 587 4
1883 558 1972 588 libris
1988 565 2018 588 et
2034 560 2071 588 10
2088 559 2224 589 denariis
2237 561 2329 600 pari-

1416 606 1511 636 siens.

1457 655 1531 684 Item
1552 655 1766 695 supplicarunt
1785 657 1926 696 magistri
1950 656 2109 686 Gerardus
2131 658 2169 687 de
2191 657 2328 697 Honyn-

1414 704 1497 744 ghen
1510 711 1540 734 et
1555 704 1712 736 Sanderus
1729 705 1821 735 Fabri
1836 706 1874 735 de
1890 706 2037 745 Lyvonya
2052 712 2083 735 et
2093 706 2271 746 Wigandus
2286 708 2329 736 de

1416 753 1512 793 Erpel
1528 764 1586 793 pro
1608 754 1833 784 inrotulacione
1850 755 1939 784 sicud
1951 755 2015 784 alii.
2035 755 2074 785 Et
2092 755 2149 785 fuit
2164 756 2328 795 supplica-

1415 803 1463 831 cio
1479 813 1629 832 concessa
1644 803 1732 833 sicud
1751 804 1892 833 aliorum.

1615 883 1685 912 Ad*
1711 885 1846 922 futuram
1866 887 1911 914 rei
1934 887 2119 914 memoriam.

1455 950 1629 980 Notandum
1659 952 1742 990 quod
1766 951 1797 980 in
1822 951 1929 991 vigilia
1952 952 2033 981 beati
2054 952 2069 981 J
2074 952 2204 982 ohannis
2231 951 2328 992 hujus

1415 999 1487 1028 anni
1505 999 1594 1028 electi
1610 1005 1696 1029 erant
1711 1001 1887 1030 successive
1904 1001 1936 1029 in
1953 1007 2103 1036 rectores,
2116 1001 2236 1031 scilicet
2259 1003 2326 1031 duo

1415 1049 1453 1077 de
1470 1048 1599 1077 nacione
1616 1055 1734 1084 nostra,
1751 1049 1804 1089 qui
1819 1060 1881 1078 non
1891 1050 2127 1080 consencientes
2143 1061 2176 1080 se
2192 1061 2328 1081 excusam

1414 1104 1536 1133 verunt,
1554 1104 1584 1127 et
1597 1097 1712 1127 tercius
1728 1098 1781 1137 qui
1793 1098 1930 1128 Gallicus
1944 1105 2020 1135 erat,
2037 1099 2156 1129 scilicet
2172 1100 2327 1140 magister

1414 1146 1603 1176 Wilhelmus
1615 1147 1653 1176 de
1668 1147 1787 1183 Trecis,
1802 1147 2003 1187 acceptavit².

1820 1241 1916 1271 1373

1455 1311 1526 1352 (F'ol.
1552 1314 1600 1352 36)
1629 1312 1857 1342 Procuracio
1891 1313 2067 1353 magistri
2099 1313 2280 1344 Johannis

1713 1362 1755 1391 de
1789 1362 2018 1392 Priswalch.

1451 1441 1542 1471 Anno
1578 1442 1703 1472 Domini
1741 1453 1802 1482 quo
1835 1453 1944 1482 supra,
1984 1443 2034 1472 die
2067 1443 2165 1473 XXVI
2203 1444 2326 1474 mensis

1411 1490 1556 1531 Augusti,
1577 1492 1653 1520 facta
1670 1491 1916 1531 congregacione
1936 1492 2076 1522 nacionis
2094 1492 2266 1533 Anglicane
2286 1493 2319 1522 in

1412 1540 1524 1569 Sancto
1552 1541 1674 1570 Juliano
1702 1541 1740 1569 ad
1767 1541 1943 1580 eligendum
1969 1548 2203 1581 procuratorem
2232 1548 2262 1572 et
2281 1543 2320 1571 ad

1410 1589 1595 1618 audie-ndum
1613 1595 1788 1629 computum
1803 1591 1987 1629 receptoris,
2003 1591 2056 1630 qui
2074 1591 2217 1621 omnibus
2233 1601 2324 1621 com-⁷

1410 1638 1524 1677 putatis
1539 1644 1568 1667 et
1578 1639 1820 1678 recompensatis
1835 1638 1866 1668 in
1887 1639 1972 1668 1111⁰=
1986 1639 2075 1669 libris
2093 1646 2123 1669 et
2136 1640 2168 1669 in
2182 1640 2210 1669 X
2222 1641 2318 1670 dena-

1409 1687 1466 1716 riis
1482 1688 1577 1726 paris.
1597 1688 1719 1717 nacioni
1732 1688 1845 1717 mansit
1859 1688 2013 1728 obligatus
2023 1712 2030 1723 ,
2050 1688 2138 1729 cujus
2153 1696 2323 1729 computus

1409 1737 1446 1765 ab
1467 1736 1610 1766 omnibus
1635 1737 1691 1766 suit
1716 1738 1917 1776 approbatus,
1939 1748 2000 1777 quo
2024 1738 2101 1767 facto
2124 1748 2162 1768 ex
2181 1738 2318 1768 unanimi

1409 1795 1563 1815 consensu
1588 1785 1807 1825 magistrorum
1840 1786 1920 1815 dicte
1947 1787 2086 1816 nacionis
2112 1787 2226 1816 ibidem
2251 1787 2318 1817 exi-

1409 1835 1570 1870 stencium,
1603 1835 1718 1864 electus
1752 1835 1809 1864 fuit
1841 1835 1872 1864 in
1907 1843 2140 1875 procuratorem
2170 1836 2324 1876 magister

1407 1883 1564 1912 Johannes
1585 1885 1622 1913 de
1643 1884 1827 1913 Priswalch.
1852 1884 1887 1914 In
1907 1883 1993 1924 cujus
2010 1885 2235 1924 procuracione
2251 1892 2316 1915 acta

1408 1933 1531 1962 fuerunt
1548 1933 1604 1962 hec
1618 1943 1677 1972 que
1694 1939 1876 1973 sequuntur.

1448 1981 1517 2011 Hiis
1535 1982 1688 2021 expeditis
1704 1983 1811 2012 eodem
1831 1983 1881 2012 die
1900 1983 2096 2012 concorditer
2114 1983 2316 2013 deliberatum

1408 2030 1463 2059 fuit
1487 2030 1602 2060 intrare
1621 2032 1791 2066 tabernam,
1817 2032 1869 2061 ubi
1893 2032 2052 2071 predictus
2071 2032 2230 2072 magister,
2247 2042 2316 2062 cum

1406 2079 1495 2118 prius
1521 2079 1652 2109 officium
1675 2081 1887 2119 procuratoris
1908 2091 1970 2109 non
1990 2081 2127 2116 sustulit,
2142 2083 2279 2111 francum
2299 2083 2314 2111 1

1407 2138 1475 2157 cum
1488 2129 1588 2158 tribus
1605 2129 1742 2158 denariis
1756 2130 1859 2159 solvit.

1448 2177 1522 2206 Item
1543 2178 1592 2206 die
1609 2178 1681 2207 ΧΙΙι
1700 2178 1815 2207 mensis
1837 2178 2028 2217 Septembris
2049 2179 2126 2208 facta
2146 2189 2322 2219 congrega-⁴

1406 2226 1495 2255 cione
1515 2227 1654 2256 nacionis
1679 2236 1774 2266 super
1794 2228 1924 2266 quadam
1947 2227 2108 2262 citacione,
2125 2238 2185 2267 qua
2205 2227 2321 2257 citatus

1407 2275 1463 2304 fuit
1473 2276 1682 2315 peremptorie
1696 2282 1879 2315 procurator
1887 2276 2026 2306 nacionis
2036 2277 2159 2306 nomine
2174 2277 2314 2305 nacionis

1406 2325 1444 2353 ad
1467 2325 1707 2363 comparendum
1732 2334 1835 2354 coram
1860 2325 2022 2364 preposito
2049 2324 2238 2355 Parisiensi³
2264 2325 2319 2354 die

1406 2373 1511 2402 martis
1528 2374 1666 2412 proxime
1679 2380 1751 2403 tunc
1767 2373 1909 2413 sequenti
1922 2373 1934 2392 ⁴
1947 2374 2023 2403 hora
2036 2374 2216 2413 primarum,
2235 2373 2320 2403 deli-

1405 2423 1543 2452 beratum
1570 2423 1626 2452 fuit
1650 2423 1847 2452 concorditer
1875 2423 1959 2463 quod
1985 2422 2112 2452 haberet
2136 2424 2311 2462 deputatos,

1406 2481 1484 2510 quos
1499 2477 1624 2500 vocaret
1639 2482 1694 2511 per
1713 2470 1920 2511 juramentum
1946 2481 2051 2501 eorum
2075 2473 2312 2511 adrcomparen-

1405 2521 1476 2549 dum
1492 2520 1523 2549 in
1537 2520 1675 2559 predicta
1690 2520 1766 2549 hora
1780 2531 1848 2550 cum
1864 2526 2065 2560 procuratore
2081 2531 2183 2550 coram
2200 2531 2312 2560 prepo-

1405 2569 1464 2598 sito
1478 2570 1516 2598 ad
1525 2570 1688 2608 petendam
1701 2579 1824 2598 causam
1837 2569 1920 2599 illius
1936 2569 2107 2598 citacionis.
2123 2569 2163 2598 Et
2175 2570 2312 2608 deputati

1404 2618 1526 2647 fuerunt
1549 2618 1696 2658 magister
1725 2618 1883 2647 Marcilius
1909 2618 1946 2647 de
1970 2617 2087 2658 Inghen
2113 2624 2142 2647 et
2165 2618 2315 2658 magister

1402 2666 1558 2696 Johannes
1578 2666 1852 2696 Luczellenborch.

1444 2716 1518 2745 Item
1535 2716 1584 2744 die
1594 2715 1697 2745 xlma
1712 2716 1827 2745 mensis
1839 2715 2032 2755 Septembris
2048 2715 2126 2744 facta
2140 2725 2312 2755 congrega-

1403 2764 1490 2793 cione
1516 2764 1655 2794 nacionis
1675 2764 1707 2793 in
1723 2764 1815 2793 nonis
1835 2764 1948 2793 Nostre
1968 2764 2100 2793 Domine
2117 2764 2199 2804 apud
2218 2763 2312 2793 Sanc-

1402 2819 1464 2842 tum
1496 2813 1683 2842 Maturinum
1709 2813 1747 2841 ad
1771 2812 1955 2842 audiendum
1985 2813 2060 2852 quid
2085 2813 2195 2842 factum
2215 2812 2270 2842 suit
2293 2823 2311 2841 a

1431 2892 1454 2914 3.
1489 2892 1597 2923 Hugone
1612 2891 1731 2915 Aubriot.

1431 2928 1454 2950 4.
1489 2928 1518 2950 13
1536 2927 1698 2959 Septembris.
