2632 3464
450 436 486 463 35

860 510 957 540 1339

450 584 625 623 [Tempus
674 582 954 622 procurationis
1002 580 1173 620 magistri
1224 579 1360 608 Mathie

782 632 824 660 de
861 630 1026 668 Suecia.]

491 709 563 746 (Fol.
594 707 662 748 38)⁴
694 707 785 737 Anno
820 706 945 736 Domini
977 704 1285 740 M⁰.CCC⁰.XXX1X‚
1311 705 1361 733 die

449 757 595 788 veneris²
621 763 693 797 post
719 757 853 795 [festum]
877 755 992 784 Mathei
1015 754 1163 794 apostoli,
1185 754 1361 783 convocatis

449 808 488 837 ad
512 807 658 837 Sanctum
675 806 830 835 Julianum
851 814 1020 844 pauperem
1042 803 1186 833 omnibus
1204 803 1362 842 magistris

449 863 519 887 actu
543 856 725 896 regentibus
746 855 778 883 in
797 854 926 883 nacione
941 853 1115 893 Anglicana
1133 853 1172 882 ad
1190 852 1362 881 faciendum

447 912 695 946 procuratorem,
714 904 830 933 electus
858 903 914 932 fuit
941 901 1137 931 concorditer
1163 902 1201 930 ab
1219 901 1362 930 omnibus

450 955 482 984 in
500 960 732 994 procuratorem
748 952 889 981 nacionis
903 951 1043 991 predicte
1061 951 1210 991 magister
1229 950 1362 979 Mathias

450 1005 488 1034 de
501 1004 620 1038 Svecia,
635 1003 666 1031 in
678 1001 765 1042 cujus
783 1008 923 1041 tempore
937 1007 1003 1030 acta
1017 1006 1088 1029 sunt
1107 1010 1166 1039 que
1178 1005 1360 1039 sequuntur.

492 1053 526 1082 ln
544 1052 653 1091 primis
671 1057 741 1090 post
757 1051 890 1079 reditum
907 1050 1090 1079 nunciorum
1107 1050 1144 1078 de
1160 1049 1246 1078 curia
1257 1048 1362 1078 vacuis

451 1102 592 1131 manibus
607 1118 647 1122 —-
662 1101 693 1129 in
709 1100 874 1140 presencia
891 1099 972 1128 enim
994 1099 1103 1128 summi
1122 1098 1276 1137 pontificis
1292 1097 1363 1126 nul—

450 1152 508 1180 lam
528 1150 652 1190 penitus
671 1149 805 1189 graciam
824 1154 953 1188 propter
969 1147 1035 1187 ejus
1055 1147 1205 1176 duriciam
1221 1152 1364 1186 poterant

448 1198 612 1240 optinere³
623 1216 662 1220 —-
677 1200 834 1227 decretum
853 1197 909 1226 fuit
929 1207 987 1236 per
1002 1197 1168 1236 magistros
1182 1203 1211 1225 et
1227 1196 1363 1225 scolares

449 1250 481 1279 in
504 1249 634 1288 quadam
655 1247 903 1287 congregacione
923 1246 1073 1286 generali,
1095 1246 1178 1285 quod
1201 1245 1364 1285 originalia

450 1298 702 1338 privilegiorum,
724 1306 784 1336 que
804 1306 883 1335 papa
902 1295 1009 1325 videre
1026 1295 1123 1324 voluit
1133 1294 1157 1330 ⁴,
1176 1294 1235 1324 sibi
1261 1294 1364 1323 mitte-

450 1354 569 1382 rentur,
594 1353 623 1375 et
645 1347 736 1375 fiebat
756 1344 951 1374 contribucio
968 1354 1026 1384 per
1048 1343 1187 1384 singulas
1206 1343 1364 1372 facultates

449 1407 508 1437 pro
520 1395 653 1436 pecunia
666 1395 767 1424 danda
780 1394 905 1424 nuncio.
922 1393 961 1423 Et
976 1400 1049 1422 tunc
1065 1393 1165 1422 dictus
1180 1398 1365 1432 procurator

451 1445 544 1475 solvit
557 1444 822 1474 contribucionem
836 1453 872 1472 ex
884 1449 972 1482 parte
985 1442 1125 1471 nacionis
1141 1442 1322 1482 Anglicane.

491 1495 561 1524 Duo
578 1500 690 1523 statuta
708 1494 784 1522 facta
800 1492 832 1521 in
848 1492 989 1521 facultate
1005 1498 1035 1520 et
1051 1492 1221 1531 approbata
1234 1483 1366 1530 quatuor

450 1544 613 1573 nacionum
635 1542 749 1582 sigillis
769 1548 799 1571 et
816 1541 940 1581 signeto
961 1541 1093 1570 rectoris
1112 1541 1183 1570 fecit
1200 1540 1318 1579 copiari
1334 1539 1366 1568 in

451 1593 526 1621 libro
551 1594 686 1620 nacionis
708 1601 765 1630 per
782 1600 903 1620 manum
922 1589 1130 1630 pubplicam⁵.
1150 1589 1249 1619 Solvit
1266 1596 1366 1619 autem

450 1641 716 1671 contribucionem
730 1646 760 1669 et
774 1650 832 1679 pro
848 1640 929 1669 dicta
945 1639 1033 1679 copia
1046 1640 1083 1668 de
1099 1639 1242 1679 pecunia,
1259 1639 1291 1668 in
1307 1650 1367 1679 qua

451 1691 573 1720 nacioni
590 1691 764 1725 tenebatur,
779 1695 809 1718 et
823 1689 982 1718 residuum
1000 1689 1145 1727 pecunie,
1163 1689 1194 1717 in
1210 1699 1270 1727 qua
1286 1689 1366 1717 obli-

450 1747 541 1780 gatus
560 1740 626 1775 fuit,
648 1739 829 1778 indulgebat
849 1738 910 1767 sibi
928 1738 1028 1773 nacio,
1043 1736 1136 1767 cum⁶
1157 1738 1252 1767 semel
1273 1748 1367 1777 super

451 1790 509 1819 hoc
538 1789 609 1818 fecit
638 1788 917 1828 congregacionem
949 1787 1101 1816 nacionis.
1136 1787 1175 1816 Et
1201 1787 1232 1816 in
1261 1788 1367 1816 eadem

453 1838 699 1878 congregacione
733 1837 819 1866 dedit
848 1836 936 1865 nacio
966 1836 1116 1876 magistro
1148 1836 1298 1866 Nicholao
1329 1837 1367 1865 de

452 1887 629 1917 Gothfeldia
644 1897 737 1916 unum
751 1886 1021 1920 determinantem,
1040 1886 1093 1925 qui
1109 1885 1140 1914 in
1156 1885 1296 1915 facultate
1313 1886 1368 1915 suit

452 1946 621 1966 concessus
637 1935 760 1965 nacioni
777 1942 884 1964 nostre
900 1935 1012 1964 solutis
1029 1934 1199 1964 solvendis.

494 1986 568 2015 Item
588 1991 749 2024 reputatus
771 1985 827 2014 suit
850 1984 1061 2013 determinans
1084 1984 1228 2013 dominus
1251 1984 1368 2013 Johan-

453 2045 509 2064 nes
521 2034 532 2052 ⁷
552 2035 609 2063 sub
632 2034 781 2073 magistro
796 2033 947 2068 Vernero,
965 2032 1052 2072 cujus
1068 2034 1162 2062 bursa
1177 2034 1195 2062 5
1212 2033 1316 2062 solidi.

495 2084 569 2113 ltem
585 2083 701 2112 electus
718 2083 774 2112 fuit
789 2083 820 2111 in
836 2089 987 2112 rectorem
1008 2082 1206 2111 concorditer
1221 2082 1369 2122 magister

456 2133 620 2172 Philippus
636 2132 757 2161 Scotus.

863 2225 961 2254 1339

475 2298 634 2337 Tempus
673 2297 963 2337 procuracionis
997 2297 1168 2337 magistri
1202 2296 1349 2326 Andree

654 2347 828 2375 Freouati
863 2347 904 2375 de
940 2346 1166 2375 Smalandia.

495 2427 586 2456 Anno
621 2427 754 2456 Domino
784 2426 948 2455 millesimo
978 2425 1170 2456 CCC⁰XXX0
1199 2436 1297 2462 nono,
1327 2426 1369 2455 XI

457 2476 603 2505 kalendas
635 2475 820 2505 Novembris
830 2475 855 2510 ⁸,
882 2475 1059 2504 convocatis
1083 2475 1226 2504 omnibus
1255 2475 1370 2515 magis-

457 2525 514 2554 tris
548 2532 616 2554 actu
652 2525 834 2564 regentibus
864 2524 894 2553 in
927 2524 1055 2553 nacione
1086 2523 1260 2564 Anglicana
1290 2525 1371 2564 apud

458 2574 602 2603 Sanctum
621 2574 774 2603 Julianum
791 2583 959 2613 pauperem
977 2574 1013 2602 ad
1030 2573 1206 2612 eligendum
1224 2584 1371 2613 procura-

457 2629 566 2657 torem,
582 2630 615 2652 ut
630 2623 724 2652 moris
739 2629 796 2657 est,
812 2623 927 2651 electus
945 2622 999 2651 fuit
1014 2622 1211 2652 concorditer
1224 2624 1261 2651 ab
1275 2623 1371 2652 omni-

489 2723 511 2746 1.
546 2724 574 2746 In
589 2722 705 2754 margine
716 2722 845 2754 superiori
855 2721 970 2749 Quartus
983 2725 1128 2745 sexternus.

490 2759 513 2781 2.
547 2759 576 2781 24
590 2758 752 2789 Septembris.

489 2795 513 2817 3.
549 2795 587 2825 Cfi
603 2794 812 2818 Chartu1.Univ.
825 2793 919 2821 Paris.,
933 2793 964 2821 Π,
979 2798 1024 2816 n⁰''¹
1038 2793 1107 2821 1013,
1122 2795 1174 2817 nol.
1189 2794 1212 2817 2.

490 2830 514 2853 4.
546 2831 594 2853 An,
610 2830 679 2857 1339,
693 2829 756 2852 Iulii
769 2830 791 2852 1.
809 2829 847 2860 (ΙΙ.
864 2829 992 2857 Chartul.,
1006 2829 1037 2857 11,
1056 2834 1102 2852 11¹⁹m
1117 2829 1186 2852 1021.

491 2867 514 2888 5.
548 2867 612 2888 Sunt
623 2874 653 2888 ea
666 2865 829 2897 (Septembris
842 2866 871 2888 25
886 2867 910 2887 el
923 2865 970 2896 27),
981 2873 1047 2896 quae
1061 2865 1086 2888 in
1098 2865 1215 2889 Churtul.
1231 2864 1264 2888 nh
1277 2866 1337 2888 1023
1351 2868 1375 2889 et

461 2901 522 2924 1024
534 2901 671 2924 edidimus.

492 2937 515 2959 6.
551 2938 623 2959 Forte
635 2936 686 2969 legi
697 2936 771 2960 debet
784 2939 879 2960 tamen.

493 2973 516 2995 7.
550 2973 640 2995 Postea
654 2972 774 3003 spatium.

996 433 1219 460 AUCTARIUM
1240 431 1500 459 CHARTULARII
1519 432 1694 459 UNIVERS.
1717 432 1835 459 PARIS.

1400 953 1434 979 10

1401 1198 1434 1224 15

1402 1444 1436 1470 20

1404 1690 1437 1716 25

1405 1937 1439 1963 30

1406 2183 1440 2209 35

1408 2429 1442 2455 40

2349 433 2384 459 36

1468 509 1526 538 bus
1555 508 1702 548 magister
1731 508 1872 537 Andreas
1903 508 2046 538 Freouati
2077 509 2115 538 de
2148 508 2326 538 Smalandia
2351 509 2383 538 in

1470 556 1591 587 Swecia
1605 557 1637 586 in
1654 564 1886 597 procuratorem
1903 557 2041 597 predicte
2056 557 2196 587 nacionis
2211 557 2383 598 Anglicane

1469 606 1652 645 simpliciter
1670 613 1699 635 et
1717 607 1841 646 penitus
1859 606 1944 636 nullo
1963 606 2160 636 reclamante.

1510 655 1612 684 Pauca
1629 656 1752 685 fuerunt
1769 655 1800 684 in
1821 655 1880 685 hoc
1895 662 2035 694 tempore
2050 655 2127 685 facta
2142 656 2293 691 notanda,
2307 665 2383 695 pre-

1470 709 1610 743 terquam
1633 705 1717 743 quod
1740 704 1936 734 Universitas
1959 704 2055 733 semel
2077 710 2266 744 congregata
2285 714 2384 744 quan-

1470 753 1539 782 dam
1553 753 1684 782 litteram
1698 754 1736 782 de
1748 753 1902 783 Avinione
1923 752 2063 793 recepit⁹
2078 753 2272 789 destinatam,
2287 753 2383 782 nichi-

1471 802 1604 831 lominus
1625 808 1655 832 et
1674 808 1747 831 tunc
1765 803 1923 832 decretum
1943 809 2024 838 erat,
2046 802 2205 832 residuum
2223 802 2384 832 contribu—

1471 851 1570 880 cionis
1586 861 1647 880 non
1663 851 1792 880 collecte
1805 861 1864 891 pro
1877 851 2020 891 negocio,
2035 852 2073 880 ad
2089 853 2173 891 quod
2188 852 2276 891 prius
2289 852 2384 891 depu-

1470 900 1591 930 tabatur
1613 900 1694 929 dicta
1716 900 1921 935 contrihucio,
1947 901 1985 929 ab
2008 900 2069 930 hiis
2094 900 2147 940 qui
2171 910 2232 930 non
2260 900 2384 929 satisfe—

1470 955 1580 978 cerunt
1594 949 1699 989 colligi
1716 955 1745 978 et
1762 949 1953 988 extorqueri,
1971 956 2001 979 et
2018 956 2170 985 cetera...‚
2187 948 2284 979 nisi⁴⁰
2301 949 2385 988 quod

1472 1004 1574 1027 rector
1586 1005 1615 1027 et
1628 997 1823 1028 Universitas
1838 1004 1901 1027 tota
1916 998 2006 1028 citata
2020 999 2076 1028 fuit
2091 999 2129 1028 ad
2142 999 2258 1028 curiam
2272 998 2384 1027 Roma—

1472 1057 1540 1077 nam
1556 1057 1648 1077 causa
1663 1046 1821 1086 cujusdam
1837 1047 1902 1077 litis
1917 1048 2076 1088 vergentis
2092 1048 2173 1077 inter
2187 1047 2383 1077 Universita-

1471 1102 1531 1125 tem
1556 1102 1586 1125 et
1599 1095 1721 1136 juratos
1743 1106 1818 1126 suos
1841 1096 1872 1125 in
1892 1096 2026 1136 capitulo
2049 1096 2223 1126 Parisiensi
2246 1097 2382 1135 prehen-

1472 1144 1607 1174 datos⁴⁴.

1513 1194 1588 1224 Item
1615 1195 1803 1234 computavit
1830 1195 1979 1234 magister
2006 1194 2172 1234 Philippus
2204 1194 2315 1224 Scotus
2347 1195 2384 1223 de

1472 1243 1605 1273 rectoria
1620 1254 1690 1279 sua,
1705 1250 1735 1273 et
1750 1244 1983 1283 computacione
2002 1244 2079 1273 facta
2094 1250 2124 1273 et
2139 1254 2197 1283 per
2213 1243 2385 1273 facultatem

1472 1294 1642 1332 approbata
1657 1294 1817 1322 tenebatur
1835 1293 1895 1322 sibi
1911 1293 2037 1322 facultas
2055 1293 2087 1322 in
2104 1293 2143 1322 28
2159 1293 2280 1328 solidis,
2295 1302 2386 1332 quam

1474 1341 1634 1381 pecuniam
1648 1342 1789 1382 magistri
1805 1341 1956 1371 facultatis
1969 1352 2028 1381 pro
2041 1347 2113 1371 tunc
2126 1342 2341 1381 perpotabant‚
2356 1346 2387 1370 et

1474 1390 1555 1419 illam
1572 1391 1733 1430 pecuniam
1747 1397 1850 1420 rector
1863 1391 2059 1430 subsequens
2073 1390 2223 1430 prestavit
2238 1389 2383 1420 facultati.

1884 1483 1982 1513 1339

1475 1556 1546 1595 (Ποῖ.
1583 1556 1658 1595 381»)
1698 1555 1856 1595 Tempus
1892 1554 2181 1595 procuracionis
2215 1554 2386 1594 magistri

1744 1604 1892 1634 Andree
1927 1604 2116 1633 Freouati.

1514 1685 1605 1715 Anno
1628 1686 1753 1715 Domini
1777 1686 1864 1720 1339,
1888 1686 1925 1714 16
1944 1685 2091 1714 kalendas
2109 1683 2294 1719 Januariiffl,
2311 1693 2387 1713 con-

1474 1735 1592 1766 vocatis
1608 1735 1751 1765 omnibus
1767 1734 1925 1774 magistris
1939 1740 2006 1763 actu
2020 1734 2201 1773 regentibus
2214 1733 2246 1762 in
2259 1733 2387 1762 nacione

1475 1784 1647 1824 Anglicana
1659 1785 1740 1824 apud
1754 1784 1899 1813 Sanctum
1911 1783 2065 1812 Julianum
2078 1784 2115 1812 ad
2132 1782 2303 1812 faciendum
2317 1791 2387 1822 pro-

1476 1840 1648 1863 curatorem
1669 1833 1750 1862 dicte
1771 1832 1922 1867 nacionis,
1944 1832 2060 1861 electus
2074 1832 2129 1861 fuit
2144 1831 2340 1861 concorditer
2356 1831 2387 1860 in

1476 1889 1709 1922 procuratorem
1723 1882 1871 1921 magister
1882 1881 2024 1911 Andreas
2039 1880 2193 1916 Freouati‚
2206 1880 2291 1909 nullo
2302 1879 2387 1920 peni-

1475 1938 1525 1962 tus
1545 1932 1740 1961 reclamante.
1759 1932 1799 1960 Et
1812 1931 1967 1960 eleccione
1985 1931 2063 1959 facta
2080 1929 2122 1959 hii
2141 1929 2281 1969 magistri
2297 1929 2388 1959 simul

1476 1987 1676 2021 potaverunt,
1696 1980 1748 2020 qui
1769 1986 1915 2009 secuntur
1935 1991 1941 2008 :
1962 1979 2110 2019 magister
2125 1978 2291 2018 Philippus
2310 1977 2388 2008 Sco-

1476 2037 1537 2065 tus,
1558 2030 1705 2070 magister
1721 2030 1884 2059 Conradus
1903 2029 1940 2058 de
1959 2028 2064 2057 Monte
2081 2027 2272 2063 Puellarum,
2290 2027 2389 2067 magi-

1478 2087 1542 2109 ster
1558 2079 1715 2109 Vernerus
1725 2102 1732 2115 ‚
1748 2085 1778 2109 et
1793 2079 1860 2118 ipse
1874 2084 2068 2118 procurator.

1520 2129 1594 2159 lter‘n
1613 2128 1804 2168 pertransito
1825 2127 1879 2156 illo
1899 2137 2005 2156 mense
2023 2127 2055 2155 in
2075 2136 2155 2156 anno
2171 2125 2296 2155 Domini
2313 2126 2391 2155 1340

1478 2179 1647 2208 secundum
1660 2178 1776 2207 curiam
1789 2177 1959 2206 Romanam
1968 2199 1975 2212 ‚
1991 2176 2041 2205 die
2060 2175 2179 2205 scilicet
2193 2175 2230 2204 19
2243 2175 2390 2204 kalendas

1479 2226 1683 2262 Februarii⁴³,
1704 2226 1882 2256 convocatis
1899 2226 2009 2255 iterum
2027 2224 2186 2265 magistris
2200 2230 2235 2254 ut
2250 2225 2337 2264 prius
2352 2225 2390 2253 ad

1479 2277 1651 2306 faciendum
1674 2281 1921 2315 procuratorem,
1941 2275 2137 2303 continuatus
2160 2273 2216 2302 fuit
2233 2273 2391 2312 predictus

1479 2325 1626 2365 magister
1641 2335 1679 2354 ex
1694 2324 1848 2354 communi
1867 2333 2022 2353 consensu
2041 2322 2187 2352 omnium.

1521 2375 1555 2403 ln
1572 2373 1659 2414 cujus
1676 2380 1814 2412 tempore
1830 2379 1895 2402 acta
1912 2378 1983 2402 sunt
1999 2372 2055 2401 hec
2071 2384 2076 2401 :

1520 2423 1626 2453 Primo
1639 2422 1817 2452 convocatis
1830 2421 1974 2451 omnibus
1988 2421 2146 2461 magistris
2159 2420 2239 2450 dicte
2252 2419 2392 2449 nacionis

1480 2474 1517 2502 ad
1536 2473 1707 2502 faciendum
1726 2471 1881 2507 officiales,
1900 2471 2015 2500 electus
2034 2470 2090 2499 fuit
2105 2469 2254 2509 magister
2272 2468 2392 2498 Conra-

1480 2523 1539 2551 dus
1568 2522 1606 2551 de
1636 2521 1741 2550 Monte
1771 2519 1947 2550 Puellarum
1974 2519 2005 2548 in
2035 2519 2272 2548 examinatorem
2299 2517 2392 2557 primi

1481 2571 1596 2600 mensis
1614 2571 1695 2610 apud
1715 2570 1856 2599 Sanctam
1873 2568 2071 2603 Genovefam,
2089 2567 2237 2607 magister
2251 2566 2393 2596 Andreas

1482 2630 1539 2660 pro
1563 2621 1606 2655 2⁰,
1636 2619 1784 2659 magister
1812 2617 1944 2647 Mathias
1962 2627 2019 2656 pro
2042 2617 2085 2652 3⁰,
2115 2622 2145 2646 et
2172 2616 2262 2645 iidem
2277 2614 2303 2633 ⁴⁴¹
2329 2621 2393 2645 tres

1513 2723 1536 2746 8.
1571 2722 1600 2745 22
1615 2721 1739 2745 Octobris.

1513 2760 1537 2782 9.
1576 2757 1622 2781 Vim
1634 2765 1687 2780 ene
1696 2759 1781 2788 potest
1792 2754 1901 2788 epistola
1913 2753 2049 2778 Benedicti
2061 2755 2121 2782 XII,
2135 2753 2167 2777 de
2182 2761 2233 2785 qua
2247 2753 2326 2784 infra.

1515 2794 1553 2817 10.
1574 2794 1646 2824 Quae
1658 2795 1808 2824 sequuntur,
1819 2791 1915 2823 scripta
1929 2792 1988 2813 nunt
2000 2789 2053 2813 alio
2067 2789 2222 2813 charactere.

1514 2830 1552 2853 11.
1572 2830 1611 2860 Cf.
1626 2828 1745 2852 Chai-tul.
1758 2827 1878 2851 Univers.
1894 2825 1988 2854 Paris.,
2003 2825 2035 2854 ΙΙ,
2050 2825 2158 2853 n·1826,
2171 2827 2267 2848 notam.

1515 2865 1553 2889 12.
1574 2864 1602 2888 17
1616 2863 1769 2887 Decembris.

1516 2901 1554 2924 13.
1573 2900 1603 2923 14
1617 2898 1747 2922 Ianuarii.

1516 2937 1553 2960 14.
1574 2937 1620 2959 Ms.
1637 2935 1731 2958 eidem.
