2632 3464
669 482 767 512 1858

469 553 654 593 [Artolsus
683 553 959 592 Lauterwech.]

302 629 395 660 Anno
407 630 532 660 Domini
543 630 632 666 1358,
643 630 682 659 27
697 629 747 659 die
755 629 900 669 Augusti,
913 630 990 659 facta
999 639 1169 669 congrega-

261 679 351 709 cione
377 679 518 709 nacionis
538 678 709 719 Anglicane
730 679 770 708 ad
790 678 935 708 Sanctum
954 678 1108 708 Julianum
1131 679 1170 708 ad

262 728 439 768 eligendum
463 734 696 768 procuratorem
725 733 756 757 et
782 727 968 757 audiendum
993 733 1169 767 compotum

261 777 452 817 recepturis,
483 777 679 806 continuatus
707 786 762 806 seu
793 776 910 806 electus
937 776 993 806 suit
1021 776 1170 816 magister

261 826 401 856 Artolfus
418 825 620 856 Lauterwech
635 825 667 854 in
681 831 915 865 procuratorem
930 825 1012 855 dicte
1029 826 1169 855 nacionis

263 875 471 910 concorditer,
507 874 593 904 nullo
628 874 752 914 penitus
783 874 984 910 reclamante,
1019 874 1050 904 in
1081 874 1168 915 cujus

262 923 484 963 procuracione
500 924 578 953 facta
593 930 665 953 sunt
679 933 739 963 que
755 929 912 953 secuntur.

303 972 409 1002 Primo
438 972 607 1002 translatus
637 972 694 1002 fuit
728 979 891 1011 compotus
922 973 1094 1012 receptoris
1130 974 1170 1003 ad

263 1021 344 1051 diem
361 1021 446 1062 jovis
458 1022 468 1040 ⁴
483 1027 614 1061 propter
627 1022 719 1051 funus
734 1028 764 1051 et
779 1022 904 1060 [non]...
916 1021 929 1040 ²
947 1023 1086 1052 fecerunt
1097 1033 1169 1052 con-

262 1070 482 1111 gregacionem
522 1070 555 1100 in
589 1070 640 1100 die
664 1069 748 1111 jovis
779 1077 909 1111 propter
948 1071 1168 1111 negligentiam

261 1129 386 1155 eorum;
403 1120 481 1149 sacta
499 1120 556 1149 suit
578 1130 639 1149 una
663 1120 871 1160 congregacio
890 1121 1029 1150 nacionis
1052 1122 1169 1160 prefate

261 1169 338 1198 seria
345 1175 432 1198 sexta
440 1168 542 1198 statim
551 1169 694 1208 sequenti
704 1169 736 1198 in
744 1169 879 1209 capitulo
889 1169 1122 1200 Predicatorum
1130 1171 1169 1200 ad

261 1217 446 1247 audiendum
462 1224 636 1257 compotum
652 1218 825 1258 receptoris
842 1224 874 1248 et
887 1219 927 1248 ad
942 1218 1167 1258 suplicandum,

261 1273 292 1297 et
308 1266 422 1296 ibidem
441 1266 630 1306 computavit
646 1267 790 1297 dominus
805 1274 961 1307 receptor,
981 1275 1011 1298 et
1025 1269 1169 1298 omnibus

261 1315 415 1346 refalcatis
431 1316 580 1346 remansit
594 1316 716 1345 nacioni
735 1316 766 1346 in
783 1317 822 1346 20
837 1317 934 1347 scutis
950 1323 981 1346 et
995 1317 1034 1347 23
1047 1317 1168 1353 solidis,

261 1364 315 1405 qui
327 1364 482 1405 perpotati
498 1365 620 1394 fuerant
631 1365 732 1395 statim
743 1365 775 1394 in
785 1366 914 1395 taberna
925 1376 994 1396 cum
1008 1367 1170 1397 addicione

261 1413 434 1454 aliquorum
459 1414 642 1450 solidorum,
666 1421 696 1444 et
718 1415 908 1454 approbatus
932 1415 989 1444 suit
1009 1422 1170 1455 compotus

260 1472 347 1492 suns.

302 1511 377 1541 Item
411 1511 525 1540 ibidem
566 1512 731 1551 suplicavit
764 1512 912 1552 magister
949 1513 1095 1543 Alhertus
1131 1514 1170 1544 de

261 1559 396 1590 Saxonia
407 1570 466 1600 pro
485 1561 579 1590 fratre
594 1570 651 1590 suo
667 1561 792 1591 domino
809 1561 949 1591 Johanne
969 1563 1006 1591 de
1023 1562 1168 1599 Saxonia,

259 1609 333 1650 quia
354 1609 453 1639 voluit
470 1609 609 1649 incipere
629 1610 660 1639 in
684 1610 815 1646 artibus,
841 1617 872 1640 et
894 1611 996 1640 statim
1015 1618 1089 1651 post
1112 1612 1170 1642 hoc

258 1658 417 1693 recedere,
445 1664 478 1688 ut
499 1658 559 1688 sibi
581 1659 671 1688 nacio
694 1660 806 1689 bursas
833 1669 905 1690 suas
927 1661 965 1689 de
988 1660 1169 1700 incepcione

259 1707 438 1742 dimitteret,
463 1713 494 1736 et
515 1707 541 1737 si
565 1708 761 1748 contingeret
788 1708 855 1738 fieri
880 1709 1014 1739 rotulum
1040 1716 1070 1740 et
1091 1710 1169 1740 alios

258 1755 404 1786 absentes
423 1755 553 1796 imponi,
574 1763 607 1786 ut
626 1763 657 1786 et
678 1757 746 1796 ipse
767 1757 879 1787 solutis
897 1757 1056 1788 solvendis
1075 1769 1169 1798 pone-

257 1810 354 1840 retur,
369 1805 453 1845 quod
471 1811 568 1835 totum
588 1805 649 1835 sibi
664 1812 730 1836 erat
742 1816 939 1837 concessum.

298 1853 374 1883 Item
389 1853 507 1894 incepit
523 1854 667 1884 dominus
682 1854 840 1885 lohannes
854 1856 892 1885 de
908 1856 1056 1892 saxonia,
1074 1857 1169 1887 frater

258 1902 400 1942 magistri
416 1902 539 1933 Alberti
557 1903 595 1933 de
611 1903 755 1939 saxonia,
772 1905 831 1934 sub
848 1905 999 1944 magistro
1019 1905 1168 1936 Hainrico

258 1952 297 1981 de
313 1950 458 1987 Saxonia,
476 1952 525 1981 cui
542 1952 637 1982 burse
652 1951 764 1993 era[njt
778 1953 906 1983 dimisse
922 1964 979 1993 per
995 1955 1165 1985 nacionem.

299 2000 375 2030 Item
409 2001 448 2030 23
487 2001 537 2030 die
571 2000 764 2041 Septembris
804 2002 882 2032 facta
918 2004 1167 2043 congregacione

257 2049 397 2079 nacionis
410 2049 568 2089 sepedicte
580 2051 619 2079 ad
629 2049 774 2080 Sanctum
785 2051 973 2082 Maturinum
987 2053 1026 2082 ad
1042 2053 1166 2083 audien-

257 2098 330 2128 dum
349 2105 525 2138 compotum
544 2099 718 2139 receptoria
739 2106 770 2129 et
791 2100 967 2140 eligendum
990 2101 1039 2132 vel
1065 2103 1167 2132 conti-

257 2147 412 2177 nuandum
429 2153 634 2187 receptorem,
652 2148 752 2188 primo
770 2149 960 2189 computavit
975 2157 1120 2190 receptor
1137 2157 1167 2181 et

255 2196 401 2226 omnibus
423 2195 578 2226 refalcatis
600 2197 748 2227 remansit
767 2198 890 2228 nacioni
908 2198 939 2228 in
959 2199 998 2228 20
1018 2200 1115 2229 scutis
1136 2206 1167 2230 et

257 2244 286 2275 11
299 2244 422 2280 solidis,
437 2251 525 2275 scuto
538 2245 660 2276 valente
672 2246 712 2276 34
724 2246 855 2277 solidos.
873 2247 914 2278 Et
932 2248 1047 2278 ibidem
1064 2249 1165 2279 conti-

256 2299 367 2324 nuatus
388 2293 445 2324 suit
458 2294 607 2334 magister
624 2294 741 2325 Themo
758 2295 848 2325 Judei
868 2303 1013 2337 receptor
1027 2296 1164 2337 ejusdem

255 2352 406 2373 nacionis.

662 2437 760 2467 1358

310 2510 382 2551 (Fal.
401 2511 448 2552 40)
491 2511 721 2542 Procuracio
749 2514 921 2555 magistri
950 2514 1107 2546 Patricii

499 2561 542 2590 de
571 2561 766 2602 Hepburn‚
797 2562 914 2593 Scoti.

222 2627 253 2673 θ
294 2639 386 2670 Anno
410 2640 535 2670 Domini
557 2641 722 2672 millesimo
745 2642 862 2674 eccm
888 2644 948 2674 L„
973 2650 1097 2682 octavo,
1124 2646 1164 2676 24

255 2688 306 2718 die
322 2689 439 2719 mensis
455 2689 659 2729 Septembris,
677 2692 754 2721 fucta
764 2692 1010 2733 congregacione
1022 2694 1163 2725 nacionis

254 2736 426 2778 Anglicane
436 2738 476 2768 ad
488 2738 632 2769 Sanctum
647 2739 801 2771 lulianum
817 2742 855 2771 ad
868 2741 1044 2783 eligendum
1052 2753 1162 2784 procu-

286 2859 310 2885 1.
342 2861 373 2885 ³0
383 2861 502 2895 Augusti.

284 2895 309 2919 2.
342 2896 480 2928 Soqueneia
489 2905 566 2923 eruca
577 2901 645 2924 nunt.

285 2931 310 2956 3.
342 2932 358 2955 8
373 2932 496 2958 Octobr-iu.

770 406 884 433 LIBER
904 404 1214 433 PROCURATORUM
1231 404 1412 431 NATIONIS
1430 405 1676 431 ANGLICANAE

1206 930 1240 956 10

1207 1176 1240 1202 15

1207 1421 1242 1447 20

1206 1665 1241 1692 25

1205 1912 1239 1938 30

1203 2159 1237 2186 35

1201 2404 1236 2432 40

1200 2649 1234 2676 45

2132 408 2184 433 238

1278 487 1424 517 ratorem,
1439 488 1470 511 et
1483 482 1515 511 in
1531 482 1612 511 dicta
1624 483 1867 522 congregatione
1883 484 1999 513 electus
2008 484 2064 513 fuit
2074 485 2104 513 in
2113 495 2184 524 pro-

1277 537 1451 560 curatorem
1474 531 1623 570 magister
1641 531 1796 560 Patricius
1816 532 1854 560 de
1872 531 2042 571 Hepburne
2061 533 2183 568 Scotus,

1278 579 1310 608 in
1322 578 1410 619 cujus
1427 580 1650 619 procuracione
1666 580 1744 609 facta
1758 586 1831 610 sunt
1849 580 1905 610 hec
1921 591 1980 620 que
2001 588 2183 620 sequuntur.

1319 627 1354 657 In
1370 628 1482 668 primis
1500 630 1606 658 eadem
1621 629 1671 658 die
1686 629 1805 668 potavit
1820 629 1910 658 nacio
1927 631 2013 668 apud
2026 632 2185 670 grangiam

1277 677 1334 707 Lll
1361 677 1496 713 solidos,
1530 678 1568 707 de
1597 678 1711 718 quibus
1740 678 1834 708 solvit
1858 685 2043 718 procurator
2070 679 2186 709 electus

1278 726 1291 755 l
1316 732 1447 762 scutum,
1471 733 1559 756 scuto
1577 727 1698 758 valente
1719 727 1788 757 XVI
1814 727 1944 763 solidos,
1973 734 2003 757 et
2028 729 2185 758 residuum

1277 782 1432 815 receptor.

1318 825 1394 854 Item
1421 825 1471 854 die
1500 825 1652 855 mercurie
1674 825 1835 864 proxima³
1860 832 1933 866 post
1955 827 2065 856 festum
2087 826 2185 856 sancti

1277 873 1441 903 Michaelis
1464 874 1642 914 archangeli
1669 876 1747 904 facta
1774 875 2020 915 congregacione
2046 876 2185 905 nacionis

1277 923 1450 963 Anglicane
1467 924 1550 963 apud
1565 924 1711 954 Sanctum
1731 924 1929 960 Maturinum,
1949 931 1979 954 et
1998 925 2111 954 ibidem
2132 935 2186 954 su-

1279 971 1406 1011 plicavit
1415 973 1559 1002 dominus
1567 973 1583 1002 J
1586 973 1724 1002 ohannes
1734 972 1746 991 ⁴
1756 973 1902 1003 videlicet
1911 980 1946 1004 ut
1956 974 2044 1004 nacio
2060 974 2185 1014 dispen-

1278 1028 1362 1051 saret
1378 1031 1483 1052 secum
1502 1029 1535 1052 ut
1551 1028 1661 1062 posset
1673 1032 1791 1062 ponere
1807 1029 1912 1053 vestes
1929 1029 1959 1053 et
1974 1023 2109 1063 pignora
2127 1033 2185 1063 pro

1277 1081 1339 1100 uno
1364 1071 1445 1101 libro
1477 1081 1534 1101 suo
1562 1071 1638 1101 alias
1667 1071 1782 1111 posito,
1811 1078 1841 1102 et
1862 1073 1943 1102 dicta
1968 1073 2056 1102 nacio
2081 1083 2185 1102 secum

1278 1120 1522 1150 misericorditer
1539 1121 1742 1160 dispensavit,
1759 1121 1818 1150 hoc
1830 1128 1931 1151 tamen
1945 1122 2089 1162 apposito
2102 1122 2186 1162 quod

1278 1169 1405 1209 quocies
1420 1169 1503 1199 dicta
1517 1170 1606 1199 nacio
1619 1170 1774 1210 indigeret
1783 1171 1928 1210 pecunia,
1941 1177 1975 1201 ut
1987 1172 2188 1201 denunciaret

1277 1225 1422 1258 receptor
1438 1219 1520 1248 dicto
1535 1219 1680 1255 Johanni,
1698 1225 1731 1249 ut
1745 1219 1826 1249 intra
1838 1226 1908 1249 octo
1923 1220 1989 1250 dies
2005 1221 2185 1257 satisfaciet,

1278 1268 1356 1298 alias
1386 1274 1496 1308 postea
1523 1268 1621 1298 libere
1649 1269 1810 1304 venderet,
1837 1279 2000 1309 quousque
2029 1270 2118 1299 nacio
2147 1270 2188 1300 sit

1279 1317 1390 1347 soluta.

1321 1365 1394 1396 Item
1414 1367 1558 1396 dominus
1576 1366 1734 1396 Johannes
1757 1367 1850 1406 Blyth
1874 1368 1990 1408 incepit
2010 1370 2068 1398 suh
2087 1371 2188 1410 magi-

1278 1422 1345 1445 stro
1359 1414 1501 1451 Alba-to,
1519 1415 1606 1455 cujus
1619 1416 1713 1445 bursa
1730 1415 1836 1452 nichil,
1851 1417 1923 1456 quia
1935 1416 2051 1456 juravit
2068 1419 2100 1448 in
2115 1429 2187 1449 con-

1280 1465 1479 1505 gregacione,
1510 1465 1612 1504 ipsum
1643 1464 1739 1494 nichil
1769 1465 1883 1495 habere
1909 1476 1966 1496 nec
1993 1466 2043 1496 hic
2070 1478 2127 1498 nec
2155 1469 2186 1498 in

1277 1513 1389 1554 patria.

1319 1563 1378 1592 Die
1409 1563 1480 1592 lune
1507 1563 1672 1603 proxima⁵
1708 1570 1781 1603 post
1818 1564 1928 1594 festum
1971 1566 2069 1595 sancti
2105 1566 2186 1596 Luce

1281 1612 1483 1652 ewangeliste
1503 1612 1581 1642 facta
1597 1613 1844 1653 congregacione
1859 1614 1999 1644 nacionis
2015 1614 2186 1655 Anglicane

1278 1662 1361 1701 apud
1376 1656 1521 1691 Sanctum
1538 1661 1693 1691 Julianum
1708 1662 1747 1691 ad
1760 1662 1938 1703 eligendum
1954 1671 2186 1703 procuratorem

1278 1717 1309 1740 et
1333 1711 1372 1740 ad
1397 1711 1636 1750 computandum
1664 1721 1732 1740 cum
1761 1718 1933 1751 receptore,
1960 1713 2060 1752 primo
2084 1714 2186 1744 dictus

1276 1766 1422 1800 receptor
1444 1759 1593 1799 magister
1616 1759 1733 1789 Themo
1753 1761 1951 1800 computavit,
1974 1768 2004 1792 et
2025 1764 2187 1793 tenebatur

1277 1809 1399 1839 nacioni
1426 1809 1458 1838 in
1487 1809 1589 1839 XVIII
1622 1809 1733 1839 solidis
1759 1820 1828 1840 cum
1857 1821 1918 1840 uno
1947 1811 2048 1841 solido
2073 1813 2185 1843 debilis

1277 1864 1410 1888 monete.

1318 1907 1393 1937 Item
1405 1907 1574 1938 Nicholaus
1585 1908 1719 1938 bidellus
1730 1909 1917 1948 supplicavit
1929 1910 2089 1939 nacionem
2099 1921 2184 1941 suam

1277 1963 1311 1987 ut
1326 1957 1397 1997 ipsa
1417 1957 1600 1997 dignaretur
1621 1957 1867 1988 misericorditer
1886 1959 1947 1988 sibi
1969 1960 2134 1989 subvenire
2152 1960 2184 1990 in

1275 2006 1379 2046 aliquo
1401 2006 1554 2042 subsidio,
1579 2012 1609 2036 et
1625 2007 1706 2036 dicta
1722 2007 1810 2036 nacio
1827 2007 2010 2038 deliberavit
2030 2009 2185 2039 unanimi-

1274 2062 1323 2086 ter
1339 2055 1371 2085 in
1389 2056 1637 2096 congregacione
1654 2056 1735 2086 dicte
1751 2056 1892 2087 nacionis
1910 2063 1942 2087 ut
1957 2058 2017 2087 sibi
2032 2059 2157 2089 daretur
2171 2059 2182 2088 1

1274 2105 1421 2135 ssorenus.

1678 2197 1777 2228 1358

1274 2267 1503 2298 Procuracio
1534 2268 1705 2309 magistri
1734 2268 1915 2299 Johannis
1944 2270 1987 2299 de
2019 2269 2180 2300 Pavone.

1311 2346 1404 2377 Anno
1431 2347 1557 2378 Domini
1589 2348 1690 2384 13580,
1721 2347 1773 2377 22·
1800 2348 1850 2378 die
1877 2348 1993 2379 mensis
2020 2349 2178 2384 Octobris,

1273 2396 1349 2426 sacta
1359 2396 1600 2437 congregatione
1609 2397 1749 2427 nacionis
1761 2397 1932 2438 Anglicane
1943 2398 2024 2437 apud
2036 2398 2179 2428 Sanctum

1271 2445 1425 2475 lulianum
1451 2455 1631 2486 pauperem,
1657 2446 1773 2476 electus
1803 2447 1859 2476 suit
1887 2447 1918 2476 in
1947 2453 2179 2486 procuratorem

1271 2495 1422 2534 magister
1435 2495 1593 2525 Johannes
1611 2496 1650 2524 de
1668 2495 1792 2526 Pavone
1814 2495 2024 2526 Coloniensis.
2044 2496 2078 2525 ln
2091 2495 2178 2536 cujus

1270 2544 1485 2583 procuratoria
1502 2550 1568 2574 acta
1585 2550 1658 2574 sunt
1675 2544 1730 2574 hec
1746 2555 1806 2584 que
1823 2551 2005 2585 sequuntur.

1312 2591 1464 2623 Omnibus
1491 2594 1675 2634 computatis
1709 2594 1740 2623 in
1766 2594 1826 2623 fine
1852 2594 2084 2633 procuracionis
2113 2604 2178 2624 mee

1271 2641 1421 2682 magister
1437 2641 1553 2672 Themo
1570 2649 1714 2682 receptor
1727 2644 1888 2673 tenebatur
1902 2643 2024 2673 nacioni
2043 2644 2081 2673 16
2093 2650 2180 2674 scuta

1272 2696 1303 2721 et
1316 2690 1489 2728 dimidium,
1508 2697 1539 2721 et
1553 2702 1647 2722 unum
1660 2691 1804 2722 solidum.

1301 2865 1325 2888 (Δ.
1358 2866 1450 2888 Postea
1461 2864 1582 2896 spatium.

1302 2901 1326 2925 ὅ.
1360 2900 1390 2924 22
1405 2899 1528 2925 Octobris.
