2632 3464
401 427 450 452 631
949 422 1171 448 AUCTARIUM
1193 420 1452 447 CHARTULARII
1472 421 1647 448 UNIVERS.
1669 422 1786 449 PARIS.
2276 425 2329 451 6³2

401 502 539 531 cedulam
563 502 685 541 signeto
705 499 837 529 rectorie
858 499 1025 538 signatam,
1044 498 1074 526 in
1093 508 1152 537 qua
1170 498 1311 526 contine-

402 553 491 580 batur
515 551 597 590 quod
622 551 701 579 idem
726 549 882 578 Johannes
907 547 1046 576 bedellus
1071 547 1180 575 citaret
1204 557 1311 575 omnes

400 600 568 639 magistros
586 599 725 628 nacionis
741 598 910 637 Anglicane
927 607 982 636 per
992 595 1215 636 juramentum,
1233 605 1311 634 qua-

401 650 483 678 tinus
512 649 653 678 venirent
683 648 732 676 die
765 646 906 686 sequenti
935 646 971 674 ad
1009 644 1307 684 congregacionem*

400 698 539 727 nacionis
553 697 722 737 Anglicane
739 696 877 735 predicte
894 695 968 723 hora
983 694 1151 733 primarum
1165 694 1203 722 ad
1220 703 1311 722 exse-

400 748 556 787 quendum
573 746 740 775 deliberata
756 745 785 773 in
802 744 1023 774 Universitate.

442 797 508 833 Qua
523 795 631 824 cedula
645 800 828 834 procurator
843 793 999 832 predictus
1013 792 1091 827 visa,
1105 791 1231 821 multum
1248 798 1310 821 stu-

402 846 551 884 pefactus,
562 844 674 872 rectori
692 843 818 882 scripsit
828 843 884 871 sub
895 841 999 881 sigillo
1010 841 1223 880 procuratorie
1237 851 1310 880 pre-

400 894 482 923 dicte
496 893 633 922 nacionis
647 892 784 921 cedulam
799 892 844 920 sic
858 897 1016 920 sonantem
1031 891 1068 919 de
1081 890 1176 919 verbo
1191 891 1228 918 ad
1243 900 1310 919 ver-

402 944 473 972 bum
488 955 493 971 z
512 954 524 969 «
540 942 670 971 Domine
686 947 800 974 rector,
819 950 886 969 cum
900 939 982 969 omni
999 939 1172 968 reverentia
1186 938 1308 978 loquor.

403 993 470 1031 Ego
493 992 586 1020 credo
614 991 696 1030 qnod
726 991 763 1019 ad
791 989 889 1018 solum
913 995 1146 1028 procuratorem
1172 988 1311 1017 nacionis

401 1047 519 1080 spectat
541 1041 639 1068 facere
663 1038 941 1078 congregacionem
971 1037 1122 1066 nacionis.
1151 1037 1226 1066 Heri
1249 1047 1311 1066 non

400 1090 503 1118 audivi
528 1089 696 1118 deliberata
724 1087 954 1121 Universitatis‚
978 1097 1034 1115 nec
1066 1087 1103 1115 ab
1126 1086 1195 1115 aliis
1222 1086 1311 1125 plene

402 1139 582 1167 informatus
599 1148 665 1166 sum
685 1147 779 1176 super
798 1143 869 1165 tunc
886 1136 1082 1171 deliberatis;
1103 1135 1206 1178 habita
1222 1135 1312 1174 plena

401 1187 621 1216 informacione
637 1196 732 1225 super
747 1186 819 1220 illis,
837 1196 926 1224 quam
942 1185 1034 1214 michi
1050 1185 1117 1213 fieri
1133 1184 1239 1213 faciam
1253 1195 1311 1224 ego

402 1237 488 1265 sicud
507 1236 602 1264 cicius
621 1236 780 1264 commode
798 1241 917 1273 poter0,
935 1234 1087 1263 mediante
1103 1241 1222 1263 maturo
1241 1244 1311 1262 con-

402 1286 471 1314 silio
502 1285 634 1313 libenter
664 1284 769 1313 faciam
793 1294 827 1312 ea
855 1284 893 1312 ad
921 1293 980 1322 que
1008 1283 1177 1322 astringor.
1203 1295 1216 1310 n
1245 1283 1312 1320 Qua

401 1334 508 1363 cedula
525 1334 638 1363 rectori
657 1339 832 1373 presentata
848 1333 915 1371 ipse
931 1333 1019 1361 aliam
1041 1332 1178 1361 cedulam
1196 1332 1310 1367 emisit,

401 1384 432 1412 in
451 1394 510 1422 qua
529 1382 683 1412 mandavit
703 1382 897 1421 procuratori
916 1381 1056 1421 predicto
1081 1391 1137 1420 per
1152 1380 1311 1420 juramen-

401 1439 463 1462 tum
486 1442 573 1461 suum
597 1438 627 1460 et
650 1433 707 1460 suh
729 1431 811 1460 omni
831 1441 922 1470 pena,
945 1431 1089 1469 quatinus
1106 1431 1219 1459 faceret
1237 1441 1312 1459 con-

401 1482 619 1521 gregacionem
643 1481 782 1509 nacionis
801 1480 940 1519 predicte
959 1479 1035 1508 hora
1055 1480 1209 1518 predict-'25
1229 1479 1312 1518 quod

400 1531 427 1559 si
451 1541 512 1559 non
536 1531 658 1564 faceret,
679 1536 787 1558 contra
810 1529 911 1568 ipsum
934 1528 1027 1557 vellet
1051 1529 1221 1567 procedere
1243 1535 1312 1557 tan-

401 1590 491 1618 quam
507 1585 613 1608 contra
630 1578 774 1607 rebellem
791 1585 820 1607 et
839 1578 1066 1607 inobedientem
1082 1578 1196 1606 rectori
1211 1578 1312 1606 omni-

402 1630 460 1657 bus
482 1628 581 1656 modis
610 1635 639 1656 et
664 1628 722 1657 viis
746 1627 859 1666 quibus
882 1633 1000 1666 posset.
1026 1626 1130 1655 Eciam
1154 1627 1185 1655 in
1207 1628 1311 1655 eadem

403 1677 509 1706 cedula
523 1677 650 1716 scripsit
664 1677 746 1715 quod
759 1676 977 1705 nichilominus
992 1677 1168 1704 mandasset
1179 1676 1312 1704 Johanni

402 1726 522 1755 bedello
540 1726 691 1765 predicto,
712 1726 794 1765 quod
813 1725 921 1754 citaret
940 1725 1106 1764 magistros
1124 1735 1177 1754 seu
1196 1735 1312 1754 convo-

403 1782 485 1804 caret
503 1785 555 1804 eos
576 1775 651 1803 hora
672 1775 848 1814 supradicta
868 1784 924 1813 per
940 1773 1146 1813 juramentum
1165 1775 1202 1803 de
1225 1784 1312 1803 man-

401 1825 472 1853 dato
497 1824 628 1853 rectoris
649 1825 685 1852 ad
707 1824 984 1863 congregacionem
1007 1823 1148 1852 nacionis
1173 1823 1311 1862 predIcte

401 1874 481 1912 apud
504 1874 647 1902 Sanctum
669 1873 868 1902 Maturinum.
894 1873 959 1909 Quc
985 1873 1094 1901 cedula
1115 1872 1311 1912 procuratori

402 1923 543 1961 predicto
567 1922 621 1951 fuit
646 1928 823 1961 presentata
846 1922 926 1950 inter
947 1922 1107 1960 septimam
1128 1928 1157 1950 et
1174 1928 1311 1950 octavam

403 1972 495 2000 horas
512 1978 582 2010 post
600 1971 770 2000 meridiem.

444 2021 631 2049 Procurator
645 2021 804 2059 predictus
818 2020 927 2048 videns
942 2026 971 2048 et
985 2021 1114 2049 credens
1129 2020 1211 2048 istud
1226 2030 1312 2048 man·-

402 2070 504 2098 datum
519 2080 587 2098 esse
608 2076 714 2098 contra
731 2069 900 2098 laudabiles
917 2069 1156 2098 consuetudines
1172 2069 1311 2097 nacionis

403 2129 468 2153 sue,
484 2125 547 2147 tum
562 2119 632 2157 quia
648 2129 709 2146 non
723 2124 950 2147 consueverunt
964 2118 1030 2147 fieri
1045 2117 1311 2157 congregaciones

403 2168 540 2196 nacionis
563 2168 711 2206 predicte,
734 2167 794 2196 nisi
821 2167 907 2196 scitis
925 2167 1063 2196 articulis
1087 2177 1181 2206 super
1199 2167 1311 2206 quibus

402 2218 551 2245 deberent
566 2217 643 2250 fieri,
657 2226 735 2255 quos
751 2216 831 2245 idem
846 2222 1029 2255 procurator
1042 2223 1074 2245 ut
1090 2226 1185 2255 supra
1197 2216 1311 2244 dictum

402 2272 450 2294 est
465 2266 631 2304 ignoravit,
648 2272 710 2294 tum
727 2265 797 2304 quia
813 2275 875 2293 non
891 2273 1117 2294 consueverunt
1134 2271 1311 2303 procurato-

404 2325 454 2343 res
477 2315 616 2343 nacionis
642 2314 778 2353 predicte
802 2315 899 2342 facere
926 2314 1190 2353 congregaciones
1218 2324 1312 2352 super

403 2364 558 2402 aliquibus
578 2363 637 2392 nisi
665 2363 768 2391 habito
798 2363 929 2392 consilio
952 2374 968 2391 a
994 2363 1169 2392 senioribus
1194 2364 1231 2391 de
1257 2373 1311 2391 na-

405 2413 502 2446 cione,
536 2418 598 2441 tum
629 2412 699 2451 quia
727 2412 779 2440 tali
809 2412 883 2440 hora
916 2419 974 2441 tam
1006 2412 1141 2441 serotina
1171 2412 1311 2451 magistri

405 2461 542 2490 nacionis
561 2471 621 2489 non
643 2467 871 2490 consueverunt
893 2461 1056 2489 convocari
1075 2473 1080 2489 :
1106 2461 1176 2489 ideo
1196 2471 1311 2500 procu-

404 2516 487 2538 rator
503 2510 661 2549 predictus
678 2520 738 2538 non
760 2510 831 2539 fecit
851 2510 900 2538 illa
921 2509 996 2538 hora
1014 2510 1180 2549 magistros
1196 2520 1312 2538 convo-

405 2559 483 2593 cari,
503 2559 578 2587 hora
598 2566 697 2587 tamen
721 2569 780 2597 qua
800 2565 902 2588 rector
924 2558 995 2587 fecit
1015 2559 1180 2597 magistros
1196 2569 1312 2588 convo-

405 2608 479 2642 cari,
497 2608 581 2636 venit
603 2608 645 2636 ibi
667 2614 851 2647 procurator
870 2608 1029 2646 predictus
1050 2608 1087 2636 ad
1109 2607 1310 2642 audiendum,

406 2657 479 2695 quid
503 2663 606 2685 rector
624 2656 727 2691 vellet,
746 2663 775 2686 et
794 2667 857 2685 non
878 2657 1002 2685 invento
1023 2656 1064 2684 ibi
1088 2662 1224 2691 rectore,
1243 2657 1314 2685 fecit

405 2706 507 2734 vocari
527 2706 563 2733 ad
588 2715 620 2734 se
645 2705 794 2744 plurimos
816 2706 981 2745 magistros
998 2705 1040 2734 ibi
1061 2705 1242 2740 existentes,
1258 2715 1313 2744 pe-

406 2759 474 2781 tens
492 2755 528 2782 ab
549 2754 593 2781 eis
613 2754 686 2792 quid
705 2760 788 2782 esset
809 2755 954 2783 facturus.
982 2753 1045 2792 ipsi
1068 2753 1213 2783 dixerunt
1230 2754 1313 2793 quod

407 2802 492 2830 ficret
511 2803 716 2841 congregacio
735 2802 904 2842 solempnis
929 2802 1000 2841 (Fol.
1017 2802 1064 2841 37)
1083 2812 1139 2841 per
1154 2801 1313 2842 juramen-

438 2926 461 2948 ‘l.
495 2926 586 2957 Agitur
596 2927 619 2949 in
632 2927 794 2957 aequantibus
806 2927 838 2950 de
848 2926 1032 2950 deliberatione
1041 2930 1094 2950 nal.
1106 2927 1273 2958 Anglicanae,
1284 2935 1314 2950 ne

407 2961 464 2991 quis
480 2962 504 2984 in
519 2963 611 2984 Nostra
627 2962 733 2985 Domina
754 2963 800 2985 aab
819 2962 975 2985 cancellario
993 2962 1075 2986 Paris.
1092 2971 1107 2985 a
1125 2962 1251 2986 Clemente
1272 2964 1316 2986 VII

1366 697 1381 722 5

1349 943 1382 968 10

1353 1189 1383 1214 15

1349 1435 1383 1460 20

1350 1681 1383 1706 25

1349 1927 1383 1952 30

1349 2172 1383 2198 35

1350 2418 1383 2443 40

1350 2664 1383 2690 45

1419 504 1481 527 tum
1505 498 1536 527 in
1560 499 1651 527 nonis
1670 499 1774 528 eadem
1797 499 1857 533 die,
1875 505 1905 528 et
1924 499 1967 528 ibi
1989 499 2148 528 audiretur
2167 506 2281 536 rector,
2302 507 2332 530 et

1419 546 1507 576 nacio
1540 547 1610 586 ipso
1639 548 1743 576 audito
1773 548 1959 577 deliberaret
1987 548 2062 587 quid
2088 548 2148 577 sibi
2171 548 2332 581 videretur

1421 595 1578 634 expedire.

1461 645 1557 682 Quam
1578 646 1855 686 congregacionem
1880 651 2066 685 procurator
2089 646 2156 675 fieri
2184 647 2255 676 fecit
2275 657 2332 686 per

1416 692 1622 733 juramentum
1645 695 1725 733 apud
1750 695 1894 724 Sanctum
1920 695 2108 724 Maturinum
2129 696 2235 724 eadem
2262 696 2329 732 die,

1420 753 1479 782 que
1498 743 1554 772 fuit
1570 743 1610 772 Χ*ι
1625 743 1692 773 dies
1708 744 1904 779 Novembris,
1925 745 1963 773 ad
1980 754 2070 783 quam
2084 745 2214 774 veniens
2229 751 2332 775 rector

1420 792 1541 821 nacioni
1563 793 1729 831 proposuit
1747 793 1879 832 qualiter
1895 793 2097 822 deliberatum
2116 800 2182 823 erat
2203 793 2235 822 in
2255 804 2331 823 con-

1420 841 1606 880 gregacione
1627 841 1859 876 Universitatis‚
1879 843 1962 881 quod
1987 842 2109 871 noviter
2129 842 2282 872 licenciati
2300 843 2332 872 in

1421 889 1535 919 Nostra
1557 890 1689 919 Domina
1710 891 1890 920 auctoritate
1907 891 2024 920 domini
2046 891 2215 921 Clementis
2235 892 2331 921 debe-

1420 945 1489 968 rent
1506 939 1604 978 recipi
1624 940 1662 968 ad
1686 939 1863 975 nacionem,
1882 946 1912 969 et
1929 940 2079 969 deberent
2093 940 2191 979 recipi
2210 941 2247 969 ad
2262 950 2330 970 om-

1420 998 1476 1016 nes
1505 994 1591 1017 actus
1620 989 1658 1017 ad
1683 998 1761 1027 quos
1787 988 1837 1018 alii
1864 988 2005 1028 magistri
2037 989 2105 1018 aliis
2138 989 2330 1028 temporibus

1420 1037 1538 1076 recepti
1554 1044 1636 1072 sunt,
1648 1037 1793 1067 videlicet
1806 1038 1843 1066 ad
1860 1037 2050 1067 solucionem
2063 1038 2193 1076 pecunie
2208 1038 2332 1067 nacioni

1421 1086 1524 1115 debite
1555 1087 1678 1116 racione
1708 1086 1836 1116 licencie
1858 1092 1888 1115 et
1916 1086 2102 1126 magisterii,
2126 1093 2156 1116 et
2182 1088 2219 1116 ad
2242 1086 2330 1126 jura-

1421 1141 1522 1164 menta
1535 1135 1731 1175 procuratori
1748 1135 1887 1165 nacionis
1897 1135 2032 1175 prestari
2044 1142 2201 1165 consueta.
2217 1135 2331 1176 Requi-

1421 1185 1553 1223 sivitque
1583 1184 1664 1213 idem
1693 1191 1796 1214 rector
1827 1184 1995 1224 quemlibet
2029 1185 2248 1224 magistrorum
2275 1195 2333 1225 per

1416 1232 1622 1272 juramentum
1642 1244 1742 1268 suum,
1756 1239 1789 1262 ut
1801 1234 1884 1263 istud
1898 1233 1954 1268 sic,
1970 1233 2058 1263 sicud
2074 1233 2107 1262 in
2123 1233 2332 1264 Universitate

1421 1282 1622 1311 deliberatum
1655 1283 1727 1318 suit,
1762 1282 1964 1318 deliberaret,
2002 1283 2168 1322 requirens
2201 1283 2332 1313 ulterius

1421 1331 1590 1371 quemlibet
1610 1331 1830 1371 magistrorum
1855 1341 1913 1371 per
1934 1330 2142 1371 juramentum
2169 1342 2274 1367 suum,
2299 1338 2333 1362 ut

1422 1381 1481 1409 sibi
1495 1381 1742 1410 contradicentes
1756 1391 1811 1410 seu
1824 1380 2012 1410 contrarium
2025 1380 2233 1410 deliberantes
2246 1391 2331 1410 reve-

1421 1429 1530 1464 larent,
1547 1430 1685 1459 adiciens
1701 1428 1857 1465 minando,
1874 1430 1957 1469 quod
1973 1429 2000 1459 si
2013 1430 2084 1469 quis
2102 1430 2330 1460 contradiceret

1422 1489 1476 1508 seu
1500 1489 1562 1508 non
1583 1479 1784 1514 consentiret,
1807 1485 1914 1508 contra
1933 1479 2035 1518 ipsum
2057 1485 2202 1518 tanquam
2225 1485 2332 1508 contra

1422 1528 1628 1557 scismaticum
1647 1534 1677 1557 et
1696 1528 1899 1558 Universitati
1915 1527 2062 1557 rebellem
2077 1529 2247 1567 procedere
2265 1528 2332 1558 vel-

1421 1577 1463 1606 let
1483 1584 1513 1606 et
1536 1577 1663 1617 procedi
1685 1587 1742 1616 per
1761 1577 1838 1606 alios
1859 1583 2042 1616 procuraret
2062 1577 2206 1606 omnibus
2223 1577 2284 1606 viis
2301 1583 2332 1607 et

1421 1627 1521 1656 modis
1551 1626 1663 1666 quibus
1696 1633 1813 1665 posset.
1843 1626 1964 1663 Quibus
1995 1625 2087 1654 dictis
2115 1626 2196 1655 idem
2229 1632 2332 1656 rector

1422 1675 1515 1714 peciit
1533 1686 1550 1704 a
1572 1681 1773 1714 procuratore
1797 1675 1952 1714 predicto,
1972 1685 2010 1703 an
2035 1685 2130 1714 super
2152 1674 2221 1704 istis
2240 1674 2334 1704 vellet

1422 1725 1568 1755 inducere
1585 1724 1635 1754 vel
1651 1734 1728 1759 non;
1746 1724 1862 1753 addens
1881 1724 1964 1763 quod
1981 1724 2007 1753 si
2022 1723 2133 1759 nollet,
2151 1724 2218 1763 ipse
2238 1733 2334 1763 super

1421 1774 1491 1803 istis
1506 1773 1599 1804 vellet
1616 1774 1774 1803 inducere.

1462 1823 1650 1852 Procurator
1679 1822 1739 1851 sibi
1762 1822 1935 1861 respondit,
1959 1823 2042 1861 quod
2062 1820 2154 1861 ipse²
2174 1832 2243 1851 cum
2264 1821 2331 1851 suis

1422 1872 1520 1901 exiret
1547 1871 1723 1907 nacionem;
1751 1871 1819 1910 ipse
1854 1871 1946 1900 vellet
1977 1870 2140 1900 consulere
2171 1870 2331 1900 nacionem

1422 1931 1517 1960 super
1532 1920 1603 1949 isto.
1623 1920 1742 1956 Quibus
1756 1919 1951 1954 exeuntibus,
1966 1925 2152 1958 procurator
2166 1919 2287 1948 induxit
2301 1925 2331 1948 et

1421 1970 1526 1998 habuit
1538 1979 1595 2008 per
1611 1968 1756 2008 majorem
1770 1975 1887 2008 partem
1901 1968 2041 1997 nacionis
2055 1968 2144 1997 istam
2159 1968 2331 1997 conclusio-

1421 2029 1506 2053 nem,
1531 2019 1614 2057 quod
1638 2018 1726 2047 nacio
1748 2017 1843 2046 nollet
1865 2027 1934 2046 esse
1958 2017 2085 2046 rebellis
2111 2016 2331 2046 deliberacioni

1422 2067 1658 2102 Universitatis‚
1682 2076 1742 2106 qua
1765 2066 1883 2095 scilicet
1908 2065 2105 2095 Universitas
2132 2065 2329 2100 deliberavit,

1421 2117 1543 2146 noviter
1562 2116 1759 2155 magistratos
1779 2115 1960 2144 auctoritate
1978 2115 2096 2144 domini
2117 2114 2285 2144 Clementis
2301 2120 2332 2143 et

1421 2165 1599 2195 licenciatos
1611 2166 1724 2194 debere
1734 2164 1832 2204 recipi
1841 2165 1878 2193 ad
1892 2164 2052 2193 nacionem
2066 2170 2100 2193 ut
2112 2163 2290 2202 magistros,
2301 2169 2332 2193 et

1421 2221 1565 2254 receptor
1580 2213 1729 2243 offerebat
1742 2223 1775 2242 se
1791 2213 1906 2242 ibidem
1922 2218 2060 2252 paratum
2072 2213 2109 2241 ad
2120 2212 2331 2251 recipiendum

1422 2263 1596 2303 hujusmodi
1611 2263 1722 2292 bursas
1739 2272 1756 2291 a
1770 2261 1928 2301 graduatis
1942 2262 2110 2291 secundum
2123 2261 2247 2290 modum
2261 2271 2331 2290 con-

1422 2319 1557 2347 suetum,
1577 2318 1607 2341 et
1623 2312 1702 2340 dixit
1718 2312 1801 2350 quod
1819 2321 1943 2350 semper
1959 2317 2047 2339 antea
2063 2316 2189 2349 paratus
2207 2310 2263 2339 suit
2279 2320 2331 2339 eas

1421 2362 1572 2401 recipere,
1591 2361 1616 2390 si
1636 2360 1723 2389 nacio
1741 2360 1959 2388 inhibicionem
1976 2359 2051 2388 alias
2066 2369 2124 2398 per
2139 2368 2204 2387 eam
2223 2359 2331 2388 factam

1422 2410 1576 2450 receptori
1599 2410 1687 2449 prius
1713 2408 1925 2443 ammovisset,
1952 2408 2116 2447 requirens
2146 2417 2242 2446 super
2273 2407 2330 2436 hoc

1422 2460 1482 2489 sibi
1498 2459 1653 2499 publicum
1669 2458 1735 2487 fieri
1752 2458 2000 2486 instrumentum.
2118 2487 2121 2488 ⁷

1462 2509 1537 2538 Item
1551 2508 1600 2536 die
1611 2506 1775 2541 dominica,
1789 2516 1848 2545 que
1863 2505 1919 2534 suit
1930 2505 2014 2534 XVla
2027 2505 2223 2539 Novembris,
2234 2504 2330 2533 domi-

1421 2568 1479 2587 nus
1495 2563 1598 2586 rector
1614 2556 1684 2585 fecit
1698 2555 1803 2585 vocari
1821 2555 1858 2583 ad
1876 2554 2153 2593 congregacionem
2170 2553 2331 2583 Universi-

1421 2606 1492 2635 tatis
1506 2616 1561 2645 per
1572 2604 1778 2644 juramentum
1792 2602 1968 2643 specialiter
1979 2609 2213 2642 procuratorem
2229 2602 2331 2631 nacio-

1421 2656 1470 2684 nis
1493 2654 1663 2694 Anglicane
1691 2659 1721 2682 et
1744 2657 1952 2691 receptorem,
1976 2660 2010 2680 ut
2031 2650 2128 2679 libros
2160 2651 2224 2680 sive
2251 2651 2331 2691 regi-

1422 2711 1497 2739 stra,
1519 2704 1550 2732 in
1572 2702 1685 2742 quibus
1710 2700 1849 2741 graduati
1876 2699 1972 2729 scribi
1992 2706 2233 2735 consueverunt,
2260 2709 2330 2729 cum

1422 2753 1559 2783 clavibus
1574 2758 1603 2781 et
1616 2750 1719 2790 sigillo
1735 2749 1949 2789 procuratorie
1965 2749 2002 2777 ad
2018 2749 2188 2788 predictam
2201 2758 2332 2788 congre-

1422 2802 1580 2842 gacionem
1606 2804 1818 2839 apportarent,
1843 2807 1913 2826 nam
1940 2797 2038 2827 voluit
2061 2798 2204 2826 dominus
2229 2803 2334 2826 rector

1423 2925 1539 2949 instituto
1549 2924 1694 2948 licentiatus
1703 2923 1738 2946 ad
1748 2922 1876 2946 nationem
1887 2921 2049 2945 admittatur.
2061 2922 2096 2944 De
2107 2929 2158 2952 qua
2168 2920 2280 2952 saepiu-9.

1455 2961 1478 2984 2.
1510 2962 1530 2983 1.
1545 2969 1566 2983 e.
1581 2963 1675 2983 rector.
