2632 3464
401 445 450 470 871

403 521 570 550 secundum
589 519 751 549 consilium
772 519 939 547 amicorum
965 527 1101 546 suorum.
1125 517 1228 556 Super
1249 516 1310 545 isto

402 569 558 599 concessit
583 568 844 608 supplicacionem
865 577 949 596 suam
971 567 1002 595 in
1027 567 1134 600 forma,
1159 575 1262 605 ymmo
1282 565 1311 595 si

403 620 611 659 supplicasset
629 628 688 657 pro
707 617 812 651 scolis,
829 617 918 645 nacio
936 616 1068 644 libenter
1082 614 1233 644 voluisset
1248 615 1311 644 sibi

401 669 577 708 providisse
595 668 632 696 de
649 667 754 696 scolis.
772 667 818 694 2¹¹⁸
831 665 979 694 articulus
995 671 1060 693 erat
1077 674 1172 703 super
1187 663 1312 703 suppli-

402 717 581 747 cacionibus
600 723 629 745 et
641 715 775 755 injuriis,
793 715 844 744 ubi
860 714 963 743 nullus
983 713 1179 752 supplicavit.

808 807 828 838 1
834 808 908 837 403

522 882 612 912 Acta
647 882 682 910 in
716 879 982 920 procuratoria
1018 877 1191 918 magistri

635 929 804 960 Goswini
838 929 879 957 de
913 927 1088 957 Arnhem.

444 1014 536 1043 Facta
551 1011 797 1051 congregacione
812 1009 952 1038 nacionis
966 1009 1047 1047 apud
1059 1007 1203 1037 Sanctum
1215 1007 1312 1036 Matu-

403 1064 503 1092 rinum
532 1061 616 1091 XXIa
645 1061 693 1089 die
726 1059 841 1088 mensis
871 1057 1034 1092 Octobris,
1065 1067 1162 1096 super
1191 1057 1311 1086 duobus

404 1112 552 1142 articulis.
571 1110 694 1139 Primus
714 1109 769 1137 fuit
784 1109 821 1137 ad
839 1107 1016 1147 eligendum
1036 1117 1148 1136 novum
1162 1116 1313 1145 procura-

403 1169 512 1191 torem.
542 1161 587 1188 2¹¹⁵
612 1159 667 1188 suit
691 1167 786 1196 super
810 1156 1097 1196 supplicacionibus
1123 1161 1153 1184 et
1176 1154 1310 1195 injuriis.

404 1211 511 1248 Quoad
538 1209 668 1248 primum
699 1206 860 1235 articulum
888 1205 944 1235 suit
973 1204 1171 1234 concorditer
1196 1204 1312 1233 electus

402 1259 523 1289 nemine
549 1257 732 1286 reclamante
755 1255 903 1294 magister
925 1254 1095 1283 Goswinus
1115 1255 1152 1283 de
1175 1253 1312 1282 Arnhem

402 1310 433 1338 in
450 1313 695 1348 procuratorem.
714 1305 752 1333 Et
767 1305 869 1343 quoad
887 1304 928 1332 2¹¹¹
947 1303 1108 1332 articulum
1127 1302 1314 1342 supplicavit

403 1357 552 1396 magister
571 1354 755 1384 Guillelmus
776 1353 852 1382 Bloc
874 1359 1058 1392 procurator
1076 1352 1261 1391 precedens,
1281 1357 1314 1380 ut

403 1407 567 1435 haberetur
591 1410 697 1443 gratus
716 1409 745 1432 et
760 1408 886 1431 avoatus
906 1402 937 1430 in
960 1401 1031 1436 hiis,
1049 1412 1108 1440 que
1125 1401 1188 1440 egit
1207 1401 1238 1429 in
1259 1410 1313 1430 sua

404 1454 626 1495 procuratoria.
659 1451 756 1490 Cujus
791 1451 981 1490 supplicacio
1013 1452 1050 1479 ab
1086 1450 1230 1479 omnibus
1258 1450 1314 1481 suit

403 1505 548 1534 admissa.
564 1502 647 1532 Nulli
666 1502 715 1530 alii
733 1500 996 1540 supplicaverunt.

444 1555 535 1583 Facta
551 1551 798 1590 congregacione
814 1550 895 1588 apud
912 1549 1057 1577 Sanctum
1071 1548 1225 1577 Julianum
1241 1557 1313 1587 pau-

404 1613 508 1643 perem
528 1611 607 1630 anno
631 1599 755 1629 Domini
774 1599 818 1627 Μο
838 1597 1007 1632 CCCClll,
1027 1597 1110 1626 XV1=
1130 1597 1180 1626 die
1198 1597 1314 1626 mensis

403 1651 598 1684 Novembris,
613 1650 688 1678 hora
699 1655 806 1677 octava
815 1653 884 1676 ante
897 1647 1072 1686 prandium,
1086 1656 1182 1685 super
1192 1647 1313 1675 duobus

404 1701 554 1731 articulis.
572 1699 695 1728 Primus
709 1704 774 1726 erat
789 1698 826 1726 ad
840 1697 1045 1726 ordinandum
1061 1696 1099 1724 de
1116 1697 1193 1725 festo
1208 1695 1314 1724 nacio-

404 1752 452 1780 nis
479 1749 646 1778 secundum
680 1747 803 1775 modum
833 1751 1025 1774 consuetum.
1058 1746 1103 1773 2¹¹·
1128 1751 1194 1774 erat
1220 1754 1315 1784 super

405 1798 689 1838 supplicacionibus
719 1802 748 1824 et
778 1794 909 1834 injuriis.
941 1794 1094 1831 Quantum
1119 1795 1157 1823 ad
1182 1794 1313 1833 primum

405 1848 565 1878 articulum
582 1846 755 1875 ordinatum
773 1844 829 1874 suit
846 1844 928 1883 quod
944 1845 1053 1872 festum
1071 1843 1211 1872 nacionis
1228 1843 1316 1871 fieret

406 1897 578 1937 aliqualiter
622 1895 768 1934 expensis
811 1893 1029 1932 magistrorum
1070 1899 1100 1921 et
1140 1892 1315 1931 aliqualiter

405 1947 550 1986 expensis
576 1945 724 1977 nacionis,
747 1943 792 1972 sic
815 1942 934 1971 scilicet
955 1942 1038 1980 quod
1063 1941 1193 1980 quilibet
1217 1941 1315 1980 magi-

405 2003 540 2025 strorum
568 1994 778 2023 contribueret
801 1992 827 2021 11
848 1991 977 2025 solidos,
999 1997 1029 2019 et
1051 1991 1134 2029 quod
1156 1990 1314 2019 residuum

405 2054 610 2084 expensarum
629 2043 764 2071 solveret
779 2041 878 2070 nacio.
898 2040 937 2069 Et
960 2040 1018 2068 ista
1036 2040 1158 2068 suerunt
1175 2039 1316 2068 ordinata

407 2105 444 2123 ne
471 2094 558 2122 nacio
584 2097 776 2132 gravaretur,
804 2096 920 2119 attento
948 2089 1030 2128 quod
1055 2088 1122 2127 ipsa
1146 2094 1193 2117 est
1217 2087 1315 2117 adhuc

406 2143 532 2172 multum
550 2141 685 2170 involuta
698 2140 810 2169 debitis
829 2149 866 2167 ex
882 2145 969 2177 parte
988 2138 1198 2166 edificacionis
1215 2137 1316 2166 scola-

407 2203 473 2221 rum
489 2199 599 2230 septem
617 2191 744 2223 arcium,
763 2198 840 2227 quas
857 2187 1020 2216 edificavit.

449 2242 601 2278 Quantum
632 2239 668 2267 ad
698 2240 737 2266 2¹¹²
770 2236 930 2266 articulum
958 2236 1145 2275 supplicavit
1170 2235 1318 2274 magister

405 2290 562 2319 „lohannes
571 2288 773 2326 Gale[n]coep
789 2292 821 2315 ut
835 2286 922 2314 nacio
940 2285 999 2313 sibi
1014 2285 1176 2313 assisteret
1190 2291 1220 2313 et
1233 2283 1317 2323 juva-

408 2346 455 2368 ret
473 2340 584 2378 ipsum,
596 2337 665 2376 quia
682 2337 749 2375 ipse
765 2335 942 2364 intendebat
954 2339 1058 2372 petere
1070 2335 1180 2362 bursas
1191 2334 1229 2362 de
1243 2333 1318 2362 Ser-

407 2390 497 2417 bona.
518 2387 557 2416 Et
572 2396 666 2426 super
689 2385 740 2413 illo
765 2385 886 2423 petebat
908 2384 1070 2421 deputatos
1090 2383 1142 2421 qui
1166 2382 1319 2411 habebant

408 2447 510 2466 secum
531 2436 615 2464 adire
633 2435 811 2473 episcopum
831 2432 1091 2461 silvanectensem
1104 2431 1125 2465 ¹,
1141 2431 1317 2460 collatorem

409 2488 570 2514 bursarum
603 2483 822 2523 predictarum.
862 2480 958 2519 Cujus
995 2480 1186 2519 supplicacio
1222 2480 1319 2508 suerat

411 2534 606 2563 concorditer
631 2541 791 2564 concessa,
819 2537 848 2559 et
872 2530 931 2559 sibi
954 2530 1014 2558 dati
1036 2530 1158 2558 suerunt
1182 2528 1318 2567 deputati

410 2590 442 2612 ut
457 2583 565 2622 petivit
577 2582 600 2610 ².
622 2582 661 2610 Et
678 2591 738 2609 non
755 2581 878 2609 fuerunt
893 2579 998 2617 plures
1015 2578 1237 2616 supplicantes.

450 2632 563 2660 Eadem
579 2631 654 2659 hora
673 2630 729 2659 suit
744 2627 950 2668 congregacio
967 2627 1129 2660 facultatis,
1146 2633 1175 2654 et
1191 2626 1318 2655 relatum

411 2682 465 2710 suit
483 2681 615 2719 qualiter
628 2680 770 2708 clausura
787 2678 846 2706 vici
866 2676 1029 2706 Straminis
1051 2675 1106 2703 fuit
1123 2686 1138 2704 a
1159 2675 1319 2714 preposito

411 2728 605 2758 Parisiensi³
631 2737 789 2761 concessa,
814 2733 844 2755 et
868 2735 929 2754 non
954 2725 1089 2754 restabat
1113 2724 1173 2752 nisi
1195 2724 1319 2763 signare

412 2780 508 2807 lorum
529 2779 687 2806 barrarum
704 2787 771 2805 cum
791 2776 903 2814 quibus
924 2774 1054 2803 debebat
1072 2773 1182 2802 claudi.

443 2871 462 2893 1.
500 2873 601 2901 Semper
611 2869 757 2893 ,iohannem
771 2867 898 2896 Diodona,
907 2866 1063 2899 provisorem
1076 2865 1215 2892 Sorbonae,
1228 2864 1260 2887 de
1270 2872 1319 2895 quo

410 2915 554 2973 “liga-lpse
572 2941 648 2964 etiam
667 2940 784 2963 obtinuit.
808 2939 863 2963 rid.
881 2946 907 2970 p.
924 2939 978 2964 835,
992 2939 1044 2960 not.
1062 2937 1083 2960 1.
1103 2936 1205 2960 Sluduil
1221 2934 1318 2958 theolo-

944 441 1167 467 AUCTARIUM
1189 440 1449 467 CHARTULARII
1469 441 1645 469 UNIVERS.
1667 443 1787 469 PARIS.

1349 717 1365 743 5

1350 962 1384 988 10

1351 1209 1383 1234 15

1351 1454 1385 1480 20

1352 1700 1385 1725 25

1353 1946 1386 1971 30

1354 2192 1388 2217 35

1357 2437 1390 2462 40

1358 2681 1390 2706 45

2280 443 2333 470 872

1826 519 1926 548 1403

1461 589 1533 629 (Fal.
1566 590 1612 630 73)
1645 582 1892 620 Continuacio
1920 581 2085 634 ejusdem
2114 578 2289 635 magi-stiffi

1649 638 1819 669 Goswini
1851 640 1893 668 de
1924 639 2104 683 Arnhetn.

1462 714 1554 744 Facta
1587 715 1836 755 congregacione
1867 715 2007 744 nacionis
2044 714 2218 755 Anglicane
2248 716 2331 756 apud

1421 769 1559 792 sanctum
1583 764 1769 793 Maturinum
1795 773 1892 803 super
1909 764 2011 793 tribus
2033 763 2183 794 articulis.
2206 764 2331 795 Primus

1421 811 1477 841 tuit
1495 813 1534 841 ad
1553 812 1728 852 eligendum
1751 812 1799 842 vel
1824 812 2065 842 continuandum
2083 815 2329 852 procuratorem.

1421 861 1467 889 2¹¹·
1479 861 1626 891 articulus
1642 861 1697 890 fuit
1707 862 1745 890 ad
1755 862 1941 891 audiendum
1954 867 2131 901 compotum
2144 862 2329 902 receptor-is.

1420 911 1467 940 3¹²·
1483 910 1630 940 articulus
1649 910 1704 939 fuit
1721 920 1818 950 super
1837 910 2124 950 supplicacionibus
2144 917 2174 941 et
2196 910 2330 951 injuriis.

1422 959 1576 996 Quantum
1600 960 1638 988 ad
1659 959 1793 999 primum
1817 960 1979 990 articulum
2003 960 2332 991 continuatusvest-in

1421 1014 1654 1047 procuratorem
1676 1008 1824 1048 magister
1846 1008 2016 1038 Goswinus
2042 1010 2081 1038 de
2110 1009 2258 1039 Arnhem.
2285 1010 2333 1038 2⁸¹·

1422 1057 1569 1086 articulus
1589 1057 1646 1086 fuit
1665 1057 1778 1086 dilatus
1798 1067 1896 1097 usque
1918 1058 1956 1087 ad
1976 1057 2165 1097 aliasstquia
2187 1064 2334 1098 receptor

1422 1106 1575 1135 modicum
1592 1112 1764 1145 receperat,
1781 1113 1811 1135 et
1829 1107 1989 1136 restabant
2006 1107 2110 1146 aliqua
2132 1106 2289 1137 solvenda·
2300 1106 2333 1136 in

1422 1155 1508 1184 brevi
1525 1165 1581 1194 pro
1597 1155 1740 1184 clausura
1749 1155 1995 1185 viciStraminis.
2007 1154 2070 1185 Sed
2085 1156 2187 1195 quoad
2204 1155 2244 1185 δ”
2261 1156 2333 1185 arti-

1422 1204 1522 1233 culum
1542 1204 1728 1243 supplicavit
1749 1211 1932 1243 procurator
1945 1205 2029 1243 quod
2045 1204 2211 1234 haberetur
2223 1210 2333 1245 gratus

1422 1259 1452 1282 et
1469 1254 1735 1283 recommendatus
1757 1254 1788 1282 in
1810 1253 1883 1288 hiis,
1905 1263 1965 1293 que
1986 1253 2069 1283 fecit.
2095 1252 2191 1293 Cujus
2211 1253 2334 1294 suppli-

1422 1303 1506 1332 cacio
1534 1302 1590 1332 suit
1615 1302 1761 1332 admissa.
1792 1302 1912 1332 Deinde
1941 1302 1973 1331 in
2003 1302 2140 1332 crastino
2171 1303 2249 1332 facta
2277 1303 2335 1333 fuit

1423 1352 1553 1391 quedam
1591 1351 1726 1381 avisacio
1758 1358 1817 1391 per
1856 1350 1978 1391 aliquos
2016 1351 2194 1391 magistros,
2231 1358 2333 1381 utrum

1422 1401 1563 1440 magistri
1578 1407 1742 1440 presentes
1763 1401 1794 1429 in
1815 1401 1893 1430 festo
1911 1401 2061 1430 deberent
2078 1401 2200 1430 solvere
2214 1400 2243 1430 11
2258 1401 2334 1430 soli-

1423 1451 1480 1479 dos
1497 1460 1553 1489 pro
1566 1450 1709 1489 prandio,
1730 1454 1844 1479 attento
1859 1450 1943 1489 quod
1958 1449 2054 1489 aliqui
2071 1450 2110 1479 de
2127 1450 2256 1479 nacione
2270 1459 2333 1480 non

1423 1499 1651 1528 honoraverant
1674 1499 1850 1534 nacionem,
1877 1505 1908 1528 et
1933 1498 1978 1528 illi
2002 1498 2143 1538 magistri
2170 1504 2333 1538 presentes

1423 1549 1550 1578 eandem
1573 1548 1804 1577 honoraverunt
1825 1548 1856 1576 in
1879 1547 1976 1577 missa
1995 1554 2025 1577 et
2046 1547 2079 1577 in
2102 1548 2245 1587 prandio.
2271 1548 2334 1578 Sed

1423 1607 1481 1637 pro
1513 1604 1599 1636 parte
1630 1603 1752 1636 poterat
1780 1597 1934 1626 concludi.
1969 1596 2222 1627 Concludebatur
2250 1597 2334 1636 quod

1423 1647 1576 1676 debebant
1596 1646 1728 1681 solvere,
1755 1652 1785 1675 et
1809 1646 1880 1685 quia
1899 1645 1961 1685 jam
1985 1646 2156 1681 solverunt,
2180 1646 2335 1676 debebant

1423 1695 1467 1724 illi
1487 1696 1578 1725 solidi
1592 1705 1753 1724 remanere
1769 1695 1873 1725 soluti.

1465 1745 1557 1774 Facta
1588 1744 1834 1784 congregacione
1870 1744 2010 1773 nacionis
2043 1743 2215 1784 Anglicane
2253 1744 2335 1784 apud

1424 1793 1586 1823 ecclesiam
1600 1793 1785 1823 Sanctorum
1801 1793 1915 1823 Cosme
1929 1799 1958 1822 et
1970 1793 2112 1822 Damiani
2127 1793 2158 1822 in
2173 1792 2334 1832 profesto⁴

1425 1849 1529 1873 sancte
1555 1842 1723 1871 Katherine
1745 1848 1818 1882 post
1838 1851 1987 1882 vesperas
2010 1842 2150 1871 nacionis
2169 1852 2253 1872 anno
2272 1852 2335 1882 quo

1424 1902 1529 1931 supra,
1553 1901 1648 1931 super
1670 1891 1812 1921 clausura
1833 1891 1894 1920 vici
1917 1890 2093 1926 straminis,
2117 1891 2190 1930 quia
2212 1890 2336 1920 scilicet

1424 1952 1519 1981 parve
1543 1941 1627 1970 scole
1651 1941 1791 1970 nacionis
1816 1946 1921 1969 nostre
1946 1940 1978 1969 in
2002 1940 2061 1969 fine
2085 1940 2146 1970 vici
2169 1939 2334 1970 Straminis

1424 2001 1534 2020 versus
1558 1990 1705 2020 Secanam
1726 1990 1836 2019 situate
1853 1999 1915 2018 non
1937 1995 2079 2028 poterant
2100 1999 2170 2018 esse
2187 1989 2333 2019 concluse

1423 2040 1472 2070 vel
1490 2039 1608 2069 incluse
1628 2039 1707 2068 infra
1723 2039 1842 2073 barras,
1860 2039 1916 2068 sed
1933 2038 1986 2067 illa
2003 2039 2094 2067 barra
2110 2047 2220 2067 versus
2240 2037 2335 2068 Seca-

1425 2100 1493 2118 nam
1520 2089 1652 2118 debebat
1672 2088 1831 2117 terminari
1856 2097 1969 2117 -versus
1997 2087 2130 2117 medium
2152 2096 2335 2126 magnarum

1426 2139 1578 2168 scolarum
1599 2137 1738 2166 nacionis
1758 2143 1865 2166 nostre
1892 2149 1898 2166 ι
1924 2136 2285 2175 conclusum-fuitwquud
2303 2135 2335 2164 in

1426 2198 1510 2222 casu,
1523 2197 1584 2226 quo
1601 2187 1658 2216 alie
1674 2186 1819 2215 naciones
1833 2185 1981 2215 habentes
1998 2185 2093 2214 eciam
2106 2185 2219 2214 ibidem
2234 2183 2336 2214 scolas

1427 2237 1471 2266 sic
1487 2236 1628 2266 exclusas
1643 2235 1757 2264 vellent
1774 2235 1926 2269 laborare,
1949 2234 2068 2263 scilicet
2086 2233 2175 2263 nacio
2194 2233 2335 2263 Picardie

1427 2293 1457 2315 et
1471 2285 1559 2314 nacio
1575 2284 1774 2318 Normannie,
1792 2284 1876 2323 quod
1889 2290 1961 2312 tunc
1978 2289 2163 2323 procurator
2177 2288 2285 2311 noster
2301 2291 2335 2312 se

1428 2335 1554 2364 haberet
1578 2333 1745 2373 adjungere
1767 2332 1846 2368 illis,
1868 2338 1898 2362 et
1919 2341 1986 2361 cum
2011 2331 2090 2371 ipsis
2114 2339 2280 2371 procurare
2302 2337 2338 2360 ut

1427 2394 1534 2413 omnes
1558 2383 1641 2412 scole
1666 2382 1908 2412 includerentur.
1931 2381 1993 2410 Sed
2013 2381 2039 2410 si
2062 2380 2120 2409 alie
2138 2380 2284 2409 naciones
2306 2385 2336 2409 et

1427 2433 1478 2461 alii
1505 2438 1724 2471 procuratores
1749 2430 1843 2459 nichil
1869 2430 2014 2464 facerent,
2037 2429 2121 2468 quod
2151 2433 2336 2468 procurator

1429 2492 1461 2510 se
1486 2482 1613 2510 deberet
1632 2480 1693 2509 illis
1714 2480 1917 2508 conformare.
1938 2479 1984 2507 De
1998 2476 2247 2517 supplicantibus
2265 2477 2336 2507 nul-

1429 2531 1487 2565 lus,
1506 2537 1562 2559 etc.

1831 2576 1928 2606 1403

1469 2647 1558 2675 Acta
1583 2646 1617 2675 in
1643 2643 1908 2684 procuratoria
1931 2640 2104 2682 magistri
2134 2630 2302 2672 Coinrad'i'

1629 2693 1778 2723 Lfibeck
1809 2692 1850 2722 de
1878 2691 2133 2731 Wolffhagen.

1470 2771 1559 2800 Facta
1598 2769 1844 2809 congregacione
1877 2767 2018 2796 nacionis
2051 2767 2222 2806 Anglicane
2256 2766 2338 2805 apud

1426 2863 1496 2894 gine,
1511 2866 1534 2886 et
1557 2870 1600 2885 an.
1619 2862 1680 2885 1410
1702 2860 1847 2884 licentiatus
1860 2863 1896 2883 eet
1913 2859 1939 2882 in
1958 2858 2035 2883 theol.
2053 2867 2066 2882 e
2078 2859 2164 2883 Catal.
2181 2858 2278 2887 licent.,
2293 2857 2340 2882 ubi

1429 2907 1441 2921 «
1453 2898 1485 2921 de
1499 2897 1661 2922 Gulencorde
1672 2905 1693 2924 »‚
1706 2905 1718 2919 «
1730 2896 1878 2920 Galenceur
1891 2903 1912 2918 ».

1458 2935 1481 2956 3.
1516 2933 1656 2957 Guillelmo
1669 2932 1700 2955 de
1709 2930 1883 2962 Tignonville.

1458 2970 1482 2992 4.
1516 2970 1545 2992 24
1558 2968 1724 2992 Novembris.
