2632 3464
434 414 486 439 143

433 488 566 518 Achillei
593 495 760 518 convocata
783 489 913 518 nacione
940 488 1112 528 Anglicana
1136 489 1173 517 ad
1201 487 1346 517 Sanctum

433 538 587 567 Julianum
602 548 768 577 pauperem
787 548 844 577 pro
859 543 1060 577 procuratore
1073 537 1229 577 eligendo,
1246 537 1348 566 conti-

433 594 544 617 nuatus
556 587 612 617 fuit
621 588 756 627 prefatus
767 587 915 627 magister
925 587 1109 616 Malcolinus
1119 588 1156 615 de
1166 587 1345 621 Drunbrek,

433 636 465 665 in
483 635 570 676 cujus
584 637 808 676 procuracione
822 643 886 666 acta
903 644 975 665 sunt
991 646 1050 675 que
1069 642 1252 675 sequuntur.

474 686 509 715 In
535 686 645 725 primis
680 686 876 715 Hermannus
910 686 948 714 de
982 685 1105 714 Vesalia
1136 684 1252 723 incepit
1289 685 1346 714 sub

434 735 583 775 magistro
600 735 740 764 Iohanne
754 736 790 764 de
808 734 942 769 Vesalia,
958 733 1045 774 cujus
1061 735 1155 763 bursa
1168 733 1275 763 nichil.

843 827 941 857 1350

495 899 734 938 [Procuratio
762 899 934 938 magistri
963 898 1146 927 Johannis
1173 898 1283 936 Red.]

472 981 564 1009 Anno
583 979 707 1009 Domini
730 979 893 1008 millesimo
911 978 1128 1008 trecentesimo
1151 978 1345 1018 quinquage-

433 1030 523 1063 simo,
551 1030 627 1058 sacta
651 1028 899 1068 congregacione
924 1028 1063 1057 nacionis
1090 1028 1171 1067 apud
1199 1027 1344 1057 Sanctum

433 1078 621 1108 Maturinum
648 1077 697 1106 die
718 1077 863 1107 veneris⁴
885 1077 1028 1117 proximo
1047 1083 1115 1106 ante
1134 1077 1244 1106 festum
1264 1077 1344 1106 beati

434 1128 574 1157 Barnabe
599 1127 743 1166 apostoli,
768 1126 883 1156 electus
908 1126 1106 1155 concorditer
1131 1126 1186 1155 fuit
1212 1126 1243 1155 in
1270 1136 1345 1165 pro-

433 1183 604 1206 curatorem
625 1176 774 1215 magister
795 1176 952 1205 Johannes
968 1176 1036 1204 Red
1057 1175 1180 1210 Scotus,
1203 1175 1234 1204 in
1257 1174 1344 1215 cujus

433 1226 657 1265 procuracione
673 1232 738 1254 acta
754 1231 826 1254 sunt
841 1235 900 1264 que
917 1231 1100 1264 sequuntur.

474 1275 545 1314 (Fol.
569 1275 616 1314 14)
639 1274 673 1303 In
693 1274 803 1314 primis
826 1274 879 1303 illo
899 1275 1007 1303 eodem
1025 1274 1074 1303 die
1092 1280 1236 1313 receptor
1252 1274 1345 1303 solvit

434 1325 555 1353 nomine
564 1324 704 1353 nacionis
713 1325 794 1363 apud
806 1323 949 1353 Crucem²
958 1334 1084 1352 auream
1092 1323 1221 1352 nacione
1229 1323 1343 1352 ibidem

432 1373 583 1403 existente
619 1373 650 1402 in
684 1373 815 1412 prandio
848 1372 906 1402 XV
934 1372 1069 1408 solidos,
1099 1372 1218 1402 scilicet
1250 1382 1343 1401 unum

431 1429 562 1457 scutum,
586 1423 639 1462 qui
655 1423 693 1452 de
709 1422 803 1451 debili
817 1428 939 1451 moneta
957 1422 1038 1451 valet
1052 1428 1082 1451 et
1098 1422 1195 1451 valuit
1211 1421 1294 1450 XXX
1315 1431 1340 1450 s.

471 1472 547 1501 Item
571 1472 622 1501 die
652 1470 828 1501 dominica³
856 1471 996 1510 proxima
1023 1477 1095 1510 post
1124 1471 1234 1500 festum
1262 1470 1343 1499 beati

431 1522 573 1550 Barnabe
589 1521 722 1560 apostoli
743 1522 821 1550 sacta
837 1520 1086 1560 congregacione
1104 1519 1243 1549 nacionis
1261 1520 1343 1558 apud

431 1570 576 1599 Sanctum
615 1570 803 1599 Maturinum
841 1579 936 1609 super
973 1569 1123 1599 electione
1169 1569 1342 1609 receptoris

430 1618 578 1651 facienda,
591 1617 707 1646 electus
718 1617 772 1646 suit
783 1617 813 1645 in
825 1623 1016 1656 receptorem
1029 1616 1177 1654 magister
1185 1616 1342 1645 Johannes

433 1667 493 1704 [de]
512 1666 634 1695 Vesalia
650 1666 848 1695 concorditer
865 1667 902 1694 ab
919 1666 1063 1694 omnibus
1078 1676 1138 1694 una
1153 1675 1240 1695 voce.

470 1715 544 1744 ltem
575 1716 682 1744 eodem
709 1715 759 1744 die
784 1715 948 1754 suplicavit
972 1715 1120 1754 magister
1149 1714 1342 1743 Theodricus

428 1766 466 1793 de
481 1764 638 1793 Alcmaria
658 1764 779 1793 nacioni
800 1771 833 1793 ut
853 1764 1023 1793 remitteret
1042 1764 1102 1792 sibi
1122 1763 1285 1803 pecuniam
1303 1764 1341 1792 de

429 1813 536 1843 ultimo
573 1820 717 1853 computo
756 1824 810 1843 sue
850 1813 1023 1852 receptorie
1065 1813 1214 1848 debitam,
1255 1812 1341 1852 cujus

428 1863 558 1902 pecunie
579 1874 696 1892 summa
713 1874 745 1892 se
762 1863 899 1892 extendit
917 1863 954 1891 ad
969 1862 1066 1892 XXVI
1086 1862 1205 1892 solidos
1224 1869 1254 1892 et
1268 1862 1341 1891 VIII

429 1913 586 1947 denarios,
615 1923 705 1952 quam
733 1913 894 1952 pecuniam
920 1912 1040 1941 remisit
1071 1912 1130 1941 sibi
1164 1912 1251 1941 nacio
1284 1922 1340 1951 pro

429 1962 534 1991 labore
555 1972 610 1991 suo
625 1962 655 1990 in
671 1961 771 1991 officio
788 1961 972 2001 receptoris.

469 2011 543 2040 Item
559 2011 703 2040 dominus
718 2011 875 2040 Johannes
889 2011 926 2040 de
944 2010 1134 2040 Monasterio
1151 2010 1268 2050 incepit
1283 2011 1340 2039 sub

428 2060 577 2100 magistro
598 2060 735 2090 Henrico
755 2061 792 2089 de
809 2060 955 2094 Menden,
978 2059 1064 2099 cujus
1083 2061 1177 2089 bursa
1199 2059 1225 2088 V
1248 2059 1340 2089 solidi

428 2117 457 2139 et
473 2110 513 2138 VI
525 2110 655 2145 denarii,
676 2116 764 2139 scuto
779 2109 900 2139 valente
916 2109 970 2138 XV
986 2109 1116 2139 solidos.

468 2159 543 2188 Item
560 2159 704 2188 dominus
721 2159 878 2188 Johannes
894 2159 930 2188 de
944 2158 1077 2198 Lyttona
1096 2159 1207 2188 Scotus
1224 2158 1341 2198 incepit

427 2209 485 2238 sub
508 2209 657 2248 magistro
681 2208 847 2237 Malcolino
872 2209 910 2237 de
934 2208 1102 2237 Drunbrek
1122 2207 1228 2243 Scoto,
1253 2207 1340 2247 cujus

426 2259 521 2287 bursa
536 2257 592 2286 VII
610 2257 713 2293 solidi,
731 2264 819 2286 scuto
837 2258 957 2286 valente
975 2257 1031 2297 XV
1046 2257 1174 2286 solidos.

467 2307 543 2336 Item
568 2307 599 2336 in
628 2306 755 2346 vigilia⁴
781 2307 860 2336 beati
885 2307 1047 2342 Johannis,
1074 2307 1111 2335 ad
1141 2308 1337 2342 Colceterium,

427 2357 550 2395 quando
568 2357 679 2396 prefati
695 2357 755 2385 duo
772 2357 912 2395 magistri
926 2356 1086 2385 solverunt
1107 2357 1185 2385 duos
1203 2355 1339 2385 florenos

427 2416 483 2444 pro
499 2404 630 2444 bejania,
651 2405 682 2434 in
701 2406 831 2444 prandio
847 2405 970 2434 natione
985 2405 1098 2434 ibidem
1114 2405 1277 2440 existente,
1293 2405 1337 2434 III

426 2455 555 2484 solidos.
582 2454 657 2483 Item
679 2455 709 2483 in
732 2455 866 2484 diversis
890 2454 1072 2483 transitibus
1097 2465 1208 2483 versus
1232 2465 1338 2494 regem

425 2514 484 2543 pro
498 2504 638 2543 negociis
653 2503 874 2533 Universitatis
888 2514 955 2532 cum
969 2503 1124 2543 deputatis
1142 2503 1279 2542 ejusdem
1296 2503 1337 2532 Vl

426 2552 545 2582 solidos
560 2559 590 2582 et
605 2553 664 2582 IIII
681 2553 826 2582 denarios
843 2553 873 2581 in
892 2553 1114 2592 potationibus.

466 2602 541 2631 Item
565 2602 615 2631 die
637 2602 795 2639 mercurii,
821 2602 910 2631 XIIII
939 2602 988 2630 die
1012 2602 1128 2631 mensis
1151 2602 1235 2636 sulii,
1261 2603 1337 2631 sacta

425 2651 672 2690 congregacione
685 2657 920 2690 procuratorum
933 2657 962 2680 et
974 2658 1170 2690 receptorum
1184 2651 1337 2681 facultatis

423 2700 533 2729 artium
551 2711 606 2739 per
621 2700 779 2729 dominum
799 2706 951 2729 rectorem
966 2701 1003 2729 ad
1020 2700 1164 2730 Sanctum
1183 2701 1336 2730 Julianum

424 2759 520 2788 super
539 2749 771 2788 computacione
790 2755 945 2778 sextarum
965 2750 1144 2784 bursarum,
1166 2760 1182 2777 a
1198 2756 1336 2788 tempore

474 2854 478 2860 .
512 2837 526 2860 4
536 2836 614 2860 lunii.

512 2874 560 2895 Ma.
568 2873 656 2904 potius
669 2876 777 2896 cratem.

474 2926 478 2930 .
512 2908 541 2931 13
554 2908 634 2932 lunii.

513 2945 542 2967 23
551 2943 629 2967 lunii.

982 412 1206 439 AUCTARIUM
1231 412 1492 439 CHARTULARII
1512 414 1686 441 UNIVERS.
1710 414 1828 441 PARIS.

1384 934 1418 959 10

1383 1179 1416 1205 15

1381 1425 1415 1451 20

1381 1671 1414 1698 25

1379 1919 1413 1944 30

1378 2164 1411 2190 35

1376 2410 1410 2436 40

1375 2656 1409 2682 45

2314 417 2366 443 144

1456 499 1518 528 quo
1540 489 1648 519 ultimo
1675 490 1752 519 facta
1776 491 1874 520 fuerat
1895 491 2088 530 computacio
2113 501 2210 532 super
2236 492 2364 528 eisdem,

1456 545 1663 578 computatum
1681 539 1737 569 suit
1754 546 1814 568 tam
1829 549 1887 579 pro
1903 539 2141 579 incipientibus,
2158 540 2324 571 licentiatis
2337 548 2367 571 et

1456 588 1745 623 determinantibus‚
1769 589 1853 628 quod
1878 588 1922 618 III
1946 589 2024 618 libre
2049 589 2087 618 de
2112 589 2208 619 debili
2231 597 2364 626 moneta,

1456 635 1527 665 item
1546 637 1584 666 de
1599 637 1669 666 forti
1692 644 1811 666 moneta
1830 637 1885 666 XV
1902 637 1994 666 solidi
2013 644 2043 667 et
2061 639 2098 677 [I]
2118 639 2188 668 den.
2210 639 2367 669 debeban-

1456 691 1517 720 tur,
1537 692 1642 725 preter
1662 685 1688 715 V
1703 686 1809 720 libras,
1827 685 1911 716 XVII
1929 687 2049 716 solidos
2066 693 2097 716 et
2111 686 2152 716 VI
2167 688 2313 717 denarios
2327 689 2366 718 de

1456 733 1562 763 ultima
1592 735 1824 774 eomputacione
1840 735 2031 774 precedenti,
2055 746 2114 775 que
2132 736 2158 765 V
2170 736 2261 772 libre,
2280 736 2365 766 XVII

1457 783 1549 812 solidi
1571 790 1601 813 et
1618 783 1658 813 VI
1679 784 1799 813 denarii
1822 784 1936 814 additis
1958 785 2079 814 duabus
2108 785 2235 815 summis
2255 795 2366 825 prece-

1455 832 1600 862 dentibus
1618 833 1782 862 faciunt....

1498 881 1572 911 Item
1593 882 1642 911 die
1661 881 1766 922 jovis¹⁵
1783 883 1924 922 proxima
1945 890 2014 912 ante
2032 884 2143 912 festum
2159 884 2258 913 sancti
2279 884 2366 914 Petri

1456 931 1540 969 quod
1555 931 1669 960 dicitur
1679 932 1741 970 a[d]
1756 931 1894 966 Vincula,
1909 933 1986 962 sacta
1999 933 2247 972 congregacione
2263 933 2365 963 nacio-

1456 980 1504 1008 nis
1515 981 1553 1009 ad
1565 980 1709 1009 Sanctum
1720 981 1735 1010 J
1740 980 1886 1016 ulianum,
1898 981 2062 1020 suplicavit
2072 982 2216 1011 dominus
2230 982 2363 1012 Dechar-

1455 1030 1513 1058 dus
1526 1030 1564 1058 de
1582 1029 1709 1058 Mindan
1724 1030 1808 1069 quod
1821 1030 1908 1059 nacio
1927 1037 2113 1070 prorogaret
2124 1031 2185 1060 sibi
2199 1032 2364 1061 terminum

1455 1079 1492 1107 de
1503 1078 1662 1107 solucione
1678 1079 1842 1108 bursarum
1855 1089 1954 1118 usque
1966 1080 2004 1108 ad
2018 1080 2128 1109 festum
2140 1080 2222 1109 beati
2238 1080 2365 1110 Martini

1455 1127 1595 1166 proxime
1623 1128 1795 1167 sequentis,
1824 1138 1914 1167 quam
1941 1128 2182 1167 suplicacionem
2209 1129 2367 1160 concessit

1455 1176 1514 1205 sibi
1532 1177 1620 1205 nacio
1637 1178 1674 1206 de
1694 1176 1754 1206 IIII
1770 1177 1889 1212 bursis,
1909 1177 2021 1216 positis
2036 1184 2137 1208 tamen
2157 1179 2239 1217 apud
2253 1189 2365 1218 recep-

1454 1232 1552 1255 torem
1595 1225 1735 1254 nacionis
1774 1225 1962 1265 pignoribus
2011 1228 2259 1266 competentibus
2307 1237 2366 1267 pro

1454 1275 1588 1310 eisdem;
1608 1275 1646 1303 de
1663 1274 1690 1303 11
1708 1275 1814 1304 bursis
1832 1275 1979 1310 residuis,
2001 1275 2120 1305 scilicet
2132 1277 2170 1305 de
2186 1277 2281 1306 bursa
2295 1287 2365 1306 rec-

1453 1324 1530 1353 toris
1547 1330 1577 1353 et
1594 1330 1680 1353 sexta
1697 1325 1791 1353 bursa
1806 1325 1844 1353 ad
1860 1324 1976 1353 curiam
1989 1324 2149 1361 mittenda,
2163 1325 2244 1354 idem
2263 1325 2364 1355 domi-

1453 1383 1511 1402 nus
1527 1373 1679 1403 satisfecit
1693 1373 1861 1412 receptori.
2237 1367 2240 1370 ’

1494 1422 1569 1452 Item
1591 1422 1735 1451 dominus
1761 1422 1923 1452 Decardus
1945 1423 1983 1452 de
2008 1423 2137 1452 Mindan
2163 1424 2280 1463 incepit
2305 1424 2364 1454 sub

1453 1472 1603 1512 magistro
1617 1471 1755 1501 Henrico
1771 1472 1809 1500 de
1826 1471 1967 1507 Mindan,
1983 1471 2070 1511 cujus
2089 1473 2184 1502 bursa
2199 1473 2241 1502 Vl
2257 1473 2361 1503 solidi.

1494 1570 1568 1599 Item
1582 1570 1631 1599 die
1646 1570 1717 1599 lune
1727 1569 1740 1588 ⁶
1758 1569 1789 1599 in
1803 1570 1911 1610 vigilia
1925 1570 2007 1599 beati
2019 1570 2181 1600 Laurencii
2196 1572 2273 1601 facta
2290 1581 2363 1601 con-

1452 1619 1640 1659 gregacione
1656 1619 1796 1648 nacionis
1808 1619 1846 1648 ad
1865 1619 2115 1649 substituendum
2129 1627 2362 1659 procuratorem

1451 1668 1520 1697 loco
1538 1668 1679 1708 magistri
1693 1668 1843 1698 Johannis
1857 1669 1936 1703 Red,
1950 1669 2136 1698 substitutus
2151 1676 2199 1698 est
2215 1670 2364 1710 magister

1452 1717 1637 1747 Malcolinus
1652 1718 1690 1746 de
1700 1717 1866 1747 Drunbrek
1878 1717 1990 1747 Scotus
2001 1719 2038 1746 ab
2050 1718 2193 1748 omnibus
2204 1719 2363 1759 magistris

1452 1767 1649 1796 concorditer
1664 1777 1724 1796 una
1738 1777 1825 1796 voce.

1493 1816 1564 1855 (Fol.
1597 1818 1632 1846 14
1648 1816 1671 1855 b)
1695 1815 1786 1845 Anno
1810 1815 1935 1845 Domini
1957 1815 2121 1845 millesimo
2143 1817 2362 1847 trecentesimo

1451 1865 1721 1905 quinquagesimo,
1745 1866 1822 1894 facta
1841 1865 2087 1905 congregacione
2108 1875 2203 1905 super
2225 1865 2362 1905 suplica-

1450 1915 1593 1944 cionibus
1625 1914 1743 1944 vocatis
1773 1914 1922 1944 vocandis
1955 1914 2005 1943 die
2037 1914 2183 1944 veneris⁷
2220 1915 2362 1954 proxima

1450 1971 1519 1993 ante
1549 1965 1659 1993 festum
1690 1963 1771 1994 beati
1798 1963 1912 1992 Mathei
1942 1963 2076 2003 apostoli
2106 1964 2189 2003 apud
2216 1964 2360 1994 Sanctum

1449 2013 1652 2048 Matellinum,
1670 2012 1835 2052 suplicavit
1850 2012 1998 2052 magister
2012 2012 2170 2042 Johannes
2185 2014 2223 2042 de
2238 2013 2362 2043 Vesalia

1450 2068 1483 2091 ut
1505 2062 1564 2091 sibi
1587 2062 1818 2092 remitterentur
1843 2062 1904 2091 duo
1932 2061 2041 2091 ssoreni
2061 2063 2100 2091 ad
2122 2069 2254 2098 scutum,
2281 2073 2360 2103 quos

1450 2111 1556 2141 habuit
1587 2112 1625 2140 de
1663 2111 1795 2151 pecunia
1832 2111 1989 2146 nacionis,
2029 2111 2083 2151 qui
2124 2112 2184 2141 sibi
2222 2122 2284 2141 non
2322 2123 2360 2142 ex

1449 2167 1514 2190 toto
1543 2160 1792 2195 remittebantur,
1828 2161 1883 2190 sed
1909 2160 2132 2190 differebantur
2159 2161 2198 2189 ad
2223 2167 2359 2201 tempus,

1449 2220 1511 2249 quo
1542 2210 1591 2239 die
1617 2210 1718 2239 dictus
1752 2209 1909 2238 Johannes
1939 2216 2011 2238 tunc
2041 2216 2186 2249 receptor
2218 2210 2359 2240 nacionis

1448 2259 1621 2297 Anglicane
1637 2258 1797 2288 substituit
1812 2258 1994 2298 magistrum
2009 2258 2180 2288 Johannem
2199 2260 2236 2288 de
2251 2259 2359 2289 Collo—

1448 2308 1500 2337 nia
1521 2308 1552 2336 in
1577 2314 1781 2347 receptorem,
1813 2307 1865 2347 qui
1893 2307 1948 2336 fuit
1972 2307 2128 2337 admissus
2154 2318 2192 2337 ex
2223 2308 2358 2338 unanimi

1448 2367 1603 2386 concensu
1619 2357 1754 2386 omnium
1773 2357 1991 2396 magistrorum
2007 2356 2122 2386 ibidem
2141 2357 2356 2387 existencium.

1854 2451 1872 2478 1
1877 2450 1951 2479 350

1558 2522 1798 2561 [Procuratio
1828 2522 2000 2562 magistri
2027 2521 2176 2552 Alberti
2205 2523 2247 2552 de

1794 2571 2001 2609 Bohemia]

1488 2653 1521 2682 In
1537 2663 1617 2681 anno
1635 2652 1759 2682 Domini
1776 2651 1820 2680 Μο
1836 2651 1931 2681 CCC⁰
1948 2651 1997 2686 L‘²,
2011 2651 2042 2680 in
2055 2661 2122 2680 mea
2131 2652 2357 2691 procuracione

1446 2702 1484 2731 ad
1500 2712 1590 2741 quam
1604 2711 1662 2740 ego
1676 2701 1824 2740 magister
1838 2700 1986 2730 Albertus
2000 2701 2038 2729 de
2056 2700 2206 2729 Bohemia
2224 2701 2266 2730 fui
2279 2711 2356 2730 una-

1445 2751 1570 2780 nimiter
1582 2751 1620 2779 ad
1639 2750 1784 2779 Sanctum
1801 2749 1956 2779 Julianum
1973 2749 2100 2785 electus,
2124 2749 2270 2779 videlicet
2287 2756 2357 2779 ante

1476 2841 1499 2863 5.
1534 2840 1564 2862 29
1573 2838 1645 2862 Iulii.

1475 2875 1498 2898 6.
1531 2875 1546 2898 9
1559 2873 1675 2905 Augusti.

1475 2911 1498 2933 7.
1533 2910 1561 2933 17
1575 2909 1736 2941 Septembris.
