2632 3464
300 392 352 418 277

299 468 458 497 recordari
483 468 567 507 quod
590 467 666 497 alias
690 467 782 497 fuerit
807 466 868 495 sibi
887 475 1081 499 concessum,
1107 471 1207 494 tamen

297 522 428 556 propter
451 516 633 556 paucitatem
657 515 876 556 magistrorum
899 514 1095 554 presencium
1118 514 1208 543 litera

300 565 356 595 fuit
378 565 481 605 posita
504 566 542 594 ad
560 565 694 600 archam,
717 565 816 594 donec
833 573 929 603 super
947 563 1006 592 hoc
1025 562 1100 592 alias
1123 562 1207 592 natio

298 613 448 644 maturius
463 613 659 644 deliberaret.
678 613 753 643 Item
768 613 806 643 ad
822 612 841 642 3
857 612 1004 647 florenos,
1022 611 1077 651 qui
1091 611 1207 641 dudum

299 663 423 692 fuerunt
441 663 473 692 in
496 662 590 692 archa
611 662 765 702 reposita,
796 661 919 691 fuerunt
935 661 954 690 3
974 667 1061 690 scuta
1082 660 1208 700 antiqua

298 711 478 751 Philippina
492 717 524 741 et
540 721 619 741 unus
637 710 785 746 llorenus,
801 716 833 740 et
849 709 942 740 soluti
959 710 1082 740 fuerunt
1096 719 1207 749 recep-

298 760 360 790 tori
376 760 419 790 ΧΙ
434 760 492 790 sol.
505 773 513 796 ;
529 765 561 790 et
572 759 631 790 hoc
645 759 701 790 fuit
715 765 823 794 totum,
839 759 872 788 in
884 768 947 798 quo
960 759 1107 799 magister
1120 758 1208 788 Hen-

298 809 383 839 ricus
397 809 570 845 tenebatur,
588 808 747 838 defalcatis
764 808 824 838 sibi
844 809 884 838 40
901 807 1011 838 solidis
1029 807 1204 838 antedictis.

339 857 416 888 Item
441 858 590 898 magister
609 856 821 887 Theodericus
844 857 883 886 de
905 856 997 887 Unna
1016 857 1208 896 presentavit

298 906 332 936 in
347 907 471 936 natione
484 906 634 946 magistro
655 906 833 936 Hermanno
849 906 1004 946 receptori
1023 905 1066 935 ΙΙΙ
1083 906 1206 935 francos

298 961 443 995 receptos
461 965 500 985 ex
518 961 606 995 parte
630 955 724 984 rotuli
746 961 819 995 post
842 955 1101 994 computationem
1126 965 1206 995 quos

298 1010 442 1044 receptor
454 1014 551 1044 penes
569 1014 604 1034 se
620 1004 757 1034 retinuit.

338 1053 415 1083 Item
429 1053 537 1082 eodem
553 1053 603 1082 die
621 1053 714 1083 solvit
733 1053 883 1093 magister
897 1052 1086 1083 Wilhelmus
1105 1053 1207 1082 Buzer

299 1111 357 1142 pro
371 1111 429 1132 suo
441 1101 612 1131 benevale&
623 1102 751 1132 invitata
764 1102 900 1137 natione,
915 1102 997 1132 ultra
1010 1102 1038 1132 11
1057 1102 1204 1138 florenos,

298 1156 328 1180 et
342 1151 490 1190 magister
502 1150 657 1181 Hem-icus
673 1151 811 1190 Kempen
830 1161 923 1180 unum
938 1151 969 1180 in
985 1153 1112 1181 taberna
1122 1151 1142 1181 ⁴,

338 1199 414 1229 Item
431 1199 463 1229 in
485 1200 726 1240 congregatione
749 1200 900 1230 facultatis
927 1200 1129 1230 deliberatum
1152 1201 1207 1230 fuit

298 1257 356 1288 per
371 1249 390 1278 3
405 1248 563 1284 naciones,
580 1250 664 1288 quod
683 1248 821 1288 quelibet
835 1249 918 1278 natio
934 1249 1073 1279 solveret
1089 1256 1206 1289 partem

299 1296 359 1326 sibi
379 1297 581 1338 attingentem
601 1298 639 1327 de
658 1298 793 1327 sedecim
814 1298 939 1333 francis,
958 1298 1011 1338 qui
1028 1299 1208 1328 defecerunt

298 1346 423 1375 domino
437 1346 553 1376 Jacobo
570 1347 692 1376 bedello
707 1347 745 1376 de
761 1346 886 1376 sallario
904 1357 960 1377 suo
977 1357 1034 1387 pro
1050 1348 1150 1377 eundo
1168 1348 1207 1377 ad

299 1394 413 1424 curiam
447 1394 627 1430 Romanam,
660 1402 691 1425 et
720 1402 827 1435 postea
858 1397 1043 1426 redderetur
1082 1397 1207 1426 cuilibet

298 1443 415 1473 nationi
438 1444 470 1473 id
491 1445 575 1484 quod
598 1445 779 1484 exposuerit
802 1445 840 1474 de
866 1446 960 1475 bursa
986 1446 1150 1481 communi,
1177 1452 1207 1475 et

298 1492 376 1522 dixit
390 1493 478 1522 nacio
493 1499 600 1522 nostra
615 1494 699 1533 quod
712 1495 790 1523 bene
801 1494 937 1534 placeret
952 1494 1023 1529 sibi,
1040 1495 1206 1524 dummodo

297 1540 400 1581 aliqua
428 1541 555 1571 aliarum
586 1542 747 1572 nacionum
781 1543 829 1572 vel
859 1550 1004 1583 receptor
1035 1544 1205 1573 communis

298 1590 482 1620 concederet
500 1591 660 1630 pecuniam
675 1591 772 1631 ipsam
786 1592 986 1632 attingentem
1005 1603 1103 1632 usque
1121 1594 1205 1632 quod

297 1638 336 1668 de
351 1639 445 1668 bursa
465 1640 618 1669 communi
635 1640 811 1676 satisfieret,
833 1641 905 1680 quia
916 1640 979 1681 jam
999 1652 1061 1670 non
1078 1641 1206 1672 haberet

297 1687 469 1727 pecuniam,
484 1698 574 1728 quam
592 1695 701 1728 posset
718 1699 886 1729 exponere.
904 1690 944 1720 Et
956 1690 998 1720 ita
1011 1691 1120 1720 factum
1136 1691 1201 1721 fuit.

337 1785 412 1816 Item
429 1795 510 1816 anno
532 1797 594 1826 quo
613 1797 707 1827 supra
724 1787 773 1817 die
790 1787 905 1818 xvln-
924 1788 1109 1818 Novembris
1127 1777 1205 1819 facta

298 1835 540 1875 congregatione
566 1835 701 1866 nationis
731 1837 812 1876 apud
837 1836 982 1867 Sanctum
1016 1837 1204 1868 Maturinum

297 1881 373 1913 hora
383 1883 552 1923 primarum
564 1884 678 1915 Nostre
692 1885 823 1915 Domine
836 1886 874 1915 ad
885 1886 1060 1926 eligendum
1073 1887 1121 1916 vel
1132 1897 1203 1916 con-

297 1931 476 1962 tinuandum
490 1940 736 1973 procuratorem,
747 1934 827 1964 idem
835 1934 984 1975 magister
992 1935 1203 1966 Theodericus

299 1980 408 2020 Dystel
422 1981 461 2011 de
476 1981 567 2012 Unna
585 1982 640 2012 fuit
655 1983 772 2014 electus
785 1983 851 2014 sive
867 1984 1064 2014 continuatus
1081 1985 1113 2014 in
1127 1995 1203 2025 pro-

296 2036 467 2060 curatorem
484 2030 568 2060 nullo
585 2032 708 2071 penitus
724 2033 921 2062 reclamante.

338 2078 413 2108 ltem
434 2080 542 2109 eodem
569 2080 619 2110 die
643 2081 726 2110 natio
750 2081 877 2112 intravit
897 2083 1066 2118 tabernam,
1089 2083 1122 2112 in
1144 2093 1204 2123 qua

257 2130 260 2133 “
296 2127 444 2168 magister
468 2128 645 2159 Florentius
669 2131 707 2160 de
731 2129 877 2160 Alcmade
903 2131 997 2161 solvit
1018 2133 1032 2161 1
1053 2131 1202 2162 florenum

295 2186 354 2216 pro
369 2186 426 2206 suo
442 2177 607 2214 noviciatu,
622 2185 653 2208 et
665 2185 809 2219 receptor
825 2179 918 2210 solvit
934 2181 971 2210 13
986 2180 1045 2210 sol.
1065 2182 1160 2221 paris.

336 2225 411 2255 ltem
427 2226 476 2256 die
495 2227 545 2256 16·
557 2227 740 2257 Decembris
754 2228 832 2258 sacta
845 2229 1087 2269 congregatione
1102 2230 1202 2260 nacio-

295 2274 345 2304 nis
355 2275 437 2314 apud
453 2274 597 2305 Sanctum
610 2276 767 2307 Julianum
779 2278 817 2307 ad
832 2279 1082 2318 computandum,
1097 2279 1203 2319 singu-

294 2322 334 2352 lis
359 2323 469 2354 solutis
499 2330 529 2354 et
553 2325 712 2355 defalcatis
738 2325 886 2356 remansit
912 2333 1056 2367 receptor
1081 2327 1203 2358 nacioni

296 2371 328 2402 in
344 2373 381 2402 12
398 2373 457 2402 sol.
477 2379 507 2403 et
521 2374 539 2403 4
555 2375 625 2404 den.
637 2387 645 2410 ς
663 2381 693 2404 et
708 2375 764 2404 fuit
776 2381 938 2415 computus
953 2377 1155 2416 approbatus.

700 2469 797 2499 1382

488 2538 678 2570 Johannes
708 2540 835 2581 Scalpi
862 2541 1011 2571 Scotus.

335 2614 426 2646 Anno
456 2618 578 2648 Domini
606 2619 768 2649 millesimo
793 2619 909 2650 cecum
933 2622 1126 2661 sexagesimo
1152 2632 1202 2652 se-

296 2666 408 2700 cundo,
424 2667 499 2696 facta
509 2669 756 2708 congregacione
769 2669 863 2699 totius
876 2670 1025 2700 facultatis
1038 2671 1075 2699 ad
1086 2671 1201 2711 eligen-

327 2740 349 2764 ¹.
382 2739 474 2766 Nuntii
485 2745 575 2774 postea
598 2752 653 2766 cum
671 2744 754 2767 rotulo
773 2745 809 2768 nd
825 2745 936 2772 curiam.
956 2745 992 2768 acl
1010 2745 1146 2770 Urbanum
1167 2746 1200 2774 V,

292 2776 403 2808 profecti
415 2779 482 2800 sual.
500 2778 546 2801 lull
564 2779 645 2802 rotuli
657 2779 768 2803 omnium
785 2780 940 2811 facultatum
958 2779 1046 2804 adhuc
1056 2785 1200 2813 supersunt,

293 2810 390 2843 aignan
399 2811 424 2835 in
435 2811 508 2836 curia
521 2814 537 2836 9
548 2813 600 2837 kal.
614 2814 731 2838 Decemb.
746 2828 778 2833 —
787 2817 802 2838 5
812 2815 864 2839 kal.
876 2816 991 2840 Decemb.
1003 2816 1058 2848 (an.
1074 2816 1144 2845 1:362,
1156 2818 1200 2840 2³-

294 2846 472 2905 ΞΊὲΎονεηιῠ.)
487 2847 541 2872 Vid.
550 2850 577 2873 in
589 2849 706 2874 Chai-tul.
717 2850 838 2876 univers.
851 2851 946 2880 Parin„
956 2852 1001 2880 ΙΙΙ,
1011 2851 1045 2876 n⁴·
1054 2852 1198 2877 12⁶2-1265.

325 2899 348 2940 ³:
382 2883 431 2942 22:
442 2891 570 2950 ἒὲῖέιηὴ.

806 390 921 418 LIBER
941 388 1255 416 PROCURATORUM
1275 389 1456 415 NATIONIS
1474 389 1719 416 ANGLICANAE

1244 914 1279 940 10

1244 1159 1278 1185 15

1244 1404 1278 1430 20

1243 1650 1276 1676 25

1241 1896 1275 1922 30

1241 2140 1275 2166 35

1241 2385 1275 2411 40

1239 2631 1273 2657 45

2174 390 2225 416 278

1316 465 1387 493 dum
1410 471 1574 500 rectorem,
1595 466 1676 504 apud
1700 465 1844 494 Sanctum
1867 466 2021 495 Julianum
2046 477 2224 506 pauperem,

1317 514 1355 542 16
1369 513 1419 542 die
1436 514 1630 549 Decembris,
1644 513 1760 543 electus
1774 515 1829 543 fuit
1837 515 1867 543 in
1882 522 2113 553 procuratorem
2125 516 2226 544 nacio-

1315 562 1365 591 nis
1388 562 1501 602 Anglie
1527 563 1676 602 magister
1698 562 1855 592 Johannes
1880 563 1992 603 Scalpy
2016 564 2127 593 Scotus
2150 575 2228 594 una-

1315 609 1390 638 nimi
1408 616 1558 638 concentu
1577 610 1715 638 nacionis
1736 610 1874 649 predicte
1893 620 1959 639 cum
1977 610 2033 639 hoc
2054 611 2090 639 ad
2108 611 2228 650 eligen-

1316 658 1388 687 dum
1401 665 1633 698 procuratorem
1645 665 1844 699 congregate,
1861 665 1890 688 et
1901 659 1958 687 hoc
1973 660 2082 688 factum
2100 667 2147 689 est
2161 661 2226 689 sine

1315 707 1418 747 aliqua
1447 707 1663 737 reclamatione
1692 706 1768 737 seu²
1798 718 1953 737 murmure
1981 709 2067 737 factis
2095 710 2226 748 quibus-

1316 766 1448 796 cunque.
1466 755 1563 796 Cujus
1580 757 1611 785 in
1630 757 1846 796 procuratione
1862 764 1928 786 acta
1948 764 2020 786 sunt
2035 768 2095 797 que
2113 768 2227 787 secun-

1315 811 1376 835 tur.

1357 855 1392 884 ln
1409 855 1519 894 primis
1539 861 1611 894 post
1630 855 1907 894 congregacionem
1932 855 2038 884 factam
2056 857 2227 894 predictam

1315 904 1416 934 dictus
1445 904 1592 944 magister
1619 904 1776 933 Johannes
1806 904 1931 933 intravit
1961 906 2117 934 tabernam
2147 907 2227 944 nigri

1315 952 1444 992 capitis³
1465 959 1533 982 ante
1552 952 1733 983 Carmelitas
1752 959 1782 982 et
1806 953 1847 982 ibi
1859 952 1870 971 ⁴
1888 953 1982 983 solvit
2004 954 2041 982 ad
2059 954 2223 993 prandium

1315 1002 1473 1042 magistris
1494 1002 1633 1031 nacionis
1655 1002 1794 1042 predicte
1814 1012 1851 1031 ex
1870 1002 2097 1032 deliberacione
2119 1013 2224 1032 eorum

1315 1051 1388 1081 Xlll
1406 1051 1523 1081 solidos
1538 1057 1567 1080 et
1580 1051 1620 1080 Vl
1636 1051 1780 1080 denarios
1793 1061 1850 1091 pro
1865 1051 1993 1081 introitu
2001 1051 2138 1091 jocundo
2154 1063 2225 1092 pro·

1316 1101 1468 1132 curatorie
1495 1111 1561 1135 sue,
1595 1107 1624 1130 et
1650 1101 1681 1129 in
1711 1102 1817 1130 eodem
1852 1101 1919 1130 loco
1954 1101 2046 1131 solvit
2078 1102 2227 1141 magister

1314 1149 1472 1179 Johannes
1492 1150 1529 1179 de
1553 1149 1662 1179 Suecia
1683 1149 1763 1178 dioc.
1787 1149 1992 1190 Strengenen.
2012 1150 2085 1180 ΧΙΙΙ
2107 1151 2227 1180 solidos

1315 1205 1346 1228 et
1363 1199 1402 1228 Vl
1419 1199 1563 1228 denarios
1579 1209 1636 1238 pro
1652 1199 1779 1228 introitu
1796 1200 2009 1238 procuratorie
2027 1210 2081 1229 sue
2096 1211 2131 1230 ex
2150 1211 2227 1230 con-

1316 1255 1406 1278 centu
1419 1248 1630 1288 predictorum
1644 1248 1876 1287 magistrorum.

1357 1297 1431 1327 Item
1452 1298 1528 1326 facta
1550 1297 1790 1337 congregatione
1813 1298 1951 1327 nacionis
1973 1299 2054 1337 apud
2077 1299 2223 1328 Sanctum

1315 1346 1510 1376 Mattulinum
1530 1346 1561 1375 in
1582 1346 1711 1385 vigilia⁵
1735 1346 1850 1375 Thome
1873 1347 2013 1386 episcopi
2040 1354 2070 1377 et
2089 1349 2225 1378 martiris

1314 1396 1346 1425 in
1374 1395 1480 1425 Natale
1510 1395 1595 1424 venit
1626 1395 1714 1424 litera
1742 1396 1780 1424 de
1801 1396 1885 1425 curia
1909 1396 2046 1426 Romana
2074 1407 2091 1426 a
2115 1398 2226 1427 nuntio

1315 1445 1455 1474 nacionis
1473 1445 1612 1484 predicte
1630 1445 1798 1474 ostendens
1815 1455 1893 1474 nova
1910 1446 1948 1474 de
1961 1446 2080 1475 actibus
2098 1447 2224 1475 nuntio-

1315 1504 1382 1524 rum
1402 1494 1497 1523 totius
1519 1493 1670 1523 facultatis
1691 1493 1721 1522 in
1739 1494 1824 1523 curia
1843 1493 1982 1523 Romana
1996 1501 2026 1523 et
2043 1496 2080 1524 de
2099 1496 2226 1525 domino

1315 1554 1395 1583 papa
1420 1543 1511 1572 nobis
1535 1543 1669 1582 gratuito
1693 1543 1757 1572 suis
1780 1543 1895 1578 verbis,
1919 1550 1949 1573 et
1972 1544 2010 1573 de
2032 1555 2087 1583 spe
2116 1555 2226 1584 magne

1314 1593 1412 1633 gratie
1427 1593 1464 1622 ab
1481 1593 1551 1632 ipso
1570 1593 1799 1631 consequenda.

1354 1641 1472 1671 Eodem
1490 1642 1595 1681 utique
1613 1641 1662 1670 die
1685 1641 1778 1670 solvit
1793 1648 1865 1681 post
1883 1642 1992 1671 multas
2013 1643 2224 1682 riparaciones

1314 1691 1407 1720 factas
1426 1690 1575 1720 Ricoldus
1595 1691 1633 1720 de
1649 1690 1800 1720 Haesten⁶
1815 1690 1869 1720 XV
1886 1691 2005 1721 solidos
2019 1702 2076 1731 pro
2095 1691 2224 1732 bejanya

1314 1750 1370 1770 sua
1383 1740 1599 1780 magistrature
1615 1750 1682 1775 sue,
1699 1740 1839 1779 quamvis
1854 1740 1906 1769 diu
1924 1747 1993 1769 ante
2009 1741 2108 1770 fuerat
2124 1742 2225 1782 magi-

1313 1795 1389 1818 ster.
1409 1789 1583 1818 Notandum
1605 1795 1705 1818 tamen
1724 1789 1808 1828 quod
1830 1799 1892 1818 non
1913 1789 2007 1819 solvit
2026 1790 2142 1830 aliquid
2163 1802 2224 1831 pro

1313 1838 1412 1868 officio
1426 1838 1640 1878 procuratorio
1656 1848 1725 1874 suo,
1746 1838 1817 1877 quia
1834 1848 1989 1878 nunquam
2005 1839 2060 1868 fuit
2077 1850 2223 1879 procura—

1312 1894 1362 1917 tor
1378 1893 1448 1916 ante
1465 1887 1557 1916 istum
1573 1887 1664 1916 diem.
1681 1887 1721 1916 Et
1737 1887 1767 1916 in
1786 1888 1893 1916 eodem
1909 1888 1958 1917 die
1972 1888 2064 1918 solvit
2079 1896 2223 1928 receptor

1312 1937 1452 1966 nacionis
1471 1937 1509 1966 ad
1530 1936 1606 1966 illud
1623 1937 1703 1965 idem
1719 1937 1882 1976 prandium
1901 1937 1958 1966 ΧΠ
1979 1938 2109 1973 solidos,
2131 1945 2159 1968 et
2178 1940 2223 1968 siv,

1313 1992 1411 2015 totum
1426 1986 1589 2025 prandium
1605 1986 1823 2025 magistrorum
1834 1992 1898 2015 erat
1914 1986 2058 2022 solutum,
2078 1988 2222 2017 videlicet

1312 2035 1349 2064 ad
1365 2035 1488 2074 signum
1503 2034 1534 2064 in
1551 2035 1676 2064 taberna
1687 2036 1786 2074 panni
1798 2035 1835 2064 de
1848 2035 1968 2064 minutis
1985 2038 2087 2065 variis.

1352 2084 1427 2113 Item
1445 2084 1477 2113 in
1494 2084 1543 2113 die
1562 2084 1660 2113 sancti
1678 2083 1841 2113 Gillermi⁷
1861 2085 2005 2114 dominus
2030 2092 2134 2115 rector
2154 2097 2221 2116 cum

1313 2139 1444 2172 quatuor
1456 2133 1711 2173 procuratoribus
1722 2139 1752 2162 et
1762 2133 1831 2163 aliis
1844 2134 1998 2173 deputatis
2012 2145 2078 2164 cum
2097 2145 2221 2165 conser-

1311 2188 1417 2212 vatore
1443 2182 1539 2212 adivit
1564 2180 1754 2211 Naverram⁸
1783 2188 1813 2211 et
1845 2183 1886 2211 ibi
1919 2183 2068 2222 sigillavit
2101 2184 2220 2214 litteras

1312 2231 1549 2271 deprecatoreas
1561 2230 1623 2271 (sic)
1637 2232 1675 2260 ad
1690 2231 1847 2261 dominum
1864 2242 1971 2271 papam
1989 2243 2047 2272 pro
2064 2234 2222 2273 magistris

1312 2279 1389 2320 qui⁹
1411 2279 1662 2319 supplicaverant
1683 2286 1752 2310 ante
1778 2281 1809 2309 in
1844 2280 1935 2320 plena
1962 2282 2220 2322 congregacione,

1313 2339 1444 2369 quorum
1459 2329 1645 2369 supplicatio
1660 2335 1725 2359 erat
1741 2339 1900 2359 concessa.
1917 2330 2031 2359 Postea
2046 2331 2220 2360 immediate

1313 2378 1471 2418 predictus
1486 2378 1629 2407 dominus
1650 2385 1752 2408 rector
1769 2389 1836 2408 cum
1856 2380 2123 2419 procuratoribus,
2144 2387 2217 2415 etc.,

1312 2427 1407 2456 adivit
1427 2426 1572 2456 Sanctum
1587 2427 1743 2457 Victorem
1769 2429 1806 2457 ad
1831 2428 1997 2458 videndum
2025 2429 2217 2458 observatam

1311 2476 1471 2516 pecuniam
1488 2475 1718 2511 Universitatis‚
1735 2477 1787 2506 ubi
1804 2477 1891 2516 prior
1904 2477 2023 2506 abbatie
2040 2477 2098 2506 sibi
2115 2478 2217 2508 obvia-

1311 2525 1355 2555 vit
1379 2525 1512 2564 diee[n]s
1537 2531 1718 2555 conventum
1740 2535 1827 2555 suum
1846 2526 1944 2555 teneri
1965 2525 2166 2556 Universitati
2187 2527 2218 2556 in

1312 2581 1432 2604 centurn
1457 2574 1552 2604 scutis
1581 2574 1716 2614 antiquis
1747 2574 1946 2614 Philippinis,
1979 2576 2033 2604 sed
2058 2575 2135 2604 dixit
2161 2586 2220 2615 pro

1311 2629 1382 2653 tunc
1398 2633 1459 2652 non
1477 2623 1622 2652 habuisse
1638 2623 1719 2653 illam
1738 2624 1897 2663 pecuniam
1912 2624 2158 2663 persolvendam.

1351 2671 1426 2711 (Fol.
1445 2674 1481 2702 47
1497 2671 1521 2711 ¹²)
1538 2672 1612 2701 ltetn
1634 2672 1663 2701 in
1687 2672 1735 2701 die
1761 2673 1901 2712 sequenti
1927 2673 2070 2702 dontinus
2092 2673 2218 2703 willel-

1397 2748 1444 2771 Με.
1460 2747 1524 2771 bibi.

1396 2783 1512 2807 Decemb.
1523 2783 1562 2807 28.

1396 2819 1443 2841 Mu.
1456 2818 1596 2842 tinne-nen.

1397 2854 1426 2877 10
1436 2853 1557 2876 Ianuarii
1571 2862 1614 2877 an.
1627 2854 1696 2877 136³.

1396 2890 1415 2912 1.
1429 2898 1450 2912 e.
1462 2889 1604 2920 collegium
1618 2889 1759 2917 Nus-arros,
1772 2889 1815 2912 ubi
1825 2893 1886 2914 tunc
1895 2892 1951 2912 erat
1960 2898 2021 2913 arca
2037 2889 2150 2914 (Μίνω-ε.

1396 2926 1444 2948 Ma.
1456 2925 1672 2956 supplicaverunt
1686 2925 1740 2956 qui.

1338 2747 1363 2948 sesses
