2632 3464
1646 0 1657 7 ⁷
1692 0 1702 10 ν
1711 0 1719 7 *
1741 0 1771 10 Τ
1781 0 1901 22 “aff-'ww
1914 0 2263 24 *r'se’zwrwvffnwetffl

395 434 446 459 699
943 433 1165 459 AUCTARIUM
1186 431 1444 459 CHARTULARH
1464 432 1639 459 UNIVERS.
1661 433 1779 460 PARIS.
2082 452 2085 453 ν
2267 436 2320 462 700

395 520 500 549 supra,
529 510 605 539 facta
638 510 693 539 fuit
724 509 930 549 congregacio
962 510 1099 538 nacionis
1129 509 1301 549 Anglicane

395 569 489 598 super
516 559 799 598 supplicacionibus
829 565 858 588 et
884 557 1016 598 injuriis.
1047 559 1086 587 Et
1115 558 1302 597 supplicavit

396 608 556 647 Gyrardus
576 608 731 637 Ysbrandi
751 609 788 636 de
809 607 881 636 Delf
895 618 951 646 pro
968 607 1118 636 dilacione
1139 609 1301 636 bursarum

394 657 425 685 in
442 656 569 685 licencia
584 657 614 685 in
628 657 745 685 artibus
759 667 856 695 usque
870 657 906 685 ad
916 657 1051 685 mensem
1068 656 1149 695 May.
1162 656 1202 685 Et
1214 656 1302 685 nacio

395 706 550 735 concessit
576 706 634 735 sibi
663 706 844 734 dilacionem
869 716 967 744 usque
992 706 1030 734 ad
1062 705 1138 734 illud
1165 711 1300 744 tempus,

395 755 576 784 condicione
608 761 707 783 tamen
738 755 878 794 apposita
905 755 988 793 quod
1017 760 1148 793 poneret
1179 754 1301 783 vadium

393 804 508 834 valoris
524 804 554 832 in
573 804 778 843 proporcione
797 803 1003 842 sexquialtera
1018 803 1148 843 pecunie
1165 813 1223 843 pro
1241 813 1302 843 qua

394 853 488 893 peciit
503 853 699 882 dilacionem.

456 959 523 988 Isti
552 958 660 988 sunt⁴
693 959 754 997 qui
780 958 1125 987 determinaverunt
1147 968 1241 988 anno

504 1009 606 1037 Dom.
629 1007 772 1037 MCCC⁰
791 1008 1032 1047 nonagesimo
1060 1015 1191 1047 quarto

534 1058 732 1086 secundum
766 1057 891 1085 stilum
923 1057 1158 1096 gallicanum.

435 1147 538 1176 Primo
568 1146 781 1175 determinavit
805 1145 983 1185 Rutgherus
1008 1147 1045 1175 de
1073 1146 1215 1175 Swechia
1244 1147 1301 1176 sub

394 1196 542 1235 magistro
565 1195 703 1224 Johanne
726 1195 896 1230 Boutbour‚
918 1194 1005 1234 cujus
1030 1196 1123 1225 bursa
1145 1195 1172 1224 V
1195 1196 1299 1225 solidi.

395 1245 493 1274 Solvit
506 1255 562 1283 pro
579 1245 672 1273 scolis
687 1244 770 1272 XXX
784 1244 912 1273 solidos.

435 1295 508 1323 Item
531 1293 745 1322 determinavit
758 1293 889 1322 Jacobus
910 1293 1050 1333 Happart
1073 1295 1130 1323 sub
1152 1294 1302 1333 magistro

394 1343 550 1382 Heynrico
566 1342 714 1378 Arnhem‚
730 1341 816 1381 cujus
832 1343 926 1371 bursa
939 1343 997 1371 1111
1014 1343 1117 1372 solidi.
1135 1343 1234 1373 Solvit
1244 1353 1301 1382 pro

394 1392 487 1421 scolis
505 1392 588 1420 XXX
610 1391 739 1420 solidos.

435 1442 508 1470 Item
527 1440 741 1469 determinavit
762 1440 877 1479 Symon
895 1440 1044 1470 Johannis
1069 1442 1126 1470 sub
1151 1442 1300 1481 magistro

393 1490 531 1519 Johanne
547 1490 706 1528 Nalinger,
727 1489 814 1528 cujus
835 1490 930 1518 bursa
950 1490 977 1518 11
999 1490 1103 1519 solidi.
1124 1490 1222 1520 Solvit
1244 1501 1302 1530 pro

394 1539 488 1568 scolis
501 1539 556 1568 XX
573 1538 702 1568 solidos.

435 1589 508 1617 Item
532 1587 746 1617 determinavit
766 1587 922 1617 Johannes
943 1588 1044 1617 Zeller
1069 1590 1126 1618 sub
1151 1589 1300 1629 magistro

395 1637 507 1676 Egidio
523 1638 560 1665 de
575 1637 703 1671 Jutfaes,
717 1635 805 1676 cujus
824 1638 918 1666 bursa
935 1637 991 1666 VII
1012 1637 1115 1673 solidi,
1133 1638 1192 1668 1111
1211 1639 1303 1668 dena-

394 1687 443 1715 rii.
463 1686 561 1715 Solvit
578 1696 635 1724 pro
651 1686 744 1714 scolis
757 1686 810 1714 XL
825 1686 952 1715 solidos.

434 1736 509 1764 Item
536 1735 749 1764 determinavit
768 1734 965 1764 Ghiisbertus
986 1736 1147 1765 Wilhelmi
1170 1737 1208 1765 de
1228 1737 1304 1766 Am-

394 1785 527 1814 sterdam
541 1785 598 1813 sub
616 1785 734 1818 eodem,
747 1783 833 1823 cujus
849 1785 943 1813 bursa
955 1784 1012 1814 VII
1024 1785 1128 1821 solidi,
1141 1786 1201 1814 IIII
1213 1786 1304 1816 dena-

393 1834 440 1862 rii.
461 1833 560 1862 Solvit
573 1843 631 1872 pro
646 1833 742 1862 scolis
756 1833 809 1862 XL
825 1833 954 1862 solidos.

435 1883 508 1911 Item
529 1882 744 1911 determinavit
766 1882 950 1921 Rodolphus
972 1883 1091 1922 Urwyn
1110 1885 1147 1913 de
1162 1884 1304 1914 Amster-

393 1933 460 1960 dam
477 1932 533 1960 sub
550 1932 668 1966 eodem,
684 1930 770 1970 cujus
787 1933 880 1960 bursa
898 1932 953 1961 VII
971 1933 1074 1967 solidi,
1092 1933 1151 1962 llll
1171 1934 1301 1964 denarii.

396 1981 493 2010 Solvit
512 1990 568 2019 pro
587 1980 681 2009 scolis
697 1980 749 2008 XL
766 1981 895 2010 solidos.

435 2030 509 2058 Item
518 2029 731 2058 determinavit
744 2029 899 2059 Johannes
915 2029 978 2070 [de]
997 2030 1155 2070 Galencop
1174 2033 1231 2061 sub
1244 2043 1298 2061 eo-

394 2079 461 2107 dem
485 2078 643 2117 magistro,
669 2077 756 2117 cujus
780 2080 873 2108 bursa
896 2079 952 2108 VII
976 2079 1079 2115 solidi,
1105 2080 1148 2109 40‘
1170 2081 1299 2116 denarii.

395 2127 494 2156 Solvit
510 2137 566 2166 pro
582 2127 675 2156 scolis
691 2128 744 2156 XL
758 2128 886 2157 solidos.

436 2177 509 2205 Item
529 2177 743 2205 determinavit
761 2177 873 2206 Petrus
897 2178 934 2206 de
953 2177 1077 2216 Gyesen
1100 2179 1157 2207 sub
1181 2180 1300 2214 eodem,

394 2224 480 2264 cujus
494 2226 586 2253 bursa
603 2225 660 2254 VII
677 2226 779 2259 solidi,
799 2226 857 2254 llll
871 2227 1000 2255 denarii.
1018 2227 1118 2256 Solvit
1134 2238 1191 2266 pro
1207 2228 1301 2258 scolis

394 2274 446 2304 XL
465 2274 593 2303 solidos.

435 2323 509 2352 Item
540 2323 754 2353 determinavit
779 2323 920 2353 Andreas
948 2324 1065 2363 Glaync
1090 2326 1148 2354 sub
1176 2327 1299 2361 eodem,

394 2371 480 2411 cujus
498 2374 591 2401 bursa
605 2372 662 2401 Vll
684 2372 787 2407 solidi,
808 2373 867 2402 1111
887 2373 1015 2403 denarii.
1040 2373 1137 2403 Solvit
1154 2385 1211 2414 pro
1230 2385 1301 2404 sco-

395 2422 432 2450 lis
448 2422 500 2450 XL
517 2421 648 2449 solidos.

436 2471 507 2499 Item
534 2470 747 2499 determinavit
769 2470 925 2500 Johannes
947 2473 984 2500 de
1009 2471 1221 2501 Aemsterdam
1244 2474 1300 2502 sub

395 2520 542 2558 magistro
574 2519 731 2557 Nycholao
767 2520 804 2548 de
838 2520 1056 2556 Monekedam,
1091 2520 1177 2560 cujus
1206 2523 1301 2551 bursa

395 2568 438 2597 111
455 2568 558 2602 solidi,
580 2568 638 2596 1111
653 2568 788 2597 denarii.

435 2617 507 2645 Item
527 2617 742 2646 determinavit
756 2617 913 2646 ,lohannes
931 2619 967 2646 de
994 2619 1114 2647 Beesde
1133 2620 1190 2648 sub
1207 2620 1301 2659 magi-

396 2671 461 2693 stro
486 2666 597 2704 Egidio
623 2667 659 2694 de
681 2666 809 2701 Jutfaes,
828 2666 914 2705 cujus
937 2667 1030 2696 bursa
1051 2667 1094 2696 111
1118 2668 1220 2703 solidi,
1240 2669 1299 2698 1111

395 2715 526 2742 denarii.

436 2763 508 2791 Item
526 2764 738 2793 determinavit
751 2764 893 2793 dominus
908 2764 1049 2803 Mathyas
1060 2766 1097 2794 de
1112 2764 1301 2795 Grifemonte

395 2812 452 2839 sub
475 2813 621 2851 magistro
643 2813 756 2852 Egidio
772 2814 809 2842 de
830 2813 957 2848 Juffaes,
976 2813 1061 2852 cujus
1083 2815 1177 2843 bursa
1194 2814 1250 2843 Vll
1272 2825 1298 2843 s.

436 2860 508 2888 Item
525 2862 737 2891 determinavit
755 2862 896 2891 dominus
918 2862 1093 2894 Alexander
1110 2864 1147 2892 de
1171 2863 1300 2892 Fouler-

426 2961 448 2984 1.
480 2962 589 2985 Rubrica
600 2966 684 2986 exstat
696 2964 722 2987 in
730 2964 844 2996 margine
854 2964 983 2996 superiori
990 2964 1056 2996 solii.

1338 955 1372 981 10

1339 1200 1373 1226 15

1340 1446 1374 1472 20

1341 1692 1375 1718 25

1341 1937 1375 1963 30

1339 2183 1373 2208 35

1338 2428 1372 2453 40

1339 2672 1372 2698 45

1410 514 1463 538 ton
1485 510 1543 538 sub
1561 509 1709 549 magistro
1730 510 1889 550 Heynrico
1902 511 1940 540 de
1958 509 2106 547 Arnhem,
2121 510 2207 552 cujus
2225 513 2319 542 bursa

1410 557 1466 587 VII
1481 558 1584 588 solidi.

1452 607 1525 637 Item
1555 606 1769 638 determinavit
1794 609 1937 638 dominus
1962 608 2104 638 Andreas
2128 610 2166 639 de
2194 610 2319 649 Leyden

1411 657 1468 685 sub
1484 657 1632 696 magistro
1647 657 1786 686 Johanne
1806 657 1894 697 Dorp
1910 659 1948 686 de
1967 657 2104 697 Leyden,
2123 657 2210 698 cujus
2225 659 2320 688 bursa

1409 704 1451 734 VI
1467 705 1570 735 solidi.

1451 754 1526 784 Item
1541 755 1755 785 determinavit
1771 755 1927 785 Johannes
1946 755 2153 786 Bredenkiins
2177 758 2234 786 sub
2252 766 2320 786 ma-

1410 803 1509 843 gistro
1533 804 1691 843 Nycholao
1715 805 1752 833 de
1773 804 2001 839 Monikendam,
2026 804 2114 844 cujus
2137 806 2231 835 bursa
2258 805 2318 835 1111

1410 853 1513 888 solidi,
1529 854 1572 882 4⁰¹·
1584 853 1714 882 denarii.

1451 902 1526 932 Item
1536 902 1750 932 determinavit
1763 902 1950 932 Godesridus
1959 903 1997 932 de
2005 902 2085 932 Tilia
2097 903 2154 932 sub
2168 903 2319 943 magistro

1410 950 1568 990 Heynrico
1581 952 1619 981 de
1630 950 1779 987 Arnhem,
1798 950 1884 991 cujus
1896 952 1990 981 bursa
2001 951 2075 981 VIII
2093 951 2196 981 solidi.

1451 1000 1525 1029 Item
1554 1000 1770 1030 determinavit
1796 1000 2009 1030 Theodericus
2038 1001 2076 1030 de
2108 1000 2233 1030 Harlem
2260 1001 2319 1030 sub

1410 1049 1558 1089 magistro
1577 1049 1734 1088 Nycholao
1749 1050 1787 1079 de
1803 1049 2032 1085 Monikendam,
2045 1049 2132 1089 cujus
2145 1050 2240 1079 bursa
2257 1049 2318 1079 1111

1410 1098 1482 1127 albi.

1450 1147 1525 1176 Item
1539 1147 1754 1177 determinavit
1767 1147 1953 1177 Wilhelmus
1970 1147 2105 1177 Simonis
2123 1149 2180 1177 sub
2197 1148 2320 1183 eodem,

1411 1196 1497 1236 cujus
1510 1197 1604 1225 bursa
1624 1196 1684 1226 1111
1700 1196 1772 1226 albi.

1453 1246 1526 1275 [tem
1543 1245 1758 1276 determinavit
1777 1245 1965 1275 Wilhelmus
1989 1246 2027 1275 de
2049 1245 2242 1275 Scoenhovia
2261 1247 2321 1275 sub

1411 1294 1611 1334 magistra...
1631 1294 1705 1335 (sic),
1724 1294 1810 1335 cujus
1826 1296 1920 1324 bursa
1939 1294 1979 1324 Vl
1998 1294 2100 1324 solidi.

1817 1389 1914 1418 1395

1484 1460 1586 1500 [Acta
1618 1461 1653 1490 in
1679 1461 1944 1500 procuratoria
1973 1470 2069 1500 mag.
2102 1459 2247 1490 Galteri

1744 1509 1986 1548 Forestarii.]

1453 1591 1524 1631 (Pol.
1554 1591 1627 1629 17¹³)
1655 1591 1747 1620 Facta
1769 1591 2016 1631 congregacione
2043 1591 2184 1620 nacionis
2208 1591 2319 1631 Angli-

1413 1651 1486 1670 cane
1511 1640 1627 1670 decima
1651 1640 1701 1669 die
1730 1640 1846 1669 mensis
1877 1639 2003 1675 Marcii,
2034 1650 2114 1669 anno
2140 1640 2244 1680 gracie
2274 1639 2321 1669 M⁰

1413 1689 1528 1719 CCC-¹²⁰
1553 1690 1754 1729 nonagesimo
1778 1689 1827 1718 V²⁰
1852 1690 1934 1729 apud
1962 1689 2106 1719 Sanctum
2133 1689 2319 1718 Maturinum

1413 1749 1507 1778 super
1523 1739 1584 1768 3¹³⁰·
1601 1738 1749 1774 articulis,
1767 1738 1866 1777 primo
1885 1738 2029 1768 videlicet
2050 1748 2146 1778 super
2166 1737 2316 1767 electione

1413 1788 1484 1818 novi
1501 1787 1725 1828 procuratoris,
1744 1787 1775 1816 2⁰
1797 1797 1891 1827 super
1910 1793 2052 1826 compoto
2073 1787 2246 1827 receptor-is
2264 1797 2320 1816 au-

1413 1837 1537 1873 diendo,
1559 1838 1590 1866 3⁰
1619 1847 1713 1876 super
1731 1836 2025 1876 supplicacionibus.
2057 1835 2158 1875 Super
2186 1846 2317 1875 quorum

1411 1887 1512 1926 primo
1530 1886 1646 1915 electus
1664 1886 1719 1915 fuit
1735 1885 1931 1915 concorditer
1948 1895 2006 1925 per
2021 1885 2181 1914 nacionem
2195 1885 2227 1914 in
2244 1894 2321 1924 pro-

1412 1942 1584 1964 curatorem
1601 1935 1749 1974 magister
1764 1934 1908 1964 Galterus
1927 1934 2096 1963 Forestarii
2115 1934 2236 1963 Scotus.

1453 1984 1554 2024 Super
1568 1984 1599 2012 2⁰
1613 1983 1728 2023 placuit
1743 1983 1865 2012 nacioni
1879 1983 2004 2013 differre
2018 1989 2191 2022 compotum
2208 1992 2319 2022 recep-

1411 2034 1488 2063 toris
1507 2039 1648 2072 protunc.
1665 2033 1766 2072 Super
1781 2034 1815 2062 3⁰
1831 2032 1938 2067 nichil,
1954 2032 2026 2071 quia
2041 2032 2144 2061 nullus
2158 2031 2320 2071 supplica-

1410 2083 1466 2112 vit.

1452 2131 1543 2160 Facta
1577 2130 1823 2170 congregacione
1849 2130 1988 2159 nacionis
2015 2130 2097 2169 apud
2123 2129 2319 2168 Cordigeros

1410 2180 1583 2209 immediate
1606 2186 1678 2219 post
1695 2189 1868 2208 sermonem
1885 2179 1935 2208 die
1956 2178 2120 2214 dominica,
2143 2178 2247 2207 xlm·
2267 2178 2319 2207 die

1411 2229 1547 2269 ejusdem
1561 2229 1677 2258 mensis
1693 2228 1813 2263 Marcii,
1831 2238 1925 2268 super
1942 2229 2062 2257 duobus
2078 2227 2227 2256 articulis.
2246 2226 2318 2255 Pri-

1410 2288 1459 2307 mo
1486 2278 1631 2308 videlicet
1654 2288 1750 2317 super
1774 2278 1850 2306 facto
1875 2283 2019 2316 tangente
2049 2276 2221 2306 Gerardum
2251 2275 2319 2304 Ise-

1410 2327 1531 2362 brandi‚
1550 2327 1742 2356 licenciatum
1765 2327 1796 2355 in
1815 2326 1924 2355 Sancta
1947 2325 2102 2355 Genovesa
2119 2325 2169 2354 die
2191 2324 2318 2354 electio-

1410 2377 1458 2405 nis
1475 2375 1778 2415 procuratoris‚quia
1795 2385 1857 2404 non
1873 2375 1928 2404 suit
1938 2380 2092 2413 repertum
2106 2373 2137 2402 in
2153 2373 2233 2402 libro
2246 2383 2316 2412 pro-

1409 2425 1561 2454 curatoris
1579 2425 1662 2464 quod
1678 2424 1800 2453 nacioni
1818 2424 2008 2453 satisfecerat
2027 2429 2078 2452 aut
2097 2423 2135 2452 de
2158 2423 2262 2451 bursis
2288 2428 2318 2452 et

1410 2474 1478 2503 aliis
1498 2473 1640 2514 jurandis
1665 2474 1697 2502 in
1720 2473 1849 2502 licencia
1874 2472 1996 2502 nacioni
2018 2470 2193 2512 juraverat,
2222 2481 2320 2511 super

1410 2533 1471 2562 quo
1490 2523 1591 2552 dictus
1616 2522 1774 2552 Gerar-dus
1798 2528 1923 2551 vocatus
1945 2520 2034 2556 dixit,
2057 2531 2089 2550 se
2107 2519 2231 2560 jurasse
2251 2530 2317 2549 ma-

1410 2571 1509 2611 gistro
1524 2571 1656 2600 Johanni
1671 2571 1755 2600 Veen
1775 2570 1980 2610 procuratori,
1999 2570 2217 2609 predecessori
2233 2579 2315 2604 meo,

1410 2627 1439 2650 et
1458 2621 1612 2659 receptori
1628 2620 1816 2649 satisfecisse
1830 2629 1925 2659 super
1942 2619 2058 2653 bursis,
2073 2625 2235 2658 antequam
2252 2619 2319 2647 sue-

1410 2676 1457 2698 rat
1477 2670 1666 2704 licenciatus,
1686 2679 1742 2698 nec
1765 2669 1865 2707 ipsum
1884 2668 1978 2697 fuisse
1999 2667 2030 2696 in
2046 2667 2146 2706 culpa,
2171 2667 2197 2696 si
2215 2667 2266 2696 illa
2285 2667 2317 2696 in

1409 2718 1544 2757 registro
1560 2728 1621 2746 non
1637 2718 1837 2747 habebantur.
1857 2717 1958 2756 Super
1973 2717 2086 2756 quibus
2096 2717 2183 2745 nacio
2201 2717 2317 2746 avisata

1410 2767 1611 2802 deliberavit,
1639 2767 1711 2806 quia
1736 2772 1880 2805 receptor
1907 2772 1979 2795 tunc
2006 2775 2136 2804 presens
2166 2765 2314 2800 asseruit,

1410 2816 1469 2845 sibi
1486 2817 1580 2845 fuisse
1599 2815 1721 2844 nomine
1743 2815 1882 2844 nacionis
1900 2815 2087 2844 satisfactum
2107 2825 2141 2843 ac
2159 2815 2318 2853 recepisse

1410 2865 1547 2894 cedulam
1575 2865 1631 2893 sub
1661 2864 1765 2902 sigillo
1794 2863 2006 2902 procuratorie
2039 2873 2134 2902 super
2157 2863 2317 2892 taxacione

2625 1605 2632 1623 η.
2620 1456 2632 1562 ...κάρμι-
2619 1085 2632 1445 -ῑ-ι-ω ῌΑ-ι-Μῆ-..ιιιῑι
2623 1051 2632 1068 -ι,
2626 1037 2632 1039 v
2623 997 2632 1026 ‘aa
