2632 3464
288 6 323 15 ’,Α
335 6 344 19 -.
363 0 656 34 Wfflnwxup-4
742 0 745 2 -
774 3 775 6 ,
875 0 878 2 >
911 1 917 5 «
928 0 930 2 v
943 0 962 10 ,m
976 0 1014 11 (μ.
1028 0 1059 7 u·
1075 0 1078 5 .
1098 0 1115 6 ..-
1130 2 1150 17 ⁴>

284 424 320 451 5³

285 501 396 536 sciret,
417 511 456 530 ex
476 506 550 531 tunc
573 510 683 540 penam
705 498 833 539 perjurii
851 499 1037 528 incurreret.
1059 498 1100 528 Et
1116 498 1195 527 hanc

286 550 517 579 ordinacionem
547 549 712 579 voluerunt
745 547 920 588 equivalere
952 553 1076 576 statuto.
1103 547 1194 577 Facta

286 604 387 628 autem
400 605 448 628 est
460 598 516 628 hec
531 597 733 638 congregatio
746 597 828 636 apud
843 596 989 626 Sanctum
1005 595 1192 626 Maturinum

283 657 365 677 anno
384 647 510 677 Domini
528 646 719 687 supradicto,
734 646 784 675 die
796 646 921 675 veneris
943 644 1102 685 proxima.⁴
1120 651 1194 684 post

284 696 367 726 diem
381 697 480 726 sancti
496 697 578 726 Luce
597 695 798 735 ewangeliste
817 694 894 724 hora
912 704 993 724 none
1009 694 1103 724 Beate
1121 693 1193 723 Vir-

283 745 379 785 ginis,
407 745 608 785 presentibus
636 744 794 784 magistris
828 743 961 783 Hugone
987 744 1025 772 de
1059 743 1191 779 Duclas,

282 793 440 824 Wernero
460 793 626 829 wolfram,
648 793 788 822 Johanne
809 792 959 827 Kinhard‚
983 791 1132 822 Nicholao
1154 793 1193 821 de

284 842 453 879 Coeseldia,
476 842 616 872 Gerardo
639 842 678 871 de
700 842 832 876 Marten,
854 841 979 871 Andrea
1002 841 1039 870 de
1059 841 1190 876 Swecia,

285 891 429 922 Conrado
444 892 482 921 de
497 891 603 921 Monte
619 891 806 925 Puellarum,
823 890 972 920 Nicholao
988 890 1139 919 Drukken
1155 891 1192 919 de

286 941 391 976 Dacia,
410 946 440 970 et
455 940 612 970 Richardo
629 939 733 969 Scoto.

325 990 400 1019 ltem
421 989 538 1019 electus
556 989 613 1018 fuit
629 989 661 1018 in
679 995 832 1018 rectorem
850 988 1072 1018 Universitatis
1093 988 1193 1028 magi-

283 1044 349 1068 ster
361 1038 544 1068 Lambertus
561 1039 600 1068 de
613 1038 826 1074 Summavera,
844 1037 993 1068 Gallicus.

689 1113 784 1142 1341

306 1171 465 1212 Tempus
495 1172 782 1212 procuracionis
807 1171 979 1211 magistri
1007 1171 1165 1201 Gerardi

623 1221 666 1250 de
695 1220 850 1251 Marten.

321 1283 412 1313 Anno
434 1283 559 1313 Domini
581 1269 806 1318 MCJJCXLI,
822 1281 971 1312 sabbato²
987 1289 1060 1322 post
1080 1284 1189 1313 festum

282 1331 364 1362 Luce
397 1332 616 1372 ewangeliste,
645 1332 823 1362 convocatis
856 1332 1000 1362 omnibus
1032 1333 1189 1372 magistris

281 1381 421 1411 nacionis
446 1381 618 1422 Anglicane
642 1387 710 1410 actu
734 1381 915 1420 regentibus
937 1382 1018 1421 apud
1044 1381 1189 1411 Sanctum

279 1430 436 1460 Juliauum
466 1440 635 1470 pauperem
672 1431 710 1459 ad
743 1429 918 1470 eligendum
954 1437 1187 1470 procuratorem

281 1479 421 1509 nacionis
439 1479 555 1509 electus
574 1479 630 1509 fuit
646 1479 679 1508 in
700 1485 933 1519 procuratorem
951 1479 1031 1509 dicte
1049 1480 1188 1510 nacionis

281 1528 430 1568 magister
445 1528 603 1558 Gerardus
619 1529 657 1558 de
672 1528 808 1563 Marten,
823 1528 855 1557 in
870 1527 957 1568 cujus
972 1529 1188 1568 procuratorio

281 1577 430 1617 magister
453 1577 611 1606 Johannes
641 1577 780 1607 Kinhard
810 1577 921 1607 Scotus
948 1578 1136 1617 computavit
1157 1578 1188 1608 in

281 1626 443 1666 presencia
458 1626 610 1656 facultatis
625 1627 663 1656 de
676 1633 815 1666 tempore
831 1636 885 1655 sue
901 1627 1045 1656 rectorie.

688 1701 782 1730 1341

307 1759 381 1799 (1701.
414 1758 462 1799 43)
492 1759 650 1799 Tempus
678 1756 970 1799 procuracionis⁴
998 1761 1169 1801 magistri

439 1808 621 1838 Johannis
643 1809 684 1838 de
709 1809 882 1848 Kynnard
907 1809 1025 1839 Scoti.

319 1869 412 1900 Anno
438 1870 564 1900 Domini
592 1871 680 1905 1341,
706 1870 737 1900 in
760 1869 887 1911 vigilia³
922 1871 1020 1900 sancti
1048 1871 1186 1908 Martini,

281 1919 459 1949 convocatis
487 1919 631 1949 omnibus
659 1919 817 1960 magistris
848 1920 987 1949 nacionis
1018 1920 1189 1960 Anglicane

279 1968 461 2008 regentibus
476 1969 558 2008 apud
573 1968 718 1998 Sanctum
733 1969 887 1998 sulianum
901 1979 1067 2008 pauperem
1083 1971 1120 1999 ad
1136 1970 1189 2000 eli-

279 2018 413 2057 gendum
432 2024 675 2057 procuratorem,
693 2017 809 2047 electus
831 2018 887 2047 suit
906 2018 937 2047 in
956 2026 1188 2057 procuratorem

279 2066 428 2106 magister
439 2066 454 2096 J
458 2066 596 2096 ohannes
609 2068 646 2096 de
656 2067 816 2106 Kynnard,
831 2067 930 2096 sancti
941 2067 1065 2097 Andree
1077 2069 1187 2108 dyoce—

279 2114 326 2145 sis
352 2115 383 2144 in
401 2115 539 2151 'Scocia‚
569 2116 600 2145 in
627 2114 714 2156 cujus
742 2122 881 2156 tempore
910 2117 986 2146 sacta
1012 2123 1098 2152 sunt,
1129 2128 1188 2158 que

280 2170 462 2204 sequuntur.

319 2213 426 2243 Primo
446 2214 595 2254 magister
609 2214 637 2243 J.
658 2215 696 2243 de
714 2214 862 2254 Kynnard
880 2215 994 2244 refudit
1012 2216 1187 2246 successori

279 2272 336 2292 suo
355 2263 392 2292 de
410 2269 550 2302 tempore
567 2263 700 2292 rectorie
716 2273 770 2293 sue
790 2264 827 2293 18
843 2263 972 2293 solidos.

319 2311 394 2341 Item
413 2311 444 2341 in
461 2312 510 2342 via
529 2312 567 2341 ad
587 2322 692 2351 regem
708 2322 765 2352 pro
782 2313 928 2352 expensis
943 2314 1025 2353 apud
1041 2313 1185 2344 Sanctum

279 2359 476 2400 Dyonisium,
493 2360 533 2390 Vl
553 2361 684 2391 solidos.

319 2409 393 2439 Item
415 2409 458 2439 111
478 2409 597 2439 solidos
613 2410 644 2439 in
662 2410 711 2439 die
730 2412 871 2450 sequenti
892 2411 1014 2442 ibidem.
1036 2412 1110 2442 Item
1128 2422 1185 2452 pro

278 2468 358 2498 equo
375 2458 415 2488 Vl
433 2458 563 2488 solidos.

319 2507 393 2537 ltem
411 2517 469 2547 pro
485 2508 635 2538 ferratur-a
650 2509 721 2548 equi
738 2508 805 2539 XVl
822 2509 978 2540 denarios.

685 2585 779 2614 1841

301 2639 457 2680 Tempus
487 2642 773 2681 procuracionis
805 2643 977 2683 magistri
1008 2643 1164 2675 Roberti

618 2690 704 2731 Fsys
724 2692 842 2721 Scoti.

315 2749 407 2781 Anno
431 2751 556 2782 Domini
587 2753 674 2788 1341,
699 2754 748 2783 die
779 2754 898 2784 sabbati
926 2755 1086 2795 proxima⁴
1114 2762 1183 2786 ante

364 2845 394 2869 ¹⁹
409 2845 533 2870 Octobris.

365 2881 396 2904 20
408 2881 532 2906 Octobris.

366 2916 395 2939 10
406 2917 560 2942 Novembris.

366 2951 395 2975 15
407 2953 559 2977 Decembris.

307 2843 332 2975 2⁹52902*

790 423 903 450 LIBER
924 421 1238 449 PROCURATORUM
1259 421 1439 448 NATIONIS
1458 421 1702 448 ANGLICANAE

1229 947 1263 974 10

1228 1193 1261 1219 15

1226 1439 1260 1464 20

1225 1685 1259 1711 25

1225 1931 1259 1957 30

1224 2177 1259 2203 35

1223 2421 1257 2448 40

1221 2667 1255 2694 45

2176 425 2210 451 54

1302 498 1412 527 festum
1438 498 1520 527 beati
1547 498 1662 528 Thome
1689 498 1838 537 apostoli,
1864 500 2042 529 convocatis
2065 501 2209 531 omnibus

1301 547 1459 587 magistris
1476 547 1611 576 nationis
1625 547 1796 587 Anglicane
1816 548 1997 587 regentibus
2014 550 2096 588 apud
2113 550 2210 580 Sanc-

1300 601 1363 625 tum
1377 596 1393 625 J
1397 596 1532 625 ulianum
1546 606 1712 636 pauperem
1724 598 1762 626 ad
1777 596 1952 636 eligendum
1963 605 2208 637 procuratorem,

1301 644 1416 674 electus
1437 645 1493 674 fuit
1513 645 1544 674 in
1563 652 1797 685 procuratorem
1820 646 1969 685 magister
1993 646 2150 677 Robertus
2172 649 2210 678 de

1302 693 1381 732 nyf,
1396 694 1494 723 sancti
1509 693 1635 723 Andree
1650 695 1795 734 dyocesis
1810 694 1842 724 in
1860 694 1981 725 Scocia,

1342 743 1377 772 ln
1400 742 1487 783 cujus
1511 749 1649 783 tempore
1677 744 1754 773 sacta
1778 745 1900 774 suerunt
1924 754 1960 774 ea
1982 755 2041 784 que
2071 755 2209 785 sequun-

1301 798 1362 822 tur.

1341 841 1376 870 In
1404 842 1507 881 primo
1533 842 1742 872 determinans
1769 842 1846 872 fuit5
1873 842 2016 872 dominus
2053 843 2209 874 ,lohannes

1300 889 1407 919 Todde
1426 890 1548 926 Scotus‚
1565 890 1652 931 cujus
1669 892 1764 920 bursa
1781 891 1841 921 1111
1860 891 1964 927 solidi,
1984 893 2041 922 sub
2060 893 2208 932 magistro

1301 938 1427 968 Galtero
1447 939 1551 970 Scoto-

1707 1035 1724 1062 1
1729 1033 1804 1063 342

1324 1104 1480 1144 Tempus
1509 1106 1793 1144 procuracionis
1825 1106 1996 1146 magistri
2029 1105 2188 1136 Gerardi

1638 1155 1680 1184 de
1714 1155 1871 1184 Mat-ten.

1337 1234 1428 1264 Anno
1443 1235 1568 1264 Domini
1583 1222 1823 1270 Nicfficxml,
1839 1234 1988 1265 sabbato⁸
2003 1242 2075 1275 post
2096 1236 2206 1266 festum

1299 1284 1484 1324 Epiphanie,
1508 1284 1624 1314 electus
1648 1284 1704 1313 suit
1727 1284 1759 1313 in
1781 1291 2012 1324 procuratorem
2034 1284 2204 1325 Anglicane

1297 1333 1438 1363 nacionis
1452 1333 1600 1373 magister
1613 1332 1771 1362 Gerardus
1787 1334 1824 1362 de
1842 1333 1974 1368 Marten,
1991 1334 2148 1373 magistris
2166 1335 2204 1363 ad

1297 1381 1355 1411 hoc
1373 1382 1549 1421 specialiter
1562 1382 1695 1416 vocatis,
1715 1382 1746 1411 in
1767 1381 1853 1421 cujus
1871 1383 2088 1421 procuratorio
2109 1383 2205 1412 nichil

1297 1431 1353 1461 fuit
1366 1438 1466 1460 actum
1484 1432 1566 1471 quod
1584 1437 1726 1470 oporteat
1743 1431 1888 1460 memorie
1904 1432 2124 1461 commendari.

1702 1525 1720 1552 1
1725 1523 1799 1552 342

1321 1596 1541 1626 Procuratio
1576 1596 1747 1635 magistri
1779 1596 1943 1626 Zunonis
1976 1596 2103 1626 Karoli
2135 1598 2178 1627 de

1672 1645 1831 1674 Swecia.

1336 1726 1427 1756 Anno
1447 1725 1571 1755 Domini
1596 1712 1842 1760 NlCfiCXLli,
1875 1725 1925 1754 die
1957 1726 2077 1755 sabbati
2090 1725 2114 1762 ⁷,
2145 1737 2204 1766 que

1297 1775 1353 1805 fuit
1368 1781 1475 1805 octava
1494 1775 1722 1804 Purificationis
1738 1776 1825 1804 beate
1843 1774 1994 1814 Virginis,
2017 1775 2133 1804 electus
2154 1782 2202 1805 est

1297 1825 1444 1865 magister
1472 1825 1558 1854 Zuno
1584 1823 1688 1853 Karoli
1713 1824 1751 1853 de
1776 1823 1895 1854 Swecia
1915 1824 1945 1853 in
1971 1831 2203 1864 procuratorem

1296 1874 1436 1903 nacionis
1465 1873 1647 1913 Anglicane,
1677 1873 1854 1902 convocatis
1888 1874 1926 1902 ad
1959 1873 2016 1902 hoc
2047 1874 2205 1913 magistris

1296 1923 1435 1952 nacionis
1455 1923 1623 1957 antediem,
1645 1922 1676 1951 in
1697 1921 1784 1962 cujus
1803 1923 2019 1962 procuratorio
2041 1923 2117 1952 facta
2134 1929 2204 1952 sunt

1296 1982 1356 2012 que
1376 1978 1533 2002 secuntur.

1337 2021 1443 2051 Primo
1473 2021 1596 2060 quidem
1626 2021 1844 2050 concordatum
1877 2027 1924 2050 est
1958 2031 2013 2060 per
2044 2020 2202 2050 nacionem

1296 2071 1380 2111 quod
1405 2071 1564 2110 predictus
1593 2070 1740 2110 magister
1764 2070 1848 2099 Zuno
1878 2070 1979 2099 scolas
2010 2069 2137 2099 haberet
2162 2071 2205 2099 ad

1294 2127 1408 2161 septem
1430 2127 1511 2148 artes
1535 2129 1630 2159 super
1649 2126 1762 2148 terram
1786 2125 1930 2148 vacantes
1952 2125 2021 2158 post
2045 2129 2201 2148 recessum

1296 2169 1436 2209 magistri
1459 2168 1595 2198 Conradi
1618 2169 1654 2198 de
1678 2168 1782 2198 Monte
1807 2168 1998 2203 Puellarum,
2020 2168 2202 2198 condicione

1295 2217 1470 2258 hujusmodi
1490 2218 1722 2258 presupposita‚
1739 2218 1821 2257 quod
1837 2227 1904 2246 cum
1924 2217 2120 2257 contingeret
2135 2218 2202 2246 dic-

1295 2274 1356 2298 tum
1387 2267 1567 2307 magistrum
1593 2267 1748 2296 Sunonem
1775 2266 1874 2296 dictas
1900 2266 2000 2296 scolas
2027 2267 2198 2306 resignare,

1294 2317 1469 2357 resignaret
1486 2326 1538 2346 eas
1556 2316 1646 2345 alicui
1662 2316 1879 2356 magistrorum
1896 2316 1948 2355 qui
1965 2322 2095 2355 protunc
2116 2322 2203 2344 erant

1295 2365 1457 2405 supposita
1469 2365 1626 2405 sepedicte
1642 2365 1793 2400 nacionis,
1805 2371 1838 2394 ut
1852 2371 1922 2404 puta
1937 2365 2076 2404 magistri
2091 2364 2202 2394 Gerar-

1293 2415 1364 2451 dus,
1379 2415 1522 2444 Galterus
1536 2421 1565 2444 et
1581 2415 1737 2444 Robertus
1754 2414 1875 2443 Scotus.
1892 2414 1961 2443 Duo
1976 2423 2050 2443 vero
2064 2414 2198 2448 tandem,

1294 2464 1412 2494 scilicet
1430 2464 1570 2504 magistri
1590 2463 1748 2493 Gerardus
1768 2469 1797 2493 et
1815 2464 1987 2497 lanbertus,
2006 2462 2199 2501 resignacio-

1293 2523 1362 2543 nem
1382 2513 1551 2553 predictam
1572 2513 1739 2542 faciendam
1758 2512 1905 2552 magistro
1922 2511 2047 2541 Galtero
2069 2521 2202 2541 concor-

1293 2562 1374 2592 diter
1388 2568 1572 2592 annuerunt.

1334 2611 1581 2641 Determinantes
1608 2611 1769 2640 examinati
1800 2616 1871 2640 sunt
1899 2610 2042 2639 dominus
2075 2609 2199 2649 Eghno,

1292 2659 1379 2700 cujus
1395 2662 1487 2690 bursa
1502 2660 1559 2689 Vll
1576 2660 1680 2695 solidi,
1697 2661 1754 2689 sub
1770 2659 1917 2699 magistro
1933 2659 2088 2688 Conrado.

1334 2709 1484 2739 Dominus
1504 2709 1660 2739 Johannes
1679 2709 1819 2743 Swavus,
1836 2707 1923 2747 cujus
1943 2708 2036 2736 bursa
2052 2707 2077 2735 V
2093 2707 2198 2742 solidi,

1292 2759 1349 2788 sub
1365 2759 1513 2798 magistro
1529 2759 1674 2788 Conrado
1689 2757 1914 2787 determinavit.

1321 2853 1344 2876 5.
1378 2853 1447 2875 Inter
1458 2850 1540 2875 lineae
1551 2860 1559 2874 .·
1571 2853 1707 2882 reputatus
1721 2849 1814 2874 solutis
1830 2848 1973 2872 solvendis.
1987 2848 2097 2872 Rubrica
2110 2848 2197 2873 deleta

1290 2889 1336 2910 ent.

1321 2923 1346 2946 6.
1379 2922 1409 2946 12
1423 2922 1552 2946 Ianuarii.

1321 2959 1345 2982 7.
1375 2959 1391 2981 9
1404 2957 1547 2982 Februarii.
