2632 3464
311 462 367 488 777

302 545 384 570 -aerat
396 549 557 569 concessa.
577 538 617 568 Et
630 537 748 579 juravit
762 537 935 580 juramenta
946 539 1099 579 requisita
1115 545 1146 568 et
1165 545 1230 568 sta-

317 594 383 618 tuta
412 587 552 618 nacionis
586 588 624 617 de
658 586 835 617 volantibus
866 586 974 627 jurare
1016 593 1228 627 paupertatem

309 637 350 667 in
387 637 551 678 presencia
584 636 724 667 nacionis
737 635 760 666 ⁴.
793 637 868 666 Item
906 636 1094 677 supplicavit
1132 637 1228 666 domi-

310 696 376 717 mus
396 686 539 716 Andreas
553 686 592 716 de
609 685 723 716 Sancto
741 685 859 722 Monte,
879 686 964 726 quod
980 696 1049 715 cum
1066 686 1143 716 alias
1159 686 1229 715 data

308 742 382 766 erat
398 735 511 765 dilacio
528 744 652 765 suarum
671 735 836 765 bursarum
863 741 894 764 et
914 741 1062 775 posuerat
1081 735 1227 776 pignora,

305 791 347 815 <it
355 783 419 825 jam
434 791 556 824 tempus
573 793 629 814 sue
643 783 807 814 dilacionis
828 790 914 814 esset
926 790 1127 819 transactum,
1145 785 1229 824 quod

311 834 406 863 nacio
427 833 522 864 vellet
542 833 731 873 prolongare
754 839 877 873 tempus
905 833 1077 863 solucionis
1104 843 1228 863 suarum

317 884 492 918 bursarum,
518 881 750 912 remanentibus
779 882 976 922 pignoribus.
1008 882 1047 912 Et
1072 882 1230 912 concessit

316 932 406 962 nacio
421 931 684 972 supplicacionem
700 930 778 971 ejus.

726 1024 824 1056 1398

421 1097 526 1137 [Acta
554 1097 589 1126 in
617 1097 882 1137 procuratoria
911 1097 1057 1128 Nicolai
1087 1099 1129 1128 de

653 1146 892 1185 Pritzwalk.]

358 1226 474 1258 Facta²
502 1227 750 1268 congregacione
785 1227 925 1257 nacionis
957 1227 1128 1268 Anglicane
1159 1234 1232 1268 aput

313 1276 465 1306 Sanctum
489 1276 655 1311 lulianum,
675 1275 725 1306 die
747 1276 798 1306 14·
819 1276 938 1306 mensis
962 1277 1048 1312 Maii,
1067 1277 1099 1306 in
1122 1277 1231 1317 primis

319 1325 434 1356 Nosti-e
461 1325 593 1355 Domine
621 1335 717 1365 super
737 1326 838 1356 tribus
862 1325 1013 1356 articulis.
1042 1325 1166 1356 Primus
1193 1327 1231 1356 ad

313 1375 496 1414 eligendum
516 1374 582 1404 sive
601 1375 639 1404 ad
655 1375 905 1405 substituendum
925 1375 1059 1415 aliquem
1079 1375 1111 1405 in
1130 1375 1231 1405 locum

316 1423 551 1464 procuratoris,
572 1423 693 1453 scilicet
718 1424 859 1464 magistri
887 1424 1058 1454 Franconis
1080 1425 1118 1454 de
1149 1425 1230 1460 Delf,

318 1473 374 1514 qui
395 1483 488 1503 causa
510 1473 649 1512 legitima
669 1483 853 1503 recessurus
877 1473 934 1503 fuit
954 1474 992 1503 ad
1017 1479 1122 1513 partes
1145 1484 1230 1504 suas.

317 1524 368 1552 2²·
383 1523 422 1552 ad
441 1522 688 1552 distribuendum
704 1529 846 1562 quartum
866 1532 1003 1552 mensem
1021 1533 1075 1562 pro
1092 1523 1232 1553 examine

317 1572 433 1602 Sancte
446 1570 614 1600 GenoveFe.
629 1572 675 1601 3⁸¹·
690 1581 786 1611 super
803 1571 1090 1612 supplicacionibus
1103 1578 1134 1602 et
1151 1571 1233 1613 inju-

316 1620 388 1650 riis.
404 1619 507 1659 Super
520 1619 620 1659 primo
635 1619 766 1650 articulo
785 1620 983 1650 concorditer
999 1621 1057 1651 suit
1070 1621 1187 1651 electus
1200 1621 1231 1651 in

316 1675 554 1709 procuratorem
572 1669 720 1709 magister
737 1669 884 1699 Nicolaus
901 1670 940 1699 de
961 1669 1094 1699 Saxonia
1113 1670 1179 1700 sive
1194 1671 1232 1700 de

320 1717 502 1748 Pritzwalk.
523 1717 625 1757 Super
643 1718 675 1747 2⁰
693 1718 854 1748 ordinatus
875 1718 931 1748 fuit
950 1719 1098 1758 magister
1116 1719 1234 1749 Johan-

321 1777 377 1797 nes
398 1766 510 1802 ZeUer,
530 1767 584 1807 qui
605 1767 716 1796 obtulit
735 1768 814 1796 duos
836 1767 967 1797 solidos.
987 1767 1089 1807 Super
1105 1769 1139 1798 3ο
1157 1778 1234 1808 sup-

320 1816 447 1856 plicavit
463 1815 609 1856 antiquus
625 1822 820 1856 procurator,
837 1822 988 1856 quatenus
1002 1816 1168 1847 haberetur
1182 1828 1232 1847 ex-

314 1871 446 1895 -cusatus
459 1871 551 1904 atque
565 1871 674 1904 gratus
683 1871 742 1895 etc.
755 1864 794 1895 Et
809 1875 958 1895 concessa
972 1866 1028 1896 suit
1041 1866 1232 1906 supplicacio

321 1924 388 1944 sua.

363 1963 456 1992 Facta
490 1963 739 2003 congregacione
777 1963 917 1994 nacionis
950 1963 1122 2004 Anglicane
1160 1971 1234 2005 aput

322 2011 468 2041 Sanctum
482 2011 670 2041 Maturinum
683 2012 715 2041 in
730 2012 821 2041 nonis
834 2012 947 2042 Nostre
964 2013 1107 2048 Domine,
1119 2014 1168 2043 die
1184 2014 1234 2043 18⁸

318 2060 439 2090 mensis
456 2059 542 2095 Maii,
557 2070 653 2100 super
669 2061 791 2090 duobus
809 2061 959 2092 articulis.
977 2062 1102 2092 Primus
1115 2069 1181 2092 erat
1195 2064 1232 2093 de

317 2110 414 2139 domo
435 2110 479 2138 ad
498 2119 590 2138 cornu
611 2111 702 2144 cervi,
726 2120 816 2150 quam
835 2110 940 2140 nullus
960 2110 1097 2141 visitavit
1115 2117 1148 2141 ut
1165 2112 1233 2152 ipsa

317 2158 488 2192 locaretur,
507 2164 537 2188 et
551 2164 698 2198 quantum
715 2159 753 2188 ad
769 2158 826 2188 hoc
841 2159 933 2199 posui
948 2160 979 2188 in
993 2160 1231 2196 deliberacione,

323 2207 395 2247 quia
414 2206 506 2237 michi
525 2207 729 2247 significatum
748 2214 814 2238 erat
834 2218 892 2248 per
911 2208 1103 2238 Bemundum
1125 2209 1233 2239 bedel-

319 2256 383 2286 lum
402 2256 554 2291 nacionis,
574 2257 658 2296 quod
676 2262 760 2286 esset
778 2257 903 2296 quidam
925 2258 1070 2287 notabilis
1090 2258 1233 2288 dominus

315 2312 354 2335 ‹et
367 2305 547 2340 eanonicus,
563 2305 615 2345 qui
631 2305 713 2334 illam
729 2306 852 2335 domum
865 2306 967 2336 locare
980 2306 1093 2342 voluit;
1111 2314 1141 2337 et
1156 2314 1233 2337 trac-

321 2360 386 2384 tatu
403 2364 507 2384 secum
532 2355 610 2384 facto
628 2364 685 2394 per
706 2355 869 2394 deputatos
889 2355 1041 2390 nacionis,
1063 2356 1116 2395 qui
1139 2366 1234 2396 super

318 2403 480 2433 locacione
509 2403 593 2433 illius
621 2404 732 2433 domus
763 2410 850 2433 erant
881 2404 1029 2443 deputati,
1059 2405 1170 2434 obtulit
1195 2405 1232 2435 27

356 2494 378 2518 l.
413 2495 461 2518 Me.
473 2493 535 2517 add.
550 2495 576 2517 3·
586 2493 695 2525 juravit.

354 2530 379 2553 2²..
414 2531 487 2560 Quae
496 2532 639 2561 sequuntur
651 2529 747 2561 ueripta
760 2531 820 2553 eunt
834 2537 912 2552 manu
925 2529 1028 2553 Nicolai
1040 2529 1072 2553 de
1086 2529 1233 2554 Pritzwall«.

355 2565 379 2589 3.
412 2566 495 2597 Supra
508 2564 597 2596 agitur
605 2564 638 2588 de
647 2565 726 2588 tei-tio
736 2564 854 2588 Concilio
867 2564 960 2593 Parim,
970 2565 1040 2597 queod
1048 2574 1064 2589 a
1075 2573 1133 2598 rege
1142 2566 1235 2589 Carolo

326 2601 362 2624 w
375 2599 466 2624 Marcii
482 2602 495 2624 7
506 2603 672 2623 convocatum
685 2602 750 2628 erat,
765 2602 791 2623 et
802 2609 818 2623 a
832 2600 898 2624 Maii
910 2601 948 2627 22.
962 2609 1007 2624 neu
1017 2601 1106 2632 potius
1118 2600 1184 2625 Maii
1195 2602 1234 2628 29.

319 2643 404 2668 aeque
415 2634 487 2659 lunii
499 2635 528 2659 10
540 2639 564 2660 ct
576 2636 638 2659 Iulia
651 2637 690 2663 2¹8.
704 2635 811 2659 Pariniin
824 2635 978 2659 celebratum
990 2638 1036 2660 eat.
1048 2636 1159 2668 Ideoque
1170 2636 1238 2660 Maii

322 2671 356 2695 28
366 2670 449 2695 solum
459 2670 537 2695 minuo
550 2670 582 2694 de
596 2671 694 2703 Spiritu
705 2673 731 2695 S.
742 2671 886 2695 dicebatur.
898 2673 961 2695 Acta
975 2671 1086 2696 Cone-ilii
1101 2672 1149 2696 vid.
1165 2672 1237 2704 apud

319 2706 523 2734 tun-mnan,
542 2706 628 2735 xxvi,
645 2715 672 2738 p.
687 2707 805 2734 859-910.
825 2715 839 2730 e
857 2706 923 2731 Bibl.
941 2710 996 2732 nat.
1015 2707 1109 2736 Parin..
1123 2715 1169 2731 me.
1188 2707 1235 2732 lat.

327 2741 412 2769 thom.
430 2741 478 2773 [ol.
496 2742 580 2770 ⁵¹⁴³:
598 2751 631 2766 et
653 2742 741 2766 eodem
764 2746 822 2766 ηιιῑ·
839 2742 979 2770 Bonitus.
1001 2742 1043 2771 lv,
1061 2743 1172 2770 swam,
1193 2743 1238 2766 ubi

324 2784 387 2800 eura
400 2775 495 2801 Bataui
504 2777 633 2809 quaedam
646 2777 740 2809 suniae,
756 2778 885 2810 quaedam
898 2778 1031 2801 nutoeincu.
1051 2778 1143 2802 Binum
1155 2778 1237 2802 edisti:

317 2811 443 2837 aesArch.
459 2813 514 2836 rae.
528 2820 593 2836 arm.
605 2814 646 2840 54,
662 2818 690 2837 n·
702 2814 741 2841 4⁶.
755 2813 781 2837 in
792 2814 844 2844 sine
856 2813 1031 2841 nummarium,
1043 2813 1138 2845 partim
1155 2813 1237 2846 magi:

318 2846 486 2879 -enmpletum,
501 2847 578 2880 huju·
593 2848 703 2873 Conciti}
721 2848 747 2872 in
767 2849 863 2873 Archiv
882 2850 898 2872 f.
911 2849 1096 2873 miteretur-u.
1110 2849 1236 2873 xii-chen-

325 2883 427 2914 geu-h..
446 2882 488 2910 Vl.
508 2883 626 2908 273-287.
647 2885 732 2916 Ipsum
747 2884 824 2916 sugit,
843 2884 868 2908 in
889 2884 978 2908 eodem
998 2892 1062 2908 arm.
1087 2885 1126 2912 ⁶4.
1150 2889 1178 2908 n·
1195 2885 1235 2913 21.

318 2919 372 2950 sol.
383 2918 498 2947 tus-25⁹,
507 2926 562 2942 oue
569 2918 648 2943 alian·
659 2918 832 2943 collectionem
838 2919 966 2946 (mancam
978 2920 1090 2952 quidem)
1097 2924 1235 2953 gestorum,

325 2962 370 2977 ceu
379 2953 467 2985 potin·
474 2953 622 2978 orationum
636 2954 662 2978 in
670 2954 746 2979 tertio
754 2954 869 2979 Concilio
875 2955 957 2979 Parin.
965 2954 1121 2980 habitarum.
1131 2957 1159 2979 ln
1166 2955 1236 2987 prin·

318 2988 394 3021 cipio
405 2989 519 3021 rjandam
527 2989 682 3014 collectionis
689 2992 774 3014 ‘snat
783 2990 891 3022 epistola
903 2991 970 3022 regie
977 2991 1001 3015 lc
1013 2991 1054 3015 ΧΧ
1059 2990 1121 3022 jour
1129 2990 1161 3015 dc
1168 2990 1236 3023 juin,

829 461 943 488 LIBER
967 461 1280 489 PROCURATORUM
1300 461 1482 489 NATIONIS
1500 462 1746 490 ANGLICANAE

1270 986 1302 1012 to

1269 1230 1303 1256 15

1269 1477 1304 1502 20

1270 1721 1304 1747 25

1270 1967 1304 1993 30

1270 2211 1304 2238 35

2195 465 2248 492 778

1338 539 1460 568 francos
1482 539 1548 568 sive
1570 540 1608 569 24
1628 550 1771 575 coronas,
1791 552 1846 570 nec
1868 542 1939 581 plus
1961 542 2058 572 voluit
2077 544 2160 572 dare.
2186 543 2248 572 Sed

1338 587 1411 627 quia
1428 588 1459 616 in
1477 588 1536 617 hoc
1550 588 1646 618 nichil
1658 590 1742 618 volui
1761 591 1872 625 facere,
1891 601 1947 619 nec
1965 591 2059 620 eciam
2078 592 2137 631 ipsi
2153 593 2248 632 depu-

1337 636 1403 671 tati,
1420 637 1488 666 sine
1511 637 1582 677 (Fal.
1606 639 1653 677 41)
1670 649 1825 668 consensu
1845 640 1996 675 nacionis,
2019 641 2088 669 ideo
2109 642 2198 680 posui
2218 642 2248 670 in

1338 685 1566 715 deliberacione
1581 687 1732 722 nacionis,
1750 698 1788 717 an
1810 688 1946 727 placeret
1964 690 2047 728 quod
2065 690 2175 719 domus
2197 691 2248 719 isti

1338 734 1488 764 canonico
1507 736 1692 765 traderetur.
1712 736 1751 766 Et
1771 737 1955 767 deliberavit
1980 739 2068 767 nacio
2084 740 2167 778 quod
2193 739 2250 778 (at-

1338 789 1435 819 tento,
1461 785 1545 823 quod
1568 785 1736 825 diligencia
1760 793 1844 816 esset
1865 787 1944 816 facta
1967 788 2004 816 de
2029 787 2171 817 habendo
2192 788 2250 817 ali-

1338 842 1442 872 quem,
1459 832 1512 872 qui
1528 834 1699 873 predictam
1714 835 1837 864 domum
1852 842 1977 876 caperet
1989 846 2048 876 pro
2061 843 2145 866 certa
2160 847 2250 876 pecu-

1338 881 1390 911 nia
1402 881 1435 911 in
1450 892 1542 917 anno,
1557 889 1588 912 et
1602 883 1723 913 nacioni
1737 884 1869 924 aliquam
1886 895 2034 915 summam
2050 887 2179 925 pecunie
2193 897 2250 926 pre

1339 931 1482 961 manibus
1504 932 1640 962 traderet
1657 943 1715 972 pro
1739 934 1936 963 edificacione
1959 935 2112 964 scolarum
2139 943 2249 975 septem

1324 981 1467 1015 -arcium,
1487 990 1544 1010 nec
1562 981 1695 1020 reperiri
1710 983 1811 1022 potuit
1827 983 1908 1018 talis.
1925 993 1982 1013 nec
1999 984 2095 1013 eciam
2112 985 2251 1024 pedago-

1338 1039 1412 1068 gum
1424 1029 1538 1059 habere
1551 1030 1659 1065 voluit,
1677 1037 1807 1071 propter
1821 1031 1879 1062 hoc
1892 1033 1964 1072 quia
1980 1043 2037 1072 per
2049 1033 2125 1062 tales
2141 1034 2250 1063 domus

1339 1078 1570 1114 destrueretur,
1601 1081 1769 1109 secundum
1801 1082 1884 1120 quod
1915 1088 2000 1121 patet
2029 1083 2067 1111 de
2101 1083 2250 1122 magistro

1339 1126 1457 1156 Thoma
1474 1127 1659 1161 Marescalli}
1680 1130 1763 1169 quod
1785 1131 1895 1160 domus
1916 1131 1975 1160 sibi
1998 1133 2172 1162 traderetur
2195 1142 2252 1172 per

1339 1182 1573 1215 procuratorem
1589 1183 1620 1207 et
1635 1185 1840 1218 receptorem,
1861 1186 1891 1209 et
1911 1181 1995 1219 quod
2016 1180 2075 1220 ipsi
2096 1181 2248 1216 viderent,

1340 1225 1372 1254 in
1390 1235 1452 1265 quo
1465 1232 1546 1256 statu
1564 1227 1674 1256 domus
1687 1234 1772 1257 esset
1784 1230 1908 1267 quando
1921 1229 1981 1258 sibi
2000 1231 2157 1259 traderent
2171 1240 2248 1265 eam,

1340 1280 1374 1303 ut
1389 1275 1523 1314 dampna
1545 1285 1602 1315 per
1617 1277 1790 1316 predictum
1810 1278 1990 1318 magistrum
2006 1278 2153 1308 Thomam
2174 1280 2250 1309 facta

1340 1323 1416 1352 sciri
1443 1331 1583 1363 possent,
1607 1326 1679 1364 quia
1701 1326 1788 1356 nacio
1817 1333 1924 1356 contra
1947 1327 2048 1367 ipsum
2074 1328 2252 1358 intendebat

1340 1373 1502 1412 prosequi.
1524 1374 1572 1402 2¹¹·
1587 1374 1735 1404 articulus
1755 1381 1820 1404 erat
1839 1386 1935 1415 super
1954 1376 2249 1416 supplicacionibuS.

1341 1427 1371 1450 et
1385 1422 1423 1450 de
1438 1421 1496 1451 hoc
1514 1422 1620 1452 nichil.

1382 1470 1456 1500 ltem
1481 1472 1559 1500 facta
1580 1473 1828 1512 congregacione
1853 1474 1992 1504 nacionis
2013 1474 2183 1514 Anglicaue
2201 1475 2250 1504 die

1341 1520 1392 1549 24·
1415 1520 1531 1550 mensis
1555 1521 1629 1550 Maii
1653 1528 1726 1561 aput
1749 1522 1894 1552 Sanctum
1916 1523 2070 1553 Julianum
2087 1524 2119 1553 in
2142 1525 2251 1564 primis

1342 1569 1446 1598 Sancti
1461 1570 1569 1599 Jacobi
1584 1581 1680 1610 super
1694 1572 1816 1601 duobus
1831 1572 1980 1602 articulis.
1998 1573 2122 1603 Primus
2137 1574 2252 1603 articu-

1342 1618 1390 1648 lus
1407 1625 1474 1648 erat
1490 1620 1527 1648 ad
1550 1620 1755 1650 ordinandum
1780 1621 1912 1661 aliquem
1933 1623 2170 1652 examinatorem
2195 1633 2251 1662 pro

1341 1668 1450 1708 quinto
1477 1679 1582 1698 mense
1607 1669 1637 1698 in
1662 1670 1801 1700 examine
1826 1677 1931 1700 sancte
1959 1670 2152 1710 [Genovese],
2180 1673 2252 1712 quia

1342 1717 1456 1747 ibidem
1476 1723 1548 1747 tunc
1572 1718 1786 1748 celebrabatur
1807 1720 2014 1759 congregacio
2041 1721 2191 1750 facultatis
2213 1722 2252 1751 ad

1341 1767 1526 1797 audiendum
1545 1766 1719 1807 juramenta
1742 1769 1977 1808 magistrorum,
2004 1770 2056 1810 qui
2079 1771 2252 1800 examinare

1341 1817 1492 1846 deberent
1504 1826 1561 1856 pro
1584 1817 1691 1856 quinto
1709 1827 1826 1852 mense,
1850 1824 1880 1847 et
1897 1818 2118 1848 bacelariorum
2136 1820 2252 1849 exami-

1342 1866 1513 1895 nandorum
1527 1876 1584 1906 pro
1601 1867 1709 1895 eodem
1727 1876 1844 1897 mense.
1860 1868 1906 1896 2¹¹·
1921 1867 2070 1898 articulus
2085 1868 2141 1897 suit
2158 1879 2253 1907 super

1342 1915 1627 1955 supplicacionibus
1653 1921 1683 1944 et
1709 1915 1842 1954 injuriis.
1870 1916 1971 1956 Super
2000 1917 2100 1956 primo
2123 1917 2252 1947 articulo

1341 1965 1503 1994 ordinatus
1535 1964 1591 1993 fuit
1618 1965 1765 2003 magister
1788 1964 1970 1995 Glierardus
1995 1966 2032 1995 de
2062 1965 2170 2001 Eeten,
2199 1966 2252 2006 qui

1342 2013 1454 2043 obtulit
1476 2014 1555 2043 duos
1585 2013 1714 2042 solidos.
1743 2013 1845 2053 Super
1865 2014 1897 2043 2⁰
1921 2014 2032 2049 nichil,
2054 2015 2125 2054 quia
2149 2015 2252 2044 nullus

1342 2061 1538 2101 supplicavit.

1384 2111 1474 2140 Facta
1507 2111 1753 2151 congregacione
1791 2111 1930 2141 nacionis
1970 2112 2140 2152 Anglicane
2180 2120 2253 2153 aput

1342 2159 1487 2190 Sanctum
1497 2159 1639 2190 Cosmam
1649 2166 1679 2189 et
1693 2160 1885 2195 Damianum,
1898 2161 1947 2190 die
1957 2162 2008 2190 28·
2017 2161 2089 2191 Maii
2100 2169 2172 2202 post
2181 2163 2251 2191 mis-

1342 2219 1406 2238 sam
1422 2209 1572 2243 nacionis,
1589 2219 1648 2248 que
1671 2215 1742 2238 tunc
1763 2209 1876 2238 ibidem
1892 2210 2104 2239 celebrabatur
2123 2212 2162 2240 de
2178 2211 2252 2251 Spi-

1342 2258 1404 2288 ritu
1424 2257 1537 2287 Sancto
1557 2267 1615 2296 pro
1637 2257 1741 2297 gracia
1762 2257 1898 2297 Spiritus
1922 2259 2025 2288 Sancti
2047 2259 2250 2299 impetranda,

1342 2317 1379 2336 ex
1406 2306 1632 2336 deliberacione
1655 2306 1801 2336 concordi
1827 2307 2056 2342 Universitatis,
2074 2310 2155 2348 quod
2178 2319 2252 2348 que-

1343 2356 1418 2385 libet
1434 2354 1560 2384 facultas
1575 2365 1610 2384 ac
1629 2355 1716 2385 nacio
1738 2355 1910 2385 celebraret
1928 2357 2051 2386 missam
2074 2358 2111 2386 dc
2133 2358 2251 2397 Spiritu

1343 2404 1468 2439 Sancto,
1489 2410 1521 2434 ut
1537 2403 1569 2433 in
1587 2405 1712 2433 concilio
1731 2407 1916 2443 prelatorum
1929 2405 1953 2440 ³,
1974 2406 2056 2445 quod
2078 2412 2148 2435 tunc
2169 2406 2252 2436 celc-

1342 2492 1436 2517 deinde
1447 2492 1563 2525 nequitur
1572 2492 1719 2525 propositio
1729 2493 1844 2517 Simonis
1857 2493 1888 2517 de
1899 2494 2029 2517 Crnmnud
2041 2494 2107 2517 Maii
2114 2495 2151 2521 22.
2159 2503 2191 2518 e:
2201 2503 2252 2527 qua

1339 2528 1460 2560 [maiman
1476 2528 1627 2553 sentenciam
1642 2529 1734 2560 ubique
1751 2529 1870 2552 ominum
1886 2536 1895 2552 .·
1911 2539 1923 2550 ιι
1937 2530 1988 2553 Rex
2005 2530 2107 2553 vocavit
2119 2538 2175 2558 voa,
2194 2530 2252 2555 scil.

1344 2572 1377 2588 nn
1389 2565 1431 2588 via
1444 2563 1572 2588 censionis
1587 2564 1681 2588 debeat
1694 2564 1835 2596 prnctieari
1850 2573 1896 2596 per
1910 2565 2023 2588 inedium
2040 2565 2251 2593 substructionis,

1345 2599 1385 2623 vel
1402 2599 1528 2631 qualiter2
1548 2602 1574 2622 et
1585 2607 1736 2631 quanquam
1750 2607 1793 2623 rex
1812 2599 1843 2623 de
1864 2608 1891 2622 ne
1905 2603 1994 2631 ponet
2014 2600 2062 2623 boc
2084 2601 2176 2628 fucere,
2196 2601 2252 2633 ipae

1345 2635 1401 2659 vult
1415 2634 1512 2659 habero
1530 2634 1750 2659 deliberacionem
1769 2635 1914 2659 vobiscum.
1933 2636 1964 2659 Et
1978 2643 2026 2667 pro
2043 2636 2096 2659 Deo
2115 2636 2173 2659 sitin
2190 2636 2251 2660 dili-

1345 2674 1446 2703 gentes,
1457 2670 1521 2702 quia
1535 2670 1560 2694 in
1571 2678 1634 2694 casu
1647 2670 1703 2701 (ms.
1717 2671 1836 2702 causum)
1851 2670 2013 2701 negligendo
2025 2675 2110 2695 ventre
2124 2680 2168 2695 rex
2179 2671 2252 2696 ordi-

1346 2706 1419 2730 nubit
1438 2709 1467 2730 ut
1484 2706 1534 2730 sibi
1553 2706 1695 2730 videbitur.
1714 2705 1844 2729 lubitu-cur
1860 2709 1944 2729 tamen
1963 2706 2031 2729 vohi·
2046 2715 2078 2729 cx
2093 2710 2169 2738 parte
2186 2707 2253 2740 regie

1344 2745 1368 2766 et
1381 2741 1550 2768 dominorum.
1559 2741 1630 2774 qtaod
1635 2741 1721 2765 nullut
1731 2742 1828 2765 audeat
1837 2741 1877 2764 dis
1888 2745 1988 2773 reptare
1999 2750 2074 2773 mper-
2081 2742 2121 2765 via
2132 2743 2253 2766 censioni-

1345 2776 1414 2801 alian
1428 2785 1476 2809 per
1488 2777 1570 2809 ipsum
1581 2777 1702 2801 euecta...
1720 2785 1731 2799 i»
1747 2776 1802 2808 (sol.
1821 2777 1896 2807 ww).
1912 2778 1965 2799 Non
1986 2779 2023 2800 eet
2039 2778 2122 2800 nostri
2138 2777 2179 2801 hic
2197 2778 2252 2802 alia

1344 2821 1377 2837 es·
1390 2812 1438 2836 hoc
1448 2821 1512 2836 nova
1523 2812 1679 2841 collectione,
1690 2820 1812 2844 quaerum
1819 2821 1904 2844 pout-a
1916 2812 2027 2835 continet
2040 2813 2065 2836 in
2078 2812 2179 2837 duabu·
2193 2813 2253 2838 atii·

1345 2848 1537 2873 reductionibus
1553 2848 1656 2875 omium,
1675 2848 1777 2879 afferre.
1795 2847 1909 2871 Maxima
1921 2855 1983 2878 pars
1997 2847 2172 2879 praelatorum
2183 2850 2252 2873 alio-

1345 2892 1451 2915 rumque
1461 2883 1485 2907 in
1496 2883 1609 2907 Concilio
1618 2885 1827 2915 congregatorum
1834 2891 1881 2913 pro
1889 2882 2062 2906 subtractione
2068 2884 2217 2908 immediata
2227 2888 2251 2908 ee

1345 2919 1420 2943 totale
1438 2919 1496 2947 ruit.
1514 2920 1541 2943 ln
1555 2918 1631 2942 Arch.
1649 2921 1703 2941 nat.
1724 2918 1804 2941 Ιίινίι.
1826 2918 1848 2941 J.
1868 2918 1922 2944 5¹7.
1941 2920 2044 2942 exstant
2059 2918 2204 2947 tehedulae.
2226 2920 2252 2943 in

1345 2955 1438 2987 quibua
1452 2954 1549 2985 singuli
1562 2954 1715 2986 nuffragium
1735 2954 1899 2985 arripuerunt.
1914 2956 1936 2977 et
1945 2956 2081 2985 praeterea
2099 2955 2250 2987 apographa

1345 2989 1410 3014 ibid.
1430 2990 1454 3015 J.
1476 2990 1530 3018 ⁵¹8,
1550 2989 1596 3021 sol.
1615 2991 1661 3013 ³:³5
1682 2997 1738 3021 sqq.
1759 2990 1780 3012 Ε
1797 2989 1900 3013 notione
1918 2989 2063 3020 Anglicunn
2087 2991 2254 3014 nominamur
