2632 3464
415 439 467 464 935

415 515 498 554 quod
512 518 696 552 procurator
709 512 822 540 faceret
838 509 1035 548 diligenciam
1051 518 1110 547 pro
1126 506 1188 536 illis
1206 513 1326 536 centum

416 563 528 598 scutis,
550 572 610 601 que
636 560 780 600 promisit
806 561 940 588 decanus
966 557 1181 596 Lyncopensis
1204 556 1327 585 nacioni

415 613 540 642 racione
571 610 807 650 reparacionum
842 618 899 647 per
931 606 1091 635 nacionem
1120 606 1266 634 factarum
1295 605 1328 634 in

416 663 497 691 dicta
519 662 610 690 domo
634 661 677 688 ad
698 669 789 688 cornu
816 659 904 686 cervi.
933 656 1042 693 Quoad
1063 655 1123 683 3⁰³²
1147 654 1326 690 articulum,

415 711 611 751 supplicabat
626 709 806 738 Bemundus
819 705 1004 746 principalis
1017 704 1157 733 bedellus
1172 714 1230 743 pro
1241 703 1327 732 dimi-

414 761 466 789 dio
487 761 592 788 franco
614 769 631 787 a
651 757 790 798 quolibet
810 755 1051 785 determinaturo
1071 763 1129 792 pro
1147 753 1208 782 isto
1227 763 1325 789 anno;

415 808 502 849 cujus
521 807 712 847 supplicacio
730 815 880 835 concessa
895 810 951 833 est.

457 859 528 898 (F'ol.
556 860 571 886 4
587 857 611 896 ¹³)
631 855 819 885 Monendum
836 854 919 893 quod
938 853 970 881 in
988 852 1038 881 die
1053 851 1177 882 veneris
1195 851 1267 880 X11=
1278 851 1328 880 die

416 908 531 937 mensis
554 905 752 940 Novembris,
771 905 802 932 in
816 912 936 932 camera
951 901 1177 941 procuratoris,
1192 901 1327 930 decanus

417 955 622 995 Lincopensis
642 964 701 993 pro
721 952 975 992 reparacionibus
994 961 1050 989 per
1065 950 1225 979 nacionem
1240 949 1327 978 factis

417 1007 496 1035 circa
515 1006 638 1034 domum
656 1004 700 1031 ad
717 1013 808 1031 corna
824 1002 904 1030 cervi
920 1000 1047 1029 tradidit
1065 1000 1188 1028 nacioni
1206 1005 1327 1028 centum

414 1061 502 1084 scuta
520 1054 550 1082 in
574 1063 648 1082 auro
673 1058 703 1081 et
724 1057 864 1091 argento,
887 1056 917 1079 et
938 1050 970 1078 in
991 1049 1103 1084 vadiis,
1126 1048 1246 1078 scilicet
1270 1048 1328 1077 tri-

415 1105 500 1144 ginta
515 1103 651 1142 quinque
670 1102 700 1130 in
714 1110 800 1135 auro,
810 1099 894 1129 XXV
908 1099 939 1128 in
952 1098 1044 1134 albis,
1055 1105 1085 1127 et
1097 1098 1128 1126 in
1142 1098 1242 1127 vadiis
1252 1097 1322 1132 XL;

415 1160 445 1182 et
468 1153 518 1181 illa
540 1152 629 1182 vadia
650 1157 722 1180 sunt
738 1159 831 1179 unum
855 1149 1021 1177 Decretum
1043 1154 1073 1176 et
1094 1153 1158 1176 tres
1183 1147 1266 1176 anuli
1289 1147 1327 1175 de

416 1212 490 1231 auro
506 1211 574 1230 cum
588 1200 688 1229 tribus
700 1199 867 1238 lapidibus,
882 1208 941 1237 pro
958 1197 1071 1236 quibus
1085 1196 1185 1226 vadiis
1200 1202 1328 1225 steterat

418 1250 539 1280 nacioni
569 1250 718 1289 magister
749 1247 906 1276 Oliverius
934 1248 972 1276 de
999 1246 1144 1285 Imperio.
1176 1245 1216 1274 Et
1246 1245 1327 1274 dicta

414 1310 532 1330 summa
549 1305 674 1337 recepta
691 1307 748 1337 per
770 1302 1014 1336 procuratorem,
1032 1305 1122 1335 quam
1141 1300 1327 1334 procurator

415 1349 589 1378 immediate
608 1346 736 1377 tradidit
752 1345 919 1385 receptori,
940 1345 1040 1374 dictus
1056 1350 1241 1384 procurator
1258 1353 1326 1372 cum

416 1398 571 1438 deputatis
596 1396 736 1426 nacionis
764 1395 878 1424 ibidem
901 1394 1103 1433 solempniter
1126 1393 1326 1432 congregatis

415 1448 599 1477 ostendebat
617 1446 699 1474 dicto
720 1446 836 1474 decano
860 1443 1087 1483 particulariter
1106 1441 1325 1482 reparaciones

415 1498 495 1526 dicte
509 1497 619 1525 domus
633 1496 675 1523 ad
685 1505 775 1522 cornu
787 1495 866 1522 cer-oi
879 1503 936 1532 per
951 1493 1112 1521 nacionem
1126 1491 1202 1520 alias
1219 1492 1324 1526 factas,

414 1556 517 1576 coram
536 1544 686 1583 magistro
704 1543 798 1572 Petro
817 1542 963 1572 Cauchon
977 1541 1000 1577 ¹,
1022 1541 1172 1580 magistro
1188 1540 1327 1569 oliverio

415 1597 452 1624 de
473 1594 607 1633 Imperio
627 1599 657 1622 et
675 1592 760 1622 socio
778 1591 852 1620 dicti
871 1591 980 1620 decani
1003 1600 1057 1619 seu
1073 1590 1141 1619 aliis
1162 1589 1278 1624 multis,
1298 1595 1328 1618 et

961 431 1185 457 AUCTARIUM
1207 429 1467 456 CHARTULARII
1486 430 1661 457 UNIVERS.
1683 430 1802 457 PARIS.

1366 954 1399 979 10

1367 1199 1398 1224 15

1364 1445 1398 1470 20

415 1645 459 1674 sic
484 1644 545 1672 illis
573 1649 694 1672 centum
718 1641 814 1670 scutis
837 1639 995 1669 defalcatis
1023 1639 1179 1668 inventum
1203 1638 1258 1667 fuit
1271 1648 1327 1677 per
1371 1664 1374 1667 ,

414 1694 528 1722 dictum
539 1693 740 1730 co[m]potum
756 1690 840 1729 quod
855 1689 953 1718 adhuc
966 1689 1048 1718 dicta
1062 1689 1172 1717 domus
1183 1689 1226 1716 ad
1235 1698 1326 1716 cornu

414 1744 494 1771 cervi
503 1742 659 1781 obligatur
667 1739 679 1758 ²
693 1739 815 1768 nacioni
826 1739 858 1768 in
869 1738 980 1778 viginti
993 1748 1047 1767 sex
1058 1737 1167 1773 scutis,
1178 1737 1267 1766 XIIII
1285 1747 1325 1772 s.,

414 1791 485 1821 VIII
505 1792 575 1820 den.

822 1881 923 1912 1406

414 1958 505 1987 Acta
548 1957 582 1985 in
624 1954 887 1995 procuratoria
929 1953 1103 1993 magistri
1144 1952 1326 1981 Johannis

576 2005 708 2039 Aveze,
739 2004 832 2032 alias
860 2004 901 2032 de
932 2002 1150 2032 Daventria.

455 2086 547 2116 Facta
580 2084 828 2124 congregacione
867 2082 1006 2112 nacionis
1038 2081 1210 2121 Anglicane
1245 2082 1326 2120 apud

416 2136 559 2165 Sanctum
582 2133 769 2163 Maturinum
791 2143 870 2161 anno
899 2131 1024 2161 Domini
1047 2131 1094 2160 Μο
1114 2130 1236 2162 CCCC⁰
1257 2129 1324 2165 vlo,

416 2186 464 2214 die
482 2184 566 2224 jovis
593 2183 709 2212 XVIII²
733 2182 849 2211 mensis
873 2180 1059 2210 Novembris
1082 2189 1177 2219 super
1204 2181 1326 2209 duobus

412 2233 563 2263 articulis.
581 2232 705 2262 Primus
724 2237 789 2260 erat
803 2231 841 2259 ad
855 2230 1031 2270 eligendum
1047 2239 1159 2258 novum
1177 2239 1326 2267 procura-

415 2290 527 2317 torem3
548 2282 702 2311 secundus
726 2290 821 2319 super
841 2278 1126 2319 supplicacionibus
1143 2284 1173 2307 et
1190 2277 1324 2317 injuriis.

416 2333 569 2370 Quantum
585 2332 622 2360 ad
639 2330 773 2370 primum
790 2329 904 2358 electus
924 2328 978 2356 suit
992 2327 1190 2356 concorditer
1204 2326 1326 2356 nemine

413 2381 644 2410 contradicente
660 2378 809 2418 magister
821 2377 977 2407 Johannes
992 2376 1107 2411 Aveze,
1125 2376 1327 2405 communiter

414 2437 540 2460 vocatus
561 2430 598 2458 de
620 2427 804 2463 Daventria‚
822 2427 853 2455 in
873 2432 1105 2465 procuratorem
1122 2424 1202 2454 dicte
1220 2425 1327 2454 nacio-

416 2480 474 2508 nis.
498 2479 651 2516 Quantum
680 2477 717 2506 ad
750 2477 918 2505 secundum
944 2474 1131 2514 supplicavit
1154 2475 1326 2512 precedens

417 2534 599 2567 procurator
623 2533 657 2556 ut
685 2526 851 2555 haberetur
874 2530 1001 2554 avoatus
1025 2529 1132 2563 gratus
1154 2529 1184 2552 et
1205 2533 1327 2551 recom-

416 2578 587 2612 mandatus,
612 2574 700 2615 cujus
727 2573 919 2614 supplicacio
944 2574 981 2602 ab
1008 2572 1151 2601 omnibus
1178 2582 1328 2601 concessa

417 2627 486 2661 fuit,
502 2632 532 2655 et
546 2636 614 2655 cum
628 2625 687 2654 hoc
705 2623 959 2663 regraciebantur
975 2621 1047 2651 sibi.

457 2675 532 2704 Item
558 2675 590 2703 in
615 2675 721 2703 eadem
740 2671 987 2712 congregacione
1016 2676 1201 2710 procurator
1227 2680 1327 2699 novus

418 2724 521 2763 posuit
543 2723 574 2752 in
596 2722 824 2752 deliberacione
847 2721 930 2760 quod
953 2719 1147 2749 havizaretur
1170 2729 1208 2748 an
1232 2718 1327 2758 aliqui

449 2835 469 2857 1.
505 2834 561 2857 Fuit
580 2837 634 2857 nal.
650 2833 741 2857 Gallie.
759 2832 895 2864 (Remens.)
911 2834 936 2855 et
948 2831 1032 2854 licent.
1052 2830 1077 2854 in
1095 2830 1189 2853 decret.
1203 2829 1270 2861 (jam
1283 2836 1326 2852 an.

418 2871 492 2897 1398ς
508 2870 556 2892 vid.
570 2870 647 2893 Arch.
661 2872 714 2892 nat.
724 2869 808 2897 Paris,
816 2869 841 2892 J.
850 2869 904 2895 517,
917 2872 944 2890 11⁰
955 2867 1020 2898 199).
1030 2867 1062 2890 de
1074 2874 1124 2897 quo
1132 2864 1229 2897 pluries
1239 2873 1326 2896 supra.

418 2906 540 2928 An.1403
558 2906 635 2928 etiam
655 2905 680 2927 in
697 2907 768 2928 sexto
786 2912 854 2927 anno
866 2903 991 2926 scholaris
1009 2902 1034 2925 in
1058 2900 1187 2932 theologia
1205 2900 1264 2932 fuit.
1278 2901 1326 2923 An.

419 2941 487 2968 1420,
502 2942 566 2971 Aug.
581 2941 618 2968 21,
634 2949 688 2963 cum
701 2943 766 2964 esset
777 2941 915 2963 canonicus
926 2938 1026 2961 Beluae.
1039 2940 1063 2960 et
1074 2937 1158 2960 licent.
1171 2936 1197 2960 in
1210 2935 1327 2964 decretis,

418 2977 511 2999 electus
525 2977 549 2999 in
568 2976 675 3007 episcop.
690 2975 846 3003 Belvacen³.,
859 2983 902 2998 an.
914 2975 984 3003 1430,
997 2973 1069 2997 Febr.
1083 2973 1120 3000 13,
1136 2972 1277 2995 translatus
1292 2971 1328 2995 ad

1365 1690 1398 1716 25

1365 1937 1398 1963 30

1364 2183 1398 2209 35

1364 2429 1398 2454 40

1365 2673 1398 2699 45

2295 431 2348 457 936

1437 514 1542 537 essent
1565 507 1714 537 invitandi
1736 508 1774 537 ad
1797 506 1960 547 prandium
1980 506 2132 542 nacionis,
2153 517 2192 536 an
2213 517 2288 538 non.
2308 507 2348 537 Et

1436 557 1639 586 deliberatum
1657 556 1714 586 fuit
1728 558 1812 596 quod
1829 557 2012 586 invitaretur
2029 556 2211 586 domicellus
2226 558 2264 586 de
2280 556 2347 587 Cli-

1435 606 1482 635 vis
1498 606 1627 636 honeste
1641 616 1708 636 cum
1722 606 1788 636 suis
1804 605 1962 646 magistris
1975 616 2010 635 ac
2025 605 2188 641 ministris,
2206 606 2286 636 sicut
2301 612 2349 636 est

1437 655 1561 685 solitum
1581 655 1705 685 invitari
1729 655 1830 685 talem.
1852 655 1927 684 Item
1948 655 2032 694 quod
2048 654 2233 685 invitaretur
2248 656 2348 695 magi-

1438 710 1502 733 ster
1520 704 1709 734 Wilhelmus
1726 703 1949 744 Augustiensis
1961 703 1973 722 ³
1989 713 2077 733 sacre
2097 703 2253 744 theologie
2270 714 2348 744 pro-

1437 753 1549 789 fessor,
1567 754 1617 783 cui
1635 754 1725 783 etiam
1746 753 1976 793 supplicaretur
1995 753 2079 792 quod
2100 759 2231 793 propter
2246 753 2347 782 hono-

1436 811 1502 831 rem
1519 802 1659 832 nacionis
1677 802 1772 832 vellet
1790 802 1822 831 in
1840 802 1972 831 ecclesia
1989 812 2058 832 esse
2073 802 2211 842 prelatus
2228 802 2261 831 in
2275 812 2348 832 ves-

1435 851 1522 891 peris
1538 858 1568 881 et
1587 852 1618 881 in
1633 851 1737 881 missa.
1755 852 1830 881 Item
1847 852 1930 891 quod
1945 852 2129 881 invitaretur
2141 858 2265 882 curatus
2279 861 2347 881 cum

1437 910 1493 930 suo
1512 901 1703 940 cappellano,
1721 901 1765 931 uti
1780 907 1846 930 erat
1862 907 2054 930 consuetum.

1477 949 1569 979 Facta
1590 950 1838 990 congregacione
1855 950 1996 979 nacionis
2015 949 2187 990 Anglicane
2203 950 2236 979 in
2251 949 2347 979 eccle-

1437 999 1482 1028 sia
1498 999 1681 1028 Sanctorum
1697 999 1810 1029 Cosme
1829 1005 1859 1028 et
1876 999 2017 1028 Damiani
2032 1009 2113 1028 anno
2128 1009 2190 1039 quo
2205 1008 2301 1038 supra
2315 998 2349 1028 in

1437 1049 1515 1077 festo
1527 1048 1652 1077 Andr-ee
1665 1048 1810 1088 apostoli,
1821 1048 1919 1077 ΧΧΧιι
1929 1048 1979 1077 die
1992 1048 2177 1078 Novembris
2187 1054 2260 1088 post
2269 1048 2348 1088 vigi-

1436 1097 1494 1127 lias
1509 1098 1540 1126 in
1556 1097 1688 1127 ecclesia
1705 1098 1845 1136 predicta
1860 1107 1955 1137 super
1967 1098 2088 1127 duobus
2107 1097 2258 1126 articulis.
2275 1097 2348 1126 Pri-

1435 1157 1503 1176 mus
1533 1153 1599 1176 erat
1626 1147 1665 1176 ad
1687 1146 1873 1176 audiendum
1900 1152 2077 1186 requestam
2099 1146 2217 1175 domini
2238 1146 2348 1176 decani

1435 1195 1642 1235 Lincopensis
1660 1197 1698 1225 de
1714 1197 1805 1225 domo
1821 1196 1860 1225 ad
1877 1206 1968 1224 cornu
1982 1197 2071 1224 cervi.
2090 1195 2130 1224 Et
2145 1202 2292 1235 quantum
2309 1195 2349 1224 ad

1435 1245 1494 1274 hoc
1511 1246 1612 1275 dietus
1628 1246 1763 1274 decanus
1776 1245 1965 1284 requirebat,
1983 1245 2067 1284 quod
2079 1244 2168 1274 nacio
2184 1245 2272 1274 daret
2286 1244 2348 1274 sibi

1435 1295 1685 1334 recognicionem
1704 1295 1742 1323 de
1759 1294 1894 1333 receptis
1912 1294 1950 1322 ab
1966 1303 2013 1323 eo.
2030 1293 2105 1323 Item
2121 1293 2205 1333 quod
2220 1294 2348 1322 daretur

1436 1344 1496 1372 sibi
1510 1344 1563 1373 ille
1581 1350 1742 1383 compotus
1762 1343 1838 1372 alias
1860 1342 1920 1372 sibi
1946 1343 2043 1372 factus
2061 1353 2118 1382 pro
2135 1342 2348 1382 reparacioni—

1434 1394 1493 1422 bus
1516 1394 1596 1423 dicte
1623 1394 1750 1428 domus,
1772 1393 1811 1422 ad
1831 1393 1923 1421 finem
1947 1399 1980 1421 ut
2003 1398 2113 1432 posset
2136 1402 2204 1421 eum
2227 1391 2348 1421 mittere

1435 1443 1567 1472 ecclesie
1580 1449 1610 1472 et
1625 1442 1760 1482 capitulo
1774 1452 1830 1471 suo
1846 1442 1885 1471 ad
1899 1441 2125 1471 ostendendum
2139 1441 2168 1470 ei
2185 1450 2346 1476 summam,

1436 1502 1526 1532 quam
1543 1491 1593 1521 hic
1609 1497 1806 1531 exposuerat,
1824 1497 1854 1520 et
1870 1491 1966 1520 eciam
1986 1500 2043 1530 pro
2061 1490 2185 1530 quibus.
2203 1490 2279 1520 Item
2295 1499 2347 1529 pe-

1435 1542 1519 1571 tebat
1532 1541 1754 1580 proprietatem
1768 1541 1877 1569 domus
1893 1539 2044 1580 predicte.
2061 1539 2222 1569 Secundus
2235 1539 2348 1568 articu-

1436 1591 1484 1620 lus
1501 1597 1566 1619 erat
1583 1600 1678 1629 super
1694 1589 1975 1629 supplicationibus
1990 1595 2020 1618 et
2035 1587 2168 1628 injuriis.

1477 1640 1631 1677 Quantum
1646 1639 1684 1668 ad
1703 1639 1852 1678 primum,
1869 1638 1958 1667 nacio
1976 1637 2133 1667 concessit
2145 1638 2261 1667 decano
2276 1646 2347 1677 pre-

1436 1689 1519 1718 dicto
1537 1689 1788 1728 recognicionem
1808 1688 1845 1716 de
1865 1687 2014 1726 receptis,
2034 1693 2064 1716 et
2081 1687 2118 1715 de
2141 1686 2246 1715 debito
2266 1686 2348 1715 ulte*—

1436 1738 1512 1767 riori
1527 1738 1655 1767 deberet
1670 1738 1706 1766 ab
1722 1747 1759 1766 eo
1772 1737 1836 1776 peti
1848 1736 2026 1776 recognicio
2043 1746 2098 1775 pro
2112 1736 2252 1765 nacione.
2271 1735 2347 1764 Item

1436 1789 1474 1816 de
1501 1793 1644 1826 compoto
1670 1797 1760 1826 quem
1785 1786 1908 1825 petebat
1930 1786 1992 1814 dati
2020 1786 2142 1814 fuerunt
2169 1785 2229 1813 duo
2249 1784 2345 1814 modi.

1437 1837 1561 1866 Primus
1575 1842 1640 1865 erat
1658 1836 1742 1875 quod
1757 1835 1845 1864 nacio
1859 1835 2011 1864 scriberet
2023 1834 2157 1873 capitulo
2171 1832 2249 1873 ejus,
2263 1843 2347 1863 asse-

1436 1886 1534 1915 rendo
1545 1886 1700 1925 quomodo
1722 1895 1780 1924 pro
1795 1884 2050 1924 reparacionibus
2073 1882 2160 1912 factis
2175 1892 2230 1922 per
2241 1882 2348 1912 nacio-

1436 1945 1506 1964 nem
1522 1934 1553 1963 in
1571 1936 1662 1964 domo
1679 1935 1717 1963 ad
1736 1933 1808 1974 (Fol.
1826 1933 1854 1973 5)
1872 1943 1964 1962 cornu
1981 1934 2061 1961 cervi
2079 1938 2195 1961 tantum
2211 1931 2345 1970 recepit;

1436 1995 1492 2024 per
1525 1984 1583 2013 hoc
1620 1983 1702 2012 enim
1741 1982 1927 2012 sufficienter
1966 1981 2176 2010 notificaretur
2212 1979 2347 2020 capitulo

1436 2044 1564 2069 summa,
1582 2043 1672 2072 quam
1688 2032 1737 2061 hic
1750 2037 1946 2071 exposuerat.
1960 2030 2049 2060 Alius
2063 2031 2172 2059 modus
2187 2036 2252 2058 erat
2264 2029 2348 2069 quod

1436 2094 1498 2113 non
1515 2084 1641 2112 daretur
1658 2082 1686 2111 ei
1706 2082 1737 2110 in
1757 2080 1937 2120 particulari
1953 2086 1983 2109 et
1999 2089 2057 2119 per
2077 2079 2244 2118 particulas
2262 2088 2348 2107 com·-

1435 2139 1544 2172 potus‚
1560 2131 1622 2161 nisi
1641 2130 1728 2170 prius
1746 2136 1842 2159 totum
1860 2135 2036 2168 compotum
2053 2129 2256 2168 approbaret,
2274 2137 2348 2167 pre-

1436 2182 1542 2212 sertim
1563 2190 1600 2210 ex
1621 2190 1683 2219 quo
1703 2178 1766 2219 jam
1787 2179 1818 2208 in
1839 2178 2003 2218 presencia
2027 2177 2196 2206 amicorum
2220 2186 2347 2206 suorum

1436 2230 1572 2270 deputati
1593 2229 1733 2258 nacionis
1752 2233 2007 2267 computaverunt
2025 2227 2084 2255 sihi
2096 2236 2152 2265 per
2166 2225 2346 2266 particulas,

1436 2287 1466 2309 et
1479 2287 1552 2309 tunc
1567 2278 1663 2308 nichil
1678 2284 1744 2307 erat
1763 2277 1812 2306 cui
1826 2276 2040 2306 contradicere
2057 2271 2179 2315 poterat
2194 2285 2250 2304 nec
2271 2284 2348 2303 con-

1435 2329 1616 2359 tradicebat.
1649 2327 1724 2356 Item
1753 2327 1791 2356 de
1820 2325 2011 2365 proprietate
2046 2324 2230 2354 deliberavit
2258 2323 2347 2352 nacio

1436 2379 1519 2418 quod
1536 2387 1598 2406 non
1611 2377 1737 2405 daretur
1753 2375 1814 2405 sibi
1829 2374 2006 2414 proprietas
2019 2375 2128 2403 domus
2144 2373 2224 2401 dicte
2237 2372 2299 2401 nisi
2314 2372 2346 2401 in

1436 2428 1514 2457 festo
1529 2426 1695 2461 Johannis,
1715 2425 1838 2465 quando
1861 2422 2011 2453 terminus
2034 2418 2273 2451 inhabitacionis
2291 2429 2347 2450 seu

1435 2475 1603 2505 locacionis
1629 2474 1771 2514 magistri
1795 2472 1957 2502 Wilhelmi
1981 2471 2075 2501 Bloec
2102 2469 2290 2510 exspirabit,
2317 2475 2347 2499 et

1435 2525 1530 2554 eciam
1546 2525 1607 2554 nisi
1621 2523 1781 2553 solvendis
1797 2522 1895 2551 adhuc
1908 2531 1964 2561 per
1976 2521 2078 2560 ipsum
2089 2530 2127 2548 ex
2141 2525 2206 2548 toto
2222 2518 2344 2548 solutis.

1437 2574 1590 2611 Quantum
1608 2574 1645 2602 ad
1665 2572 1832 2602 secundum
1851 2570 2013 2600 articulum
2033 2568 2140 2604 nichil,
2155 2568 2227 2608 quia
2243 2567 2348 2597 nullus

1437 2630 1502 2652 erat
1519 2622 1711 2662 supplicans.

1435 2828 1519 2851 sedem
1530 2826 1706 2850 Lemouiensem
1719 2825 1805 2857 (Arch.
1820 2825 1887 2852 Vnt„
1901 2832 1967 2848 arm.
1981 2823 2036 2852 XII,
2050 2831 2078 2854 p.
2091 2823 2145 2851 132,
2161 2821 2227 2854 248).
2241 2823 2347 2846 Famam

1436 2863 1532 2886 tristem
1545 2862 1653 2893 adeptus
1666 2864 1703 2885 est
1713 2861 1738 2884 in
1748 2868 1870 2892 processu
1884 2861 1972 2882 contra
1983 2859 2082 2883 Jeanne
2095 2858 2180 2882 d’Arc.

1467 2899 1491 2922 2.
1525 2900 1572 2922 Με.
1584 2897 1727 2921 oblibatur.

1467 2935 1491 2957 3.
1529 2932 1702 2957 Verisimiliter
1714 2931 1870 2957 Guillelmus
1882 2930 1914 2954 de
1925 2929 2037 2958 Sanctis,
2049 2929 2096 2961 qui
2104 2937 2147 2952 an.
2160 2928 2221 2952 1408
2231 2927 2348 2952 licentia-

1437 2973 1477 2994 tus
1489 2972 1525 2993 eet
1538 2969 1563 2993 in
1577 2968 1653 2992 theol.
