2632 3464
417 449 467 474 703
953 442 1176 470 AUCTARIUM
1196 439 1464 468 CHARTULARH
1483 421 1798 468 UNIVERSJPARIS.
2290 441 2343 468 704

824 521 920 549 1395

497 594 613 625 Acta⁴
651 595 686 623 in
714 591 976 633 procuratoria
997 590 1178 620 Johannis
1203 590 1246 619 de

772 641 975 670 Clermont.

459 720 550 749 Facta
566 717 810 758 congregacione
827 716 965 745 nacionis
981 714 1152 755 Anglicane
1168 714 1199 742 in
1214 713 1326 742 Sancto

420 769 574 798 Maturino
602 769 638 797 ad
662 767 835 805 eligendum
860 771 1104 804 procuratorem,
1132 763 1188 792 suit
1211 763 1326 792 electus

419 818 567 857 magister
586 817 742 845 Johannes
762 816 799 843 de
824 814 1021 843 Claromonte
1041 822 1121 841 anno
1139 812 1264 841 Domini
1282 811 1325 840 M.

421 867 499 896 CCC
519 865 729 904 [nonagesimo
745 864 863 903 quinto,
881 872 986 891 mense
999 861 1143 900 Aprilis}

460 915 652 944 Licenciatus
670 913 724 942 fuit
742 913 897 941 Robertus
916 911 985 940 Gile
1001 911 1058 939 sub
1074 910 1223 949 magistro
1246 909 1327 939 Lau-

421 964 525 992 rencio
544 964 580 991 de
600 962 763 995 Londoris,
781 959 867 1000 cujus
882 961 976 988 bursa
991 958 1017 987 V
1033 958 1135 988 solidi.

462 1011 653 1040 Licenciatus
670 1010 724 1039 fuit
736 1008 918 1038 Guillelmus
932 1009 969 1037 de
986 1007 1178 1036 Scoenhovia
1191 1007 1248 1035 sub
1268 1016 1328 1035 ma-

420 1061 519 1100 gistro
539 1060 650 1099 Egidio
667 1059 783 1093 Utfaes,
804 1057 890 1097 cujus
906 1058 1000 1086 bursa
1015 1057 1055 1085 Vl
1071 1056 1173 1085 solidi.

461 1110 652 1138 Licenciatus
673 1108 727 1137 fuit
748 1108 923 1136 Alexander
943 1107 981 1135 de
1002 1105 1169 1134 Foulerton
1188 1105 1245 1134 sub
1262 1115 1328 1133 ma-

419 1159 518 1198 gistro
536 1157 705 1187 Laurencio
722 1158 759 1186 de
778 1156 946 1190 Londoris,
961 1157 1048 1192 cujus
1065 1155 1160 1183 bursa
1173 1154 1230 1183 VlI
1242 1164 1268 1183 s.

460 1208 576 1236 Indicta
605 1206 851 1245 congregacione
882 1205 1020 1233 nacionis
1046 1203 1218 1243 Anglicane
1245 1203 1327 1242 apud

420 1256 563 1285 Sanctum
590 1255 776 1284 Maturinum
804 1253 903 1283 XV11=
925 1253 975 1282 die
998 1253 1113 1282 mensis
1143 1252 1262 1291 Aprilis
1289 1252 1326 1280 ad

418 1306 629 1344 recipiendum
651 1305 752 1343 aliqua
769 1303 899 1343 negocia
916 1303 1055 1332 nacionis
1074 1313 1091 1331 a
1106 1301 1228 1331 bedello
1244 1301 1327 1330 Beu-

419 1355 542 1388 mondo,
562 1354 688 1383 tradidit
708 1353 846 1382 bedellus
867 1353 897 1381 in
920 1362 1010 1380 manu
1030 1350 1242 1391 procuratoris
1262 1351 1327 1379 vir-

418 1414 487 1443 gam
513 1413 651 1442 magnam
674 1402 830 1436 nacionis,
859 1401 986 1430 Missale
1013 1400 1167 1435 nacionis,
1193 1399 1326 1429 officium

419 1453 516 1481 sancti
540 1452 705 1486 Edmundi,
739 1451 843 1480 literas
866 1451 1013 1490 quasdam
1037 1450 1074 1478 de
1099 1449 1193 1478 scolis
1215 1456 1326 1487 septem

419 1503 545 1536 arcium,
563 1511 689 1540 cappam
707 1507 735 1529 et
753 1500 867 1529 clavem
881 1499 983 1533 arche,
997 1509 1056 1538 que
1075 1505 1122 1527 est
1136 1499 1218 1537 apud
1234 1497 1327 1527 Sanc-

418 1557 481 1579 tum
499 1550 652 1579 Cosmum,

460 1600 533 1628 Item
555 1599 641 1638 tetigi
670 1599 700 1627 in
728 1599 833 1627 eadem
859 1597 1105 1637 congregacione
1129 1603 1163 1625 ut
1186 1596 1326 1636 magistri

419 1649 490 1678 novi
504 1648 660 1677 solverent
678 1649 799 1676 francos
816 1657 889 1676 suos
906 1657 964 1685 pro
981 1646 1081 1685 prima
1100 1645 1324 1685 procuratoria.

420 1697 460 1726 Et
477 1697 678 1726 deliberatum
695 1696 751 1725 fuit
768 1702 801 1725 ut
817 1696 847 1725 in
863 1696 998 1724 crastino
1017 1695 1184 1724 solverent.

460 1746 575 1775 Indicta
594 1745 839 1785 congregacione
861 1744 1000 1773 nacionis
1018 1744 1189 1783 Anglicane
1208 1743 1327 1773 XVIIIa

419 1795 468 1824 die
486 1795 601 1824 mensis
617 1794 736 1833 Aprilis
751 1794 805 1823 fuit
819 1794 1031 1828 deliberatum,
1048 1799 1080 1822 ut
1093 1793 1181 1832 copia
1195 1793 1325 1832 epistole

419 1843 639 1874 Universitatis
656 1843 721 1882 regi
740 1843 856 1872 directa
870 1848 1039 1882 poneretur
1060 1842 1092 1870 in
1110 1841 1204 1870 archa
1223 1841 1325 1871 nacio-

419 1894 467 1922 nis
479 1892 502 1922 2.
523 1893 561 1922 Et
583 1893 623 1921 ita
648 1893 757 1921 factum
780 1892 836 1920 fuit
852 1902 912 1920 una
934 1901 1001 1920 cum
1016 1891 1104 1920 litera
1121 1891 1265 1930 loquente
1287 1892 1325 1920 de

419 1943 608 1981 proprietate
633 1941 786 1970 scolarum
817 1941 913 1969 Vll¹2m
932 1942 1058 1969 arcium.
1083 1939 1122 1969 Et
1145 1941 1251 1969 eadem
1275 1940 1325 1969 die

419 1991 578 2020 solverunt
598 2001 651 2019 sex
673 1990 813 2029 magistri
837 1999 891 2018 sex
915 1990 1036 2018 francos
1054 1999 1112 2028 pro
1130 1989 1230 2028 prima
1250 1999 1325 2028 pro-

420 2040 572 2069 curatoria
591 2050 707 2073 eorum,
728 2039 883 2068 scilicet...
903 2038 965 2078 (sic)

459 2089 652 2118 Licenciatus
670 2095 717 2117 est
733 2088 876 2117 dominus
889 2087 1030 2116 Andreas
1044 2087 1081 2115 de
1098 2087 1252 2126 Friburgo
1268 2088 1326 2116 sub

420 2138 567 2177 magistro
581 2137 719 2166 Johanne
737 2137 823 2175 Drop
834 2135 858 2171 ³,
875 2135 962 2176 cujus
978 2137 1073 2164 bursa
1086 2135 1142 2164 VII
1159 2136 1216 2165 sol.

460 2187 652 2216 Licenciatus
689 2192 736 2214 est
773 2186 884 2214 Petrus
919 2184 1049 2214 Pinonis
1083 2186 1140 2214 sub
1177 2185 1325 2224 magistro

420 2236 613 2264 Theodorico
638 2236 674 2263 de
703 2234 785 2263 Delft
796 2233 819 2269 ⁴,
848 2233 934 2273 cujus
958 2235 1053 2263 bursa
1080 2234 1106 2263 11
1139 2233 1230 2262 solidi
1257 2244 1325 2263 cum

420 2285 561 2313 dimidio.

461 2334 654 2362 Licenciatus
675 2339 722 2361 est
737 2332 869 2361 Mathias
889 2333 926 2361 de
945 2331 1135 2361 Grisemonte
1154 2333 1210 2361 suh
1232 2332 1325 2372 magi-

421 2389 485 2412 stro
496 2382 613 2421 Egideo
623 2382 752 2416 Jutfaes,
767 2380 853 2419 cujus
865 2382 959 2410 bursa
971 2381 1027 2409 Vll
1040 2380 1142 2409 solidi.

460 2431 653 2460 Licenciatus
677 2437 724 2459 est
747 2430 890 2459 dominus
916 2429 1074 2459 Johannes
1100 2430 1242 2458 Barberii
1269 2431 1326 2459 sub

421 2481 568 2519 magistro
586 2480 704 2519 Egideo
717 2479 844 2514 Jutsaes‚
863 2478 950 2518 cujus
963 2480 1057 2507 bursa
1071 2478 1128 2507 Vll
1146 2479 1248 2507 solidi.

462 2530 535 2567 (Fol.
562 2530 607 2568 19)
631 2528 750 2567 Incepit
771 2528 913 2556 dominus
940 2528 1080 2556 Andreas
1105 2528 1142 2556 de
1173 2527 1326 2567 Friburgo

422 2579 478 2607 sub
502 2578 648 2617 magistro
671 2577 844 2606 Theodrico
867 2577 904 2605 de
924 2576 1021 2611 Delft‚
1043 2574 1129 2615 cujus
1152 2577 1247 2605 bursa
1268 2576 1325 2606 Vll

422 2627 524 2655 solidi.

463 2675 580 2714 Incepit
613 2675 755 2704 dominus
789 2675 901 2703 Petrus
933 2674 1061 2703 Pinonis
1093 2675 1149 2702 sub
1177 2674 1326 2713 magistro

421 2724 594 2752 Theodrico
608 2725 645 2752 de
663 2724 756 2758 Delft‚
773 2722 859 2763 cujus
877 2724 972 2752 bursa
992 2722 1019 2751 ll
1041 2722 1132 2752 solidi
1152 2732 1220 2752 cum
1236 2723 1327 2752 dimi-

422 2773 484 2801 dio.

453 2864 475 2887 1.
507 2864 617 2887 Rubrica
629 2864 653 2887 in
666 2867 720 2887 ms‘·
731 2866 814 2887 eoestat
821 2866 879 2895 post
893 2863 989 2887 MCCC.

456 2900 478 2922 2.
509 2899 623 2930 Epistola
634 2908 676 2922 an.
687 2900 755 2927 1394,
770 2901 828 2922 Ιαη,
842 2900 857 2921 6
869 2899 900 2921 de
908 2898 991 2922 tribus
1000 2897 1054 2922 viia.

454 2936 476 2957 3.
512 2935 561 2965 Qui
570 2943 646 2965 supra
659 2938 762 2958 uocatur
775 2935 854 2965 Dorp.

453 2970 476 2992 4.
510 2971 556 2993 Με.
573 2971 663 2993 Deleft.

1365 963 1398 989 10

1365 1209 1398 1234 15

1365 1455 1399 1480 20

1364 1701 1398 1727 25

1363 1947 1397 1973 30

1364 2193 1398 2218 35

1364 2437 1397 2463 40

1365 2681 1398 2707 45

1476 517 1594 556 Incepit
1615 517 1758 546 dominus
1782 517 1960 547 Willelmus
1985 518 2022 546 de
2047 517 2261 547 Schoenhovia
2285 519 2343 548 sub

1434 566 1584 606 magistro
1599 566 1735 596 Henrico
1754 567 1792 596 de
1811 566 1958 599 Harnem,
1974 565 2061 606 cujus
2075 567 2169 596 bursa
2182 566 2223 596 vl
2241 567 2300 597 sol.

1475 615 1668 645 Lieenciatus
1686 622 1734 645 est
1750 615 1893 644 dominus
1909 615 2086 645 Willelmus
2104 616 2141 645 de
2155 616 2343 646 Montfordia

1436 665 1493 693 sub
1510 664 1630 704 Egideo
1645 665 1772 700 Juffaes,
1788 663 1875 704 cujus
1893 666 1986 694 bursa
2006 664 2090 694 1111⁰⁷
2102 665 2205 694 solidi.

1477 713 1621 751 1ndi[c]ta
1639 714 1885 753 congregacione
1900 713 2120 743 Universitatis
2137 714 2191 743 1x=
2205 714 2254 743 die
2270 714 2343 744 Maii

1436 762 1467 790 in
1483 762 1595 791 Sancto
1609 762 1763 791 Maturino
1780 763 1856 792 facta
1875 763 1929 792 fuit
1944 769 1974 792 et
1984 763 2189 803 congregacio
2205 763 2342 793 nacionis

1436 820 1531 850 super
1548 812 1626 840 facto
1648 811 1772 851 collegii
1789 812 1826 840 de
1843 812 1948 841 Dacia.
1965 811 2004 840 Et
2022 818 2154 851 protunc
2171 812 2343 852 supplicavi

1436 860 1558 889 nomine
1581 860 1720 890 nacionis
1744 860 1776 889 in
1799 859 2019 896 Universitate,
2043 867 2076 890 ut
2097 862 2134 890 de
2157 867 2260 890 cetero
2281 871 2343 890 non

1435 909 1544 938 fierent
1566 909 1784 948 reparaciones
1810 909 1841 938 in
1863 910 1954 938 domo
1985 910 2077 939 Dacie
2112 909 2173 939 nisi
2199 910 2343 950 perprius

1436 958 1534 993 locus,
1561 958 1591 987 in
1613 968 1674 997 quo
1698 958 1829 988 habeant
1845 958 1923 994 fieri,
1942 959 2086 988 visitetur
2103 969 2159 998 per
2180 959 2342 999 deputatos

1435 1006 1666 1043 Universitatis,
1688 1018 1726 1036 an
1750 1008 1827 1037 tales
1854 1008 1916 1036 sint
1937 1007 2123 1037 necessarie.
2151 1008 2191 1038 Et
2210 1015 2342 1048 protunc

1436 1056 1492 1085 suit
1518 1057 1628 1085 sactum
1652 1058 1826 1086 mandatum
1853 1057 1974 1086 bedello
1998 1063 2031 1086 ut
2054 1057 2117 1086 illis
2141 1058 2179 1086 de
2208 1057 2340 1098 collegio

1436 1105 1635 1134 Laudunensi
1666 1105 1858 1135 inhiberetur
1885 1116 1923 1134 ne
1944 1107 1981 1135 de
2001 1112 2104 1135 cetero
2124 1106 2155 1135 in
2178 1106 2230 1135 illa
2251 1107 2343 1136 domo

1437 1153 1548 1183 faciant
1572 1155 1801 1193 reparaciones,
1825 1154 1894 1183 loco
1915 1165 1977 1184 non
2000 1155 2068 1184 viso
2090 1165 2146 1194 per
2167 1156 2340 1195 deputatos.

1436 1203 1475 1232 Et
1488 1213 1636 1232 concessa
1656 1204 1856 1243 supplicacio,
1872 1204 1952 1233 sicut
1964 1204 2061 1233 fuerat
2075 1204 2220 1243 perprius
2236 1205 2267 1233 in
2286 1204 2344 1234 alia

1435 1252 1682 1292 congregacione
1699 1252 1943 1282 Universitatis⁵
1969 1263 2118 1282 concessa
2141 1254 2178 1282 de
2201 1260 2343 1294 compoto

1435 1302 1595 1330 reddendo
1610 1311 1714 1330 coram
1731 1302 1885 1341 deputatis
1899 1301 2131 1331 Universitatis,

1476 1350 1670 1380 Licenciatus
1686 1357 1733 1380 est
1752 1351 1895 1380 dominus
1910 1350 2056 1380 Albertus
2075 1351 2154 1380 Bars
2172 1353 2229 1381 sub
2249 1352 2343 1393 magi-

1436 1405 1501 1428 stro
1519 1399 1658 1428 Johanne
1671 1399 1760 1435 Vein,
1774 1398 1862 1439 cujus
1873 1400 1966 1428 bursa
1981 1400 2067 1429 11110‘
2084 1400 2182 1430 albos.

1477 1447 1596 1487 incepit
1611 1448 1754 1478 dominus
1770 1448 1917 1478 Albertus
1935 1449 2013 1478 Bars
2028 1450 2086 1478 sub
2103 1449 2252 1489 magistro
2265 1449 2342 1490 Egi-

1436 1497 1495 1526 deo
1513 1497 1633 1532 Utfaes‚
1653 1497 1739 1537 cujus
1753 1498 1848 1526 bursa
1861 1497 1947 1526 1111⁰=
1962 1497 2063 1527 albos.

1476 1545 1596 1586 Incepit
1620 1546 1799 1576 Willelmus
1828 1547 1865 1575 de
1891 1547 2080 1576 Montfordia
2110 1548 2167 1576 sub
2191 1547 2341 1588 magistro

1436 1594 1555 1635 Egideo
1569 1595 1687 1631 Utfaes,
1704 1594 1791 1635 cujus
1807 1596 1900 1625 bursa
1916 1595 2001 1625 11110‘
2019 1596 2121 1625 solidi.

1477 1643 1590 1673 Facta⁶
1619 1645 1865 1684 congregacione
1898 1645 2037 1674 nacionis
2062 1644 2232 1685 Anglicane
2258 1646 2340 1686 apud

1436 1692 1580 1723 Sanctum
1607 1693 1795 1723 Maturinum
1818 1693 1929 1723 XXVI-
1949 1694 1998 1723 die
2025 1694 2098 1723 Maii
2124 1704 2218 1734 super
2239 1695 2340 1725 tribus

1434 1742 1583 1772 articulis.
1602 1743 1725 1772 Primus
1743 1743 1780 1772 de
1797 1743 1887 1772 domo
1905 1743 2011 1772 Dacie.
2030 1743 2131 1783 Super
2148 1754 2209 1783 quo
2224 1744 2342 1774 delibe-

1434 1792 1559 1821 rabatur
1581 1793 1664 1831 quod
1687 1793 1796 1821 domus
1817 1792 1995 1821 visitaretur
2019 1802 2076 1832 per
2097 1791 2218 1832 juratos
2240 1793 2342 1833 quoad

1434 1841 1652 1880 reparaciones
1666 1842 1771 1876 factas,
1790 1847 1820 1870 et
1836 1841 1894 1870 hoc
1914 1842 1992 1870 facto
2012 1842 2224 1881 requireretur
2240 1848 2343 1871 rector

1434 1896 1467 1919 ut
1491 1890 1654 1929 deputatos
1680 1891 1768 1919 datos
1790 1900 1848 1930 pro
1870 1896 2012 1930 compoto
2035 1891 2144 1920 domus
2169 1891 2264 1920 Dacie
2287 1901 2343 1920 au-

1434 1939 1547 1968 diendo
1566 1945 1701 1974 vocaret,
1722 1939 1775 1979 qui
1798 1939 1911 1968 dictum
1933 1945 2108 1979 compotum
2130 1939 2291 1970 visitarent
2313 1946 2344 1969 et

1434 1987 1508 2017 uhi⁷
1531 1994 1614 2017 esset
1633 1988 1805 2017 transibilis
1820 1988 1978 2023 transiret,
1994 1994 2023 2017 et
2037 1988 2069 2017 in
2087 1988 2156 2018 aliis
2171 1989 2344 2029 redargue-

1434 2043 1530 2066 retur.

1476 2086 1551 2116 Item
1570 2087 1653 2125 quod
1670 2086 1824 2116 levaretur
1845 2086 2081 2116 instrumentum
2101 2096 2196 2126 super
2217 2086 2340 2126 suppli-

1434 2135 1559 2165 cacione
1575 2135 1714 2164 nacionis
1727 2145 1887 2171 concessa,
1904 2141 1937 2165 ut
1951 2136 1989 2164 de
2000 2141 2103 2165 cetero
2113 2135 2196 2165 nulle
2214 2135 2245 2165 in
2260 2135 2342 2165 dicta

1435 2185 1526 2213 domo
1554 2185 1664 2213 fierent
1691 2184 1921 2224 reparaciones,
1951 2184 2011 2214 nisi
2040 2184 2107 2213 loco
2138 2184 2262 2214 visitato
2286 2194 2343 2224 per

1435 2235 1597 2272 deputatos
1614 2233 1846 2268 Universitatis,
1868 2243 1906 2262 an
1926 2233 2101 2263 necessarie
2121 2239 2226 2263 essent
2242 2233 2274 2262 in
2290 2233 2342 2263 illa

1434 2282 1664 2322 reparaciones.

1476 2331 1576 2370 Super
1597 2332 1628 2359 2⁰
1650 2330 1779 2360 articulo
1799 2332 1837 2360 de
1855 2337 1997 2370 compoto
2017 2331 2201 2370 receptoris.
2220 2330 2259 2360 Et
2276 2331 2342 2360 sue-

1434 2386 1503 2409 rant
1523 2380 1584 2408 dati
1602 2380 1738 2419 deputati
1761 2380 1792 2408 in
1813 2390 1944 2419 quorum
1964 2379 2126 2418 presencia
2143 2380 2339 2419 computavit,

1435 2435 1464 2457 et
1480 2438 1597 2457 summa
1618 2429 1649 2457 in
1667 2439 1725 2468 qua
1746 2430 1906 2458 tenebatur
1928 2428 2049 2457 nacioni
2067 2428 2148 2457 ultra
2170 2438 2224 2457 sua
2241 2438 2339 2468 expo-

1435 2478 1505 2512 sita,
1529 2477 1644 2516 scripta
1666 2484 1713 2506 est
1738 2477 1769 2506 in
1794 2487 1849 2506 suo
1874 2477 1954 2506 libro
1973 2487 2030 2516 per
2057 2487 2177 2506 manum
2201 2477 2343 2517 magistri

1436 2525 1552 2554 Galteri
1570 2525 1664 2554 Scoti.
1690 2526 1790 2565 Super
1809 2526 1841 2554 3ο
1860 2525 1989 2555 articulo
2009 2526 2046 2554 de
2067 2525 2226 2554 solucione
2242 2535 2342 2555 novo-

1435 2584 1502 2603 rum
1518 2574 1735 2614 magistrorum
1752 2575 1807 2604 fuit
1826 2574 2038 2609 deliberatum,
2056 2575 2140 2614 quod
2157 2575 2218 2614 ipsi
2238 2574 2342 2604 solve-

1435 2629 1504 2652 rent
1519 2623 1649 2662 quilibet
1662 2624 1796 2653 srancum
1810 2633 1868 2662 pro
1883 2632 1962 2652 nova
1974 2623 2198 2662 procuratoria,
2214 2630 2244 2653 et
2259 2624 2342 2663 quod

1436 2672 1576 2711 magistri
1613 2672 1703 2702 simul
1736 2672 1767 2701 in
1801 2672 1930 2711 prandio
1954 2672 2164 2701 convenirent.
2203 2672 2243 2702 Et
2277 2678 2341 2702 tres

1436 2727 1523 2750 erant
1535 2721 1672 2760 prompti
1686 2721 1816 2756 solvere,
1836 2727 1865 2750 et
1879 2721 1923 2750 sic
1941 2721 1996 2749 fuit
2010 2721 2199 2750 conclusum.

1466 2863 1490 2885 5.
1524 2863 1572 2884 Ms.
1587 2862 1662 2885 iterat
1674 2862 1766 2885 fueret.

1466 2899 1489 2921 6.
1524 2899 1551 2920 In
1563 2899 1677 2929 margine
1694 2901 1755 2921 nota
1767 2897 1799 2921 de
1809 2897 1886 2921 domo
1901 2897 1985 2921 Dacia.

1466 2933 1490 2956 7.
1523 2935 1572 2956 Ma.
1585 2933 1629 2956 ibi.

2625 2463 2632 2676 mas-1..—.--.-
2627 2417 2632 2449 ....
2628 2373 2632 2401 ....
2627 2333 2632 2355 1..

2628 3110 2632 3132 -.
2622 2874 2632 3085 .-ae2.nffi.-..-.—.
