2632 3464
415 441 466 466 (375
964 434 1187 461 AUCTARIUM
1213 433 1473 460 CHARTULARII
1497 427 1672 461 UNIVERS.
1699 435 1818 461 PARIS.
2284 437 2338 464 676

414 521 484 548 dum
501 528 557 557 pro
573 518 603 546 3²
618 516 694 550 vice,
706 514 755 543 vel
767 513 959 542 statuendum
973 521 1030 550 pro
1045 510 1153 550 prima.
1167 510 1212 538 3¹¹³
1226 519 1320 548 super

414 565 708 608 supplicacionibuS.
743 563 843 601 Super
873 561 973 600 primo
1008 559 1165 588 distributi
1198 559 1321 587 suerunt

415 626 547 651 menses,
562 614 709 654 magistro
727 611 858 641 Johanni
875 611 914 639 de
929 609 1012 638 Veen
1030 609 1149 648 primus
1168 614 1197 637 et
1212 618 1319 636 secun-

415 668 473 695 dus
488 664 615 698 mensis,
633 662 781 701 magistro
796 660 935 689 Arnoldo
950 658 1083 697 Bloeyer
1100 658 1156 691 3¹¹⁸,
1171 657 1319 696 magistro

415 715 563 744 Heinrico
580 714 616 741 de
637 711 790 741 Aernhem
808 710 849 738 4⁵.
869 709 906 737 Et
926 707 1018 737 solvit
1039 707 1187 746 magister
1204 706 1320 735 Johan-

413 775 469 793 nes
487 764 524 792 de
541 763 625 791 Veen
643 762 747 789 decem
764 758 881 788 solidos
900 756 1032 791 nacioni,
1050 762 1079 784 et
1096 765 1154 795 ego
1170 755 1317 794 quinque,

413 820 443 842 et
456 812 602 851 magister
621 809 795 848 Heynricus
815 808 852 836 de
870 805 1024 835 Aernhem
1044 804 1116 838 1111,
1133 814 1212 843 quos
1231 803 1319 833 nacio

413 862 603 891 deliberabat
622 858 832 898 perpotandos
851 857 871 883 (ὶ
891 858 921 883 la
936 865 1060 894 grange.
1079 853 1180 892 Super
1197 853 1229 881 2⁰
1246 853 1320 882 arti-

414 911 482 940 culo
502 909 617 949 placuit
635 906 756 936 nacioni
770 904 953 934 deordinare
969 903 1017 932 vel
1033 903 1206 931 destatuere
1221 911 1320 941 prop-

412 967 459 989 ter
476 959 587 988 motiva
602 957 750 996 predicta.
770 955 870 993 Super
884 954 915 982 3⁰
932 952 1036 982 nichil.

821 1046 918 1076 1393

452 1124 543 1153 Acta
565 1123 599 1151 in
619 1119 880 1161 procuratoria
901 1117 1074 1157 magistri
1098 1116 1279 1146 ,Iohannis

724 1171 765 1198 de
791 1168 1003 1207 Yselsteyn.

453 1254 614 1284 Celebrata
631 1250 876 1290 congregacione
893 1248 1033 1277 nacionis
1051 1246 1222 1286 Anglicane
1238 1246 1320 1285 apud

414 1304 556 1332 Sanctum
580 1301 734 1330 Julianum
758 1309 837 1327 anno
859 1297 984 1327 Domini
1007 1296 1051 1325 M⁰
1076 1295 1170 1325 CCC⁰
1191 1295 1318 1330 XC1110‚

412 1352 529 1381 decima
542 1351 590 1379 die
604 1349 719 1378 mensis
734 1348 842 1377 Marcii
859 1356 952 1385 super
970 1346 1069 1375 tribus
1085 1345 1234 1374 articulis.
1253 1344 1320 1373 Pri-

412 1412 479 1430 mus
503 1401 540 1429 ad
562 1399 735 1439 eligendum
757 1402 1000 1436 procuratorem,
1019 1395 1065 1423 2¹¹⁸
1080 1395 1117 1423 ad
1135 1394 1320 1423 audiendum

412 1456 586 1489 computum
603 1447 784 1487 receptoris‚
807 1447 852 1475 3¹¹²3
869 1455 963 1484 super
985 1443 1271 1483 supplicacionibus
1291 1449 1321 1472 et

412 1498 545 1538 injuriis.
560 1498 660 1536 Super
674 1496 774 1535 primo
788 1495 875 1524 nacio
891 1493 1088 1523 concorditer
1098 1492 1193 1532 elegit
1205 1492 1236 1520 in
1250 1501 1320 1531 pro—

413 1554 583 1576 curatorem
602 1545 779 1585 magistrum
793 1544 963 1573 ,Iohannem
979 1543 1017 1571 de
1028 1542 1205 1580 Yselsteyn.
1220 1541 1321 1580 Super

413 1598 443 1625 2⁰
460 1596 547 1625 nacio
565 1595 684 1624 distulit
704 1599 890 1632 computum.
910 1592 1011 1630 Super
1028 1592 1059 1620 3⁰
1076 1590 1179 1620 nullus
1198 1589 1321 1629 suppli-

414 1645 504 1675 cavit.

454 1693 646 1723 Licenciatus
664 1698 711 1721 est
731 1691 873 1720 dominus
889 1690 1065 1719 Makolinus
1085 1690 1122 1718 de
1139 1688 1320 1727 Carynkors

414 1745 470 1772 sub
487 1743 634 1782 magistro
651 1742 764 1781 Egidio
780 1741 817 1769 de
835 1740 961 1773 Jutsaes,
988 1738 1074 1778 cujus
1094 1739 1188 1767 bursa
1203 1737 1244 1766 Vl
1261 1737 1319 1766 sol.

455 1792 528 1821 Item
567 1789 841 1820 subdeterminavit
878 1788 1020 1817 dominus
1058 1787 1243 1816 Fredericus
1284 1787 1321 1815 de

414 1842 547 1875 Noerde,
561 1840 612 1879 qui
629 1840 778 1879 magistro
788 1838 945 1877 Heynrico
960 1838 998 1866 de
1009 1836 1145 1865 Arnhem
1159 1836 1323 1875 respondit

413 1891 450 1919 de
471 1890 643 1929 questione,
665 1895 694 1917 et
712 1888 767 1917 fuit
782 1887 1050 1916 subdeterminans
1073 1885 1188 1914 domini
1210 1885 1321 1914 Frede-

412 1939 468 1968 rici
485 1940 521 1967 de
537 1938 679 1967 Saxonia.

454 1988 544 2016 Facta
566 1983 811 2026 congregacione
834 1984 1053 2014 Universitatis
1072 1984 1152 2023 apud
1177 1983 1321 2012 Sanctum

413 2037 598 2066 Maturinum
618 2036 684 2065 XV2
705 2035 754 2064 die
774 2035 890 2063 mensis
909 2034 1017 2063 Marcii
1038 2034 1069 2062 in
1089 2033 1198 2072 primis
1217 2032 1321 2061 Sancti

412 2086 529 2119 Jacobi,
547 2085 670 2114 devenit
696 2085 733 2113 ad
754 2084 896 2113 noticiam
916 2082 1140 2122 procuratoris,
1160 2082 1321 2120 quemdam

413 2135 724 2164 subdeterminantem
759 2132 916 2172 cujusdam
947 2131 1113 2161 baclialarii
1139 2131 1320 2160 existentem

413 2185 444 2212 in
460 2182 598 2212 camera⁴
628 2183 740 2212 habere
759 2182 965 2211 intencionem
980 2180 1156 2210 recedendi.
1174 2180 1233 2217 Qui
1246 2190 1321 2219 pro-

413 2239 535 2262 curator
551 2242 645 2271 super
663 2232 720 2260 hoc
743 2230 897 2260 consuluit
918 2230 1087 2264 nacionem,
1108 2235 1138 2258 et
1160 2229 1228 2268 ipsa
1250 2239 1320 2257 con-

413 2282 547 2310 corditer
556 2281 747 2314 deliberavit,
759 2280 886 2309 articulo
896 2285 1011 2308 attento
1022 2278 1227 2313 necessitatis,
1237 2278 1321 2317 quod

413 2331 463 2359 ille
477 2340 660 2359 recessurus
677 2330 902 2358 examinaretur
915 2327 1002 2368 juxta
1018 2328 1144 2356 sormam
1161 2328 1319 2356 subdeter-

413 2379 616 2414 minancium;
636 2380 673 2408 de
689 2378 955 2417 disputacionibus
978 2383 1077 2406 autem
1102 2376 1189 2405 nacio
1217 2386 1320 2405 secum

413 2428 604 2468 dispensavit
616 2438 713 2467 usque
730 2429 767 2456 ad
783 2437 894 2456 annum
907 2427 1040 2455 futurum
1053 2425 1121 2454 illas
1135 2425 1318 2460 differendo,

414 2478 485 2516 quia
502 2479 578 2506 forte
597 2477 779 2516 simpliciter
794 2486 856 2505 non
873 2475 981 2515 potuit.

454 2526 525 2565 (Fol.
555 2526 583 2565 8)
615 2526 690 2554 Item
715 2525 893 2554 licenciatus
918 2530 965 2553 est
991 2524 1133 2553 dominus
1162 2523 1318 2552 Johannes

414 2575 573 2614 Nallinger
591 2576 647 2604 sub
666 2574 814 2614 magistro
831 2573 944 2612 Egidio
967 2573 1095 2608 Jutfaes,
1120 2571 1206 2612 cujus
1227 2573 1320 2601 bursa

414 2623 439 2651 V
455 2624 557 2652 solidi.

455 2673 526 2701 Item
554 2673 731 2701 licenciatus
753 2678 800 2701 est
825 2671 968 2700 dominus
994 2670 1146 2700 Alaerdus
1170 2671 1207 2698 de
1231 2670 1319 2698 Driel

415 2722 470 2749 sub
499 2722 646 2760 magistro
675 2721 788 2760 Egidio
812 2721 849 2749 de
872 2720 1005 2755 Jutfaes,
1031 2719 1116 2758 cujus
1146 2720 1240 2748 bursa
1262 2718 1318 2747 VII

415 2770 516 2804 solidi,
534 2771 551 2798 4
569 2770 698 2799 denarii.

455 2819 527 2847 Item
551 2819 728 2848 licenciatus
754 2825 800 2847 est
824 2818 966 2847 dominus
990 2817 1146 2847 Johannes
1170 2818 1256 2856 Dorp
1282 2818 1319 2846 de

445 2933 467 2956 1.
502 2935 520 2956 I.
536 2942 557 2957 c.
569 2934 630 2956 dum
644 2933 843 2957 examinaretur.

1358 956 1391 982 10

1358 1202 1391 1228 15

1358 1447 1391 1473 20

1358 1693 1392 1718 25

1359 1938 1393 1964 30

1358 2184 1392 2210 35

1358 2428 1391 2454 40

1429 510 1543 549 Leydis
1561 512 1618 540 sub
1640 512 1788 551 magistro
1811 511 1924 551 Egidio
1946 512 1984 541 de
2007 512 2123 542 Jutsaes
2144 512 2338 552 incepturus,

1428 558 1514 598 cujus
1527 560 1622 589 bursa
1634 559 1690 590 V11
1709 560 1813 596 solidi,
1832 561 1850 589 4
1864 561 1994 590 denarii.

1469 608 1543 637 Item
1559 609 1834 639 subdeterminavit
1849 610 1993 639 dominus
2014 610 2170 639 Johannes
2187 611 2225 639 de
2241 610 2338 640 Bava-

1428 657 1474 686 ria
1497 659 1553 687 sub
1569 659 1717 698 magistro
1733 658 1872 688 Johanne
1888 658 2125 699 Rfiedelinghen
2140 660 2336 699 respondens

1429 707 1466 735 de
1480 707 1653 746 questione.

1469 756 1543 785 Item
1568 756 1684 796 incepit
1705 757 1847 786 dominus
1869 757 2026 786 Johannes
2051 757 2139 797 Dorp
2161 758 2199 786 de
2223 757 2337 797 Leydis

1429 805 1486 834 sub
1512 805 1662 844 magistro
1689 805 1803 845 Egidio
1830 806 1867 834 de
1890 806 2023 841 Jutsaes‚
2047 805 2134 846 cujus
2162 807 2258 835 bursa
2280 805 2337 835 V11

1429 853 1533 890 solidi,
1552 854 1571 883 4
1588 854 1718 884 denarii.

1470 903 1544 932 Item
1565 903 1680 942 incepit
1697 903 1841 933 dominus
1859 904 2015 933 Johannes
2033 903 2193 944 Nallinger
2208 904 2266 934 sub
2283 914 2338 933 eo-

1428 952 1508 987 dem,
1523 951 1610 992 cujus
1626 953 1721 982 bursa
1733 953 1760 982 V
1772 953 1875 983 solidi.

1469 1000 1544 1030 Item
1567 1003 1644 1030 sacta
1663 1001 1908 1041 congregacione
1931 1002 2083 1031 facultatis
2104 1002 2280 1041 specialiter
2299 1003 2337 1031 ad

1428 1049 1604 1089 eligendum
1624 1057 1775 1080 rectorem
1793 1051 1845 1080 24²
1859 1051 1908 1080 die
1924 1051 2040 1080 mensis
2055 1051 2165 1080 Marcii
2180 1051 2212 1080 in
2229 1050 2338 1090 primis

1429 1099 1541 1128 Nostre
1565 1099 1696 1128 Domine
1719 1100 1801 1139 apud
1822 1099 1966 1130 Sanctum
1982 1100 2137 1129 ,lulianum
2156 1110 2336 1140 pauperem,

1429 1154 1560 1187 protunc
1569 1149 1646 1178 facta
1656 1148 1751 1178 eciam
1761 1149 1816 1178 suit
1825 1149 2030 1189 congregacio
2041 1149 2181 1178 nacionis
2191 1159 2249 1188 per
2258 1148 2338 1188 jura·

1429 1204 1562 1227 mentum
1583 1208 1678 1236 super
1697 1198 1797 1227 tribus
1817 1197 1966 1227 articulis.
1984 1198 2108 1227 Primus
2130 1199 2167 1227 ad
2189 1198 2339 1227 ordinan-

1429 1247 1500 1275 dum
1516 1247 1554 1276 de
1574 1247 1694 1276 duabus
1711 1247 1854 1276 domibus
1872 1247 2022 1282 nacionis,
2040 1247 2158 1277 scilicet
2179 1248 2270 1276 domo
2296 1248 2340 1276 ad

1427 1297 1597 1335 ymaginem
1612 1303 1710 1325 nostre
1724 1297 1849 1325 Domine
1865 1296 1966 1335 quoad
1978 1296 2166 1326 locacionem
2186 1302 2216 1325 et
2235 1296 2339 1325 desec-

1429 1351 1513 1374 tuum
1535 1345 1777 1384 reparacionem‚
1793 1351 1823 1374 et
1844 1345 1882 1374 de
1902 1346 1992 1374 domo
2015 1346 2110 1375 Dacie
2133 1346 2234 1385 quoad
2252 1355 2338 1374 com—

1429 1394 1623 1433 putacionem
1637 1394 1818 1424 audiendam
1832 1404 1849 1423 a
1859 1394 2009 1433 magistro
2025 1394 2204 1424 Gheraerdo
2215 1395 2255 1423 de
2263 1394 2338 1423 Ver-

1430 1443 1576 1483 sengiaco
1587 1443 1612 1479 2,
1629 1443 1777 1483 magistro
1800 1443 1924 1483 collegii
1938 1444 2164 1473 Laudunensis.
2181 1444 2227 1472 2³¹·
2244 1453 2340 1483 super

1429 1493 1673 1532 appunctacione
1711 1493 1872 1522 statuenda
1907 1492 1989 1522 inter
2021 1493 2178 1522 dominum
2214 1493 2338 1532 episco-

1428 1552 1501 1581 pum
1533 1542 1735 1571 Baiocensem
1769 1548 1800 1571 et
1828 1541 1988 1571 nacionem
2020 1543 2122 1581 quoad
2153 1548 2253 1571 ortum
2264 1564 2271 1578 ,
2299 1542 2338 1571 de

1429 1601 1491 1630 quo
1507 1591 1613 1631 sepius
1629 1601 1723 1630 supra
1737 1591 1868 1620 mencio.
1883 1592 1929 1620 3¹¹⁸
1945 1601 2039 1630 super
2053 1590 2338 1630 supplicacionibus

1429 1647 1460 1669 et
1487 1639 1620 1680 injuriis.
1647 1642 1684 1670 Et
1714 1640 1802 1669 nacio
1829 1640 2011 1669 deliberavit
2039 1640 2235 1669 concorditer
2260 1640 2338 1669 istos

1429 1689 1576 1719 articulos
1596 1699 1665 1719 esse
1683 1689 1872 1718 differendos
1888 1690 1926 1718 ad
1943 1689 2032 1718 aliam
2047 1689 2336 1729 congregacionem,

1430 1739 1502 1778 quia
1514 1745 1586 1768 tunc
1598 1739 1654 1768 suit
1666 1738 1775 1768 electio
1791 1738 1933 1767 rectoris.

1470 1787 1663 1817 Licenciatus
1690 1794 1737 1817 est
1763 1787 1906 1817 dominus
1933 1787 2118 1817 Fredericus
2142 1788 2180 1816 de
2205 1787 2340 1816 Saxonia

1430 1838 1487 1866 sub
1506 1837 1654 1877 magistro
1668 1837 1807 1866 ,Iohanne
1820 1836 2047 1876 Rfiedelinghe,
2060 1835 2147 1876 cujus
2162 1837 2257 1866 bursa
2271 1835 2298 1865 V
2310 1846 2336 1866 s.

1471 1886 1545 1915 Item
1568 1886 1684 1926 incepit
1705 1886 1848 1915 dominus
1869 1886 2054 1915 Fredericus
2072 1886 2110 1914 de
2132 1885 2266 1914 Saxonia
2280 1886 2338 1915 sub

1430 1936 1578 1975 magistro
1593 1935 1732 1965 Johanne
1750 1935 1976 1974 Rfiedelinghe‚
1994 1933 2081 1974 cujus
2099 1935 2194 1964 bursa
2207 1933 2235 1964 V
2250 1944 2275 1963 s.

1471 1985 1546 2014 Item
1563 1985 1641 2013 facta
1662 1985 1908 2024 congregacione
1926 1983 2147 2013 Universitatis
2170 1983 2270 2023 prima
2289 1983 2339 2013 die

1430 2034 1546 2063 mensis
1559 2033 1678 2072 Aprilis
1693 2034 1724 2062 in
1739 2033 1850 2072 primis
1865 2033 1978 2063 Nostre
1995 2032 2126 2062 Domine
2144 2033 2225 2072 apud
2241 2032 2339 2062 Sanc-

1429 2090 1493 2112 tum
1515 2082 1701 2112 Maturinum
1720 2083 1797 2111 facta
1818 2082 1874 2111 fuit
1895 2082 1990 2111 eciam
2009 2081 2214 2121 congregacio
2231 2081 2339 2110 nacio-

1429 2132 1479 2161 nis
1492 2141 1587 2171 super
1600 2131 1772 2160 immediate
1787 2141 1882 2171 supra
1894 2131 1983 2160 tactis
1998 2130 2147 2160 articulis.
2163 2130 2265 2170 Super
2276 2130 2339 2169 pri-

1430 2191 1478 2210 mo
1506 2181 1590 2210 dedit
1614 2181 1702 2210 nacio
1733 2182 1895 2220 deputatos
1923 2180 2104 2220 magistrum
2131 2179 2275 2219 Egidium
2299 2179 2338 2208 de

1429 2230 1556 2264 Jutsaes‚
1574 2230 1754 2269 magistrum
1777 2229 1940 2268 Hugonem
1962 2229 1999 2258 de
2017 2228 2091 2257 Delf
2109 2234 2139 2257 et
2157 2228 2338 2268 magistrum

1430 2279 1599 2319 Georgium
1616 2279 1654 2307 ad
1668 2279 1855 2308 visitandum
1873 2279 2010 2307 defectus
2029 2278 2138 2306 domus
2158 2277 2200 2306 ad
2217 2278 2338 2316 ymagi-

1429 2339 1494 2357 nem
1509 2336 1607 2356 nostre
1619 2330 1755 2363 Domine,
1773 2334 1803 2357 et
1816 2327 1842 2356 si
1858 2326 1911 2366 qui
1925 2327 2037 2356 fuerint
2048 2326 2176 2365 reperti,
2189 2325 2338 2355 delibera-

1428 2378 1471 2406 vit
1486 2384 1519 2406 ut
1531 2383 1750 2416 repararentur
1760 2386 1817 2416 per
1829 2382 2032 2415 receptorem.
2046 2375 2121 2404 Item
2137 2374 2296 2404 consensit
2306 2374 2338 2404 in

1429 2426 1617 2456 locacionem
1630 2425 1713 2454 illius
1729 2426 1838 2454 domus
1851 2435 1907 2464 per
1918 2430 2110 2463 receptorem
2125 2424 2244 2453 factam.
2261 2423 2336 2452 Item

1394 2475 1403 2484 ”’
1429 2476 1467 2504 de
1484 2476 1575 2504 domo
1595 2474 1689 2504 Dacie
1708 2475 1746 2503 ad
1761 2474 1945 2503 audiendum
1962 2479 2137 2512 computum
2156 2482 2172 2501 a
2188 2473 2337 2512 magistro

1358 2673 1391 2698 45

1430 2524 1609 2553 Gheraerdo
1625 2524 1662 2552 de
1678 2522 1887 2562 Versengiaco
1905 2521 1990 2551 dedit
2007 2521 2170 2560 deputatos
2183 2521 2222 2550 ad
2238 2520 2338 2560 placi-

1429 2580 1492 2602 tum
1512 2571 1723 2612 procuratoris
1742 2572 1910 2606 vocandos,
1927 2570 1980 2610 qui
1997 2579 2056 2609 pro
2076 2576 2215 2609 tempore
2233 2569 2334 2599 fuerit.

1430 2622 1531 2661 Super
1542 2622 1572 2650 2⁰
1587 2621 1716 2650 articulo
1727 2619 1909 2650 deliberavit
1921 2619 2009 2648 nacio
2026 2625 2059 2648 ut
2073 2625 2257 2658 procurator
2269 2628 2336 2648 cum

1429 2672 1550 2700 duobus
1573 2669 1730 2710 magistris
1751 2669 1800 2699 vel
1818 2669 1918 2698 tribus
1940 2668 2039 2708 magis
2057 2668 2193 2707 expertis
2209 2668 2246 2697 ab
2266 2667 2337 2707 ipso

1428 2719 1576 2749 vocandis
1594 2719 1707 2748 faceret
1723 2717 1896 2758 ingrossari
1911 2717 2185 2757 appunctacionem
2200 2717 2239 2746 de
2256 2722 2336 2746 orto.

1431 2769 1530 2808 Super
1546 2770 1576 2798 3⁰
1594 2767 1723 2797 articulo
1739 2767 1842 2796 nullus
1859 2766 2054 2806 supplicavit.

1459 2932 1482 2990 l2.
1501 2931 1648 2990 HGIex-ardus
1657 2931 1688 2954 de
1699 2930 1868 2961 Versigniaco
1875 2930 1926 2961 suit
1936 2932 1990 2953 nal.
2001 2929 2101 2953 Picard.
2117 2929 2149 2953 de
2157 2937 2207 2961 quo
2218 2928 2244 2952 in
2258 2928 2341 2952 Char-

1429 2970 1456 2990 tu
1471 2985 1487 2995 .,
1541 2985 1546 2990 .

2619 2355 2632 2555 *amna—...in-
2625 2319 2632 2347 ,μ
2628 2304 2632 2306 .
2629 2281 2632 2289 -
