2632 3464
310 455 363 482 858
814 454 928 481 LIBER
948 454 1261 482 PROCURATORUM
1280 454 1460 481 NATIONIS
1478 455 1723 482 ANGLICANAE
2176 458 2227 484 854

310 533 400 563 nacio
414 532 565 562 remansit
583 532 720 572 obligata
737 531 870 561 Johanni
892 531 1025 561 lathamo
1047 531 1079 560 in
1099 531 1214 571 viginti

310 581 440 612 schutis.
458 582 499 612 Et
509 581 556 611 sic
571 581 602 611 in
618 587 684 611 toto
698 581 787 611 nacio
803 581 896 610 debet
911 586 1033 610 centum
1050 581 1173 610 francos
1186 586 1217 609 et

309 631 488 671 octuoginta
503 630 647 660 omnibus
663 629 848 670 computatis
863 635 894 658 et
907 629 1077 658 defalcatis.
1095 629 1142 658 De
1153 639 1215 668 quo

308 685 454 720 computu
469 681 549 710 facto
560 679 650 709 naeio
662 679 768 708 habuit
777 678 934 708 dominum
943 684 1136 717 receptorem
1147 687 1215 717 gra-

307 735 384 764 tum,
403 734 542 758 avoatum
564 734 595 758 et
612 728 903 758 recommendatum.
926 726 966 756 Et
985 727 1216 767 regraciabatur

308 777 414 808 sibiet
427 777 608 807 Boemundo
626 776 748 806 bedello
765 782 874 806 nostro
893 777 932 805 de
949 776 1108 806 laboribus
1127 776 1215 805 sactis

308 826 342 856 in
367 825 565 856 edificacione
588 825 763 855 scholarum
786 832 898 865 septem
924 826 1040 854 arcium
1063 834 1120 865 per
1148 835 1213 854 eos.

309 875 412 916 Super
427 874 497 904 aliis
514 875 635 904 duobus
649 874 788 904 articulis
806 873 903 903 nichil
917 873 1027 903 factum
1045 873 1102 903 suit
1116 883 1215 913 prop-

307 930 356 954 ter
372 923 522 964 temporis
539 923 732 954 brevitatem.

349 972 421 1014 (hl.
457 971 531 1012 67¹²)
561 971 654 1002 Facta
686 971 934 1012 congregacione
964 971 1103 1001 nacionis
1132 972 1213 1011 apud

309 1021 454 1053 Sanctum
478 1020 666 1051 Maturinum
690 1030 772 1050 anno
798 1030 859 1060 quo
884 1030 990 1060 supra,
1012 1020 1128 1050 xxm·
1155 1020 1215 1050 Fe-

306 1071 435 1106 bruarii,
451 1071 484 1100 8ss
499 1070 586 1105 hora,
603 1079 699 1110 super
713 1070 834 1099 duobus
850 1069 999 1099 articulis.
1013 1069 1137 1099 Primus
1149 1076 1215 1099 erat

306 1121 345 1150 de
359 1119 597 1160 temptatoribua
610 1118 924 1148 baccallariandorum
937 1117 1074 1158 ejusdem
1087 1118 1170 1154 anni,
1184 1125 1215 1148 et

306 1169 345 1200 ad
367 1169 615 1199 distribuendum
636 1178 759 1198 menses
789 1168 1051 1197 licenciandorum
1075 1166 1213 1207 ejusdem

305 1218 389 1248 anni.
404 1218 566 1248 Secundus
581 1223 647 1247 erat
663 1214 759 1257 super
777 1217 1062 1257 supplicacionibus
1081 1223 1112 1246 et
1131 1216 1214 1257 inju-

306 1267 374 1297 riis.
389 1267 429 1297 Et
440 1266 628 1307 supplicavit
641 1266 790 1306 magister
803 1265 960 1295 Johannes
973 1266 1011 1295 de
1026 1265 1163 1302 Ausa-ia,
1180 1272 1213 1295 ut

305 1316 395 1346 nacio
411 1315 505 1346 vellet
525 1315 586 1345 sibi
609 1315 758 1345 assistere
782 1321 811 1344 et
836 1315 938 1355 ipsum
962 1315 1213 1344 recommendare

306 1365 338 1395 in
353 1364 563 1396 Universitate
586 1370 616 1394 et
637 1373 750 1405 pro,eo
767 1364 944 1403 supplicare
965 1373 1024 1404 pro
1043 1364 1116 1399 isto,
1141 1364 1213 1404 quia

306 1413 374 1454 ipse
386 1419 491 1454 petere
506 1413 572 1443 vult
586 1413 618 1442 in
630 1412 840 1443 Universitate
854 1422 913 1452 pro
928 1413 1120 1453 cappellania
1136 1423 1213 1452 qua-

306 1462 387 1499 dam,
415 1473 505 1502 quam
534 1462 640 1492 habuit
666 1462 815 1502 magister
843 1461 941 1491 Adam
973 1462 1136 1492 Carnificis
1162 1462 1213 1502 pie

305 1512 463 1547 memorie,
477 1510 565 1552 cujus
581 1511 771 1551 cappallanie
789 1510 917 1540 collacio
929 1511 1065 1551 pertinet
1081 1512 1120 1540 ad
1137 1510 1212 1541 Uni-

305 1561 493 1591 versitatem.
513 1560 616 1600 Super
633 1560 735 1600 primo
748 1560 877 1590 articulo
894 1561 932 1589 de
952 1560 1212 1590 examinatoribus

304 1609 557 1640 baccallariorum
579 1609 696 1649 placuit
713 1609 834 1638 nacioni
859 1609 943 1648 quod
963 1609 1051 1638 fleret
1074 1616 1104 1639 et
1129 1610 1212 1649 quod

304 1665 410 1689 essent
421 1658 477 1694 illi,
492 1658 545 1698 qui
562 1664 790 1688 consueverunt
804 1667 874 1687 esse
891 1658 1071 1698 antiquitus.
1091 1657 1212 1688 Conse-

305 1713 436 1748 quenter
454 1708 492 1736 de
507 1707 666 1737 mensibus
682 1706 944 1736 licenciandorum
958 1707 1075 1747 placuit
1089 1708 1210 1737 nacioni

304 1757 388 1797 quod
409 1756 558 1796 magister
575 1755 755 1795 H[enricus]
775 1757 814 1786 de
836 1755 937 1785 Berka
953 1756 1080 1786 haberet
1103 1766 1210 1786 omnes

303 1815 426 1836 menses
438 1815 495 1845 pro
503 1804 561 1835 ΧΠ
572 1805 682 1835 solidis
689 1804 871 1845 parisiens„
881 1805 1003 1834 nemine
1014 1805 1208 1835 reclamante.

305 1854 406 1895 Super
417 1855 449 1884 2⁰
462 1853 592 1884 articulo
604 1854 692 1883 nacio
702 1853 810 1883 annuit
824 1854 1047 1893 supplicacioni
1063 1855 1139 1884 facte
1156 1865 1212 1894 per

303 1903 484 1944 magistrum
505 1902 675 1933 Johannem
696 1903 734 1932 de
751 1902 894 1938 Austria‚
916 1909 946 1932 et
965 1903 1032 1933 vult
1051 1903 1111 1933 sibi
1134 1904 1208 1933 assi-

304 1958 386 1982 stere
402 1952 435 1981 in
448 1952 591 1981 omnibus
607 1951 638 1981 in
652 1952 766 1992 quibus
781 1957 896 1992 potest,
910 1958 969 1981 etc.

305 2058 521 2099 Sequuntur
552 2058 698 2088 nomina
731 2058 1062 2088 determinancium
1097 2059 1209 2089 istius

469 2107 570 2142 anni,
598 2106 749 2137 scilicet
777 2107 809 2137 M
843 2107 1052 2138 CCCC11⁴.

341 2194 447 2224 Primo
464 2194 681 2224 determinavit
695 2194 838 2224 dominus
859 2195 1043 2225 Fredericus
1061 2196 1100 2225 de
1116 2195 1208 2236 Myd-

301 2243 431 2273 dachten
452 2245 510 2273 sub
534 2243 684 2284 magistro
703 2243 872 2274 Goeswino
896 2244 934 2273 de
956 2243 1105 2279 Arnhem,
1119 2244 1206 2285 cujus

301 2293 395 2322 bursa
410 2292 467 2321 Vll
481 2292 586 2322 solidi.

341 2341 416 2370 ltem
427 2340 642 2371 determinavit
651 2341 684 2370 2⁰
695 2341 838 2371 dominus
847 2341 1043 2371 Hermannus
1059 2342 1097 2372 de
1110 2342 1206 2372 Does·

301 2389 402 2430 bergh
427 2390 485 2419 sub
506 2390 656 2430 magistro
679 2389 814 2420 Henrico
835 2389 979 2426 Xanctis,
1002 2389 1089 2431 cujus
1112 2392 1206 2422 bursa

301 2437 370 2468 xvl
383 2438 514 2468 denarii.

341 2487 415 2517 ltem
437 2487 652 2517 determinavit
673 2487 817 2517 dominus
839 2487 1039 2518 Eberhardus
1063 2489 1101 2518 de
1126 2489 1207 2519 Her-

300 2537 454 2577 renberga
471 2538 529 2566 sub
546 2537 695 2577 magistro
709 2536 886 2566 Hermanno
906 2537 945 2567 de
963 2536 1103 2581 Esiinga,
1119 2537 1206 2578 cujus

301 2585 395 2615 bursa
411 2585 512 2615 XVlll
529 2585 659 2615 denarii.

341 2632 416 2664 Item
440 2634 656 2664 determinavit
671 2634 815 2664 dominus
837 2634 993 2664 Johannes
1011 2633 1071 2674 Gyl
1095 2634 1205 2665 scotus

301 2682 360 2712 aab
375 2682 527 2723 magistro
543 2682 683 2713 Arnoldo
702 2683 867 2723 Vytwyck,
884 2682 972 2723 cujus
987 2684 1081 2713 bursa
1102 2683 1128 2713 ll
1145 2683 1203 2714 soi.

341 2730 416 2760 item
433 2731 649 2762 determinavit
661 2732 805 2762 dominus
820 2731 977 2762 «lohannes
992 2733 1030 2762 de
1047 2732 1204 2772 Lychtona

300 2779 359 2809 sub
374 2779 524 2819 magistro
537 2779 677 2810 Johanne
689 2781 728 2811 de
741 2780 909 2816 Bobordia.
920 2780 1007 2821 cujus
1021 2781 1117 2811 bursa
1129 2772 1160 2810 3·
1177 2792 1202 2811 s.

340 2827 415 2858 item
438 2828 654 2860 determinavit
671 2830 815 2859 dominus
838 2830 995 2860 lohannes
1016 2829 1123 2860 Roseti
1147 2831 1205 2861 sub

331 2907 353 2931 1.
386 2909 442 2932 See.
454 2907 542 2932 stilum
555 2908 644 2941 gallic.

330 2943 354 2967 2.
387 2944 415 2967 ln
434 2942 554 2968 Hatrikel
571 2943 618 2968 der
638 2944 802 2969 univer-itm
819 2945 985 2977 Heidelberg.
998 2945 1038 2969 ed.
1052 2945 1170 2973 Toarn.
1184 2946 1204 2974 1,

300 2977 345 3001 1⁶2
358 2977 485 3002 invenitur
494 2978 532 3002 ad
542 2986 584 3003 an.
599 2979 660 3003 142⁴
672 2979 818 3004 intitulatus
826 2980 959 3004 sobam-n
971 2980 1100 3004 verne-en
1113 2988 1160 3004 son
1173 2981 1205 3004 de

1252 975 1286 1001 1⁰

1251 1221 1285 1246 15

1250 1466 1284 1492 20

1248 1710 1283 1737 25

1247 1956 1281 1982 30

1245 2201 1279 2227 35

1243 2689 1276 2715 45

1323 531 1472 570 magistro
1492 531 1668 560 Hermanno
1685 533 1723 560 de
1741 531 1881 571 Eslinga‚
1898 532 1984 572 eujus
2005 534 2097 563 bursa
2117 541 2181 565 tres
2198 547 2224 566 s.

1364 580 1440 609 Item
1452 580 1666 610 determinavit
1680 581 1823 610 dominus
1834 581 1990 611 =lohannes
2004 583 2226 624 Rodenstheyn

1323 629 1382 658 snb
1397 629 1545 668 magistro
1561 629 1706 659 Conrado
1725 630 1861 665 Lubeck,
1878 630 1964 670 cujus
1982 632 2076 661 bursa
2092 633 2148 663 V11
2165 635 2224 663 sol.

1363 677 1439 706 ltem
1452 678 1667 707 determinavit
1678 678 1821 708 dominus
1837 679 2034 718 Sthephanus
2051 681 2153 722 Bygly
2169 685 2226 712 sub

1323 727 1472 766 magistro
1485 727 1626 756 Johanne
1638 727 1769 762 Elwald,
1787 726 1873 767 cujus
1887 729 1981 758 bursa
1993 736 2110 769 septem
2120 732 2223 761 solidi.

1364 775 1439 805 Item
1454 776 1669 806 determinavit
1683 776 1826 806 dominus
1840 776 1996 807 lohannes
2012 779 2050 807 de
2066 779 2153 809 Horn
2168 782 2226 810 sub

1323 825 1472 864 magistro
1486 825 1622 854 Henrico
1641 825 1679 854 de
1698 825 1836 861 Xanctis‚
1852 825 1939 866 cujus
1956 827 2049 856 bursa
2067 828 2135 858 XVI
2154 830 2224 859 den.

1364 873 1439 903 ltem
1462 874 1677 904 determinavit
1697 874 1840 904 dominus
1861 874 1974 905 Paulus
2001 875 2145 907 Gloterer
2170 880 2227 908 sub

1323 922 1472 962 magistro
1479 923 1655 952 Hermanno
1664 923 1702 952 de
1709 923 1848 963 Eslinga,
1857 923 1943 963 cujus
1950 925 2043 954 bursa
2052 926 2188 966 quinque
2197 938 2223 957 s.

1363 971 1438 1001 ltetn
1456 972 1671 1001 determinavit
1689 972 1831 1002 dominus
1854 972 2010 1003 Robertus
2032 974 2146 1004 Thome
2169 978 2226 1006 sub

1322 1021 1472 1060 magistro
1480 1021 1494 1050 J
1499 1021 1619 1050 ohanne
1631 1022 1669 1050 de
1678 1021 1844 1057 Bobardia,
1852 1021 1939 1061 cujus
1950 1023 2045 1052 bursa
2053 1024 2189 1064 quinque
2198 1036 2224 1054 s.

1363 1070 1438 1100 Item
1456 1069 1670 1100 determinavit
1686 1070 1829 1100 dominus
1849 1070 1984 1101 «lacobus
2007 1072 2148 1102 Haerlem
2167 1075 2224 1104 sub

1323 1120 1470 1159 magistro
1486 1119 1663 1148 Hermanno
1678 1118 1820 1154 Ummen,
1835 1118 1922 1159 cujus
1936 1121 2029 1150 bursa
2047 1122 2182 1162 quinque
2198 1133 2224 1153 s.

1363 1169 1437 1199 Item
1453 1169 1667 1198 determinavit
1680 1169 1824 1198 dominus
1835 1169 2070 1200 Bartholomeus
2082 1171 2224 1202 Haerlem

1322 1219 1380 1248 sub
1389 1218 1536 1258 magistro
1544 1217 1720 1246 Hermanno
1726 1217 1868 1253 Ummen,
1876 1217 1962 1258 cujus
1969 1219 2063 1249 bursa
2071 1227 2188 1259 septem
2197 1232 2223 1251 s.

1362 1267 1437 1297 ltem
1448 1267 1663 1296 determinavit
1674 1266 1816 1296 dominus
1827 1267 1841 1296 J
1846 1267 1983 1297 ohannes
1995 1268 2155 1309 Derlyngh
2167 1272 2225 1300 sub

1322 1316 1471 1356 magistro
1501 1315 1642 1345 Arnoldo
1669 1315 1840 1355 Vytwyck‚
1871 1315 1958 1356 cujus
1985 1318 2078 1347 bursa
2109 1325 2225 1358 septem

1322 1366 1425 1400 solidi,
1446 1375 1500 1395 sex
1515 1365 1646 1394 denarii.

1363 1415 1436 1444 Item
1459 1413 1672 1443 determinavit
1694 1413 1914 1453 Heynmannus
1938 1415 2038 1445 dietus
2065 1417 2103 1445 de
2126 1416 2225 1448 Orreo

1321 1464 1359 1493 de
1387 1463 1514 1493 Treveri
1540 1463 1598 1492 sub
1626 1463 1775 1502 magistro
1803 1462 1947 1493 Conrado
1978 1464 2113 1499 Lubeck,
2138 1465 2225 1506 cujus

1321 1514 1415 1542 bursa
1427 1513 1563 1552 quinque
1579 1511 1684 1541 solidi.

1362 1561 1436 1591 item
1461 1560 1676 1590 determinavit
1700 1561 1844 1590 dominus
1868 1561 2024 1591 lohannes
2050 1562 2224 1593 Vernesen-

1320 1620 1378 1640 zon
1389 1609 1402 1629 ²
1425 1610 1463 1639 de
1492 1610 1619 1639 Treveri
1647 1610 1704 1639 sub
1736 1610 1884 1649 magistro
1916 1611 2060 1640 Conrado
2085 1612 2222 1648 Lubeck,

1319 1658 1407 1699 cujus
1421 1660 1516 1688 bursa
1530 1658 1667 1698 quinque
1680 1658 1783 1689 solidi.

1360 1708 1435 1738 ltem
1450 1707 1665 1737 determinavit
1674 1707 1817 1737 dominus
1833 1707 2008 1747 Nycholaus
2019 1709 2168 1739 Johannis
2185 1711 2222 1740 de

1320 1757 1513 1787 Amsterdam
1535 1757 1592 1786 sub
1613 1756 1762 1796 magistro
1783 1756 1922 1786 Arnoldo
1947 1757 2112 1797 Vytwych,'
2136 1758 2222 1799 cujus

1320 1807 1414 1836 bursa
1431 1806 1566 1846 quinque
1580 1805 1684 1834 solidi.

1360 1855 1434 1885 ltem
1458 1854 1672 1884 determinavit
1702 1854 1845 1884 dominus
1873 1855 2006 1885 Jacobus
2032 1856 2151 1886 Becker
2185 1858 2223 1887 de

1318 1904 1512 1934 Amsterdam
1530 1904 1588 1932 sub
1607 1903 1756 1943 magistro
1776 1903 1952 1933 Hermanno
1976 1904 2116 1940 Ummen,
2135 1905 2222 1945 cujus

1318 1954 1411 1983 bursa
1427 1952 1563 1992 quinque
1577 1952 1680 1981 solidi.

1360 2002 1434 2031 item
1456 2001 1670 2031 determinavit
1687 2001 1829 2030 dominus
1848 2001 2004 2031 Johannes
2025 2002 2163 2042 Dyemen
2184 2004 2222 2033 de

1317 2050 1511 2081 Amsterdam
1532 2051 1589 2079 sub
1609 2050 1756 2089 magistro
1782 2050 1921 2079 Arnoldo
1948 2050 2109 2091 Vytwyck‚
2134 2052 2221 2092 cujus

1318 2101 1410 2129 bursa
1429 2099 1566 2139 quinque
1585 2098 1688 2129 solidi.

1359 2149 1431 2178 ltem
1447 2148 1661 2177 determinavit
1673 2147 1816 2177 dominus
1830 2148 1987 2178 lohannes
2002 2150 2040 2178 de
2054 2149 2150 2179 Gulsa
2161 2151 2220 2180 sub

1316 2197 1464 2237 magistro
1480 2197 1625 2227 Conrado
1641 2197 1775 2231 Lubeck,
1792 2196 1879 2235 cujus
1894 2198 1987 2227 bursa
2001 2198 2137 2238 quinque
2157 2199 2216 2228 soi.

1357 2246 1431 2276 ltem
1449 2245 1663 2275 determinavit
1678 2245 1821 2275 dominus
1838 2245 2021 2276 Fredericus
2040 2247 2194 2286 Lansteyn
2207 2247 2220 2265 ³

1315 2296 1373 2325 sub
1389 2295 1538 2334 magistro
1554 2294 1698 2324 Conrado
1714 2293 1849 2329 Lubeck,
1869 2294 1955 2334 cujus
1974 2296 2067 2325 bursa
2088 2296 2131 2324 4⁰*
2145 2295 2218 2327 albi.

1357 2344 1430 2373 item
1455 2343 1668 2373 determinavit
1688 2343 1830 2373 dominus
1862 2343 2047 2383 Wynandus
2073 2345 2110 2373 de
2134 2345 2220 2374 Con-

1315 2393 1444 2422 ssuencia
1465 2393 1522 2421 sub
1544 2392 1692 2431 magistro
1713 2392 1889 2422 Hermanno
1909 2393 1946 2422 de
1973 2393 2112 2432 Esiinga.
2131 2393 2218 2433 cujus

1315 2443 1409 2471 bursa
1421 2442 1464 2470 4⁰*
1474 2440 1578 2470 solidi.

1355 2491 1429 2520 ltem
1447 2489 1661 2519 determinavit
1677 2490 1820 2519 dominus
1844 2490 1996 2519 Henricus
2020 2490 2218 2521 Morderecht

1314 2540 1352 2569 de
1370 2539 1555 2569 Montfordia
1568 2539 1625 2568 sub
1639 2538 1786 2578 magistro
1799 2538 1937 2568 Arnoldo
1953 2538 2115 2578 Vytwyck,
2129 2538 2218 2579 cujus

1315 2589 1407 2618 bursa
1422 2587 1559 2627 quinque
1573 2587 1676 2616 solidi.

1355 2636 1428 2666 ltem
1442 2635 1655 2666 determinavit
1669 2636 1811 2666 dominus
1822 2636 1894 2665 Otto
1905 2637 1942 2665 de
1959 2636 2144 2667 Montsordia
2158 2638 2216 2667 sub

1314 2685 1462 2724 magistro
1488 2684 1628 2714 Arnoldo
1654 2683 1833 2724 Wytwyck,
1852 2684 1939 2724 cujus
1965 2686 2056 2715 bursa
2081 2686 2217 2726 quinque

1314 2733 1417 2763 solidi.

1353 2783 1426 2822 (Vol.
1447 2783 1495 2821 68)
1511 2781 1600 2812 Facta
1615 2782 1860 2821 congregacione
1879 2782 2017 2812 nacionis
2035 2784 2115 2822 apud
2135 2783 2216 2813 San-

1313 2837 1393 2861 ctum
1404 2830 1587 2860 Maturinum
1604 2841 1684 2860 anno
1699 2841 1760 2870 quo
1774 2841 1877 2870 supra,
1890 2830 1929 2860 ll·
1940 2831 1990 2860 die
2005 2830 2124 2866 Marcii.
2140 2831 2215 2861 hora

1313 2909 1443 2937 Tmen-io.
1455 2918 1512 2934 can.
1524 2909 1652 2935 Meter-aia.

1343 2946 1366 2970 3.
1401 2946 1452 2977 Qtu'
1467 2953 1509 2969 an.
1527 2946 1586 2969 1¹:¹7
1605 2945 1631 2969 in
1650 2945 1816 2969 Univoru'tau
1830 2945 1916 2968 Calon.
1932 2945 2080 2969 intitulatur
2089 2945 2157 2970 aliua
2167 2950 2213 2975 ut,

1313 2981 1373 3012 quia
1386 2980 1543 3004 uolummodo
1553 2980 1685 3004 acholarin.
1706 2981 1758 3004 rid.
1778 2981 1909 3008 litua-n.
1925 2980 1944 3009 Ι,
1961 2981 2014 3008 15⁶,
2026 2981 2064 3005 7⁶.
