2632 3464
441 426 493 451 383
978 421 1199 448 AUCTARIUM
1221 419 1480 447 CHARTULARII
1499 421 1674 449 UNIVERS.
1697 423 1814 450 PARIS.
2310 426 2362 453 384

482 501 555 530 Item
572 500 758 540 supplicavit
774 499 905 529 ballivus
924 505 956 528 ut
972 499 1002 527 in
1021 499 1080 527 fine
1097 497 1190 527 rotuli
1205 497 1345 527 nacionis

440 557 548 590 posset
560 549 644 589 poni,
661 555 690 578 et
705 549 792 578 nacio
809 549 836 577 ei
852 547 1016 578 concessit.

483 599 556 628 Item
576 599 607 627 in
639 599 743 627 eadem
768 597 1013 637 congregacione
1035 603 1135 625 tamen
1159 601 1228 624 ante
1248 595 1346 624 dictas

442 648 688 687 supplicaciones
710 653 839 686 propter
863 646 988 675 dubium
1015 645 1155 674 incidens
1180 643 1347 673 declaravit

442 703 504 726 tota
525 696 622 731 natio,
647 702 676 725 et
698 706 758 725 uno
780 696 903 734 dempto
924 694 1070 728 decrevit,
1092 694 1175 732 quod
1197 692 1346 732 magistro

442 745 610 775 wilhelmo
635 745 735 774 Buzer
760 744 872 773 nuncio
897 744 1035 772 nacionis
1066 742 1161 771 nichil
1179 743 1216 771 de
1241 742 1346 781 rigore

438 794 519 833 juris
544 799 730 833 competeret
753 794 791 822 de
813 793 941 831 pecunia
966 793 1003 821 ab
1026 791 1217 826 absentibus,
1242 791 1269 820 si
1294 790 1346 830 qui

443 843 674 882 imponerentur
687 852 743 881 pro
757 841 973 870 inrotulatione
990 842 1156 870 secundum
1179 840 1347 869 deliberata

444 892 583 921 nacionis
609 891 771 926 solvenda;
797 900 857 929 quo
886 889 989 919 audito
1019 890 1243 928 supersedebat
1266 889 1345 928 ipse,

445 941 622 980 supplicans
636 947 735 969 tamen
751 946 858 979 postea
874 945 906 968 ut
921 949 1025 978 supra.

485 990 558 1018 Item
574 990 745 1018 ordinatum
758 995 823 1017 erat
835 999 851 1017 a
867 988 994 1017 nacione
1011 988 1041 1016 in
1053 988 1158 1016 eadem
1174 996 1348 1026 congrega-

444 1039 530 1068 cione
548 1039 629 1077 quod
653 1038 683 1066 in
704 1037 843 1076 proxima
863 1036 1109 1076 congregacione
1128 1035 1348 1065 Universitatis

443 1088 606 1117 satisfieret
616 1086 736 1115 bedello
749 1097 807 1126 pro
822 1086 922 1115 rotulo
936 1087 1081 1125 deputato
1098 1086 1134 1114 de
1149 1085 1221 1114 Vlll
1234 1085 1347 1114 francis

444 1137 504 1165 sibi
524 1136 672 1165 ordinatis
693 1146 709 1164 a
729 1135 867 1164 facultate
888 1145 945 1174 pro
965 1135 1157 1174 deportando
1177 1133 1290 1169 rotulo,
1318 1140 1348 1163 et

443 1185 573 1214 nuncius
589 1191 660 1213 tunc
674 1184 822 1213 satisfecit
837 1184 876 1213 ei.

483 1234 557 1263 Item
582 1234 613 1262 in
639 1234 743 1262 eadem
770 1233 1015 1273 congregacione
1044 1233 1131 1261 nacio
1150 1232 1347 1262 concorditer

442 1282 596 1312 ordinavit
623 1283 705 1321 quod
734 1282 760 1311 si
788 1292 866 1321 quos
891 1282 1056 1321 magistros
1078 1283 1223 1310 absentes
1245 1281 1346 1310 rotulo

442 1332 558 1371 imponi
575 1331 742 1371 contingat,
763 1331 862 1360 solvat
882 1331 1012 1370 quilibet
1029 1332 1153 1366 absens,
1174 1341 1227 1360 seu
1248 1330 1275 1359 is
1293 1330 1346 1370 qui

442 1391 498 1420 pro
517 1391 552 1409 eo
569 1380 764 1419 supplicavit,
778 1380 900 1409 nacioni
914 1386 978 1409 tres
995 1380 1128 1414 francos,
1150 1386 1180 1408 et
1195 1379 1346 1409 inrotula-

441 1429 560 1458 toribus
578 1435 641 1458 tres
655 1429 772 1458 solidos
788 1429 886 1458 solvat
900 1435 1061 1468 antequam
1079 1429 1264 1468 imponatur.

482 1478 556 1507 Item
574 1479 657 1517 quod
675 1478 803 1517 quilibet
826 1478 1032 1517 imponendus
1052 1478 1153 1507 rotulo
1180 1478 1277 1507 solvat
1297 1478 1346 1507 vel

442 1527 586 1556 solvisset
597 1527 764 1566 jocundum
783 1527 951 1556 introitum.

482 1577 555 1605 Item
574 1583 646 1605 tunc
662 1576 755 1605 exivit
772 1576 892 1605 rotulus
905 1575 928 1604 ⁴.

482 1626 556 1654 Item
582 1626 648 1654 XVa
672 1626 721 1654 die
751 1624 887 1664 ejusdem
921 1625 1037 1654 mensis
1069 1635 1126 1664 ego
1163 1632 1346 1664 procurator

440 1675 638 1714 presentibus
662 1674 764 1703 multis
785 1674 942 1713 magistris
965 1674 995 1702 in
1015 1674 1152 1713 generali
1172 1684 1345 1714 congrega-

442 1724 528 1752 cione
540 1723 758 1753 Universitatis
772 1723 921 1762 requisivi
939 1723 1095 1762 publicum
1107 1723 1343 1752 instrumentum

440 1773 507 1801 fieri
535 1783 552 1801 a
583 1773 730 1812 magistro
758 1772 898 1801 Johanne
925 1772 1035 1801 Amers
1067 1773 1187 1801 notario
1219 1773 1343 1811 publico

440 1821 594 1860 receptori
610 1821 748 1850 nacionis
765 1831 859 1860 supra
876 1821 1080 1850 concessione
1102 1821 1343 1860 supplicacionis

441 1870 580 1910 magistri
608 1869 768 1899 Wilhelmi
801 1870 902 1899 Buzer
931 1870 1074 1909 superius
1105 1876 1261 1906 enarrate,
1291 1871 1343 1910 qui

440 1929 524 1948 more
540 1919 727 1948 notariorum
744 1919 860 1958 recepit
869 1919 1107 1958 promissionem
1123 1920 1180 1948 sub
1193 1919 1345 1959 ypotheca

441 1969 574 1997 omnium
586 1978 710 1997 suorum
722 1969 883 2003 bonorum,
900 1974 971 2003 etc.‚
983 1974 1012 1997 et
1025 1968 1095 1997 inde
1107 1969 1343 1998 instrumentum

440 2017 518 2046 dixit
535 2027 567 2046 se
582 2018 741 2052 facturum,
761 2023 790 2046 et
807 2017 887 2046 fecit.

838 2110 932 2138 1371

460 2180 531 2220 (Fal.
566 2181 611 2220 22)
644 2181 909 2209 Procuratoria
936 2181 1107 2220 magistri
1136 2181 1318 2212 ,lohannis

782 2231 823 2258 de
857 2230 996 2259 Duren.

479 2308 554 2337 Item
565 2308 647 2337 XV12=
656 2308 705 2337 die
719 2308 855 2348 ejusdem
869 2309 983 2338 mensis
994 2309 1130 2339 Januarii
1142 2310 1217 2340 hora
1230 2312 1342 2350 prima-

438 2367 505 2386 rum
520 2358 594 2386 facta
606 2358 850 2396 congregacione
864 2358 900 2386 ad
919 2358 1165 2397 supplicandum,
1184 2360 1341 2399 supplica—

438 2406 482 2435 vit
492 2406 639 2445 magister
648 2406 809 2445 Reynerus
820 2407 924 2446 Creyt‚
934 2407 1080 2446 magister
1087 2407 1234 2438 Albertus
1242 2409 1340 2450 Teng-

438 2455 528 2494 nagel
555 2461 584 2483 et
608 2455 754 2494 magister
776 2455 928 2484 Lubricus
954 2456 1041 2485 Bolle
1065 2463 1097 2486 ut
1120 2457 1149 2485 in
1172 2468 1255 2493 casu,
1280 2469 1340 2498 quo

438 2503 526 2542 copia
540 2503 602 2543 jam
620 2504 726 2532 ultimo
744 2503 831 2533 missi
849 2504 942 2533 rotuli
958 2506 1180 2535 transmittatur
1202 2507 1340 2537 Romano

436 2552 585 2591 pontifici,
618 2563 656 2581 ne
682 2553 758 2581 forte
779 2559 811 2581 ut
838 2553 913 2582 alias
937 2553 968 2582 in
991 2554 1199 2584 Universitate
1228 2562 1339 2586 tactum

438 2607 512 2636 erat,
542 2601 567 2629 si
591 2600 653 2640 jam
681 2601 794 2630 missus
826 2602 945 2631 rotulus
976 2603 1135 2633 deveniret
1166 2605 1203 2632 ad
1233 2615 1339 2634 manus

437 2650 551 2678 alienas
566 2650 613 2679 vel
634 2650 796 2685 latronum,
813 2657 885 2679 tunc
900 2650 1094 2681 Universitas
1115 2653 1337 2692 negligeretur,

438 2699 493 2726 sed
519 2709 575 2737 pro
599 2699 666 2737 ipsa
688 2698 765 2728 alius
787 2699 906 2728 rotulus
933 2710 987 2729 seu
1016 2701 1105 2740 copia
1134 2701 1222 2731 missi
1244 2703 1338 2732 rotuli

438 2747 527 2775 Rom.
553 2748 689 2786 pontifici
712 2755 955 2786 presentaretur,
980 2749 1193 2788 supplicarunt
1215 2751 1338 2790 inquam

438 2802 470 2823 ut
494 2795 575 2824 dicto
598 2797 699 2825 rotulo
722 2797 771 2826 vel
798 2796 885 2835 copie
913 2797 1028 2836 imponi
1053 2806 1191 2837 possent.
1219 2800 1338 2837 Quibus

438 2854 583 2873 concessa
611 2851 675 2874 erat
703 2846 897 2874 concorditer
929 2857 982 2875 sua
1005 2848 1206 2886 supplicacio,
1229 2855 1259 2878 et
1280 2849 1338 2878 hoc

468 2945 489 2967 1.
525 2946 552 2967 In
567 2946 679 2977 margine
693 2946 785 2969 Item...
804 2948 913 2970 rotulus.
929 2949 984 2971 Non
998 2951 1034 2971 est
1051 2952 1220 2974 conservatus.

1385 941 1419 966 10

1385 1185 1418 1211 15

1384 1435 1417 1460 20

1383 1679 1416 1705 25

1382 1924 1415 1949 30

1381 2169 1414 2194 35

1379 2414 1412 2439 40

1377 2657 1410 2682 45

1455 497 1565 527 solutis
1582 498 1740 529 solvendis
1761 506 1791 529 et
1807 500 1875 530 sine
1896 500 2070 541 prejudicio
2092 501 2221 542 alicujus
2242 502 2362 533 int-otu-

1432 549 1434 553 ’
1454 546 1596 576 latorum.
1614 547 1731 577 Eodem
1747 548 1796 579 die
1807 549 1883 579 hora
1898 560 1977 579 none
1988 549 2160 580 consimilis
2171 551 2362 592 supplicacio

1455 601 1520 625 erat
1534 597 1731 626 concorditer
1743 608 1811 627 cum
1825 599 2086 638 subsequentibus
2100 609 2248 630 concessa
2263 601 2362 641 magi-

1455 651 1521 674 stro
1536 645 1551 674 J
1556 645 1669 675 ohanni
1684 647 1807 676 Webel.

1496 694 1571 723 Item
1589 696 1696 724 eodem
1709 695 1759 725 die
1776 697 1853 725 sacta
1870 697 2116 737 congregacione
2131 698 2170 727 ad
2183 698 2363 738 supplican-

1455 743 1527 772 dum
1553 743 1629 773 hora
1652 754 1744 780 none,
1773 745 2026 785 supplicaverunt
2047 747 2195 787 magister
2215 747 2363 777 Albertus

1455 791 1647 833 Tengnagel,
1687 794 1834 834 magister
1872 795 2035 834 Reynerus
2074 795 2180 835 Creyt,
2215 797 2364 836 magister

1455 841 1612 871 Johannes
1648 843 1772 878 Webel,
1805 849 1838 872 ut
1864 844 1925 883 ipsi
1952 844 2069 884 imponi
2102 851 2233 884 possent
2260 845 2363 875 rotulo

1455 891 1701 927 reformacionis,
1723 898 1753 921 et
1773 892 1971 922 concorditer
1990 899 2077 922 erant
2100 893 2181 923 dicte
2204 893 2363 933 supplica-

1456 939 1561 969 ciones
1593 950 1752 976 concesse,
1782 948 1813 971 et
1839 941 1970 981 quilibet
1996 952 2054 981 pro
2087 952 2120 972 se
2157 942 2260 982 posuit
2285 943 2362 972 fide-

1452 987 1620 1028 jussorem‚
1637 996 1670 1019 ut
1682 990 1714 1018 in
1725 1000 1798 1020 casu
1812 1001 1873 1030 quo
1885 991 1946 1030 ipsi
1960 991 2083 1030 possint
2094 991 2362 1031 salvojuramento

1456 1037 1560 1067 nuncii
1592 1038 1674 1068 dicto
1710 1039 1812 1068 rotulo
1847 1039 1963 1079 imponi
1998 1046 2029 1069 et
2062 1040 2200 1080 impositi
2232 1041 2360 1077 fuerint,

1456 1087 1577 1116 solvant
1595 1087 1716 1117 nacioni
1734 1094 1799 1117 tres
1819 1089 1941 1118 francos
1959 1089 2089 1128 quilibet
2104 1090 2271 1119 secundum
2286 1090 2362 1119 alias

1455 1136 1634 1166 deliberata.
1652 1137 1802 1176 Magister
1820 1137 1974 1167 Henricus
1992 1138 2030 1166 de
2050 1138 2143 1167 Tenis
2163 1145 2193 1167 et
2214 1139 2363 1178 magister

1454 1185 1611 1214 Johannes
1629 1186 1740 1215 Amers
1761 1192 1905 1225 receptor
1917 1186 2123 1226 fidejubebant
2141 1194 2175 1216 ut
2190 1197 2284 1226 supra
2303 1198 2362 1227 pro

1455 1234 1604 1274 magistro
1632 1234 1777 1274 Reynero
1799 1235 1906 1274 Creyt.
1933 1235 2008 1264 Item
2034 1236 2182 1275 magister
2205 1236 2363 1266 ‚lohannes

1455 1283 1562 1312 Bloem
1582 1282 1766 1323 fidejubebat
1784 1294 1841 1323 pro
1859 1283 2006 1324 magistro
2025 1284 2154 1314 Alberto
2170 1285 2361 1326 Tengnagel,

1455 1338 1485 1361 et
1505 1333 1653 1372 magister
1675 1333 1841 1362 Bertoldus
1861 1333 1898 1362 de
1917 1332 2109 1363 Ruenhove²
2132 1344 2190 1373 pro
2213 1335 2362 1374 magistro

1454 1381 1593 1410 Johanne
1610 1381 1734 1411 Webel.

1496 1431 1570 1460 Item
1588 1430 1620 1459 in
1643 1431 1748 1459 eadem
1766 1431 2013 1470 congregacione
2035 1442 2073 1460 ex
2092 1442 2247 1461 consensu
2262 1432 2362 1472 magi-

1455 1486 1589 1509 strorum
1604 1479 1739 1509 omnium
1751 1480 1852 1509 missit
1863 1480 1951 1509 nacio
1961 1490 2052 1509 unam
2063 1480 2183 1510 literam
2195 1481 2360 1521 sigillatam

1448 1528 1558 1568 sigillo
1581 1528 1793 1567 procuratoris
1810 1529 1923 1558 nuncio
1943 1539 2001 1568 pro
2018 1530 2121 1570 rotulo
2142 1530 2307 1566 destinato,
2328 1536 2362 1560 ut

1454 1579 1623 1607 secundum
1656 1577 1889 1607 concessionem
1918 1578 2068 1608 dictarum
2094 1579 2359 1619 supplicacionum

1454 1627 1628 1656 admitteret
1638 1627 1709 1656 illos
1717 1633 1781 1656 tres
1793 1627 1959 1666 magistros
1971 1628 2008 1656 ad
2019 1628 2154 1658 rotulum
2165 1628 2360 1658 reformacio-

1453 1676 1514 1711 nis,
1536 1682 1566 1705 et
1585 1675 1701 1705 nullum
1721 1675 1824 1711 alium,
1839 1676 1900 1705 nisi
1920 1687 1957 1705 ex
1975 1683 2123 1716 precepto
2140 1677 2281 1707 nacionis
2301 1678 2359 1707 sub

1453 1735 1542 1764 pena,
1558 1735 1617 1764 qua
1632 1731 1754 1754 tenetur
1767 1725 1900 1754 fideliter
1916 1735 2026 1765 gerere
2052 1725 2183 1755 officium
2206 1726 2358 1756 nacionis.

1453 1774 1558 1803 Eeiam
1571 1773 1704 1814 injunxit
1721 1774 1809 1803 nacio
1826 1774 1858 1803 in
1873 1774 1954 1803 dicta
1968 1774 2058 1803 litera
2073 1775 2231 1814 sepedicto
2246 1775 2360 1805 nuncio

1452 1829 1485 1852 ut
1505 1823 1532 1852 si
1549 1823 1648 1852 dictos
1665 1823 1829 1862 magistros
1845 1823 1893 1853 vel
1913 1823 1991 1852 alios
2008 1823 2110 1853 rotulo
2126 1824 2360 1854 reformacionis

1452 1872 1569 1912 imponi
1586 1872 1790 1911 contingeret,
1809 1872 1931 1901 nacioni
1946 1872 2135 1902 rescriberet
2150 1879 2183 1902 ut
2200 1873 2359 1912 pecuniam

1452 1927 1584 1961 protunc
1598 1921 1730 1950 debitam
1746 1932 1762 1950 a
1778 1920 2015 1961 fidejussoribus
2031 1922 2156 1961 exigere
2172 1922 2284 1961 possit.

1493 1970 1568 1999 Item
1587 1970 1733 1999 vicesima
1755 1969 1853 2009 prima
1875 1969 1924 1999 die
1947 1970 2063 1999 mensis
2084 1970 2222 1999 Januarii
2244 1970 2362 2010 incepit

1452 2012 1593 2048 Andreas
1621 2019 1736 2058 Bloyer
1765 2019 1822 2048 sub
1853 2019 2002 2058 magistro
2036 2019 2175 2048 Johanne
2203 2019 2357 2055 Ammers,

1453 2067 1539 2108 cujus
1557 2069 1651 2097 bursa
1663 2067 1736 2097 VllI
1756 2067 1859 2096 solidi.
1881 2067 1990 2097 Solvit.

1492 2117 1567 2146 Item
1586 2117 1732 2146 vicesima
1752 2117 1887 2146 secunda
1909 2117 1958 2146 die
1981 2117 2098 2146 mensis
2121 2117 2258 2146 Januarii
2282 2118 2359 2147 facta

1452 2166 1709 2206 congregacione,
1739 2172 1810 2205 post
1833 2175 2018 2201 sermonem,
2042 2167 2080 2195 ad
2109 2166 2356 2205 supplicandum,

1452 2215 1638 2255 supplicavit
1652 2215 1801 2254 magister·
1817 2215 2002 2250 Hernestus,
2012 2214 2193 2244 licenciatus
2212 2215 2243 2243 in
2258 2215 2358 2244 medi-

1451 2264 1530 2299 cina,
1551 2270 1585 2293 ut
1604 2264 1630 2293 si
1651 2264 1845 2303 contingeret
1863 2264 1930 2292 fieri
1949 2273 2061 2293 novum
2081 2263 2226 2299 rotulum,
2249 2270 2359 2303 posset

1451 2313 1568 2353 imponi
1579 2325 1587 2349 ;
1622 2323 1772 2342 concessa
1811 2319 1877 2342 erat
1913 2312 2127 2352 [supplicacio]
2161 2313 2358 2342 concorditer

1450 2362 1560 2392 solutis
1579 2362 1737 2391 solvendis
1756 2362 1924 2391 secundum
1942 2362 2025 2401 quod
2038 2362 2126 2390 nacio
2143 2361 2312 2391 dictaverit.

1491 2411 1565 2440 Item
1576 2411 1830 2450 supplicaverunt
1839 2410 1987 2450 magister
1996 2410 2011 2439 J
2015 2410 2153 2439 ohannes
2164 2411 2202 2439 de
2213 2410 2354 2450 Ubaych‚

1450 2460 1597 2500 magister
1631 2459 1788 2489 Johannes
1828 2459 1928 2488 dictus
1970 2459 2048 2488 Uter
2079 2459 2175 2498 Spiic,
2208 2459 2357 2498 magister

1448 2509 1605 2538 Johannes
1640 2509 1776 2547 Proeys,
1808 2508 1956 2548 magister
1987 2508 2140 2537 Henricus
2167 2509 2204 2536 de
2237 2508 2353 2545 Lecka,

1448 2558 1596 2597 magister
1606 2557 1784 2597 Alphardus
1805 2558 1843 2586 de
1862 2556 1901 2592 A,
1918 2557 2066 2596 magister
2078 2556 2212 2586 Th0mas
2226 2557 2355 2598 Nicolay

1449 2607 1486 2635 de
1505 2607 1641 2642 Herlem,
1666 2606 1814 2646 magister
1830 2605 1989 2635 Walterus
2012 2606 2049 2634 de
2067 2606 2186 2640 Renen,
2207 2606 2356 2645 magister

1448 2655 1633 2695 Rodulphus
1651 2655 1736 2690 Tam,
1758 2655 1906 2694 magister
1922 2654 2063 2684 Andreas
2084 2654 2188 2690 Bloer,
2208 2655 2355 2694 magister

1447 2704 1604 2733 Johannes
1628 2703 1735 2743 Egidii'
1757 2705 1794 2732 de
1813 2703 1949 2740 Herlem,
1973 2713 2053 2742 mag.
2075 2703 2227 2732 Lubricus
2253 2703 2352 2739 Bone,

1449 2763 1533 2793 mag.
1543 2753 1737 2782 Wilhelmus
1755 2752 1856 2781 dictus
1869 2752 1952 2787 Zale,
1967 2751 2123 2781 Johannes
2135 2752 2243 2787 Ruter,
2255 2752 2354 2792 magi-

1448 2808 1512 2831 ster
1526 2802 1660 2831 Jacobus
1676 2802 1713 2830 de
1727 2800 1900 2836 Purmaria,
1918 2801 1969 2829 isti
1986 2800 2075 2830 XIIII
2091 2800 2232 2840 magistri
2247 2801 2353 2830 unani-

1448 2850 1538 2879 miter
1551 2850 1765 2890 supplicarunt
1779 2856 1812 2879 ut
1827 2855 1956 2889 possent
1966 2849 2083 2889 imponi
2096 2850 2196 2878 rotulo
2208 2850 2353 2879 reforma-

1478 2953 1500 2975 2.
1534 2954 1582 2975 Με.
1595 2952 1745 2976 Ruenhnve.

2599 163 2605 181 ,›
2595 117 2602 140 v.

2618 1071 2632 1105 ..3
2627 1041 2632 1060 a..
2629 1021 2632 1028 ,N
2619 992 2632 1010 ζ,
2619 904 2632 976 ’.λάμ-ι
2616 610 2632 894 .„.‚.s.'⁴m=ff=.-.fflzzl..—n..2..
2629 595 2632 597 .
2623 508 2632 547 μ»...
2626 485 2632 495 v.
2623 375 2632 450 .·A..1..-.
2619 300 2632 358 ..ul-n
2622 274 2624 276 ⁴
2613 219 2624 256 ¹⁴⁴¹*
2615 184 2630 208 ν’
