2632 3464
1062 0 1145 22 3„ss
1157 0 1360 22 '⁶''?³¹³‘v*‘{³ffl,‘'⁵“-“2
1371 0 1423 18 ἕως
1437 0 1444 5 -
1462 1 1471 6 -.
1482 0 1496 7 ι,
1507 0 1516 7 τ
1555 0 1614 14 ψη
1648 0 1675 18 η»,
1706 6 1710 13 ,
1756 4 1759 12 )

260 436 294 463 65
769 432 881 459 LIBER
902 427 1216 457 PROCURATORUM
1237 427 1418 453 NATIONIS
1436 426 1682 452 ANGLICANAE
2154 425 2188 450 66

259 512 381 541 duobus
404 511 630 546 cardinalibus3
654 515 719 539 tres
740 508 799 538 alie
821 508 922 537 littere
943 512 1031 536 erant
1050 504 1168 544 suppli-

259 560 375 590 catorie
401 570 459 600 pro
485 559 686 600 quisbusdam
714 556 871 597 magistris
895 556 935 585 ad
957 565 1031 585 suos
1051 555 1168 593 dyoce-

259 619 364 639 sanos.

667 660 765 689 1343

259 734 417 774 Tempus
444 732 732 774 procuracionis
761 730 935 771 magistri
968 728 1168 759 Laurencii

543 781 646 812 Petri
677 781 720 810 de
752 780 881 810 Dacia.

300 850 391 880 Anno
434 849 559 880 Domini
601 847 870 882 M⁰CCC⁰XLIII⁰‚
920 847 1056 876 secunda
1095 845 1164 875 die·

260 899 496 933 Penthecostes‚
519 908 579 938 que
603 903 669 927 erat
693 897 828 926 secunda
853 896 903 926 die
930 897 1046 925 mensis
1071 895 1166 930 Junii,

259 948 436 978 convocatis
464 947 608 977 omnibus
635 946 794 986 magistris
825 945 966 975 nacionis
994 945 1167 985 Anglicane

259 1003 331 1026 tunc
353 1003 421 1027 actu
442 997 624 1036 regentibus
645 996 683 1025 ad
706 995 850 1025 Sanctum
874 995 1028 1024 Julianum
1049 1004 1168 1034 paupe-

257 1055 334 1081 rem,
354 1046 470 1075 electus
491 1045 547 1075 suit
559 1045 590 1074 in
605 1051 838 1084 procuratorem
858 1044 939 1073 dicte
957 1044 1096 1073 nacionis
1110 1053 1169 1083 per

257 1094 337 1125 viam
353 1095 483 1134 spiritus
499 1095 597 1124 sancti
615 1093 701 1123 nullo
723 1094 847 1133 penitus
867 1094 1051 1123 reclamante
1072 1093 1166 1132 magi-

259 1150 324 1174 ster
347 1144 537 1173 Laurencius
564 1143 650 1173 Petri
674 1144 712 1172 de
738 1143 844 1178 Dacia,
863 1142 895 1172 in
911 1141 997 1182 cujus
1015 1153 1167 1182 procura-

258 1193 358 1223 cionis
370 1199 510 1233 tempore
526 1199 593 1222 acta
607 1199 680 1222 sunt
692 1203 752 1232 que
768 1192 898 1221 inferius
912 1198 1110 1223 annotantur.

298 1241 404 1272 Primo
427 1243 505 1272 sacto
527 1248 671 1282 computo
689 1252 747 1282 per
767 1242 947 1281 magistrum
971 1241 1109 1270 Ulricum
1130 1242 1168 1270 de

258 1290 413 1331 Augusta,
446 1298 518 1321 tunc
547 1298 740 1331 receptorem
752 1291 923 1325 nacionis,
955 1291 994 1320 de
1023 1290 1167 1320 omnibus

257 1340 392 1380 receptis
425 1347 564 1380 tempore
597 1340 833 1380 procuracionis
867 1340 1008 1380 magistri
1041 1339 1168 1369 Henrici

257 1390 470 1429 procuratoris
500 1390 673 1419 immediate
696 1389 1076 1429 precedentis,-remansit
1107 1389 1167 1418 sibi

258 1438 347 1468 nacio
362 1439 499 1478 obligata
515 1439 546 1468 in
563 1439 608 1468 3¹¹³
622 1438 635 1456 ²
650 1438 761 1468 solidis
777 1449 844 1468 cum
860 1439 998 1468 dimidio.

300 1488 374 1517 Item
394 1487 510 1528 incepit
531 1488 674 1517 dominus
700 1487 867 1517 Nicholaus
889 1489 927 1517 de
948 1487 1086 1517 Godrian
1110 1489 1167 1517 sub

259 1537 408 1577 magistro
426 1536 566 1566 Gerardo
585 1537 623 1566 de
643 1537 779 1572 Manen,
801 1535 888 1576 cujus
906 1537 999 1566 bursa
1016 1537 1044 1566 X
1060 1537 1164 1566 solidi.

299 1586 374 1615 Item
401 1585 535 1626 sigillata
559 1586 615 1615 suit
640 1596 701 1615 una
729 1586 831 1615 littera
858 1586 1081 1626 supplicatoria
1108 1596 1165 1626 pro

257 1635 390 1674 quodam
405 1635 525 1664 scolare
538 1636 576 1664 ad
594 1645 682 1664 suum
698 1635 917 1674 dyocesanum,
933 1635 986 1674 qui
1002 1635 1085 1665 dicto
1099 1645 1166 1665 sco-

257 1683 314 1713 lari
331 1683 450 1724 aliquas
468 1683 597 1724 injurias
616 1684 783 1714 intulisset.

298 1733 372 1762 Item
387 1733 567 1763 licenciatus
585 1733 642 1763 suit
655 1734 799 1763 dominus
817 1733 990 1763 Theoricus
1008 1735 1045 1763 de
1063 1734 1165 1764 Hoes-

257 1782 316 1812 den
333 1783 371 1811 ad
391 1783 536 1812 Nostram
558 1783 721 1812 Dominam
740 1783 797 1812 sub
815 1782 965 1822 magistro
987 1783 1164 1813 Hermanno

257 1831 367 1867 Bokel,
383 1831 471 1871 cujus
488 1833 581 1862 bursa
596 1831 623 1861 X
640 1832 743 1862 solidi.

298 1881 373 1910 Item
386 1881 565 1911 licenciatus
579 1881 635 1911 suit
646 1882 790 1911 dominus
805 1881 992 1911 Benedictus
1007 1882 1167 1912 Benedicti

257 1931 295 1960 de
317 1930 443 1960 Suethia
462 1931 520 1960 sub
540 1930 691 1970 magistro
709 1930 835 1960 Sunone
855 1932 893 1961 de
914 1931 1057 1968 Suethia‚
1079 1931 1167 1972 cujus

256 1979 352 2022 bursa
366 1979 455 2009 XIIII
472 1979 575 2009 solidi.

255 2023 257 2027 ¹
298 2028 372 2058 Item
388 2028 503 2068 incepit
517 2028 681 2059 Conradus
698 2029 736 2059 de
752 2029 868 2059 Munda
882 2030 984 2064 domo,
1001 2030 1031 2059 in
1047 2030 1167 2070 volgari

255 2087 312 2106 suo
332 2078 370 2106 de
390 2077 614 2117 Reynehusen,
635 2079 693 2108 sub
714 2079 863 2118 magistro
884 2079 1009 2108 Sunone
1029 2080 1067 2108 de
1086 2079 1166 2109 Sue-

256 2125 335 2161 thia,
359 2125 446 2166 cujus
466 2127 559 2156 bursa
581 2127 686 2156 nichil.
707 2127 856 2158 Promisit
880 2134 981 2157 tamen
1006 2139 1062 2168 per
1077 2127 1166 2168 jura-

256 2181 391 2205 mentum
419 2186 507 2205 suum
538 2177 622 2216 quod
649 2187 717 2206 cum
747 2177 902 2207 sufficiens
934 2178 1025 2207 suerit
1055 2179 1166 2207 bursas

256 2223 396 2254 Par-isius
410 2235 540 2265 ponere,
558 2225 658 2255 solvet
674 2226 713 2255 ad
729 2226 967 2266 requisicionem
986 2234 1165 2267 procurato-

255 2273 300 2303 ris
315 2281 461 2313 quantum
477 2275 632 2304 tenebitur
646 2285 705 2315 per
721 2281 834 2305 statuta
851 2276 1002 2305 nacionis.

276 2322 351 2352 Item
364 2323 543 2353 licenciatus
554 2324 609 2353 fuit
621 2323 765 2354 dominus
776 2324 944 2355 Nicholaus
957 2325 995 2354 de
1007 2325 1166 2356 Gorinken

255 2373 314 2402 sub
329 2372 478 2412 magistro
496 2373 674 2402 Hermanno
687 2373 795 2408 Bokel,
808 2373 896 2412 cujus
909 2375 1002 2404 bursa
1017 2375 1124 2405 nichil.

297 2420 372 2452 Item
397 2421 577 2452 licenciatus
601 2422 656 2452 suit
675 2423 820 2452 dominus
845 2422 990 2454 Galterus
1011 2425 1050 2453 de
1076 2424 1164 2459 Dun,

257 2470 384 2506 Scottis,
406 2472 464 2501 sub
482 2471 632 2511 magistro
648 2472 686 2501 G.
705 2472 815 2507 Scoto,
834 2471 922 2511 cujus
941 2473 1035 2502 bursa
1056 2473 1162 2503 nichil.

257 2519 472 2550 Promiserunt
486 2526 586 2550 tamen
601 2521 651 2550 isti
665 2531 722 2560 per
731 2520 905 2561 juramenta
920 2532 976 2551 sua
990 2522 1022 2551 in
1037 2532 1166 2562 presen-

255 2568 302 2598 cia
318 2569 458 2599 nacionis
476 2570 665 2599 sufficienter
683 2571 794 2600 bursas
810 2581 882 2600 suas
895 2570 1028 2606 solvere,
1045 2582 1113 2601 cum
1127 2573 1165 2601 ad

255 2619 406 2648 fortunam
427 2619 627 2659 pervenerint
645 2619 820 2654 meliorem,
837 2626 867 2649 et
881 2620 919 2649 ad
935 2619 1080 2661 majorem
1095 2631 1165 2651 cau-

254 2667 373 2697 cionem
386 2668 598 2708 promiserunt
610 2668 754 2698 similiter
771 2678 828 2708 pro
848 2669 894 2698 eis
908 2669 1057 2710 magister
1071 2670 1163 2700 Guil-

255 2716 370 2746 lermun
393 2717 505 2747 Scotus
523 2723 554 2747 et
570 2717 766 2748 Hei-mannus
782 2717 891 2747 Bokel.

286 2801 309 2824 1.
342 2801 357 2824 2
371 2799 451 2825 lunii.

285 2837 309 2859 2.
337 2837 462 2860 Numer-un
468 2839 555 2869 ponet
564 2837 642 2861 etiam
652 2837 704 2871 legi
712 2846 724 2862 α
735 2839 766 2863 3⁹
778 2846 799 2862 ι).

286 2873 308 2895 ³.
343 2871 448 2896 Ulrieun
461 2872 494 2896 de
507 2873 634 2905 Augu-tu.

286 2907 310 2931 ¹1.
348 2906 403 2932 rid.
414 2907 534 2934 chartul.
546 2908 667 2933 univers.
682 2908 776 2938 Parin..
788 2909 821 2938 n,
833 2914 860 2934 n·
869 2910 939 2940 104⁹,
950 2913 1005 2935 nol.

338 3006 452 3026 Ant-uum·
467 3006 592 3027 cancul-ria*
602 3006 691 3028 Univnn.
702 3007 768 3028 Puri«.
779 3018 805 3024 —
814 3007 830 3028 1.

1206 951 1239 976 10

1206 1197 1239 1223 15

1206 1443 1240 1468 20

1205 1688 1239 1714 25

1205 1933 1239 1959 30

1204 2180 1238 2206 35

1204 2426 1238 2452 40

1203 2673 1237 2700 45

1321 502 1395 531 Item
1422 502 1601 532 licenciatus
1631 502 1687 531 suit
1711 502 1854 532 dominus
1880 502 2054 532 Alexander
2077 503 2189 532 Scotus

1278 552 1336 580 sub
1355 552 1504 591 magistro
1523 551 1561 580 G.
1580 551 1685 586 Sento,
1701 550 1789 590 cujus
1805 553 1900 580 bursa
1914 551 1972 580 XII
1990 552 2093 580 solidi.

1319 600 1394 629 Item
1407 600 1587 630 licenciatus
1601 601 1657 630 suit
1669 601 1811 630 dominus
1828 601 1982 630 Henricus
1995 601 2032 630 de
2051 601 2116 630 Hos
2131 602 2188 630 sub

1278 650 1427 689 magistro
1444 649 1584 679 Gerardo
1600 651 1638 679 de
1654 649 1812 684 Marthen‚
1829 649 1915 688 cujus
1931 651 2025 679 bursa
2039 650 2067 678 X
2083 650 2185 679 solidi.

1272 719 1275 721 <
1320 699 1394 728 Item
1420 699 1470 728 die
1491 699 1587 728 tercia
1607 699 1722 728 mensis
1742 699 1815 728 Julii
1838 699 1915 728 facta
1937 699 2184 738 congregacione

1278 748 1416 777 nacionis
1427 749 1466 777 ad
1477 748 1621 778 Sanctum
1634 748 1833 783 Maturinum,
1844 748 2032 787 computavit
2045 749 2190 788 magister

1277 797 1448 827 Holricus³
1465 804 1535 827 tunc
1551 805 1695 837 receptor
1711 798 1850 827 nacionis
1871 797 1908 826 de
1924 798 2067 826 omnibus
2083 808 2189 837 recep-

1277 846 1317 875 tis
1335 847 1365 875 in
1381 857 1486 876 mense
1499 847 1690 887 precedenti,
1705 854 1735 876 et
1748 848 1826 876 facto
1838 853 1982 886 compoto
1996 847 2033 875 de
2047 847 2189 876 omnibus

1278 896 1426 925 remansit
1441 897 1508 935 ipse
1524 897 1645 926 nacioni
1661 896 1816 936 obligatus
1834 897 1865 925 in
1884 897 1925 926 IX
1943 896 2000 925 sol.
2019 896 2185 935 parisiens.

1318 945 1393 974 Item
1420 946 1533 975 ibidem
1560 952 1590 975 et
1614 947 1722 975 eodem
1747 946 1798 974 die
1827 946 1920 975 soluti
1950 947 2073 974 suerunt
2101 947 2189 974 ambo

1276 995 1390 1034 pedelli
1406 996 1443 1024 de
1461 995 1605 1024 omnibus
1622 1002 1686 1024 toto
1704 1001 1844 1034 tempore
1862 995 2052 1034 precedenti.

1319 1045 1394 1074 Item
1412 1045 1547 1084 sigillata
1568 1045 1623 1074 suit
1643 1055 1703 1074 una
1720 1045 1822 1074 littera
1840 1044 2061 1074 Universitatis
2085 1050 2114 1074 et
2131 1045 2190 1074 alia

1277 1094 1404 1133 capituli
1421 1094 1514 1123 Beate
1533 1093 1631 1123 Marie
1646 1094 1750 1134 sigillo
1767 1093 1987 1123 Universitatis
2003 1104 2099 1133 super
2115 1104 2189 1132 pro-

1277 1143 1444 1182 rogacione
1467 1144 1591 1173 termini
1613 1143 1693 1173 inter
1713 1143 1952 1172 Universitatem
1974 1149 2004 1172 et
2020 1143 2187 1182 capitulum

1277 1193 1315 1222 de
1350 1193 1428 1222 sesto
1457 1193 1538 1222 beati
1566 1193 1717 1222 Johannis
1744 1192 1807 1231 jam
1836 1198 1991 1222 transacto
2027 1202 2124 1231 usque
2153 1193 2188 1221 ad

1278 1242 1388 1271 festum
1405 1242 1577 1281 proximum
1596 1242 1771 1272 Nativitatis
1791 1242 1915 1271 Domini
1930 1241 1949 1270 ⁸.

1318 1291 1394 1320 Item
1409 1291 1544 1331 sigillata
1562 1291 1617 1321 suit
1634 1302 1692 1331 pro
1710 1302 1756 1320 me
1777 1301 1837 1320 una
1854 1291 1957 1320 littera
1973 1290 2190 1320 testimonialis

1277 1341 1315 1370 de
1334 1341 1514 1380 magisterio
1532 1347 1563 1370 et
1577 1341 1722 1380 regencia
1730 1341 1752 1369 ³.

1319 1390 1394 1420 Item
1416 1389 1595 1419 licenciatus
1621 1390 1676 1419 fuit
1698 1390 1842 1419 dominus
1861 1390 2019 1419 ,lohannes
2042 1391 2080 1419 de
2105 1390 2189 1420 Con-

1278 1439 1394 1468 stancia
1410 1440 1467 1468 sub
1484 1439 1633 1479 magistro
1650 1439 1756 1469 Ulrico
1772 1440 1810 1468 de
1825 1439 1976 1479 Augusta,
1993 1438 2080 1478 cujus
2096 1440 2191 1468 bursa

1278 1488 1384 1517 nichil.
1407 1489 1556 1517 Promisit
1575 1495 1676 1517 tamen
1697 1499 1755 1528 per
1769 1487 1975 1528 juramentum
1997 1499 2085 1517 suum
2107 1489 2189 1517 suffi-

1277 1537 1395 1566 cienter
1412 1538 1534 1567 solvere
1550 1539 1660 1567 bursas
1677 1548 1748 1567 suas
1764 1547 1831 1567 cum
1850 1538 1887 1566 ad
1904 1538 2054 1567 fortunam
2071 1538 2190 1566 venerit

1278 1587 1448 1616 meliorem.

1319 1636 1393 1665 Item
1419 1637 1597 1666 licenciatus
1618 1637 1673 1666 suit
1693 1637 1837 1666 dominus
1858 1637 1970 1665 Petrus
1995 1638 2033 1665 de
2056 1633 2187 1665 Pruscia

1278 1686 1335 1714 sub
1353 1686 1503 1725 magistro
1517 1685 1624 1715 Ulrico
1640 1687 1678 1715 de
1695 1686 1851 1726 Augusta,
1869 1685 1956 1725 cujus
1974 1686 2069 1714 bursa
2082 1685 2187 1714 nichil.

1278 1735 1426 1764 Promisit
1450 1742 1550 1764 tamen
1576 1746 1634 1775 per
1653 1734 1859 1774 juramentum
1885 1745 1973 1764 suum
2001 1734 2189 1764 sufficienter

1278 1785 1388 1814 bursas
1407 1794 1478 1814 suas
1497 1785 1619 1814 solvere
1638 1785 1806 1814 secundum
1825 1791 1937 1814 statuta
1954 1784 2105 1819 nacionis,
2121 1795 2189 1813 cuni

1277 1834 1315 1863 ad
1331 1834 1482 1863 fortunam
1499 1834 1660 1863 devenerit
1675 1834 1845 1863 meliorem.

1318 1883 1393 1912 Item
1416 1884 1446 1912 in
1466 1883 1628 1923 profesto⁶
1651 1884 1737 1912 beate
1760 1883 1935 1923 Margarete
1955 1883 2088 1923 virginis
2113 1883 2189 1912 facta

1276 1933 1524 1972 congregacione
1555 1933 1705 1962 facultatis
1729 1933 1767 1962 ad
1787 1933 1932 1962 Sanctum
1948 1932 2135 1962 Maturinum
2152 1933 2188 1961 ad

1276 1982 1461 2011 audiendum
1495 1989 1671 2021 compotum
1706 1982 1847 2022 magistri
1885 1982 2023 2011 Oudardi
2058 1981 2188 2011 rectoris

1276 2031 1449 2061 immediate
1464 2032 1673 2071 precedentis,
1689 2041 1857 2061 concessus
1872 2031 1927 2061 suit
1942 2041 2021 2060 unus
2040 2031 2188 2060 determi-

1276 2090 1354 2110 nans
1385 2080 1496 2110 solutis
1532 2081 1690 2110 solvendis
1722 2081 1804 2110 dicto
1838 2081 1987 2120 magistro
2020 2081 2187 2115 Oudard0;

1277 2130 1348 2159 item
1365 2141 1445 2160 unus
1460 2131 1574 2160 rectori
1590 2141 1646 2170 pro
1662 2136 1734 2160 tunc
1743 2129 1920 2165 existenti⁷;
1938 2130 2009 2159 item
2028 2140 2107 2159 unus
2123 2130 2190 2160 cui-

1276 2180 1352 2209 libet
1366 2186 1500 2219 quatuor
1517 2180 1691 2209 nacionum.

1686 2275 1704 2302 1
1709 2273 1783 2303 343

1276 2345 1433 2386 Tempus
1477 2346 1763 2386 procuracionis
1806 2345 1977 2386 magistri
2018 2345 2187 2375 Nicholai

1526 2395 1702 2425 Drukken
1734 2395 1775 2424 dc
1807 2395 1934 2424 Dacia.

1314 2476 1406 2506 Anno
1428 2476 1551 2506 Domini
1571 2476 1840 2511 M⁰CCC⁰XLIII⁰,
1861 2476 1911 2505 die
1935 2475 2004 2505 lune
2024 2474 2186 2515 proxima⁸

1275 2533 1348 2566 post
1363 2525 1503 2567 [festum]
1513 2525 1733 2561 Bai-tholomei,
1757 2525 1934 2555 convocatis
1958 2525 2102 2554 omnibus
2121 2535 2187 2553 ma-

1275 2575 1384 2615 gistris
1406 2575 1546 2604 nacionis
1575 2575 1746 2615 Anglicane
1765 2581 1835 2604 tunc
1860 2581 1927 2604 actu
1950 2574 2131 2614 regentibus
2148 2574 2185 2603 ad

1276 2625 1420 2654 Sanctum
1433 2625 1587 2654 Julianum
1601 2634 1780 2664 pauperem,
1791 2624 1988 2653 concorditer
2003 2623 2118 2652 electus
2132 2623 2187 2652 suit

1275 2674 1423 2714 magister
1439 2673 1606 2703 Nicholaus
1623 2674 1771 2703 Drukken
1789 2674 1827 2702 de
1847 2673 1941 2702 Dacia
1956 2673 1986 2702 in
2003 2678 2185 2712 procurato-

1305 2810 1328 2832 5.
1359 2807 1471 2832 Similem
1490 2816 1502 2831 α
1521 2806 1631 2830 litteram
1651 2815 1662 2830 n
1681 2806 1732 2830 vid.
1750 2806 1776 2830 in
1794 2806 1924 2833 Chai-tul..
1947 2806 1982 2834 ll,
2002 2810 2030 2829 n·
2050 2806 2119 2833 10a5.
2136 2814 2186 2838 pro

1274 2843 1364 2869 Uli-ico
1377 2844 1408 2868 de
1422 2843 1609 2875 Ueberlingcn.

1303 2881 1328 2904 6.
1363 2880 1392 2903 1ss
1404 2878 1477 2903 Iulii.

1304 2916 1327 2940 7.
1361 2915 1460 2940 Jacobo
1471 2915 1566 2939 Loude.
1586 2914 1639 2938 rid.
1650 2915 1689 2943 68,
1705 2914 1742 2940 16.

1305 2953 1328 2976 8.
1363 2952 1393 2976 25
1407 2951 1526 2983 Augmti.
