2632 3464
432 418 494 434 xxv¹
1262 405 1526 433 INTRODUCTIO

482 484 676 520 Posterius
691 495 857 518 annuum
873 481 1040 518 officium
1059 482 1142 525 fuit,
1161 490 1200 518 at
1219 482 1374 518 saeculo
1394 495 1455 518 xiv
1477 489 1517 518 et
1537 495 1584 518 xv
1601 495 1679 519 non
1692 484 1798 532 prius
1816 495 1973 520 munere
1991 496 2105 533 quam
2119 485 2197 520 vita
2213 485 2353 521 exiisse

431 553 584 590 videtur
609 552 796 589 bedellus.
821 554 894 588 An.
927 552 1020 588 1363
1046 551 1255 594 Conrardo,
1281 552 1479 600 superiore
1502 551 1656 588 bedello
1678 559 1829 589 mortuo
1852 553 1949 598 (286,
1971 553 2045 599 40),
2076 560 2269 589 cess-atum
2296 561 2356 590 est

432 635 454 658 a
483 621 714 658 lectionibus
743 634 819 657 non
851 620 963 657 modo
989 622 1026 656 in
1056 620 1277 657 nationibus
1310 628 1504 670 quattuor,
1540 620 1610 658 sed
1636 622 1675 657 in
1702 621 1873 671 reliquis,
1900 629 2054 671 praeter
2081 621 2353 672 theologicam,

430 691 677 727 facultatibus
693 691 790 737 (287,
808 691 856 736 4).
876 692 972 726 Tum
990 690 1104 726 alium
1122 691 1226 726 natio
1246 690 1377 740 elegit.

479 760 592 796 Tales
621 767 828 810 proventus
857 759 1032 795 bedellus
1064 773 1085 795 a
1113 761 1269 796 natione
1301 759 1484 809 colligere
1515 759 1644 809 potuit
1674 766 1717 795 ut
1750 760 1945 808 magistris
1973 759 2129 797 divitior
2159 760 2352 797 evaderet.

432 830 590 866 Bedello
610 831 762 879 nuptias
789 828 888 865 filiae
909 828 1121 865 celebranti
1143 829 1190 865 20
1210 829 1327 865 libras
1348 830 1453 865 natio
1474 828 1653 866 concedit
1674 829 1774 874 (581,
1802 829 1876 876 28).
1905 828 2066 866 Celeber
2087 829 2150 866 hic
2175 829 2354 866 citandus

432 899 654 935 Bomundus
674 898 722 934 de
741 899 916 934 Treveris
930 899 994 947 qui
1012 897 1058 933 ad
1080 897 1232 934 scholas
1252 907 1395 946 septem
1415 900 1560 934 artium
1576 897 1834 935 aedificandas
1849 899 2067 948 pecuniam,
2087 912 2200 949 quam
2222 900 2354 948 regi-na

431 970 625 1010 Franciae,
651 981 670 1004 e
700 969 820 1017 stirpe
845 968 1024 1003 Bavarica
1037 997 1045 1008 ‚
1069 975 1325 1011 recusaverat,
1344 969 1489 1004 nationi
1508 968 1701 1017 praestitit
1717 967 1807 1014 (vid.
1831 980 1915 1017 cap.
1939 968 1994 1014 11)
2015 975 2054 1004 et
2074 969 2158 1017 ipse
2179 968 2354 1018 splendi-

431 1038 518 1074 dam
547 1038 822 1074 habitationem
852 1049 938 1073 cum
968 1049 1102 1079 cavea,
1130 1036 1256 1080 horto,
1282 1037 1453 1080 stabulo,
1479 1038 1517 1072 in
1542 1036 1657 1073 domo
1682 1037 1850 1073 nationis
1877 1037 1932 1072 ad
1958 1038 2165 1087 imaginem
2194 1038 2356 1074 Nostrae

429 1109 613 1144 Dominae
637 1107 735 1155 (908,
769 1107 814 1142 35
840 1108 914 1156 sq.)
943 1106 1016 1142 sibi
1042 1107 1199 1155 paravit.
1237 1107 1322 1142 F'uit
1346 1108 1462 1143 etiam
1481 1108 1655 1143 notarius
1675 1105 1854 1155 publicus
1880 1106 1976 1152 (922,
2006 1106 2039 1152 7)
2065 1112 2105 1142 et
2125 1106 2355 1142 beneficium

432 1179 498 1214 SS.
518 1178 679 1214 Cosmae
696 1184 735 1213 et
751 1177 924 1212 Damiani
941 1177 1102 1225 appetiit
1118 1177 1215 1222 (914,
1239 1176 1309 1221 27).

479 1246 659 1282 Bedellus
679 1247 840 1293 inferior
863 1245 959 1291 (414,
988 1246 1044 1291 12)
1066 1245 1126 1280 vel
1148 1244 1392 1280 sabbedelcas
1415 1244 1568 1280 bedello
1592 1244 1779 1293 superiori
1804 1243 2081 1288 auxiliabatur3
2110 1244 2357 1282 medietatem

432 1315 558 1352 salarii
577 1315 684 1351 alteri
703 1315 879 1350 concessi
895 1327 964 1364 pro
980 1314 1111 1350 labore
1127 1327 1196 1350 suo
1213 1313 1440 1363 accipiebat.
1461 1315 1618 1350 Munere
1638 1326 1708 1363 per
1722 1326 1876 1349 omnem
1892 1312 2221 1357 vitamduraturo,
2246 1313 2313 1350 ubi
2336 1326 2358 1350 a

430 1386 585 1421 natione
619 1384 895 1433 recipiebatur,
929 1383 1000 1419 frui
1035 1396 1121 1419 eum
1154 1383 1341 1419 videmus.
1378 1383 1440 1419 Sic
1469 1396 1556 1419 cum
1589 1382 1784 1419 Johannes
1816 1382 1864 1419 de
1896 1383 2072 1419 Treveris
2107 1382 2254 1419 electus
2282 1383 2354 1420 fuit

433 1468 494 1490 an.
520 1455 625 1496 1363,
647 1455 681 1490 ei
705 1468 721 1489 ι(
744 1453 832 1490 data
848 1453 919 1490 fuit
932 1454 1038 1502 virga
1058 1452 1350 1489 subbedellatus
1366 1465 1436 1502 per
1450 1460 1738 1502 procuratorem
1759 1453 1925 1488 nationis
1941 1452 2130 1500 quamdiu
2144 1452 2293 1495 vixerit,
2312 1460 2352 1490 et

430 1537 547 1573 super
567 1523 633 1559 illo
655 1531 715 1559 est
734 1524 769 1559 ei
790 1523 915 1559 littera
936 1522 1025 1559 data
1044 1522 1314 1559 testimonialis
1334 1522 1406 1559 sub
1427 1523 1594 1559 nationis
1615 1521 1744 1571 sigillo
1766 1535 1784 1556 π)
1810 1522 1908 1567 (282,
1935 1522 2003 1568 11);
2034 1520 2139 1557 Idem
2159 1521 2356 1558 Johannes

430 1601 565 1642 postea
588 1593 763 1629 bedellus
789 1594 963 1642 superior
982 1593 1202 1628 nominatus
1223 1600 1294 1628 est.
1328 1594 1381 1628 Ex
1403 1591 1594 1628 electione
1620 1591 1803 1627 Matthiae
1827 1590 1876 1627 de
1901 1590 2144 1627 Monikedam
2167 1604 2234 1627 ran.
2264 1591 2357 1628 1402

429 1662 627 1705 discimus,
646 1664 861 1699 cautionem
878 1663 926 1699 20
944 1662 1062 1698 franc.
1086 1661 1124 1697 id
1140 1661 1308 1698 officium
1324 1663 1471 1711 petenti
1487 1661 1707 1711 impositam
1724 1673 1812 1697 esse
1826 1660 1925 1706 (848,
1942 1661 1990 1707 5).

479 1733 534 1768 De
558 1733 759 1781 officiat-ils
780 1731 1117 1774 eoetraordinariis,
1139 1738 1181 1767 ut
1200 1730 1247 1767 de
1268 1731 1434 1767 intrante
1454 1742 1524 1780 pro
1545 1729 1736 1766 electione
1755 1730 1935 1772 rectoris,
1957 1728 2005 1765 de
2019 1728 2353 1772 inrotulatoribus,

427 1801 476 1837 de
487 1802 644 1844 nuntiis,
664 1801 901 1837 abstinemus
916 1800 1032 1836 verba
1046 1800 1184 1843 facere,
1202 1813 1290 1836 cum
1306 1800 1400 1836 satis
1418 1800 1500 1836 noti
1521 1800 1598 1836 sint
1613 1812 1659 1836 ex
1679 1798 1777 1842 aliis,
1801 1805 1843 1835 ut
1863 1799 1978 1835 etiam
2001 1811 2022 1835 e
2046 1798 2304 1835 Char-talario.

1130 1985 1165 2019 6.
1206 1983 1398 2020 Scholae
1436 1984 1645 2019 nationis.

479 2117 528 2152 Ut
545 2115 706 2151 caeteris
722 2114 954 2157 nationibus,
974 2115 1026 2150 ita
1042 2113 1276 2163 Anglicanae
1294 2113 1448 2150 fuerunt
1468 2115 1506 2149 in
1523 2115 1601 2150 vieo
1618 2114 1855 2151 Straminlcm
1867 2112 1927 2149 vel
1940 2113 2148 2150 Straml'm's
2168 2111 2355 2162 quaedam

430 2185 598 2226 scholae,
622 2196 720 2233 quae
743 2191 885 2225 tamen,
913 2184 1083 2233 exceptis
1116 2183 1259 2219 scholis
1285 2191 1433 2234 septem
1457 2184 1608 2227 artium,
1634 2195 1710 2219 non
1739 2195 1892 2232 semper
1913 2181 2083 2219 dilucide
2113 2189 2151 2218 et
2175 2181 2357 2218 distincte

427 2254 691 2304 designantur.

479 2326 580 2360 Inter
597 2336 691 2372 quas
708 2324 871 2372 primum
888 2322 1014 2358 locum
1033 2322 1209 2359 obtinent
1230 2322 1385 2359 scholae
1399 2330 1543 2372 septem
1560 2324 1703 2358 arcium
1723 2323 1803 2359 sive
1818 2330 1961 2371 septem
1975 2322 2120 2357 artium
2136 2320 2356 2356 liberalium

429 2400 690 2442 nuncupatae;
715 2405 774 2428 an.
797 2392 891 2428 1370
913 2391 961 2428 de
987 2392 1182 2440 emptione
1204 2391 1390 2441 agebatur
1413 2391 1501 2438 (vid.
1528 2393 1613 2436 362,
1631 2392 1690 2439 30)
1717 2406 1734 2426 (ι
1756 2404 1804 2428 ne
1826 2390 1874 2427 ad
1891 2403 2025 2426 manus
2046 2389 2206 2426 aliorum
2229 2396 2355 2426 trans-

429 2464 539 2504 irent,
561 2463 722 2498 maxime
737 2474 824 2497 cum
843 2474 862 2497 a
884 2461 1010 2509 longis
1031 2468 1069 2497 et
1088 2462 1236 2510 magnis
1260 2462 1462 2497 retroactis
1482 2460 1744 2511 temporibus¹
1770 2461 1874 2511 ipsas
1891 2459 2054 2496 locando
2070 2466 2355 2508 competentem

430 2533 654 2581 pensionem
675 2538 714 2567 et
734 2530 912 2567 salarium
934 2543 1002 2580 pro
1023 2530 1169 2566 eisdem
1198 2544 1215 2565 1>
1241 2531 1345 2566 natio
1371 2531 1562 2567 solvisset.
1590 2531 1751 2580 Saepius
1775 2529 1824 2567 de
1843 2531 1891 2566 iis
1919 2528 2062 2566 scholis
2086 2529 2223 2578 agitur,
2247 2536 2285 2564 at
2310 2541 2355 2565 ea

428 2609 576 2638 tantum
591 2614 679 2651 pars
693 2613 791 2651 quae
809 2615 825 2635 c(
843 2613 958 2648 super
973 2608 1116 2635 terram
1130 2614 1146 2634 ))
1162 2599 1371 2636 vocabatur
1388 2599 1620 2636 lectionibus
1634 2600 1801 2636 nationis
1817 2598 2053 2649 Anglicanae
2066 2597 2352 2642 reservabatur3

430 2673 548 2720 partis
577 2671 786 2720 superioris
813 2682 905 2706 usus
935 2668 1130 2705 Picardiae
1157 2670 1335 2718 proprius
1363 2677 1444 2706 erat
1472 2671 1569 2716 (746,
1601 2669 1673 2716 45).
1706 2669 1779 2705 An.
1811 2669 1902 2705 1393
1931 2675 2158 2718 procurator
2187 2667 2354 2703 nationis

430 2740 625 2776 picardiae
659 2741 858 2789 requisivit
891 2753 908 2774 α
944 2745 1184 2788 receptorem
1213 2739 1379 2775 nationis
1409 2738 1658 2788 Anglicanae,
1695 2745 1737 2774 ut
1764 2737 1907 2773 faceret
1936 2749 2112 2786 reparare
2138 2737 2354 2785 superiores

429 2810 582 2845 scholas
598 2818 738 2858 septem
754 2810 917 2851 artium;
937 2807 1043 2851 alias,
1062 2808 1135 2844 nisi
1152 2807 1307 2851 faceret,
1326 2809 1430 2844 natio
1447 2807 1643 2844 Picardiae
1661 2806 1879 2843 intenderet
1895 2806 2021 2843 facere
2041 2806 2223 2856 reparari,
2242 2812 2280 2841 et
2296 2805 2351 2841 sic

474 2940 500 2967 1.
547 2939 792 2968 Vetustissimam
812 2948 914 2968 earum
931 2937 1115 2967 mentionem
1135 2937 1167 2966 in
1183 2937 1240 2966 hoc
1258 2937 1338 2966 libro
1355 2937 1527 2966 invenimus
1539 2947 1587 2965 an.
1603 2937 1680 2966 1340
1689 2935 1749 2976 (39,
1764 2937 1825 2977 37),
1842 2936 1930 2972 1342,
1945 2937 1964 2965 9
1979 2935 2070 2965 Febr.
2085 2935 2126 2975 (p.
2138 2935 2188 2971 54,
2200 2934 2261 2975 33).
