2632 3464
903 407 1173 436 MEMORABILIA
1193 407 1278 434 NAT.
1298 406 1545 433 ANGLICANAE
2096 414 2188 431 xxxx-11

311 488 528 526 Dolendum
543 488 663 525 libros
679 492 969 537 procuratorum
987 492 1066 521 nat.
1085 484 1335 520 Alemanniae
1350 481 1616 518 Aurelianens.
1640 480 1688 516 ab
1705 493 1763 516 an.
1787 481 1881 516 1444
1897 479 2021 516 solum
2036 470 2189 516 conser-

263 565 374 594 vatos
400 570 500 594 esse.
522 557 619 593 Aliis
638 554 800 606 proinde
820 554 991 591 fontibus
1011 554 1070 589 usi
1087 565 1232 596 sumus,
1255 559 1297 588 ut
1319 550 1456 587 saltem
1477 550 1604 599 aliqua
1628 550 1830 599 supposita
1849 556 1928 585 nat.
1953 549 2189 598 Anglicanae

264 628 401 670 Paris,
423 639 522 676 quae
545 624 761 662 Aurelianis
786 623 1029 666 studuerunt,
1052 621 1377 672 protraheremus.
1401 621 1456 656 Ne
1483 619 1725 655 obliviscaris
1751 625 1950 668 praeterea
1973 618 2189 654 Aurelianis

262 696 458 732 nationem
473 695 674 731 Scotorum
690 700 907 743 separatam
924 692 1042 728 fuisse
1062 704 1083 727 a
1103 691 1261 727 natione
1280 689 1543 726 Alemanniae.

306 830 478 864 Ger-ardus
491 829 533 862 de
547 818 754 863 Attenderna
770 829 793 868 ¹,

307 887 510 921 Guillelmus
530 886 692 931 Clappam
704 887 729 926 ²,

307 946 383 979 Joh.
401 945 442 978 de
462 945 627 990 Lythona,

306 1004 498 1038 Richardus
517 1003 661 1037 Arnoldi
673 1003 698 1044 ³,

307 1061 497 1095 Everardus
515 1061 557 1093 de
574 1060 747 1107 Maguntia
755 1059 780 1102 ⁴,

308 1120 454 1152 Thomas
468 1120 600 1151 Marcer
617 1119 750 1157 scotus,

307 1177 505 1210 Tilmannus
516 1176 558 1208 de
573 1177 676 1208 Santo
689 1175 779 1214 vito,

308 1235 466 1267 Galterus
483 1234 524 1267 de
543 1235 674 1273 Renen,

306 1293 414 1327 Adam
433 1292 585 1326 Hobonis
600 1292 642 1325 de
658 1291 798 1325 Catwiic
816 1292 841 1331 ⁵,

312 1351 431 1384 Simon
452 1351 494 1383 de
513 1350 654 1383 Ketenis
667 1350 692 1390 ⁶,

310 1411 519 1456 Ingerannus
533 1408 575 1440 de
595 1407 734 1441 Ketenis
750 1408 775 1447 ⁷,

311 1467 480 1499 lohannes
501 1465 624 1509 Scalpy
635 1466 660 1504 Β,

309 1524 482 1559 walterus
502 1523 602 1568 Trayl
616 1523 642 1562 9,

311 1581 476 1615 Henricus
494 1581 535 1613 de
556 1580 740 1624 Odendorp
755 1580 791 1620 ¹0,

310 1638 500 1673 Everardus
520 1638 562 1671 de
574 1638 791 1682 Yppelburne
811 1637 1001 1684 Maguntin.
1014 1637 1051 1677 ¹¹,

312 1697 481 1730 Iohannes
500 1697 612 1730 Marse
626 1696 663 1736 ¹²,

310 1755 505 1800 Reynaldus
525 1754 566 1787 de
586 1755 725 1799 Vyanen
739 1754 775 1794 ¹³,

311 1813 482 1846 lohannes
498 1812 540 1845 de
558 1812 713 1852 Xanctis,
727 1812 752 1835 ¹⁴

312 1871 481 1903 lohannes
500 1870 695 1910 Bersword,

269 2058 327 2089 per
343 2049 480 2089 quinque
503 2048 535 2078 in
555 2048 629 2084 civ„
652 2054 683 2078 et
701 2048 843 2078 Parisius
862 2058 920 2088 per
939 2047 1018 2077 alios
1040 2047 1178 2087 quinque

269 2107 368 2128 annos
386 2097 419 2127 in
433 2107 502 2127 can.
514 2096 638 2138 juribus
655 2097 784 2133 studuit.
802 2103 895 2137 prout
906 2097 1007 2126 adhue
1021 2097 1053 2126 in
1071 2097 1178 2126 eodem

264 2146 336 2188 jure
357 2157 425 2176 can.
447 2146 587 2176 Parisius
610 2147 712 2176 studet
731 2157 746 2174 »
773 2146 864 2187 (Reg.
887 2146 960 2182 Av.‚
982 2146 1042 2176 vol.
1067 2145 1177 2182 XXVI,

269 2196 322 2226 sol.
341 2197 412 2232 367,
429 2197 468 2225 ad
482 2206 532 2225 an.
550 2195 649 2235 1375).

310 2247 339 2275 1.
381 2244 443 2275 An.
465 2245 552 2276 1336.
573 2244 644 2275 Vid.
666 2245 821 2281 Rrsznnn,
843 2245 1051 2274 Vaeikanisclze
1072 2246 1177 2281 Aleten,

268 2298 302 2324 ιι·
318 2295 406 2325 1788.

309 2344 339 2374 2.
382 2342 443 2374 An.
462 2344 550 2374 1349.
564 2343 648 2378 vid„
664 2349 811 2383 quantum
829 2343 867 2372 ad
881 2349 1060 2383 sequentem
1076 2343 1178 2379 etiarn,

270 2393 447 2430 Founmss,
464 2395 486 2422 l.
503 2404 543 2428 c.‚
563 2392 620 2427 111,
634 2392 704 2428 454,
721 2393 792 2422 455.

310 2443 340 2471 3.
382 2441 443 2472 An.
466 2442 554 2471 1365.
571 2440 640 2470 Vid.
657 2441 748 2476 ibid„
764 2451 795 2481 p.
814 2441 885 2471 45¹7.

311 2491 341 2520 4.
385 2490 445 2520 An.
485 2491 574 2526 1370,
613 2496 758 2530 quattuor
801 2496 968 2530 sequentes
1004 2490 1182 2520 Aurelianis

272 2539 482 2570 inveniuntur.
501 2539 571 2568 Vid.
591 2539 686 2575 infra,
702 2549 733 2578 p.
750 2540 821 2574 370,
835 2540 873 2569 25
892 2549 943 2579 sq.

311 2590 342 2619 5.
385 2588 446 2618 An.
467 2588 556 2627 1371,
584 2589 671 2618 bace.
695 2589 780 2618 decr.
802 2588 991 2623 Aurelianis,
1014 2588 1094 2628 Reg.
1122 2587 1181 2618 Av.

272 2637 370 2677 Greg.
382 2637 436 2673 xl,
453 2637 518 2667 vol.
536 2637 589 2673 Vl,
611 2637 663 2667 sol.
681 2638 719 2667 81
734 2637 760 2667 ¹³.

311 2687 343 2717 6.
387 2686 504 2716 Eodem
518 2696 567 2716 an.
579 2686 648 2717 bac.
664 2685 772 2726 injure
783 2696 865 2722 can..
879 2686 931 2717 lic.
944 2685 1047 2726 integ.
1061 2686 1182 2721 Aurei„

271 2735 381 2776 legens
414 2736 572 2766 decretum
603 2735 692 2772 ibid„
726 2735 794 2766 loco
825 2735 979 2771 doctoris,
1013 2735 1092 2775 neg.
1124 2734 1182 2766 Av.

273 2784 371 2824 Greg.
386 2784 440 2822 xl,
457 2785 520 2815 vol.
535 2784 572 2820 V,
588 2784 638 2814 lol.
658 2785 717 2814 386
732 2784 757 2815 b.

314 2833 343 2863 7.
387 2833 447 2863 An.
470 2834 595 2869 eodem,
616 2844 632 2863 e
655 2833 734 2874 Reg.
759 2833 818 2864 Av.
844 2833 942 2873 Greg.
965 2833 1021 2870 XI,
1043 2833 1105 2863 vol.
1131 2833 1183 2868 lx,

275 2881 328 2912 sol.
342 2882 402 2913 348
415 2882 441 2918 ¹’,
453 2883 506 2912 ubi
523 2894 537 2911 α
556 2882 742 2913 FFuillanus
757 2883 795 2912 de
812 2882 947 2912 Keconis
965 2895 992 2911 n.

314 2931 346 2961 8.
388 2931 449 2961 An.
483 2932 552 2961 eod.
587 2931 686 2962 schol.
717 2931 779 2972 leg.
810 2931 984 2967 Aurelian„
1015 2931 1095 2972 Reg.
1126 2931 1184 2962 Av.

1270 826 1472 870 Rudolphus
1492 826 1574 858 Tam
1583 851 1591 865 ,

1269 883 1500 917 Theodericus
1520 883 1561 916 de
1582 882 1785 923 Heeswi0¹⁵‚

1270 942 1412 988 Egidius
1428 943 1554 981 Brune,

1272 1001 1441 1033 Johannes
1463 1001 1624 1039 Grutere,

1273 1058 1438 1091 Henricus
1452 1059 1566 1097 Boest,

1273 1115 1430 1149 Nicolaus
1444 1116 1486 1148 de
1502 1115 1724 1155 offenburch,

1273 1173 1433 1206 Albertus
1451 1174 1493 1206 de
1510 1173 1626 1212 Calbe,

1272 1232 1417 1264 Roricus
1437 1232 1478 1264 de
1499 1231 1766 1271 Sternenberch,

1275 1289 1440 1322 Hem-icus
1456 1290 1559 1329 Tuve,

1276 1347 1442 1380 Henricus
1460 1347 1502 1379 de
1521 1347 1735 1387 Andernaco,

1275 1406 1442 1438 Henricus
1460 1406 1604 1450 Spronc,

1276 1464 1442 1496 Martinus
1463 1464 1504 1496 de
1519 1463 1622 1503 Delst,

1273 1521 1445 1555 Walterus
1460 1523 1587 1554 Yseren
1600 1521 1636 1561 ¹⁶,

1276 1580 1466 1624 Liphardus
1486 1579 1527 1612 de
1547 1579 1702 1612 Dattelen
1716 1579 1756 1620 ¹⁷,

1277 1637 1429 1670 Andreas
1452 1638 1621 1682 Symonis,

1280 1695 1450 1728 Johannes
1465 1695 1506 1728 de
1528 1696 1618 1729 Beke
1632 1696 1670 1737 ¹⁸,

1276 1754 1422 1786 Thomas
1437 1754 1525 1793 Wis,

1278 1812 1423 1844 Thomas
1444 1812 1486 1844 de
1506 1811 1687 1854 Edinham,

1277 1869 1469 1903 Alexander
1484 1871 1565 1911 Bur,

1288 2048 1384 2088 Greg.
1401 2049 1456 2087 xl,
1472 2049 1536 2078 vol.
1550 2048 1620 2085 vll,
1636 2049 1688 2079 fol.
1705 2050 1765 2079 364
1778 2049 1805 2079 b.

1327 2099 1357 2127 9.
1403 2099 1480 2128 1375
1511 2098 1639 2128 nuntius
1667 2098 1815 2128 Univers.
1840 2098 2014 2135 Aurelian„
2042 2099 2094 2129 lic.
2124 2099 2199 2139 leg.,

1287 2147 1355 2176 bac.
1375 2147 1407 2176 in
1425 2147 1509 2176 decr.
1530 2148 1679 2183 Char-tul„
1698 2147 1755 2183 Ill,
1777 2147 1845 2183 133,
1863 2154 1927 2177 not.
1948 2149 1996 2178 17.

1330 2197 1377 2225 10.
1421 2195 1595 2236 Sequentes
1618 2197 1655 2225 21
1670 2197 1707 2226 ad
1726 2206 1776 2227 an.
1794 2197 1884 2234 1378,
1910 2197 1992 2226 inter
2013 2196 2201 2227 Alemannos

1287 2244 1466 2274 Aurelianis
1490 2245 1651 2275 studentes
1674 2252 1904 2275 enumerantur.
1930 2245 2002 2276 vid.
2023 2246 2200 2281 Founmsn,

1287 2295 1308 2323 l.
1319 2304 1359 2329 c.,
1374 2293 1397 2330 Ι,
1413 2294 1481 2330 139,
1491 2294 1544 2323 ubi
1555 2299 1655 2324 tamen
1667 2304 1729 2324 non
1741 2294 1867 2330 dicitur,
1880 2304 1933 2324 eos
1946 2294 2077 2324 Parisiis
2091 2295 2198 2324 fuisse.

1289 2342 1357 2372 Hoc
1372 2342 1492 2372 eruitur
1508 2353 1546 2372 ex
1559 2345 1714 2372 Auctario.

1330 2393 1378 2421 11.
1422 2391 1489 2421 Jam
1508 2402 1614 2431 supra,
1629 2392 1666 2422 ad
1682 2402 1731 2422 an.
1751 2392 1839 2422 1370.

1333 2441 1381 2470 12.
1424 2440 1494 2471 Vid.
1515 2441 1607 2479 infra,
1625 2452 1656 2481 p.
1673 2442 1744 2478 345,
1761 2443 1789 2471 1.

1332 2490 1380 2520 13.
1425 2490 1474 2520 Cf.
1492 2490 1582 2520 etiam
1596 2491 1686 2527 infra,
1706 2501 1736 2530 p.
1756 2491 1826 2526 540,
1842 2491 1871 2520 2.

1333 2540 1381 2568 14.
1425 2539 1536 2568 Adhuc
1553 2550 1602 2569 an.
1622 2540 1710 2570 1384.
1727 2539 1799 2570 Vid.
1819 2540 1995 2575 Founmen,
2014 2539 2038 2575 1,
2055 2541 2122 2569 152.

1334 2589 1382 2619 15.
1427 2587 1574 2619 Fortasse
1603 2589 1693 2625 alius,
1721 2599 1770 2618 an.
1796 2590 1884 2623 1350,
1907 2589 1962 2618 fuit
1984 2590 2050 2618 bac.
2073 2589 2104 2618 in
2123 2590 2204 2619 med.

1291 2637 1363 2667 Vid.
1379 2637 1486 2674 Bnou,
1500 2639 1582 2667 Ball.
1601 2640 1700 2675 Traj.,
1717 2638 1757 2674 11,
1775 2642 1808 2667 n⁰
1825 2639 1913 2667 1361.

1335 2687 1383 2716 16.
1428 2687 1489 2724 Qui
1502 2687 1582 2716 infra
1595 2699 1610 2715 α
1629 2686 1781 2717 Volkerus
1797 2687 1835 2716 de
1852 2686 2024 2726 Zutphania
2038 2698 2052 2715 n
2066 2693 2203 2717 vocatur.

1335 2737 1383 2766 17.
1427 2736 1504 2766 Can.
1521 2735 1792 2776 Tarbatens.‚jam
1808 2746 1857 2765 an.
1877 2736 1965 2771 1375,
1975 2735 2039 2775 juri
2056 2746 2124 2767 can.
2140 2743 2207 2766 stu-

1294 2785 1384 2820 dens,
1409 2786 1465 2814 sed
1487 2785 1589 2815 Paris.
1614 2785 1694 2825 Reg.
1719 2785 1778 2815 Av.
1808 2784 1905 2824 Greg.
1929 2784 1983 2821 Xl,
2005 2785 2068 2815 vol.
2091 2785 2206 2822 XXlll,

1295 2833 1347 2864 fol.
1362 2834 1402 2864 84
1416 2834 1441 2863 b.

1338 2884 1385 2913 18.
1430 2883 1583 2920 Quattuor
1610 2888 1789 2922 sequentes,
1809 2883 1847 2912 ad
1868 2893 1918 2912 an.
1949 2884 2038 2922 1378,
2064 2884 2127 2913 vid.
2156 2894 2206 2923 ap.

1297 2932 1474 2967 Founmsu,
1495 2932 1550 2968 111,
1568 2943 1599 2972 p.
1615 2932 1674 2962 463
1687 2942 1735 2971 sq.
