2632 3464
0 735 14 1201 v-—.--v-«ww-wawr-«vr-,y*21---2-29wrv--2--1
0 654 7 724 s--z-
0 632 3 646 -ν
0 534 10 622 -x-—w
0 473 5 525 «ww
0 391 3 400 ν
0 360 3 366 s
0 320 2 323 <
0 274 4 299 ..-

267 399 322 426 345
770 400 883 426 LIBER
904 399 1216 426 PROCURATORUM
1236 399 1416 426 NATIONIS
1433 399 1677 426 ANGLICANAE
2129 402 2182 429 346

267 475 424 506 lohannes
452 475 537 505 Mars
563 486 656 505 unum
689 476 825 505 francum
850 485 909 515 pro
932 474 1069 515 jocundo
1104 474 1170 514 ejus

267 524 406 554 introitu.

308 573 383 603 Item
410 574 441 602 in
474 574 582 603 eodem
610 574 679 603 loco
707 573 801 604 solvit
833 583 913 613 mag.
941 572 1101 603 Arnoldus
1132 574 1170 602 de

269 622 376 652 Tricht
387 633 480 652 unum
497 623 632 652 francum
647 632 706 662 pro
721 621 787 662 ejus
802 622 929 652 introitu
939 620 1088 662 jocundo.

307 672 341 702 In
363 672 464 711 primo
488 671 604 711 incepit
626 671 768 700 dominus
789 671 946 700 Johannes
967 671 1006 700 de
1029 670 1170 711 Angusia

268 722 326 751 sub
358 721 507 761 magistro
537 720 655 750 Thoma
682 720 720 749 de
752 720 851 756 Dons,
887 719 974 760 cujus
1004 720 1100 750 bursa
1127 719 1168 749 VI

266 770 376 806 solidi3
396 776 426 800 et
435 770 505 810 quia
518 770 654 799 nondum
671 769 896 804 determinavit,
910 769 999 799 nacio
1010 769 1168 809 supplica-

265 819 311 849 vit
323 819 353 848 in
368 818 507 848 facultate
517 824 551 848 ut
564 818 703 858 incipere
714 824 824 858 posset
836 818 903 847 sine
915 818 1166 854 determinancia,

267 867 378 898 solutis
401 867 572 902 solvendis,
598 866 686 906 cujus
710 867 901 907 supplicacio
923 877 1073 897 concessa
1099 868 1165 903 suit,

265 917 365 946 Solvit
377 916 468 946 simul
486 925 543 956 pro
555 915 796 946 determinancia
811 922 842 945 et
855 916 1045 956 magisterio.

305 965 379 995 Item
395 965 511 1005 incepit
525 964 668 994 dominus
684 965 839 994 Robertus
854 965 892 994 de
907 965 974 995 Den
989 966 1047 995 sub
1059 966 1167 995 eodem

263 1015 413 1054 magistro
427 1014 555 1050 Thema,
573 1013 662 1054 cujus
675 1014 769 1044 bursa
784 1013 840 1044 VII
857 1014 960 1044 solidi.
980 1014 1078 1045 Solvit
1092 1021 1166 1045 tota-

265 1063 347 1093 liter.

303 1112 378 1142 Item
398 1111 542 1142 XXVIIII
560 1112 609 1141 die
629 1112 745 1142 mensis
760 1112 944 1142 Novembris
961 1112 1037 1142 hora
1053 1113 1164 1152 prime,

262 1162 339 1191 sacta
358 1161 607 1201 congregacione
625 1161 802 1201 supradicte
819 1162 958 1191 nacionis
970 1163 1052 1202 apud
1069 1162 1166 1191 Sanc-

261 1217 325 1240 tum
339 1210 494 1240 sulianum
510 1219 676 1250 pauperem
693 1211 731 1239 ad
749 1210 953 1240 ordinandum
968 1217 1002 1241 ut
1015 1211 1164 1247 scolares,

261 1259 380 1289 scilicet
401 1259 548 1289 bacularii
575 1259 728 1299 incepturi
756 1260 788 1291 in
815 1259 955 1289 facultate
986 1260 1101 1289 arcium
1127 1261 1166 1289 de

260 1314 367 1338 nostra
381 1308 509 1338 nacione
524 1308 703 1343 existentes,
718 1318 775 1348 pro
787 1310 891 1348 placet
907 1319 969 1338 non
986 1309 1166 1338 examinen-

261 1364 321 1393 tur,
347 1357 466 1387 scilicet
482 1356 570 1397 cujus
590 1357 728 1387 nacionis
750 1358 823 1393 sint,
845 1367 912 1387 cum
935 1368 997 1398 quo
1016 1358 1164 1398 magistro

260 1412 353 1441 stent,
370 1406 493 1446 quando
509 1407 632 1436 fuerunt
652 1406 811 1441 licentiati,
830 1408 913 1446 quod
928 1417 1052 1447 semper
1066 1408 1164 1447 magi-

261 1462 325 1485 ster
354 1454 497 1485 Clemens
522 1455 673 1485 Picardus
699 1455 770 1485 facit
797 1462 827 1485 et
853 1455 938 1491 dicit,
964 1466 998 1485 se
1023 1466 1077 1486 eos
1101 1467 1163 1486 non

260 1514 449 1544 cognoscere
461 1510 495 1534 ut
506 1514 572 1540 eos,
589 1504 616 1534 si
627 1514 689 1534 non
702 1503 815 1534 habent
829 1514 950 1534 causam
962 1505 1161 1545 impediendi,

259 1553 331 1593 quia
341 1563 403 1583 non
411 1553 572 1593 cognoscit
581 1563 650 1589 eos;
661 1553 816 1593 permittat
823 1563 885 1583 non
894 1554 939 1583 sic
948 1554 1160 1584 examinando.

298 1603 330 1631 2⁰
350 1601 399 1631 Ad
415 1602 621 1631 ordinandum
638 1602 676 1632 de
694 1602 807 1632 debitis
823 1603 963 1632 nacionis
983 1609 1013 1633 et
1027 1604 1064 1632 ad
1084 1603 1162 1633 visi-

257 1651 381 1680 tandum
403 1650 508 1680 literas
528 1651 559 1680 in
581 1650 674 1681 archa
691 1652 773 1691 apud
796 1651 939 1682 Sanctum
962 1652 1160 1688 Maturinum.,

257 1710 327 1730 nam
349 1700 438 1729 nacio
461 1699 554 1729 multa
576 1700 693 1736 debuit,
720 1707 751 1730 et
771 1700 870 1730 adhuc
890 1707 962 1730 tunc
985 1711 1047 1730 non
1070 1701 1163 1732 solvit

257 1749 417 1789 pecuniam
435 1758 492 1789 pro
508 1749 602 1779 scolis
622 1755 740 1789 septem
756 1749 878 1785 artium,
897 1760 987 1790 quam
999 1752 1162 1780 tenebatur

257 1797 380 1828 solvere
394 1798 426 1827 in
443 1798 522 1828 sesto
536 1798 657 1828 Pasche
676 1810 684 1828 t
705 1805 738 1828 ut
755 1799 818 1834 isti,
835 1799 887 1839 qui
903 1805 1056 1835 tenentur,
1076 1810 1161 1829 com-

256 1846 411 1887 pellantur
431 1847 470 1876 ad
491 1847 752 1883 satisfaciendum,
776 1854 806 1878 et
827 1855 1054 1888 consequenter
1072 1849 1160 1879 nacio

258 1896 399 1936 predicta
418 1902 525 1926 nostra
542 1896 640 1926 solvat
652 1897 766 1936 quibus
779 1903 827 1927 est
839 1897 985 1938 obligata.

296 1946 328 1974 3⁰
348 1944 396 1974 Ad
414 1945 651 1985 supplicandum
672 1946 698 1975 si
720 1946 814 1986 aliqui
835 1946 1011 1986 supplicare
1034 1947 1157 1977 vellent.

297 1994 343 2023 De
355 1994 456 2034 primo
470 1994 670 2024 deliberatum
682 1995 737 2025 suit
748 1996 830 2035 quod
844 1996 999 2026 diceretur
1011 1997 1159 2036 magistro

254 2043 415 2078 Clementi,
435 2049 467 2072 ut
482 2049 588 2072 nostra
606 2043 768 2084 supposita
783 2054 845 2074 non
859 2051 983 2075 vexaret
992 2058 999 2081 ;
1018 2046 1044 2075 si
1059 2052 1158 2075 autem

255 2102 317 2122 non
333 2092 460 2127 sineret,
478 2092 618 2132 magistri
637 2093 776 2122 nacionis
792 2100 897 2123 nostre
913 2094 1102 2124 baccalarios
1121 2095 1159 2125 dc

255 2141 383 2171 nacione
401 2151 455 2171 sua
470 2147 586 2171 tantum
601 2141 650 2171 vel
667 2141 737 2182 plus
750 2142 942 2172 tribularent.

296 2190 342 2219 De
376 2190 408 2219 2⁰
442 2190 504 2220 dati
537 2197 626 2220 erant
660 2192 808 2231 deputati,
843 2191 961 2222 scilicet
994 2192 1156 2228 Lanchals,

253 2238 406 2274 Trebron,
427 2239 566 2269 Erardus
583 2240 621 2269 de
640 2239 822 2276 Gamondia‚
840 2248 994 2281 receptor,
1011 2252 1158 2281 procura-

254 2294 314 2323 tor,
339 2289 377 2318 ad
396 2288 582 2318 visitandum
600 2289 723 2318 archam
745 2289 776 2318 in
797 2289 909 2319 Sancto
934 2290 1106 2327 Maturino;
1131 2291 1157 2320 si

253 2343 352 2367 autem
364 2337 458 2377 aliqui
474 2344 635 2377 presentes
651 2344 830 2368 tenerentur
844 2339 975 2375 micioni,
994 2350 1158 2370 moneren-

253 2391 304 2415 tur
314 2386 340 2415 si
349 2385 498 2416 baberent
508 2386 650 2426 pignora,
663 2387 836 2417 monicione
844 2388 921 2418 sacta
929 2395 1159 2429 exponerentur

252 2435 428 2464 vendicioni
438 2447 446 2471 ;
473 2435 499 2465 si
526 2446 588 2465 non
615 2435 766 2466 haberent
790 2437 938 2477 pignora,
966 2438 1022 2468 sed
1051 2438 1157 2468 literas

252 2483 404 2519 officialis,
426 2485 650 2524 procederetur
674 2492 782 2515 contra
804 2496 858 2515 eos
880 2487 1048 2516 secundum
1068 2486 1139 2527 jura
1147 2499 1154 2523 ς

253 2532 348 2562 eciam
357 2533 496 2573 magistri
507 2533 630 2574 quinon
639 2533 973 2574 solveruntjocundum
985 2536 1155 2572 introitum,

253 2590 316 2611 non
339 2582 536 2622 perciperent
567 2583 809 2613 distribuciones
837 2584 867 2613 in
891 2585 978 2614 sestis
1003 2585 1154 2620 nacionis,

254 2639 353 2670 neque
387 2630 535 2661 haberent
561 2642 654 2662 voces
680 2633 711 2662 in
738 2632 1031 2670 deliberacionibus,
1057 2644 1156 2674 neque

251 2685 436 2710 vocarentur
449 2680 487 2709 ad
502 2681 776 2721 congregaciones.

293 2727 340 2757 De
358 2728 391 2757 3⁰
410 2728 512 2759 nullus
530 2729 716 2770 supplicavit
733 2737 838 2771 preter
852 2741 957 2768 unum,
974 2731 1062 2772 cujus
1080 2742 1155 2772 sup-

252 2776 383 2816 plicacio
400 2777 465 2813 suit,
488 2784 522 2808 ut
543 2778 657 2809 iremus
678 2780 717 2809 ad
734 2780 902 2810 tabernam.
924 2780 1037 2811 Ivimus
1057 2787 1156 2811 autem

253 2825 284 2854 in
298 2826 430 2864 hospicio
440 2828 508 2856 Iunc
521 2827 551 2856 in
562 2828 631 2857 vico
641 2828 854 2868 Anglicorum,
867 2836 897 2859 et
907 2830 1156 2870 consumpsimus

255 2873 296 2903 III
324 2875 445 2904 francos
470 2874 526 2905 VII
551 2876 669 2906 solidos
691 2884 721 2907 et
744 2878 801 2908 IIII
825 2879 981 2914 denarios,
1007 2889 1086 2919 quos
1113 2878 1155 2909 III

254 2925 376 2953 francos
394 2923 551 2955 solverunt
566 2935 624 2966 pro
643 2936 747 2956 eorum
761 2926 898 2967 jocundo
916 2928 1041 2958 introitu
1058 2928 1158 2969 magi-

1224 674 1240 701 5

1204 919 1239 945 10

1203 1165 1237 1191 15

1201 1411 1235 1437 20

1199 1657 1232 1682 25

1197 1901 1231 1927 30

1196 2146 1230 2173 35

1194 2391 1228 2418 40

1194 2637 1227 2663 45

1194 2882 1228 2908 50

1278 481 1343 504 ster
1362 475 1519 505 Johannes
1544 476 1581 505 dc
1606 475 1757 515 Angusia‚
1784 477 1930 516 magister
1958 478 2113 508 Robertus
2144 480 2182 509 de

1280 524 1349 553 Den
1366 530 1396 553 et
1419 525 1567 564 magister
1584 524 1728 554 Nicolaus
1751 525 1899 554 Grinlauu
1924 526 2019 561 Scoti,
2043 527 2181 567 reliquos

1279 572 1336 602 VII
1351 573 1468 602 solidos
1480 580 1510 603 et
1519 573 1592 603 VIII
1605 574 1748 603 denarios
1762 574 1855 604 solvit
1869 581 2015 613 receptor
2027 576 2177 606 nacionis.

1320 622 1396 651 Item
1412 622 1528 662 incepit
1544 622 1687 652 dominus
1702 623 1858 652 Johannes
1875 623 1988 653 Webel
2009 626 2066 654 sub
2084 625 2182 664 magi-

1277 677 1343 700 stro
1362 670 1509 707 Arnesto,
1534 671 1621 711 cujus
1643 673 1736 701 bursa
1760 672 1787 701 X
1812 672 1922 710 solidi;
1945 672 2025 702 ultra
2047 674 2183 713 quinque

1277 730 1375 750 annos
1397 721 1502 760 posuit
1525 720 1643 750 literam
1667 721 1820 756 officialis,
1849 731 1938 760 quarn
1966 722 2121 752 invenitur
2151 723 2183 752 in

1277 769 1359 798 libro
1381 770 1553 809 receptoris
1581 770 1762 805 redemisse,
1786 777 1858 800 tunc
1882 770 1986 799 franco
2008 777 2182 810 computato

1277 828 1336 858 pro
1361 818 1463 848 XVIII
1489 819 1616 854 solidis;
1638 829 1719 848 nunc
1743 825 1841 849 autem
1864 819 1957 849 solvit
1982 830 2040 859 pro
2062 826 2182 850 rectore

1277 874 1348 897 octo
1361 867 1479 897 solidos
1495 874 1525 896 et
1537 867 1686 897 satisfecit
1697 868 1837 897 bedellis.

1317 916 1392 946 Item
1408 916 1556 956 magister
1565 916 1753 946 Wilhelmus
1766 917 1907 946 Trebron
1918 918 2048 947 redemit
2062 917 2180 947 literam

1277 965 1415 995 officialis
1443 975 1502 1005 pro
1528 966 1768 995 determinancia
1800 966 1930 996 Roberti
1965 967 2003 996 de
2033 967 2178 1003 Camera;

1276 1015 1294 1044 5
1307 1015 1431 1044 francos
1445 1014 1546 1044 XVIII
1562 1015 1707 1044 denarios
1726 1015 1828 1044 solvit.

1316 1063 1391 1093 Item
1414 1073 1472 1103 pro
1498 1063 1776 1093 distribucionibus
1799 1064 2017 1104 magistrorum
2042 1065 2073 1094 in
2103 1066 2180 1094 festo

1275 1113 1363 1142 beate
1377 1112 1522 1142 Katerine
1540 1113 1625 1142 dedit
1639 1119 1782 1152 receptor
1793 1114 1931 1143 nacionis
1944 1113 2101 1143 XXXVIII
2121 1114 2177 1143 sol.

1315 1161 1390 1191 Item
1419 1162 1450 1191 in
1479 1161 1529 1191 die
1558 1162 1655 1191 sancti
1679 1162 1797 1192 Nicolai
1824 1173 1882 1202 pro
1903 1163 2180 1192 distribucionibus

1274 1211 1424 1250 tringinta
1440 1221 1533 1240 unum
1551 1210 1641 1240 solid.

1314 1259 1389 1290 Item
1406 1259 1492 1289 XVII
1508 1259 1558 1289 die
1578 1260 1693 1289 mensis
1709 1259 1891 1290 Decembris
1911 1261 1987 1290 facta
2007 1271 2180 1301 congrega-

1274 1309 1361 1338 cione
1392 1309 1532 1338 nacionis
1558 1309 1709 1338 antedicte
1738 1310 1820 1349 apud
1852 1309 1995 1339 Sanctum
2024 1310 2178 1340 lulianum

1273 1368 1439 1398 pauperem
1455 1358 1493 1387 ad
1509 1358 1692 1387 audiendum
1709 1365 1885 1398 compotum
1901 1359 2016 1388 domini
2035 1366 2179 1399 recepto-

1273 1407 1316 1436 ris
1332 1408 1369 1436 ad
1388 1407 1563 1447 eligendum
1575 1414 1807 1447 procuratorem
1824 1414 1854 1437 et
1870 1409 1906 1437 ad
1929 1408 2177 1447 supplicandum,

1272 1455 1392 1486 delatus
1419 1457 1475 1486 suit
1495 1463 1658 1496 compotus
1682 1457 1719 1486 ad
1744 1457 1872 1496 primam
1899 1457 2177 1496 congregacionem

1271 1515 1423 1535 nacionis.

1675 1599 1773 1630 1369

1331 1671 1403 1711 (Fol.
1422 1670 1497 1711 11¹²)
1523 1670 1615 1701 Acta
1648 1672 1913 1711 procuratoris
1945 1671 2117 1711 magistri

1541 1720 1725 1750 Johannis
1754 1720 1899 1750 Webel.

1309 1800 1401 1831 Anno
1422 1801 1546 1830 Domini
1564 1800 1726 1830 millesimo
1745 1800 1862 1831 CCC¹¹²⁰
1878 1800 2004 1836 LXIX0,
2023 1800 2108 1830 XVII
2127 1802 2176 1831 die

1269 1850 1385 1880 mensis
1407 1850 1588 1879 Decembris
1605 1849 1681 1879 hora
1703 1850 1813 1889 prima,
1831 1850 1909 1880 facta
1930 1850 2176 1890 congregacione

1269 1899 1408 1928 nacionis
1427 1897 1599 1938 Anglicane
1621 1899 1702 1939 apud
1721 1899 1865 1928 Sanctum
1883 1899 2036 1928 ,lulianum
2057 1909 2176 1939 paupe-

1268 1958 1333 1978 rem
1353 1949 1391 1977 ad
1413 1947 1588 1988 eligendum
1602 1958 1713 1977 novum
1730 1954 1974 1988 procuratorem,
1989 1948 2105 1977 electus
2121 1949 2177 1978 suit

1268 1998 1306 2027 de
1322 1997 1470 2026 concordi
1486 2007 1641 2026 consensu
1653 1997 1845 2037 singulorum
1859 1997 2006 2036 magister
2018 1997 2175 2026 Johannes

1268 2045 1391 2076 Webel.
1411 2046 1446 2075 In
1462 2045 1548 2086 cujus
1566 2046 1789 2085 procuracione
1808 2052 1874 2075 acta
1890 2046 2013 2075 suerunt
2028 2046 2084 2075 hec
2100 2046 2174 2076 infe-

1268 2094 1334 2124 rius
1353 2095 1479 2124 inserta.

1307 2144 1413 2174 Primo
1440 2145 1545 2173 eadem
1567 2143 1616 2174 die
1638 2144 1726 2173 nacio
1756 2144 1835 2173 dicta
1857 2143 2039 2173 deliberavit
2059 2143 2173 2173 intrare

1267 2193 1423 2223 tabernam
1446 2194 1475 2222 in
1497 2194 1640 2228 lior-rium,
1660 2193 1769 2233 gallice
1789 2204 1825 2222 en
1847 2195 1878 2221 la
1897 2203 2024 2233 grangc,
2049 2199 2078 2222 et
2097 2203 2173 2222 con—

1267 2242 1400 2281 sumpsit
1416 2242 1531 2271 ibidem
1547 2242 1703 2272 XXXYIII
1716 2242 1833 2272 solidos
1848 2252 1916 2271 cum
1935 2242 2006 2271 VIII
2024 2242 2171 2277 denariis,

1266 2291 1304 2320 de
1317 2291 1430 2330 quibus
1448 2291 1606 2330 predictus
1622 2291 1770 2331 magister
1781 2291 1938 2320 Johannes
1954 2291 2066 2320 Webel
2081 2291 2173 2320 solvit

1266 2339 1379 2370 XXXII
1398 2340 1527 2375 solidos,
1545 2340 1690 2369 videlicet
1706 2350 1798 2369 unum
1815 2341 1950 2369 francum
1964 2350 2021 2379 pro
2034 2339 2172 2380 jocundo

1266 2399 1322 2419 suo
1343 2389 1481 2422 introitu,
1499 2389 1651 2428 reliquum
1666 2399 1740 2418 vero
1757 2390 1882 2418 racione
1898 2399 1976 2418 nove
1994 2399 2048 2418 sue
2062 2399 2171 2428 procu-

1265 2438 1390 2474 ratorie,
1417 2438 1575 2468 residuum
1601 2449 1735 2478 quoque,
1758 2439 1878 2468 scilicet
1898 2438 1937 2467 VI
1961 2438 2078 2467 solidos
2102 2448 2169 2467 cum

1264 2487 1337 2517 VIII
1353 2487 1502 2522 denariis,
1517 2488 1652 2517 solverat
1670 2494 1823 2527 receptor.

1306 2537 1380 2566 Item
1403 2537 1510 2566 ultimo
1532 2537 1582 2566 die
1602 2537 1718 2566 mensis
1740 2537 1920 2566 Decembris
1941 2537 2015 2565 sacta
2037 2546 2170 2575 congre-

1265 2586 1393 2625 gacione
1409 2585 1561 2615 facultatis
1581 2592 1611 2615 et
1626 2586 1766 2615 nacionis
1783 2587 1820 2615 ad
1840 2585 2022 2615 audiendum
2043 2595 2171 2624 compo-

1265 2641 1327 2664 tum
1351 2635 1523 2674 receptoris
1549 2641 1580 2664 et
1605 2635 1642 2664 ad
1665 2635 1891 2674 disponendum
1918 2635 1955 2663 de
1986 2634 2169 2673 pignoribus

1265 2683 1452 2723 computavit
1468 2690 1622 2724 receptor,
1639 2690 1669 2713 et
1682 2683 1793 2713 mansit
1811 2683 1869 2713 sibi
1886 2683 1973 2712 nacio
1989 2683 2122 2722 obligata
2139 2683 2169 2712 in

1265 2734 1284 2762 3
1307 2732 1417 2762 solidis
1439 2739 1469 2762 et
1493 2734 1507 2762 1
1529 2733 1634 2762 denar.
1664 2733 1710 2762 De
1730 2733 1914 2772 pignoribus
1938 2732 1994 2762 suit
2015 2731 2170 2761 delibera-

1265 2787 1327 2811 tum
1351 2782 1433 2821 quod
1456 2781 1555 2811 ultimi
1576 2788 1729 2811 taxatores
1752 2781 1849 2810 libros
1873 2787 2011 2811 taxat-ent
2030 2781 2169 2810 vadiatos

1266 2837 1296 2860 et
1310 2831 1479 2860 venditioni
1494 2837 1733 2870 exponerentur.

1307 2879 1380 2909 Item
1411 2879 1499 2909 XIIII
1523 2880 1572 2908 die
1593 2879 1709 2908 mensis
1737 2879 1872 2908 Januarii
1897 2879 1971 2908 sacta
1995 2888 2169 2918 congrega-

1267 2929 1354 2958 cione
1370 2929 1451 2968 apud
1472 2929 1614 2958 Sanctum
1633 2928 1784 2958 lulianum
1804 2938 1968 2967 pauperem
1986 2928 2021 2957 ad
2041 2928 2169 2957 audien-
