2632 3464
173 2612 399 2638 Detcrminantes

1244 416 1507 443 INTRODUCTIO

417 493 637 542 superiores
651 492 800 527 mediae
813 504 935 541 prope
953 493 1167 541 Sequanam
1187 506 1203 527 ))
1221 493 1320 539 (585,
1342 493 1412 539 19),
1432 492 1587 528 scholae
1601 493 1750 528 mediae
1767 505 1883 542 super
1899 493 2051 530 scholas
2067 506 2204 543 parvas
2224 508 2346 546 prope

418 563 635 611 Sequanam
657 574 674 595 i>
702 561 798 607 (593,
832 561 899 607 19).
927 560 1036 597 Unde
1059 568 1166 610 patet
1190 560 1305 597 aedes
1326 562 1526 610 Sequanae
1553 563 1756 611 contiguas
1779 563 1832 598 ita
1850 575 1870 598 a
1891 562 2064 599 Gilberto
2089 562 2231 600 divisas
2257 577 2345 602 esse

418 644 478 666 an.
504 631 597 666 1378
613 637 655 666 ut
673 638 753 666 tres
777 629 934 666 scholae
956 637 1321 679 superponerentur,
1345 631 1399 665 sic
1421 630 1538 680 vulgo
1557 630 1808 680 designatae:
1836 645 1854 666 (ι
1877 632 2033 668 scholae
2059 645 2181 668 novae
2205 646 2345 682 parvae

418 712 537 749 prope
558 701 772 748 Sequanam
788 708 1076 747 superterram,
1098 699 1302 739 ...medina
1327 712 1573 746 ...supremae
1593 713 1610 734 5>
1633 701 1730 745 (593,
1752 700 1822 747 10).
1843 701 1915 736 An.
1937 701 2043 744 1380,
2062 714 2149 737 cum
2167 704 2280 751 pauci
2305 704 2344 739 in
2394 712 2397 714 ·

417 770 571 805 natione
597 781 731 818 regere
756 775 950 817 peterent,
981 767 1076 804 duas
1108 767 1257 803 illarum
1287 767 1504 804 scholarum
1531 781 1752 817 parvarum,
1783 782 1878 819 quas
1909 770 2067 807 tenebat
2098 784 2119 807 a
2147 771 2340 817 Gilberto,

417 839 562 875 nationi
582 838 850 880 Normanniae,
869 838 1023 873 tertiam
1041 838 1223 885 magistro
1242 836 1394 873 cuidam
1411 837 1584 880 Picardo,
1604 839 1709 874 natio
1727 838 1939 888 Anglicana
1955 839 2108 876 locavit.

468 909 529 944 Sic
546 907 707 957 posthac
728 906 805 956 (an.
833 907 938 953 1382)
949 919 1018 942 sem
1032 905 1188 942 scholae
1209 919 1229 942 a
1245 907 1401 942 natione
1423 908 1630 955 quotannis
1651 906 1882 944 distributae
1897 916 1998 945 sunt.
2013 909 2110 956 (Vid.
2135 909 2221 955 625,
2243 911 2291 946 42
2305 911 2348 958 ¹.)

468 979 623 1013 Praeter
652 976 804 1012 scholas
842 977 879 1011 in
918 975 1058 1025 quibus
1088 982 1342 1012 consueverat
1379 975 1508 1025 legere
1541 975 1755 1026 Anglicana
1787 978 1912 1021 natio,
1949 979 2088 1015 ceteris
2125 979 2346 1016 nationibus

420 1046 651 1096 quandoque
683 1045 776 1081 alias
801 1046 926 1095 pretio
956 1046 1159 1088 mutuavit,
1192 1052 1233 1081 ut
1259 1058 1279 1080 a
1308 1047 1537 1081 Normannis
1570 1045 1666 1082 duas
1696 1046 1848 1082 scholas
1875 1047 1930 1083 ad
1965 1047 2120 1098 longum
2149 1050 2348 1085 introitum

417 1117 490 1162 (34,
509 1117 575 1159 37,
595 1116 655 1158 39,
674 1116 738 1158 38;
763 1115 843 1158 102,
859 1115 927 1157 4ος
951 1114 1031 1158 199,
1051 1114 1125 1163 25),
1143 1114 1204 1150 vel
1225 1127 1245 1150 a
1266 1114 1383 1151 Gallis
1398 1116 1473 1161 (78,
1494 1115 1559 1158 283
1579 1116 1664 1158 314,
1687 1117 1734 1163 5).
1758 1116 1918 1163 Quoties
1934 1129 2115 1153 numerus
2134 1117 2347 1154 volentium

417 1198 560 1234 regere,
585 1192 626 1220 ut
643 1197 700 1220 an.
725 1184 831 1226 1370,
850 1183 921 1219 fuit
944 1198 960 1218 c<
977 1183 1077 1220 bene
1094 1183 1235 1232 duplus
1252 1183 1300 1219 ad
1317 1197 1517 1220 numerum
1540 1184 1758 1221 scholarum
1776 1197 1872 1234 quas
1886 1185 2178 1223 habebatvnatio
2200 1201 2217 1222 1>
2247 1188 2344 1233 (368,

417 1255 489 1301 26),
511 1253 672 1303 quilibet
693 1252 926 1302 procurabat
946 1252 1017 1288 sibi
1043 1253 1208 1297 scholas,
1232 1266 1252 1288 a
1272 1254 1428 1289 natione
1444 1254 1540 1302 ipsa,
1564 1266 1640 1289 non
1663 1260 1790 1290 tamen
1809 1253 1909 1290 ultra
1925 1267 2167 1292 communem
2190 1265 2342 1299 taxum,

417 1323 633 1360 solvendas.
663 1324 726 1359 Sic
750 1323 996 1359 nominantur
1021 1336 1038 1357 «
1066 1322 1158 1358 aula
1183 1323 1221 1357 in
1250 1322 1366 1358 domo
1392 1322 1673 1359 barbitonsoris
1700 1337 1717 1358 »
1745 1324 1842 1370 (505,
1865 1325 1944 1370 35);
1979 1337 1996 1359 α
2021 1323 2114 1360 aula
2142 1325 2196 1360 ad
2215 1334 2342 1362 rotam

412 1395 594 1441 fortunae
624 1406 641 1427 ³)
672 1392 768 1438 (506,
805 1392 878 1438 22).
907 1391 1016 1428 Aliae
1041 1391 1207 1433 scholae,
1240 1404 1316 1428 non
1349 1398 1477 1428 tamen
1503 1394 1683 1442 expensis
1709 1393 1890 1436 nationis,
1916 1393 2069 1430 fuerunt
2097 1395 2136 1429 in
2165 1394 2346 1431 domibus

418 1464 701 1511 magistrorum.
730 1462 792 1497 Sic
822 1475 857 1496 v.
890 1475 928 1510 g.
957 1460 1148 1497 Gerardus
1183 1461 1343 1504 Kalant,
1375 1463 1464 1511 quia
1501 1461 1655 1512 legebat
1684 1462 1723 1497 in
1748 1461 1864 1498 domo
1891 1474 1979 1505 sua,
2009 1475 2086 1499 non
2115 1462 2270 1512 legebat
2300 1462 2348 1504 ad

418 1544 606 1581 expensas
627 1532 794 1567 nationis
815 1531 912 1577 (712,
936 1531 980 1566 31
1003 1533 1119 1580 sqq.).
1142 1530 1228 1567 Alia
1245 1531 1419 1580 exempla
1441 1531 1543 1567 alibi.

466 1603 539 1637 An.
565 1601 655 1636 1401
678 1600 910 1636 auditorium
929 1601 1106 1649 superius
1123 1613 1346 1650 magnarum
1365 1600 1582 1637 scholarum
1602 1600 1853 1637 Alemanniae
1873 1600 2045 1637 dividere
2060 1602 2099 1637 in
2119 1600 2214 1637 duas
2230 1601 2345 1637 scho-
2375 1603 2389 1608 “

417 1671 473 1707 las
492 1671 731 1720 propositum
749 1677 822 1713 est,
843 1683 1002 1719 quarum
1020 1669 1141 1721 multo
1165 1670 1289 1706 minor
1305 1683 1375 1719 pro
1398 1670 1445 1706 30
1471 1669 1711 1706 scholaribus
1734 1677 1773 1706 et
1801 1669 1900 1706 ultra
1928 1669 2123 1706 sufficeret
2145 1670 2242 1716 (835,
2262 1670 2351 1719 20),

417 1740 519 1776 unde
533 1738 840 1776 concludendum
854 1747 925 1781 est,
941 1752 1098 1787 magnas
1111 1739 1263 1775 scholas
1277 1740 1446 1788 integras
1458 1740 1505 1776 80
1515 1739 1575 1776 vel
1590 1739 1659 1775 100
1672 1739 1867 1776 scholares
1882 1740 2080 1775 minimum
2093 1740 2343 1776 continuisse.
2368 1758 2371 1759 ⁷

468 1811 597 1846 Status
623 1809 841 1845 scholarum
862 1822 939 1844 non
964 1816 1046 1845 erat
1071 1810 1252 1858 optimus.
1280 1808 1498 1858 Aliquando
1524 1821 1600 1844 non
1627 1815 1804 1858 poterant
1829 1807 1974 1852 claudi,
2000 1809 2052 1844 ita
2076 1816 2214 1858 ut-per
2236 1808 2339 1845 fures

420 1894 436 1914 «
463 1879 704 1915 deferrentur
721 1879 849 1914 omnia
870 1879 1054 1914 stramina
1076 1892 1093 1913 ³)
1115 1879 1211 1924 (405,
1230 1879 1275 1925 2).
1305 1877 1448 1914 Eadem
1473 1877 1627 1927 querela
1648 1877 1742 1914 alias
1766 1877 1906 1928 legitur
1921 1878 2022 1927 (478,
2040 1878 2116 1925 30).
2138 1866 2225 1914 'Alio
2241 1885 2340 1914 tem-

420 1961 512 1998 pore
529 1947 761 1984 deficiebant
777 1947 948 1997 pulpitus
967 1961 1037 1996 pro
1054 1949 1252 1997 magistro,
1271 1949 1468 1991 stramina,
1489 1954 1560 1983 etc.

467 2018 526 2054 Ab
551 2019 708 2067 antiquo
731 2018 875 2053 mentio
899 2016 941 2054 fit
961 2017 1094 2053 ballivi
1114 2018 1188 2053 vici
1205 2017 1413 2054 Straminis
1436 2017 1533 2064 (100,
1558 2017 1619 2058 33,
1645 2017 1727 2059 137,
1750 2016 1798 2052 34
1821 2023 1860 2052 et
1882 2017 2053 2065 passim),
2075 2017 2189 2053 unius
2213 2015 2347 2062 bedel-

418 2088 562 2129 lorum,
587 2088 651 2136 qui
671 2087 805 2123 habuit
829 2087 956 2123 claves
979 2086 1195 2123 scholarum
1216 2087 1314 2133 (102,
1338 2087 1411 2133 40).
1433 2087 1505 2122 An.
1530 2086 1621 2122 1395
1643 2084 1893 2122 subbedellus
1913 2086 2081 2121 nationis
2096 2085 2225 2121 claves
2240 2084 2347 2121 scho-

420 2157 539 2194 larum
557 2158 728 2193 omnium
746 2158 943 2193 nationum
968 2158 1114 2206 recepit
1130 2157 1226 2202 (702,
1248 2157 1286 2191 11
1306 2155 1421 2206 sqq.).
1451 2157 1523 2191 An.
1545 2155 1638 2192 1403
1662 2155 1907 2204 praepositus
1932 2155 2052 2190 Paris.
2074 2154 2274 2204 praecepit
2305 2160 2348 2189 ut

417 2229 526 2263 vicus
551 2227 752 2262 Straminis
778 2225 1022 2262 clauderetur
1047 2227 1145 2273 (871,
1170 2226 1250 2273 44);
1279 2225 1414 2261 barrae
1438 2224 1591 2261 fuerunt
1614 2225 1755 2260 missae
1778 2236 1838 2259 an.
1863 2223 1962 2263 ι1404
1983 2224 2080 2270 (875,
2108 2224 2155 2259 34
2167 2224 2206 2269 ‘²).
2230 2224 2342 2259 Natio

418 2296 632 2346 Anglicana
662 2295 783 2332 voluit
810 2302 851 2331 ut
874 2296 989 2332 etiam
1014 2307 1153 2344 parvae
1177 2294 1333 2331 scholae
1360 2296 1398 2330 in
1420 2294 1494 2330 fine
1516 2294 1589 2330 vici
1611 2293 1813 2330 Straminis
1840 2291 2130 2330 includerentur
2152 2293 2248 2339 (872,
2271 2292 2344 2340 29).

842 2474 876 2509 7.
919 2474 1300 2517 Determinantes,
1341 2473 1582 2515 licentiati,
1621 2473 1918 2522 incipientes.

469 2604 623 2640 Librum
653 2610 942 2653 procuratorum
966 2616 1042 2639 non
1069 2603 1308 2639 matriculam
1333 2616 1419 2639 esse
1444 2615 1517 2652 qua
1548 2601 1742 2638 scholares
1768 2614 1902 2637 omnes
1930 2600 2244 2642 inscriberentur,
2274 2598 2343 2635 sed
2401 2634 2407 2639 ,

423 2675 628 2724 registrum
650 2673 875 2722 praesertim
900 2672 1215 2715 determinantes,
1239 2672 1470 2715 licentiatos,
1494 2673 1725 2721 incipientes
1747 2683 1976 2714 memorans,
1994 2671 2071 2719 jam
2093 2669 2270 2705 diximus.

470 2743 568 2790 Quid
592 2744 641 2779 sit
662 2742 918 2779 determinare
938 2749 975 2777 et
999 2741 1328 2778 subdeterminare
1348 2741 1440 2778 alias
1455 2743 1467 2765 ³
1488 2741 1702 2782 docuimus,
1725 2747 1763 2776 et
1783 2739 1958 2775 ultimum
1978 2746 2103 2775 actum
2121 2739 2157 2774 in
2182 2737 2348 2785 Quadra-

2312 2795 2316 2807 x

460 2863 487 2889 1.
531 2860 601 2889 Vid.
632 2861 669 2889 de
695 2860 914 2889 distributione
936 2859 1112 2889 scholarum
1134 2860 1211 2888 facta
1235 2859 1329 2899 magi·
1438 2859 1530 2898 cepit,
1550 2864 1582 2887 ut
1606 2858 1693 2887 vicus
1716 2856 1880 2886 Straminis
1903 2862 1992 2885 nocte
2018 2856 2222 2886 clauderetur.
2249 2855 2348 2883 Char-

420 2910 492 2939 stris
511 2920 578 2949 cap.
594 2910 623 2938 8.
1439 2910 1505 2943 tul„
1522 2907 1578 2943 111,
1596 2911 1629 2936 n⁰
1647 2906 1734 2936 1238.

459 2960 487 2989 2.
532 2959 597 2987 Jam
617 2969 665 2987 an.
684 2959 760 2987 1358
782 2958 914 2987 Carolus
940 2959 1001 2987 dux
1020 2958 1329 2997 Normanniaesprae-
1479 2958 1507 2986 3.
1556 2957 1705 2991 Char-tim,
1722 2955 1762 2991 ll,
1779 2965 1812 2994 p.
1829 2956 1898 2990 673,
1917 2961 1981 2984 not.
1999 2955 2033 2990 23
2052 2964 2083 2993 p.
2101 2953 2160 2982 674
2174 2953 2224 2992 (5).

2593 1646 2600 1652 ι

2615 2060 2632 2447 „x-*„Q⁴.·efflmmzsat-ma¹¹
2610 1924 2632 2014 “ulmal“
2609 1883 2620 1886 ³
2612 1852 2632 1860 Ξ
2619 1807 2626 1819 «·’
2615 1756 2618 1757 ’
2614 1703 2619 1707 ’
2620 1672 2626 1676 ’
2618 1602 2620 1606 ‘
2618 1566 2632 1572 ¹.
2617 1443 2632 1494 x
2618 1407 2632 1420 s
