2632 3464
461 394 512 420 295

500 469 574 498 Item
588 469 691 498 eadem
710 467 759 497 die
776 467 989 496 determinavit
1001 467 1143 496 dominus
1154 466 1310 495 Arnoldus
1324 465 1361 493 de

460 518 605 557 Rogiten‚
624 517 812 546 Warmiens.
842 516 936 551 dioc.‚
965 517 1022 545 sub
1047 515 1195 555 magistro
1223 514 1361 543 Johanne

457 568 496 596 de
515 566 658 600 Saxonia,
676 564 762 605 cujus
780 566 874 594 bursa
891 566 927 593 10
943 565 999 594 sol.

499 616 574 645 Item
596 615 701 644 eadem
726 614 774 643 die
802 613 1015 642 determinavit
1039 612 1181 641 dominus
1203 611 1360 640 Arnoldus

460 664 559 703 Longi
583 663 754 692 Warmien.
781 663 870 701 dyoc.
896 663 952 691 sub
979 662 1127 701 magistro
1153 660 1291 690 Johanne
1322 660 1360 688 de

457 713 602 747 Saxonia,
622 711 708 751 cujus
722 712 816 740 bursa
830 711 857 740 X
871 711 974 746 solidi,
993 717 1022 739 et
1035 709 1182 739 satisfecit
1195 709 1316 737 bedello
1331 714 1361 737 et

457 762 562 802 posuit
578 761 696 790 literam
713 759 851 789 officialis
860 759 947 799 juxta
961 759 1095 798 graciam
1111 758 1170 787 sibi
1185 758 1290 786 factam
1306 767 1361 795 per

457 811 628 844 nacionem,
646 809 787 838 similiter
802 815 831 837 et
842 808 999 837 Arnoldus
1015 807 1186 836 immediate
1203 806 1357 845 superius,

458 860 644 893 nominatus,
664 857 710 887 εἴ*
733 858 821 886 ambo
838 857 1053 885 satisfecerunt
1070 862 1099 884 et
1116 856 1283 885 solverunt.

497 908 568 947 (Fol.
587 909 622 937 51
639 907 662 946 l²)
682 907 754 935 Item
771 905 984 934 determinavit
1000 905 1162 934 Liefordus
1181 905 1219 932 de
1235 903 1357 938 Datlen,

455 958 546 996 dyoc.
570 956 725 986 ColmenS.
748 955 804 983 sub
825 954 973 993 magistro
996 953 1152 992 Heynrico
1174 954 1212 981 de
1230 952 1357 987 Hassia,

455 1005 543 1044 cujus
558 1006 653 1034 bursa
674 1003 746 1032 VIII
764 1003 866 1032 solidi.
887 1002 1042 1031 Satisfecit
1061 1002 1190 1030 bedellis
1209 1008 1238 1030 et
1255 1001 1360 1041 posuit

455 1055 573 1083 literam
596 1052 732 1081 officialis
755 1052 921 1080 secundum
944 1051 1077 1090 graciam
1096 1051 1156 1079 sibi
1181 1060 1359 1079 concessam

454 1114 473 1132 a
494 1103 633 1131 nacione.
653 1100 711 1130 Et²
729 1100 887 1130 satisfecit.

495 1152 569 1180 Item
586 1150 866 1179 determinaverunt
882 1148 1023 1178 Andreas
1039 1155 1068 1178 et
1086 1149 1276 1177 Hilbrandus
1297 1149 1359 1176 fra-

454 1207 519 1229 tres
531 1200 604 1228 dicti
615 1199 786 1227 Zuderman
801 1199 837 1226 de
854 1198 1018 1226 Tremonia
1031 1197 1228 1226 Coloniensis
1244 1198 1359 1236 dyoce-

453 1249 497 1278 sis
516 1250 572 1277 sub
591 1247 738 1287 magistro
755 1247 946 1276 Theodorico
965 1247 1002 1275 de
1018 1246 1097 1281 Una,
1114 1256 1243 1286 quorum
1260 1245 1358 1285 cujus-

451 1298 526 1327 libet
543 1299 636 1326 bursa
650 1296 691 1325 XI
711 1296 813 1325 solidi.

494 1347 567 1375 Item
591 1345 806 1374 determinavit
827 1344 988 1374 Conradus
1007 1345 1044 1373 de
1065 1344 1147 1373 Hi'iet
1162 1345 1219 1373 5111)
1238 1344 1356 1379 eodem,

452 1395 538 1435 cujus
556 1396 650 1423 bursa
664 1394 692 1423 X
706 1393 798 1422 solidi
814 1400 844 1422 et
857 1393 897 1422 VI
912 1393 1047 1428 denarii;
1066 1393 1215 1422 satisfecit
1226 1392 1358 1422 bedellis

451 1451 482 1474 et
502 1444 609 1483 posuit
625 1443 756 1472 litteram
776 1442 914 1471 officialis
933 1441 1019 1481 juxta
1040 1442 1174 1481 graciam
1198 1442 1257 1471 sibi
1282 1452 1357 1471 con-

453 1503 570 1522 cessam
585 1503 600 1520 a
616 1492 743 1520 nacione
761 1501 855 1531 super
868 1491 1102 1530 complemento,
1123 1492 1246 1530 dempto
1264 1491 1356 1520 dimi-

451 1542 503 1571 dio
522 1541 650 1570 floreno.

493 1591 566 1619 Item
578 1589 590 1607 3
602 1591 707 1619 eodem
719 1589 768 1618 die
782 1589 994 1618 determinavit
1006 1588 1146 1618 Andreas
1160 1590 1197 1618 de
1215 1589 1356 1618 Trebron

452 1640 563 1669 Scotus
589 1640 645 1668 sub
670 1639 819 1677 magistro
840 1638 956 1667 Thoma
975 1639 1012 1667 de
1036 1638 1134 1673 Dons,
1156 1637 1242 1678 cujus
1262 1639 1357 1668 bursa

450 1688 491 1717 Vl
508 1688 618 1723 solidi;
637 1687 785 1716 satisfecit
795 1687 937 1722 bedellis,
954 1693 984 1716 et
996 1697 1053 1726 pro
1069 1687 1194 1716 residuo
1207 1687 1357 1727 obligavit

451 1747 485 1766 se
510 1737 540 1765 in
566 1737 667 1765 littera
690 1736 826 1765 officialis
847 1737 1013 1765 secundum
1036 1736 1169 1775 graciam
1189 1747 1205 1765 a
1227 1737 1355 1766 nacione

451 1786 510 1815 sibi
528 1795 716 1814 concessam.
738 1785 870 1814 Solvit'·.

493 1835 567 1863 Item
592 1835 699 1863 eodem
722 1834 771 1863 die
800 1833 1015 1863 determinavit
1036 1834 1178 1863 dominus
1206 1834 1353 1864 Ludolfus

450 1883 547 1912 Ghise
565 1884 601 1912 de
615 1883 742 1918 Zonnis‚
758 1883 900 1922 dyocesis
917 1883 1095 1912 Zerinensis
1107 1883 1119 1901 5
1136 1884 1192 1912 sub
1206 1884 1354 1923 magistro

452 1933 587 1961 Henrico
606 1933 642 1960 de
662 1931 783 1967 Hassia,
801 1931 887 1971 cujus
903 1932 997 1961 bursa
1014 1932 1086 1961 VIII
1106 1932 1207 1961 solidi.

492 1982 566 2010 Item
587 1982 694 2010 eodem
710 1981 758 2010 die
778 1981 992 2010 determinavit
1011 1981 1166 2010 Johannes
1183 1981 1296 2011 Webel
1317 1983 1354 2011 de

451 2030 560 2059 Gouda
584 2029 754 2069 Trajecten.
779 2030 868 2068 dyoc.
894 2030 950 2058 sub
979 2030 1128 2069 magistro
1157 2031 1292 2060 Henrico
1316 2032 1354 2060 de

451 2079 589 2117 Cempis‚
613 2085 643 2107 et
664 2079 754 2107 debet
777 2079 898 2107 nacioni
922 2078 954 2118 iij
983 2079 1120 2118 regales,
1147 2081 1229 2119 quod
1257 2080 1355 2110 solvet

451 2129 522 2157 dum
539 2128 576 2156 ad
593 2128 743 2156 fortunam
759 2127 935 2166 pervenerit
950 2128 1154 2167 pinguiorem.

490 2176 565 2205 Item
585 2177 691 2205 eodem
709 2176 757 2205 die
776 2176 989 2205 determinavit
1008 2177 1150 2206 dominus
1171 2177 1353 2208 Guillelmus

449 2227 487 2254 de
519 2225 627 2254 Balvin
660 2231 690 2254 et
718 2225 874 2254 Johannes
905 2226 943 2254 de
975 2226 1089 2255 Cornel
1118 2228 1175 2256 sub
1204 2228 1353 2267 magistro

449 2274 566 2303 Thoma
589 2274 625 2302 de
649 2274 748 2309 Duns,
776 2273 862 2313 cujus
886 2275 981 2303 bursa
1005 2281 1073 2304 octo
1095 2275 1186 2304 solidi
1209 2282 1239 2305 et
1262 2277 1353 2306 dede-

450 2323 590 2352 runtfl....

489 2372 564 2401 Item
589 2372 695 2400 eadem
725 2372 774 2401 die
803 2373 1016 2402 determinavit
1043 2373 1185 2403 dominus
1214 2374 1286 2404 Otto
1315 2375 1352 2404 de

451 2420 673 2460 Dymaringha,
684 2419 769 2459 cujus
779 2421 872 2450 burse
883 2422 984 2460 posite
994 2429 1065 2451 sunt
1079 2422 1110 2451 in
1121 2423 1263 2462 deposito
1272 2447 1279 2459 ‚
1292 2430 1350 2453 etc.

491 2470 565 2498 Item
589 2470 802 2499 determinavit
830 2471 936 2499 eodem
959 2470 1008 2499 die
1033 2471 1175 2501 dominus
1195 2472 1351 2502 Robertus

451 2518 562 2547 Scotus
579 2519 636 2547 sub
651 2519 799 2558 magistro
818 2518 956 2548 Johanne
976 2520 1013 2548 de
1035 2520 1182 2556 Saxonia3
1204 2522 1353 2551 satisfecit

451 2567 571 2596 nacioni
599 2573 628 2596 et
657 2567 760 2606 posuit
785 2567 902 2596 literam
933 2569 1100 2598 secundum
1126 2570 1260 2609 graciam
1292 2571 1351 2600 sibi

449 2626 627 2645 concessam
643 2626 660 2645 a
675 2626 814 2645 nacione.

537 2731 597 2753 Et...
610 2731 743 2754 solverunt
757 2731 810 2754 alio
827 2731 982 2756 charactere.

535 2765 593 2788 Alio
604 2766 760 2789 charactere.

539 2802 602 2824 Item
618 2810 766 2825 concessam
776 2805 867 2833 postea
878 2802 961 2826 deleta
973 2807 1039 2827 aunt.

538 2836 595 2858 Alio
608 2836 762 2860 charactere.

539 2872 558 2893 Ι.
573 2879 593 2893 e.
609 2872 763 2895 Zwerinens.

540 2907 627 2928 Postea
642 2908 768 2937 quaedam
782 2908 856 2930 verba
872 2907 1004 2932 eliminata
1018 2912 1085 2933 sunt.

481 2730 506 2927 ΦΡἾῨΫΨΞΨΫ

995 390 1217 417 AUCTARIUM
1237 387 1495 415 CHARTULARII
1516 388 1690 415 UNIVERS.
1712 389 1830 416 PARIS.

1416 662 1431 688 5

1397 907 1430 932 10

1396 1152 1430 1177 ’15

1395 1398 1429 1424 20

1394 1644 1427 1670 25

1392 1890 1425 1916 30

1391 2135 1425 2161 35

1390 2381 1424 2406 40

1389 2627 1423 2652 45

2323 394 2376 420 296

1512 463 1584 493 Item
1602 464 1817 495 determinavit
1834 467 1940 496 eodem
1957 467 2006 496 die
2023 467 2197 507 Heynricus
2215 469 2252 499 de
2267 469 2375 500 Helm-

1471 518 1531 541 stat
1547 512 1627 542 Saxo
1641 514 1699 542 sub
1716 514 1866 554 magistro
1882 515 2022 546 Johanne
2042 515 2106 557 [de]
2124 517 2268 553 Samnia,
2287 517 2374 558 cujus

1469 562 1564 590 bursa
1580 561 1608 590 X
1623 561 1733 599 solidi;
1754 569 1784 592 et
1799 564 1947 594 satisfecit
1964 565 2085 594 nacioni
2100 572 2130 595 et
2146 566 2288 597 bedellis.

1510 609 1585 639 Item
1614 611 1721 640 eodem
1757 611 1807 641 die
1838 613 2052 643 determinavit
2082 614 2259 644 Robbertus
2296 615 2375 656 Boyl

1470 657 1581 688 scotus
1607 660 1664 689 sub
1695 661 1844 701 magistro
1874 662 2014 692 Johanne
2042 663 2080 692 de
2111 663 2259 700 Saxouizn,
2287 664 2374 705 cujus

1468 708 1563 737 bursa
1581 709 1600 738 8
1623 709 1734 745 solidi;
1757 711 1863 750 posuit
1881 711 2001 740 literam
2020 710 2104 750 iuxta
2126 713 2260 752 graciam
2281 714 2340 743 sibi
2357 724 2375 744 a

1468 767 1597 786 nacione
1613 768 1803 788 concessam.

1509 806 1584 835 Item
1610 806 1790 837 licenciatus
1814 808 1870 838 fuit
1891 809 1923 838 in
1950 809 2047 849 prima
2071 810 2232 840 audicione
2263 811 2374 841 Sancte

1468 854 1625 884 Genovefe
1647 856 1791 886 dominus
1817 856 2033 888 Ghiselbertus
2058 858 2118 888 But
2146 860 2203 888 sub
2225 859 2374 899 magistro

1467 903 1637 933 Wilhelmo
1653 904 1754 934 Buser
1769 906 1861 935 fratre
1875 917 1942 942 suo,
1960 906 2047 947 cujus
2063 908 2158 937 bursa
2171 908 2198 937 X
2214 908 2318 938 solidi.

1509 953 1583 982 Item
1599 953 1773 983 licentiatus
1787 955 1843 984 suit
1856 956 1999 985 dominus
2014 956 2171 986 Johannes
2188 957 2303 987 Cornel
2315 958 2373 987 sub

1468 1002 1617 1041 magistro
1640 1003 1806 1032 Malcolino
1831 1005 1868 1033 de
1894 1004 2086 1041 Dunbracht,
2116 1005 2203 1045 cujus
2234 1007 2329 1036 bursa
2354 1008 2374 1036 8

1468 1051 1560 1080 solidi
1574 1052 1655 1091 apud
1671 1052 1815 1081 Nostram
1831 1053 2006 1083 Dominam.

1508 1099 1583 1129 Item
1599 1100 1773 1130 licentiatus
1785 1101 1841 1130 fuit
1853 1103 1995 1132 dominus
2013 1102 2154 1133 Andreas
2172 1105 2210 1133 de
2223 1103 2348 1134 Trebun
2359 1104 2372 1123 ⁷

1468 1150 1526 1178 sub
1546 1149 1696 1189 magistro
1714 1150 1890 1180 Macholino
1910 1152 1948 1181 de
1973 1152 2152 1188 Diinbrach,
2175 1152 2262 1192 cujus
2279 1154 2374 1183 bursa

1467 1208 1523 1227 sex
1541 1198 1645 1234 solidi,
1663 1199 1746 1238 apud
1763 1199 1908 1229 Nostram
1924 1200 2098 1231 Dominam.

1508 1247 1583 1276 Item
1596 1254 1735 1287 tempore
1753 1248 1834 1277 dicte
1854 1249 2088 1288 procuracionis
2107 1250 2163 1280 suit
2180 1251 2257 1280 facta
2273 1251 2373 1281 tribus

1466 1296 1587 1325 vicibus
1605 1297 1810 1337 congregacio
1828 1298 1995 1337 generalis.
2019 1299 2054 1328 In
2075 1299 2175 1339 prima
2193 1300 2374 1331 audiebatur

1466 1345 1580 1374 relacio
1598 1347 1753 1385 quomodo
1774 1346 1853 1375 rex⁸
1873 1347 2014 1387 graciose
2038 1348 2156 1387 recepit
2176 1348 2374 1378 Universita-

1466 1401 1526 1423 tem
1552 1401 1581 1423 et
1613 1404 1646 1424 se
1673 1394 1875 1425 Universitati
1907 1397 2182 1432 recommendavit,
2211 1404 2268 1427 etc.
2302 1397 2374 1428 Fuit

1466 1444 1555 1472 etiam
1569 1443 1647 1472 alter
1664 1444 1811 1473 articulus
1822 1455 1879 1484 per
1895 1445 2052 1475 dominum
2063 1452 2215 1475 rectorem
2226 1446 2374 1486 proposi-

1465 1498 1515 1522 tus
1533 1493 1570 1521 de
1589 1493 1774 1522 abusoribus
1793 1493 1988 1532 quibusdam,
2010 1494 2063 1534 qui
2085 1495 2230 1524 dixerunt
2249 1505 2282 1524 se
2302 1505 2371 1525 esse

1466 1541 1602 1571 scolares
1632 1541 1864 1571 Universitatis.
1898 1543 2000 1582 Super
2027 1543 2140 1583 quibus
2170 1544 2372 1574 deliberatum

1466 1591 1521 1620 fuit
1543 1591 1630 1630 quasi
1655 1601 1710 1630 per
1730 1601 1852 1626 omnes,
1876 1593 1960 1631 quod
1987 1592 2013 1621 si
2041 1592 2136 1632 aliqui
2166 1599 2272 1622 essent
2295 1594 2372 1622 abu-

1465 1650 1564 1674 sores⁷
1583 1641 1666 1679 quod
1681 1640 1751 1669 illos
1769 1650 1831 1669 non
1848 1647 1992 1670 nosceret
2004 1641 2087 1670 natio
2101 1641 2283 1681 Anglicana,
2300 1652 2371 1671 con-

1464 1689 1548 1718 misit
1572 1689 1767 1718 consciencie
1790 1696 1820 1718 et
1840 1688 1958 1729 judicio
1987 1690 2086 1729 ipsius
2110 1691 2253 1720 rectoris.
2281 1690 2371 1720 Alius

1463 1738 1611 1767 articulus
1623 1738 1679 1767 fuit
1689 1739 1726 1767 de
1737 1739 1898 1778 preposito
1910 1738 2082 1768 Parisiensi
2093 1738 2105 1757 ⁹
2117 1749 2212 1778 super
2227 1750 2274 1775 eo,
2287 1740 2371 1779 quod

1464 1794 1588 1826 ceperat
1603 1787 1652 1816 vel
1671 1787 1738 1826 capi
1757 1788 1942 1827 permiserat
1959 1788 2089 1817 clericos
2107 1788 2328 1818 Universitatis
2341 1795 2372 1818 et

1463 1837 1630 1876 magistros
1646 1846 1714 1865 cum
1730 1836 1885 1866 habitibus
1907 1837 1971 1866 suis
1990 1843 2020 1866 et
2034 1837 2104 1866 duci
2122 1847 2185 1866 non
2203 1837 2298 1867 semel
2315 1838 2372 1867 sed

1462 1885 1580 1925 pluries
1596 1885 1627 1914 in
1646 1885 1814 1921 castelleto,
1839 1886 1922 1925 quod
1937 1896 2086 1924 expresse
2102 1892 2150 1915 est
2168 1892 2275 1915 contra
2286 1885 2370 1926 jura-

1463 1941 1597 1963 mentum
1619 1934 1693 1963 dicti
1719 1934 1873 1974 prepositi
1896 1941 1926 1964 et
1948 1935 2106 1964 libertates
2137 1935 2367 1965 Universitatis.

1464 1983 1565 2023 Super
1591 1993 1651 2022 quo
1673 1983 1729 2012 fuit
1750 1984 1951 2023 imposterum
1974 1984 2023 2013 bis
2047 1985 2124 2013 facta
2146 1984 2368 2024 congregacio,

1463 2023 1499 2062 et*
1509 2032 1616 2061 ultimo
1629 2032 1809 2072 prepositus
1828 2032 2000 2072 comparuit
2013 2039 2042 2062 et
2056 2033 2183 2062 multum
2198 2043 2231 2062 se
2245 2043 2370 2062 excusa-

1462 2082 1506 2111 vit
1521 2081 1737 2121 pulcherrimis
1752 2081 1869 2116 verbis,
1887 2088 1917 2110 et
1936 2081 2081 2120 promisit
2099 2082 2183 2121 quod
2198 2081 2369 2111 servientes

1463 2131 1515 2169 qui
1538 2130 1628 2159 etiam
1649 2130 1680 2158 in
1700 2130 1946 2170 congregacione
1969 2130 2108 2170 generali
2128 2129 2368 2170 comparuerint,

1463 2180 1670 2208 emendarent.
1702 2179 1803 2208 Peciit
1833 2180 1940 2208 eodem
1967 2186 2106 2219 tempore
2139 2185 2170 2208 et
2203 2179 2235 2208 in
2263 2179 2368 2208 eadem

1463 2228 1709 2268 congregacione
1731 2234 1835 2257 rector
1857 2238 1894 2257 ex
1914 2235 2001 2268 parte
2020 2227 2239 2258 Universitatis
2259 2237 2277 2256 a
2296 2237 2369 2267 pre-

1462 2277 1565 2316 posito
1581 2277 1721 2316 predicto
1736 2278 1819 2316 quod
1836 2276 2039 2316 juramentum
2055 2277 2138 2316 quod
2150 2276 2238 2316 prius
2257 2277 2370 2306 fecerat

1463 2326 1678 2361 Universitati‚
1695 2333 1871 2362 renovaret,
1891 2336 1950 2366 que
1969 2325 2134 2366 privilegia
2154 2326 2275 2355 fuerunt
2291 2325 2369 2355 lecta

1461 2381 1533 2404 tunc
1549 2375 1581 2404 in
1594 2375 1842 2414 congregacione
1858 2375 1928 2415 ipso
1949 2381 1978 2404 et
2000 2375 2065 2404 suis
2083 2374 2289 2404 audientibus.
2308 2374 2368 2411 Qui

1461 2424 1623 2464 respondit
1638 2425 1721 2464 quod
1739 2424 1841 2464 aliqua
1856 2424 2088 2453 continerentur
2104 2423 2136 2452 in
2149 2423 2231 2452 dicto
2244 2423 2367 2462 privile—

1461 2473 1513 2513 gio
1527 2483 1587 2512 que
1605 2479 1711 2502 essent
1728 2472 1936 2512 impossibilia
1951 2472 2018 2501 fieri
2038 2482 2095 2511 per
2112 2482 2191 2501 eum.
2214 2472 2275 2501 Sed
2293 2472 2369 2511 quid

1461 2532 1556 2562 super
1569 2522 1737 2561 sepedictis
1750 2522 1812 2558 fiet,
1828 2522 1914 2551 Deus
1929 2521 1988 2551 scit
1996 2533 2004 2557 ;
2017 2522 2073 2551 sed
2086 2531 2145 2561 ego
2158 2531 2215 2560 pro
2228 2521 2367 2560 presenti

1461 2571 1571 2611 ignoro
1584 2571 1708 2610 penitus
1718 2570 1756 2600 ⁴⁰.

1501 2619 1573 2660 (Fol.
1593 2620 1640 2660 52)
1665 2620 1740 2649 Item
1762 2620 1840 2649 facta
1859 2619 1915 2648 fuit
1930 2618 2136 2659 congregacio
2156 2618 2319 2654 facultatis,
2338 2624 2368 2648 et

1491 2736 1514 2758 7.
1548 2736 1567 2758 Ι.
1579 2743 1600 2758 e.
1613 2735 1740 2758 Trebron.

1491 2771 1514 2794 8.
1549 2772 1598 2794 Seu
1606 2770 1693 2802 potius
1708 2778 1805 2802 regem,
1821 2769 1917 2793 scillcet
1928 2769 2038 2793 Carolus
2050 2769 2080 2792 V.
2097 2770 2150 2792 Rex
2163 2769 2296 2792 Johannes
2308 2771 2367 2792 tunc

1461 2806 1579 2837 temporis
1592 2806 1617 2829 in
1630 2805 1724 2837 Anglia
1738 2805 1798 2836 fuit.

1491 2843 1513 2865 9.
1547 2842 1666 2865 ,Iohanne
1679 2841 1796 2864 Bernier.

1491 2878 1529 2900 10.
1567 2876 1621 2901 Vid.
1634 2877 1752 2900 Chartul.
1766 2875 1899 2907 Uni-vers„
1912 2876 1956 2904 111.
1971 2875 2007 2899 ad
2021 2883 2064 2899 an.
2083 2875 2231 2903 1364-1366,
2247 2875 2312 2908 Aug.
2326 2875 2365 2904 20,

1460 2917 1488 2936 n⁰
1499 2913 1568 2940 1324,
1585 2913 1652 2936 1325.
