2632 3464
411 431 462 456 863

412 507 534 536 Primus
560 513 625 536 erat
655 517 750 546 super
774 507 966 536 confectione
995 508 1085 536 rotuli
1112 506 1248 535 mittendi
1266 506 1317 534 ad

410 555 638 585 Benedictum⁴.
666 557 711 585 2¹¹·
735 556 883 585 articulus
907 562 973 584 erat
995 565 1090 595 super
1116 555 1316 584 revocacione

410 605 600 644 privatorum
621 606 660 634 ab
680 604 900 635 Universitate.
913 605 958 634 3¹¹⁵
973 604 1120 634 articulus
1138 610 1204 633 erat
1222 613 1316 643 super

410 654 693 693 supplicacionibus
714 660 744 683 et
760 653 894 694 injuriis.
915 654 956 683 Et
975 653 1162 693 supplicavit
1178 653 1266 682 nacio
1284 653 1316 681 in

410 702 630 738 Universitate,
645 710 679 732 ut
698 703 892 732 Universitas
914 702 1007 732 vellet
1027 702 1206 742 magistrum
1230 702 1317 730 Hen—

410 752 505 781 ricum
521 753 558 781 de
574 752 688 781 Arnem
704 762 849 782 revocare
865 753 902 781 ad
916 752 1155 781 Universitatem
1172 758 1202 780 et
1214 751 1316 790 ipsum

409 807 515 830 tenere
535 801 730 840 suppositum
754 801 983 831 Universitatis.
1007 800 1110 839 Super
1126 800 1226 839 primo
1241 799 1317 828 arti-

411 850 479 879 culo
495 851 582 879 nacio
600 850 782 880 deliberavit
797 851 879 889 quod
895 860 957 879 non
973 849 1096 879 volebat
1113 859 1146 878 se
1161 848 1317 877 intromit-

411 905 476 928 tere
497 900 534 928 de
551 900 741 928 confectione
764 899 856 928 rotuli
877 899 1017 927 mittendi
1040 899 1077 926 ad
1101 897 1314 932 Benedictum,

410 949 498 977 sicud
514 959 569 977 nec
585 948 751 977 intromisit
767 958 800 977 se
815 949 853 977 de
871 947 1070 977 restitucione
1089 953 1118 975 et
1136 947 1203 975 aliis
1219 946 1316 985 parti-

410 997 554 1026 culariter
565 997 806 1036 respicientibus
819 996 1029 1026 obedienciam
1041 996 1212 1030 Benedicti,
1221 995 1316 1024 eciam

411 1047 562 1075 neminem
577 1046 699 1076 volebat
713 1046 875 1086 impedire.

452 1095 553 1135 Super
567 1097 598 1124 20
613 1096 742 1125 articulo
760 1095 848 1124 nacio
866 1094 1022 1124 revocavit
1039 1094 1218 1133 magistrum
1235 1093 1316 1122 Hen-

411 1145 507 1173 ricum
526 1146 563 1173 ad
582 1144 822 1174 Universitatem
838 1154 905 1173 cum
923 1143 992 1172 aliis
1006 1149 1078 1172 tunc
1096 1153 1151 1180 per
1164 1149 1316 1171 rectorem

410 1193 586 1222 nominatis.
601 1193 750 1222 Similiter
762 1193 957 1222 Universitas
966 1199 1037 1221 tuuc
1049 1191 1205 1220 revocavit
1216 1191 1316 1229 ipsum

411 1248 441 1271 et
466 1242 543 1271 alios
570 1243 743 1271 nominatos
755 1241 778 1271 ².
805 1242 844 1271 Et
873 1248 937 1271 erat
958 1251 1106 1270 concessa
1127 1240 1316 1279 supplicacio

410 1291 550 1320 nacionis
568 1292 599 1320 in
619 1292 725 1320 forma.

451 1340 543 1369 Facta
553 1341 799 1380 congregacione
811 1340 950 1370 nacionis
963 1340 1045 1379 apud
1059 1339 1204 1368 Sanctum
1219 1339 1315 1368 Matu-

410 1390 521 1424 rinum,
544 1390 649 1428 quinta
669 1390 718 1418 die
742 1389 888 1429 Augusti,
915 1389 991 1418 hora
1012 1389 1057 1417 8¹¹¹
1079 1397 1174 1427 super
1195 1389 1316 1417 duobus

410 1439 558 1467 articulis.
583 1438 706 1468 Primus
728 1445 795 1467 erat
820 1448 915 1478 super
936 1437 1092 1477 aliquibus
1119 1437 1316 1476 tangentibus

410 1487 558 1515 honorem
583 1487 721 1516 nacionis
744 1493 773 1515 et
802 1486 906 1515 habuit
934 1487 995 1515 duo
1026 1491 1149 1525 puncta.
1179 1485 1316 1514 Primum

410 1543 475 1565 erat
503 1546 597 1575 super
624 1536 816 1565 confectione
845 1537 934 1564 rotuli
959 1535 1094 1563 mittendi
1119 1535 1162 1562 ad
1186 1537 1316 1572 Bonisa—

410 1587 487 1614 cium
509 1585 653 1624 papam3.
684 1585 858 1614 Secundum
881 1590 1027 1624 punctum
1055 1590 1120 1612 erat
1139 1593 1234 1622 super
1256 1594 1317 1613 una

411 1641 555 1673 requesta
572 1635 648 1663 facta
668 1644 723 1673 per
738 1633 919 1673 magistrum
936 1633 1105 1662 Johannem
1127 1632 1240 1672 Figuli,
1262 1633 1315 1672 qui

410 1690 541 1723 protunc
570 1683 668 1712 tenuit
701 1683 801 1712 locum
830 1682 1043 1722 procuratoris
1074 1682 1212 1710 nacionis
1243 1682 1316 1711 Pic-

410 1733 525 1767 cardie,
562 1732 613 1771 qui
647 1733 806 1761 reddendo
836 1731 1003 1760 deliberata
1032 1730 1171 1760 nacionis
1200 1741 1255 1760 sue
1284 1731 1315 1760 in

410 1781 550 1810 facultate
591 1781 705 1810 arcium
744 1780 907 1820 requisivit
944 1787 1111 1815 rectorem,
1151 1786 1184 1809 ut
1217 1790 1316 1819 appo-

409 1836 497 1859 neret
516 1830 685 1859 remedium
708 1840 746 1859 ne
768 1830 856 1859 nacio
872 1829 1044 1869 Anglicana
1061 1829 1099 1857 de
1117 1835 1219 1858 cetero
1237 1829 1316 1858 deli-

402 1881 543 1914 beraret,
565 1880 652 1908 sicud
673 1879 866 1918 temporibus
886 1879 1047 1907 retroactis
1066 1877 1258 1907 deliberavit.
1279 1879 1316 1908 Et

411 1929 482 1967 quia
499 1928 558 1957 ista
573 1935 717 1967 requesta
731 1929 859 1957 cedebat
874 1928 904 1956 in
921 1928 1054 1956 dedecus
1069 1933 1098 1956 et
1111 1926 1315 1966 prejudicium

410 1978 560 2012 nacionis,
573 1977 663 2016 posui
679 1968 710 2006 in
724 1977 951 2006 deliberacione
968 1976 1108 2005 nacionis
1119 1982 1219 2005 utrum
1233 1983 1317 2006 esset

410 2026 527 2065 aliquid
556 2026 718 2055 dicendum
751 2037 787 2054 ex
819 2032 905 2065 parte
934 2024 1074 2054 nacionis
1105 2026 1143 2053 de
1172 2032 1315 2064 requesta

412 2076 488 2105 facta
514 2076 544 2104 in
570 2075 709 2104 facultate
735 2075 860 2104 arcium.
893 2075 1054 2103 Secundus
1080 2074 1227 2103 articulus
1252 2081 1317 2104 erat

412 2135 506 2164 super
523 2124 807 2163 supplicacionibus
823 2130 852 2152 et
870 2123 1002 2162 injuriis.

452 2174 552 2212 Super
568 2174 667 2212 primo
686 2179 799 2212 puncto
811 2172 903 2212 primi
918 2172 1038 2201 articuli
1054 2172 1142 2201 nacio
1160 2172 1190 2200 in
1206 2172 1316 2211 primis

410 2229 580 2262 protestata
603 2228 651 2251 est
679 2222 710 2250 in
741 2223 819 2251 facto
844 2221 936 2250 rotuli
965 2221 1060 2250 nichil
1084 2222 1184 2250 facere
1211 2228 1317 2250 contra

411 2272 559 2300 honorem
573 2271 658 2310 regis
673 2277 724 2300 aut
731 2270 963 2305 Universitatis,
980 2276 1010 2299 et
1025 2269 1075 2298 illa
1088 2270 1316 2300 contestacione

411 2321 564 2360 premissa
585 2320 672 2349 nacio
688 2319 870 2349 deliberavit
885 2320 968 2358 quod
980 2319 1103 2348 volebat
1120 2319 1220 2348 facere
1234 2327 1316 2348 rotu-

414 2372 472 2397 lum
489 2376 518 2398 et
535 2370 636 2408 ipsum
652 2369 772 2398 mittere
793 2369 836 2396 ad
849 2369 998 2397 dominum
1013 2369 1215 2405 Bonifacium,
1232 2375 1262 2397 et
1278 2369 1316 2397 ad

444 2498 464 2520 1.
500 2499 550 2520 Hoc
567 2505 634 2520 anno
653 2496 807 2520 Universitaa
825 2496 907 2519 Paris.
925 2496 999 2527 (sient
1013 2498 1037 2519 ct
1052 2496 1121 2519 ah'ae
1136 2496 1316 2520 Universitates

412 2533 545 2564 Franciae)
561 2532 671 2556 rotulum
686 2532 753 2555 misit
770 2532 806 2555 ad
824 2532 988 2555 Benedictum
1002 2533 1070 2560 XIII,
1088 2531 1199 2562 primum
1216 2536 1240 2556 et
1253 2532 1315 2556 ulti-

413 2577 487 2597 mum,
509 2577 581 2600 quem
604 2568 759 2592 Uniuersitaa
778 2571 805 2591 ut
827 2568 981 2591 Universitaae
1000 2567 1133 2598 adipsum
1158 2567 1235 2591 misit.
1260 2568 1315 2592 Vid.

413 2604 519 2627 rotulum
532 2604 556 2627 in
568 2604 687 2628 Chartul.
696 2604 738 2627 IV.
747 2603 837 2627 Nuntii
845 2605 904 2626 ante
918 2603 1003 2626 Octob.
1015 2605 1029 2626 8
1040 2603 1152 2626 Parisios
1159 2603 1316 2634 reliquerunt

413 2644 435 2663 et
449 2640 484 2662 ad
500 2640 596 2662 curiam
609 2639 742 2662 Benedicti
754 2639 867 2670 profecti
884 2640 951 2662 aunt.
970 2638 1076 2661 Botulus
1093 2638 1119 2662 in
1133 2639 1204 2661 curia
1221 2647 1269 2670 pro
1287 2639 1316 2662 12

411 2676 461 2699 kal.
477 2675 595 2700 Novemb.
612 2683 655 2698 an.
671 2674 755 2706 primo
772 2675 854 2706 (1403,
868 2674 955 2698 Octob.
968 2674 1018 2706 20.)
1039 2674 1156 2706 signatus
1170 2677 1215 2697 est.
1231 2675 1317 2706 Major

413 2711 527 2734 omnibus
538 2714 582 2738 est,
597 2710 643 2742 qui
652 2711 689 2734 ad
700 2712 927 2742 nosperuenernnt.
941 2711 970 2733 32
980 2709 1097 2742 magistri
1105 2710 1130 2733 in
1141 2710 1220 2733 theol.
1232 2718 1316 2742 regen-

414 2749 448 2769 tes
468 2749 491 2769 et
511 2748 522 2769 7
542 2754 591 2769 non
613 2749 739 2778 regente-n·
758 2747 786 2769 24
803 2747 855 2777 fac.
873 2746 984 2774 dccret.;
1003 2746 1031 2768 27
1051 2746 1101 2776 sac.
1122 2745 1225 2776 medic.‚
1244 2749 1268 2769 et
1287 2746 1315 2768 12

412 2790 462 2805 non
477 2785 602 2813 regenle³,¹
616 2783 661 2805 359
672 2784 725 2805 nat.
742 2782 848 2810 Gallim
861 2782 905 2805 127
919 2783 972 2804 nat.
987 2781 1088 2804 Picard.
1102 2784 1126 2804 et
1141 2781 1171 2804 58
1184 2781 1315 2811 absentem

413 2818 457 2840 294
466 2820 520 2840 nat.
535 2818 676 2840 Normnnn.
688 2819 711 2840 et
724 2818 770 2840 239
783 2817 908 2843 absentes,
918 2825 1066 2848 quanquam
1075 2816 1218 2840 Normanni
1226 2820 1315 2840 contra

413 2853 595 2876 restitutzonem
614 2855 727 2884 suerunt.
747 2852 823 2876 Natio
846 2852 1014 2876 Alamanniae
1034 2860 1078 2875 eeu
1097 2852 1241 2883 Angue-ana
1260 2851 1316 2875 sola

413 2887 466 2910 sui-9
472 2888 605 2919 principiis
617 2888 702 2919 fidelia
717 2888 847 2911 remanuit.
862 2888 1010 2920 Afferuntnr
1022 2888 1050 2911 13
1068 2887 1315 2920 magistripraeaen-

413 2926 458 2950 tes,
478 2923 523 2946 sed
541 2932 572 2946 ez
589 2924 620 2946 iis
636 2925 649 2946 8
664 2925 767 2951 suerunt
783 2924 860 2951 Scoti,
879 2924 890 2947 1
906 2923 1028 2947 lauriane.
1048 2923 1128 2946 dioec.
1143 2922 1266 2954 (Thomas
1284 2923 1315 2946 de

413 2959 531 2990 Ungui-in
543 2967 586 2982 seu
599 2959 738 2991 Ethiopis),
750 2959 761 2982 1
774 2968 806 2983 ex
813 2959 925 2983 Helvetia
938 2958 1075 2990 (Hem-icus
1087 2959 1185 2990 Brugg,
1200 2958 1313 2982 Cat-iem.

948 429 1172 455 AUCTARIUM
1192 427 1452 455 CHARTULARH
1470 429 1644 455 UNIVERS.
1666 429 1784 456 PARIS.

1354 950 1388 975 10

1354 1195 1388 1221 15

1353 1441 1387 1466 20

1353 1686 1386 1712 25

1353 1932 1387 1958 30

1354 2177 1388 2203 35

2277 430 2330 457 864

1423 505 1597 535 habendum
1619 507 1855 545 permissionem
1879 506 1964 536 illius
1981 506 2104 536 volebat
2118 507 2227 542 nacio,
2242 508 2329 547 quod

1425 555 1456 584 in
1475 554 1574 594 prima
1595 555 1842 595 congregacione
1860 555 2080 589 Universitatis
2102 555 2191 586 nacio
2212 555 2330 596 suppli·

1424 610 1508 633 caret
1531 603 1562 633 in
1585 604 1794 634 Universitate
1816 614 1874 644 pro
1898 604 1949 634 illa
1969 605 2176 644 permissione
2195 605 2244 634 vel
2262 615 2330 634 «non

1425 653 1629 692 impedicione
1661 653 1864 693 impetranda.
1904 653 2017 683 Verum
2048 660 2098 683 est
2121 654 2213 694 ‘quod
2228 654 2330 686 *uncio

1424 708 1554 741 propter
1581 702 1762 732 arduitatem
1790 702 1859 732 facti
1888 709 1923 732 et
1950 703 2126 732 absenciam
2156 703 2329 743 aliquorum

1424 751 1620 790 antiquorum
1637 752 1856 791 magistrorum
1872 751 2004 787 volebat,
2020 753 2102 791 quod
2115 759 2189 781 *ante
2202 761 2332 792 congre*

1424 799 1583 839 gacionem
1600 800 1819 830 Universitatis
1836 801 2151 830 convocarem-adhuc
2170 801 2330 835 nacionem

1425 858 1519 887 super
1534 849 1641 878 eodem
1659 849 1737 878 facto
1754 856 1784 879 et
1803 849 1970 889 quemlibet
1984 859 2041 889 per
2053 848 2269 889 juramentum
2282 859 2283 862 ¹

1465 897 1567 936 Super
1598 898 1630 926 2⁰
1661 905 1776 937 puncto
1810 898 1974 928 videbatur
1995 899 2130 934 *nacioni
2160 899 2331 938 expediens

1425 952 1553 985 propter
1579 946 1840 986 supplicacionem
1863 947 2175 982 nacionisfiendam,
2190 947 2330 986 ‘quodvin

1425 995 1523 1033 prima
1536 996 1783 1035 congregacione
1797 996 2017 1026 Universitatis
2028 1006 2091 1026 non
2105 997 2194 1025 fieret
2202 996 2331 1026 verbum

1425 1044 1462 1072 de
1474 1044 1524 1072 illa
1535 1051 1680 1083 requesta
1690 1045 1778 1075 tacta.
1794 1045 1828 1074 ln
1839 1045 1870 1073 2⁰
1878 1045 2008 1074 articulo
2018 1044 2330 1085 nullus-supplicavit)

1466 1093 1557 1122 Facta
1594 1094 1840 1133 congregacione
1873 1093 2013 1123 nacionis
2041 1104 2098 1133 per
2124 1093 2331 1133 juramentum

1425 1143 1505 1180 apud
1525 1142 1669 1172 Sanctum
1685 1143 1884 1177 Maturinum,
1904 1143 1948 1172 60*
1965 1142 2014 1172 die
2028 1142 2177 1183 Augusti,
2193 1142 2270 1172 hora
2280 1143 2332 1172 8*-

1426 1201 1520 1229 super
1535 1191 1650 1220 eisdem
1669 1191 1818 1227 articulis,
1838 1201 1932 1231 super
1949 1192 2063 1231 quibus
2077 1192 2133 1221 fuit
2145 1197 2332 1232 congregata

1425 1240 1474 1270 die
1511 1241 1707 1279 precedente,
1745 1247 1776 1270 et
1813 1240 1872 1270 hoc
1906 1247 2035 1280 propter
2070 1240 2331 1270 deliberacionem

1424 1289 1563 1319 nacionis
1583 1289 1716 1318 habitam
1740 1289 1791 1318 die
1809 1290 2017 1329 precedente.-
2030 1289 2075 1319 Et>
2086 1290 2174 1319 stetit
2191 1290 2281 1318 naoio
2299 1289 2331 1319 in

1425 1339 1529 1367 eadem
1553 1338 1780 1368 deliberacione
1805 1349 1866 1378 qua
1890 1338 1940 1368 die
1963 1339 2167 1378 precedente,
2193 1345 2223 1368 et
2246 1338 2332 1369 dedit

1424 1393 1649 1427 proponentem
1675 1387 1856 1427 magistrum
1885 1387 2079 1417 Gherardnm
2109 1387 2284 1423 Bumbom-
2300 1391 2332 1418 et

1424 1436 1509 1465 dedit
1523 1437 1686 1476 deputatos
1699 1437 1830 1476 quicum
1844 1442 2036 1476 proponente
2048 1436 2196 1466 haherent
2211 1437 2332 1466 avisare

1423 1485 1564 1514 raciones
1587 1491 1616 1514 et
1640 1485 1764 1521 motiva,
1787 1495 1846 1524 que
1869 1491 2000 1525 possent
2019 1494 2142 1515 movere
2164 1485 2328 1516 Universi-

1423 1540 1515 1563 tatem
1530 1535 1568 1563 ad
1579 1535 1773 1564 annuendum
1787 1534 2012 1574 supplicacioni
2024 1534 2175 1564 nacionis.

1464 1583 1536 1623 (Fol.
1563 1584 1611 1623 71)
1633 1583 1806 1614 Notandum
1832 1584 1915 1623 quod
1942 1584 2020 1612 facta
2044 1583 2101 1613 fuit
2123 1583 2331 1623 congregacio

1423 1632 1644 1662 Universitatis
1658 1632 1903 1672 apudSanctum
1919 1632 2118 1668 Maturinum,
2135 1633 2269 1672 septima.
2278 1632 2331 1662 die

1423 1681 1568 1722 Augusti,
1587 1681 1663 1711 hora
1682 1681 1822 1720 septima,
1841 1681 1873 1710 in
1893 1691 1954 1721 qua
1971 1691 2152 1721 proponens
2168 1682 2256 1711 datus
2272 1690 2331 1722 per

1424 1731 1583 1760 nacionem
1601 1730 1766 1770 proposuit
1784 1736 1815 1760 et
1834 1730 2020 1770 supplicavit
2038 1740 2096 1770 pro
2123 1730 2203 1760 facto
2221 1730 2329 1766 rotuli,

1424 1780 1511 1809 sicud
1524 1779 1701 1809 conclusum
1721 1786 1786 1809 erat
1799 1789 1858 1819 per
1871 1779 2042 1808 nacionem.
2060 1778 2163 1818 Super
2177 1788 2239 1818 quo
2254 1779 2333 1809 Uni-

1423 1829 1555 1858 versitas
1582 1828 1766 1858 deliberavit
1794 1828 1878 1868 quod
1906 1829 1993 1857 nacio
2023 1838 2080 1856 non
2102 1836 2205 1867 posset
2226 1830 2330 1866 tacere

1424 1880 1550 1906 rotulum
1569 1879 1612 1906 ad
1628 1878 1816 1915 Bonifacium
1835 1887 1893 1917 per
1910 1878 2032 1906 modum
2054 1877 2194 1906 nacionis
2209 1877 2258 1907 vel
2271 1878 2330 1908 sub

1424 1927 1527 1966 sigillo
1539 1927 1693 1962 nacionis;
1711 1927 1766 1956 scd
1782 1926 1895 1965 placuit
1906 1926 2107 1956 Universitati
2120 1926 2204 1966 quod
2217 1927 2330 1956 faceret

1423 1986 1480 2016 per
1504 1976 1595 2005 alium
1626 1976 1759 2005 modum.
1789 1975 1829 2005 Et
1859 1975 1964 2005 habuit
1988 1974 2076 2005 nacio
2105 1981 2329 2017 proponentem

1424 2026 1603 2066 magistrum
1617 2025 1810 2054 Gherardum
1826 2026 1863 2054 de
1881 2024 2101 2064 proposicione
2118 2025 2195 2054 facta
2207 2031 2328 2065 gratum

1424 2081 1454 2104 et
1474 2075 1763 2104 recommendatum.
1789 2073 1864 2103 Item
1890 2073 1922 2102 in
1948 2074 2053 2103 eadem
2079 2074 2327 2113 congregacione

1425 2124 1610 2163 supplicavit
1630 2123 1778 2163 magister
1803 2121 2016 2152 Lam-ericius*
2040 2122 2157 2152 Scotus
2182 2133 2220 2152 ex
2239 2129 2331 2163 parte

1424 2173 1640 2213 magistrorum
1663 2173 1702 2201 de
1719 2181 1816 2211 regno
1839 2171 1974 2206 Scothie,
1998 2171 2082 2210 quod
2101 2178 2209 2210 posset
2229 2172 2328 2202 facem

1424 2222 1556 2251 rotulum
1578 2222 1615 2251 ad
1642 2220 1859 2255 Benedictum,
1883 2226 1913 2249 et
1937 2221 2039 2260 ipsum
2063 2220 2201 2260 sigillare
2224 2220 2335 2260 sigillo*
2359 2242 2362 2244 -

1424 2271 1578 2305 nacionis,
1603 2270 1652 2299 vel
1678 2270 1763 2309 quod
1787 2275 1895 2309 posset
1917 2269 1992 2308 poni
2020 2269 2052 2298 in
2073 2268 2175 2298 rotulo
2202 2269 2329 2299 alterius

1424 2320 1573 2349 nacionis.
1592 2319 1631 2348 Et
1644 2319 1715 2358 quia
1727 2318 1786 2348 ista
1799 2318 1988 2358 supplicacio
2002 2318 2104 2357 quoad
2116 2317 2249 2357 primam
2263 2317 2329 2357 ejus

1425 2375 1541 2408 partem
1564 2368 1692 2397 maxime
1716 2368 1861 2398 tendebat
1887 2367 1920 2396 in
1945 2365 2147 2406 prejudicium
2171 2366 2328 2402 nacionis,

1424 2497 1524 2528 dioec),
1538 2499 1562 2520 et
1572 2497 1585 2519 2
1598 2505 1611 2519 e
1628 2496 1766 2520 Germania
1780 2495 1897 2526 inferiori
1908 2494 2050 2526 (At-ualdus
2067 2494 2188 2518 Witwiic.
2206 2494 2327 2526 Traject.,

1424 2533 1579 2557 Guillelmus
1593 2531 1624 2555 de
1635 2531 1770 2563 Egmonda
1789 2530 1918 2563 Traject.),
1933 2538 1997 2554 unua
2007 2529 2076 2553 eolus
2089 2538 2103 2553 e
2117 2530 2254 2554 Germania
2263 2538 2329 2562 pro-

1421 2568 1476 2600 prie
1489 2567 1567 2595 dicta,
1583 2567 1708 2590 Henricns
1722 2566 1754 2590 de
1770 2566 1861 2590 Fuldu.
1873 2568 2010 2590 Praeterea
2021 2567 2036 2588 6
2046 2566 2164 2589 abactam
2172 2566 2329 2597 afferuntur,

1423 2611 1508 2627 omnes
1517 2602 1592 2630 Scoti,
1603 2602 1860 2634 praeceJ-Johannem
1879 2601 1909 2625 de
1918 2601 2232 2629 Claromonte,l,eodiem.
2246 2601 2329 2625 dioec.

1423 2642 1446 2663 et
1461 2638 1641 2662 Boemundum
1658 2637 1690 2661 de
1707 2637 1827 2661 Treveris
1841 2636 1973 2660 bedellum.
1991 2632 2124 2661 Johannes
2142 2632 2329 2668 Mullinger'de

1424 2674 1527 2698 Austris
1539 2674 1604 2697 inter
1616 2673 1751 2706 magistros
1763 2672 1839 2696 theol.
1852 2672 1986 2696 invenitur.
2310 2673 2312 2679 ⁴
2334 2691 2336 2694 ,

1455 2711 1476 2732 2.
1510 2711 1537 2732 In
1550 2709 1646 2732 Chron.
1660 2708 1694 2731 du
1710 2708 1756 2732 rel.
1775 2708 1806 2731 de
1820 2708 1846 2731 S*
1860 2708 1955 2739 DenyS,
1970 2707 2014 2738 ΠΙ,
2031 2707 2085 2734 100,
2099 2707 2244 2739 afferuntur
2256 2706 2330 2738 prior

1424 2745 1449 2769 S.
1463 2744 1567 2768 Martini
1577 2744 1608 2767 de
1619 2743 1736 2775 Campis,
1747 2743 1843 2767 decret.
1858 2742 1956 2771 doctor,
1971 2742 2018 2774 qui
2024 2742 2075 2773 suit
2085 2743 2165 2766 Fulco
2178 2742 2209 2765 de
2220 2741 2329 2767 Blandis

1424 2780 1465 2811 (de
1476 2788 1525 2811 qno
1540 2779 1657 2803 Chartul.
1676 2779 1732 2811 111),
1748 2781 1772 2802 et
1784 2778 1916 2803 „Iohannes
1933 2777 1964 2801 de
1981 2777 2106 2806 Moravia,
2122 2786 2134 2801 «
2152 2777 2178 2801 in
2195 2776 2329 2809 theologia

1424 2815 1550 2846 magister
1563 2815 1686 2838 solemnis
1699 2823 1710 2837 »
1725 2814 1767 2846 (de
1782 2822 1831 2845 quo
1845 2822 1923 2845 supra
1936 2821 1962 2845 p.
1982 2814 2037 2841 687,
2048 2815 2101 2837 not.
2116 2814 2145 2842 1;
2163 2813 2216 2841 713,
2235 2814 2287 2836 not.
2304 2813 2329 2843 1)

1423 2851 1475 2882 qui,
1489 2859 1500 2873 α
1514 2851 1624 2874 durante
1642 2849 1819 2873 subtractione
1836 2849 1870 2873 ab
1889 2848 1959 2873 omni
1979 2851 2039 2872 actu
2057 2848 2197 2872 scolastico
2216 2847 2326 2880 privati,

1423 2886 1535 2910 restituti
1547 2889 1607 2909 sunt
1622 2894 1644 2908 ».
1658 2887 1792 2910 Praeterea
1807 2886 1900 2908 fratres
1913 2884 2119 2909 Praedicatores.

1454 2923 1477 2945 3.
1511 2921 1590 2952 Hujus
1607 2920 1686 2944 rotuli
1695 2920 1791 2944 nullum
1807 2920 1880 2944 aliud
1897 2920 2028 2953 vestigium
2040 2919 2170 2944 remaneit.

1453 2959 1478 2981 4.
1513 2957 1547 2980 De
1560 2956 1696 2980 Londoris.
