2632 3464
205 1334 263 1359 Lic.
282 1333 310 1358 in
325 1332 413 1359 theol.

261 1378 380 1404 Parisiis

162 2281 220 2307 Lic.
241 2281 269 2306 in
287 2280 424 2306 medicina

227 2326 346 2351 Parisiis

429 420 510 437 xxxxv
1261 411 1524 438 INTRODUCTIO

478 489 616 536 Magna
646 499 734 536 pars
769 485 959 522 sodalium
993 487 1160 523 nationis
1195 485 1303 523 finita
1330 501 1348 522 ((
1372 487 1544 536 regentia
1572 500 1589 522 »
1620 488 1658 523 in
1684 487 1830 524 artibus
1859 488 2068 538 quaerebat
2102 488 2296 526 licentiam
2319 492 2359 526 in

439 556 512 592 alia
543 557 718 598 scientia,
742 556 897 592 Parisiis
924 555 985 592 vel
1017 555 1121 591 alibi.
1155 557 1195 591 In
1223 555 1475 605 sequentibus
1504 568 1548 591 ea
1576 557 1776 605 supposita
1806 557 1973 592 nationis
2000 556 2238 607 Anglicanae
2263 571 2358 595 enu—

431 633 638 669 merantur,
657 638 755 675 quae
774 633 855 662 tum
878 626 1032 661 Parisiis
1050 626 1090 660 in
1104 625 1314 674 theologia,
1334 624 1525 660 medicina
1544 632 1583 661 et
1597 625 1682 673 jure
1704 638 1787 661 can.
1805 627 2068 676 magisterium
2085 626 2146 663 vel
2162 626 2358 664 licentiam

431 702 679 744 receperunt,
702 703 783 731 tum
808 696 846 730 in
863 708 931 731 sua
947 695 1068 744 patria
1087 695 1262 743 episcopi
1282 694 1372 730 facti
1389 701 1491 737 sunt,
1508 701 1590 730 tum
1610 695 1650 729 in
1673 694 1746 730 alia
1773 696 2030 731 Universitate
2052 695 2282 732 studuerunt
2299 695 2361 732 vel

431 765 470 800 in
495 764 658 814 quadam
683 765 863 807 scientia,
893 765 1099 813 praecipue
1127 764 1166 798 in
1196 762 1343 799 artibus
1369 769 1560 798 rexerunt.
1591 763 1684 799 Cum
1706 762 1833 799 fontes
1857 776 1878 799 e
1894 763 2034 812 quibus
2050 776 2121 799 nos
2142 776 2186 799 ea
2209 763 2362 800 haurire

431 835 626 883 potuimus
643 834 720 869 sint
734 846 871 882 magna
888 846 934 869 ex
952 839 1061 882 parte
1082 832 1246 876 hiantes,
1265 832 1388 868 nostri
1421 831 1571 868 elenchi
1601 832 1758 868 minime
1783 832 1944 882 perfecti
1978 840 2079 869 sunt.
2112 832 2291 877 Accedit,
2323 834 2362 868 in

432 911 565 939 nostro
598 902 696 938 libro
728 909 1020 951 procuratorum
1051 901 1225 938 diversos
1255 914 1394 944 annos,
1422 901 1610 950 imprimis
1647 901 1853 938 1365-1368
1883 909 1922 938 et
1955 903 2167 939 1383-1392
2206 902 2360 947 deesse,

432 972 671 1021 proindeque
684 971 814 1020 plures
835 972 1002 1007 nationis
1022 971 1259 1019 Anglicanae
1274 970 1406 1015 fuisse,
1422 983 1519 1020 quos
1536 983 1637 1006 nunc
1651 977 1694 1006 ut
1707 970 1805 1007 tales
1822 984 2033 1020 agnoscere
2048 985 2126 1008 non
2141 985 2360 1022 possumus.

434 1041 689 1077 Nihilominus
707 1048 836 1077 tamen
853 1042 973 1076 nostri
997 1040 1155 1076 Elenchi
1174 1042 1283 1090 quasi
1299 1041 1388 1076 novi
1405 1039 1560 1076 dicendi
1574 1047 1676 1084 sunt,
1697 1041 1730 1076 si
1750 1053 1950 1090 compares
1970 1054 2027 1084 ea,
2050 1054 2148 1091 quae
2164 1041 2364 1091 hucusque

434 1112 590 1160 cognita
606 1117 726 1146 erant.
751 1110 968 1146 Notandum
990 1117 1202 1160 praeterea,
1223 1111 1263 1145 in
1282 1109 1453 1146 fontibus
1472 1122 1492 1145 a
1508 1109 1620 1146 nobis
1637 1109 1762 1146 allatis
1777 1123 1847 1159 pro
1866 1109 2027 1146 diversis
2044 1110 2364 1147 Universitatibus

434 1181 646 1229 generatim
669 1192 747 1215 non
772 1179 966 1222 adnotari,
995 1192 1042 1215 an
1068 1179 1132 1215 illa
1155 1178 1217 1215 vel
1245 1180 1318 1215 ista
1345 1180 1547 1228 supposita
1575 1179 1613 1214 in
1641 1179 1798 1215 artibus.
1821 1180 1977 1215 Parisiis
2001 1179 2178 1229 graduati
2203 1179 2362 1222 fuerint3

436 1262 573 1299 magna
592 1262 637 1285 ex
655 1256 764 1298 parte
784 1249 966 1285 Auctario
988 1256 1026 1285 et
1046 1256 1178 1284 nostra
1197 1249 1419 1297 conjectura
1434 1247 1493 1284 fisi
1511 1261 1655 1284 sumus.

486 1319 633 1354 Diversi
649 1319 813 1354 Parisiis
828 1319 1093 1368 magisterium
1109 1319 1148 1353 in
1169 1318 1282 1353 theol.
1299 1325 1541 1367 receperunt.
1565 1318 1660 1354 Cum
1681 1317 1865 1354 elenchus
1885 1317 2168 1355 licentiatorum
2186 1319 2226 1354 in
2245 1318 2363 1355 theol.

438 1389 592 1424 Parisiis
617 1387 664 1423 ab
682 1401 739 1423 an.
769 1388 862 1423 1373
878 1395 1027 1423 tantum
1049 1388 1246 1436 incipiat¹,
1269 1395 1357 1424 ante
1385 1400 1445 1423 an.
1471 1388 1563 1424 1373
1584 1389 1696 1437 pauci
1712 1389 1794 1424 noti
1814 1395 1916 1431 sunt,
1939 1389 2039 1424 inter
2058 1401 2156 1437 quos
2174 1388 2368 1424 Johannes

439 1458 559 1494 Rathe
576 1459 714 1493 Scotus
728 1457 755 1501 2,
776 1457 973 1494 Walterus
994 1456 1042 1493 de
1061 1456 1247 1494 Wardlau
1265 1458 1292 1501 ³,
1311 1464 1349 1493 et
1362 1457 1526 1493 fortasse
1543 1456 1688 1493 Themo
1702 1456 1813 1493 Judei
1829 1456 1878 1493 de
1894 1457 2128 1493 Monasterio
2140 1457 2167 1492 4.
2192 1458 2231 1493 Si
2251 1456 2370 1493 Adal-

439 1527 570 1563 bertus
598 1527 789 1562 Ranconis
821 1526 869 1562 de
897 1527 1064 1562 Ericinio
1093 1525 1142 1562 de
1166 1526 1350 1562 Bohemia
1382 1539 1482 1576 mag.
1510 1526 1626 1562 theol.
1647 1526 1732 1570 fuit,
1757 1527 2020 1576 magisterium
2038 1527 2194 1563 minime
2215 1527 2370 1563 Parisiis

440 1597 602 1646 accepit,
626 1609 713 1632 cum
730 1609 790 1631 an.
814 1597 903 1632 1371
919 1596 997 1645 jam
1014 1598 1158 1646 pragae
1174 1603 1215 1632 ut
1230 1595 1484 1632 scholasticus
1503 1596 1692 1632 ecclesiae
1708 1596 1912 1645 pragensis
1931 1603 1969 1632 et
1984 1595 2231 1632 baccalareus
2248 1594 2366 1632 theol.

439 1672 699 1703 commoratus
716 1666 829 1701 fuerit
844 1667 869 1701 5.
894 1668 935 1701 ln
959 1665 1094 1701 rotulis
1115 1673 1244 1702 tamen
1263 1673 1351 1702 ante
1375 1679 1434 1702 an.
1461 1666 1569 1710 1373,
1592 1678 1612 1701 a
1628 1665 1741 1701 nobis
1761 1666 1800 1700 in
1818 1665 1990 1701 Glzartul.
2012 1664 2233 1715 publicatis,
2251 1664 2371 1701 multo

440 1735 569 1785 plures
593 1743 634 1772 ut
654 1735 855 1772 studentes
871 1734 931 1772 vel
948 1735 1055 1771 baec.
1079 1735 1198 1771 theol.
1218 1743 1504 1772 enumerantur.
1528 1737 1622 1772 Post
1638 1748 1698 1772 an.
1719 1736 1810 1771 1373
1833 1742 2040 1784 sequentes
2055 1735 2230 1784 magistri
2246 1733 2368 1771 theol.

442 1807 687 1842 inveniuntur
699 1806 724 1848 ⁶,

486 1895 650 1927 Henricus
667 1895 707 1926 de
725 1894 855 1934 Hassia,
1450 1894 1619 1927 Johannes
1639 1894 1813 1934 Matthiae,

486 1953 651 1985 Henricus
670 1953 711 1984 de
729 1953 851 1996 Oytha,
1452 1952 1622 1985 Johannes
1639 1952 1680 1984 de
1700 1951 1862 1991 Moravia,

487 2011 688 2043 Guillelmus
704 2011 870 2050 Trebron,
1456 2011 1601 2043 Thomas
1619 2011 1660 2043 de
1675 2009 1847 2050 Cracovia,

487 2070 655 2101 Johannes
674 2068 884 2101 Mullechner
903 2068 943 2100 de
962 2068 1110 2108 Austria,
1453 2068 1624 2101 Arnoldus
1644 2067 1792 2108 Uitwiic‚

488 2127 655 2172 Georgius
671 2127 712 2159 de
730 2127 815 2158 Rain
832 2126 874 2158 de
894 2126 1082 2168 Sclavonia,
1095 2125 1315 2171 Aquilegens.
1455 2127 1624 2159 Johannes
1640 2126 1681 2158 de
1702 2126 1908 2169 Galencoep,

533 2185 641 2217 dioec.
1458 2184 1651 2217 Bernardus
1666 2183 1881 2229 Flogheling.

495 2272 649 2313 Eorum,
668 2271 733 2319 qui
750 2270 912 2305 Parisiis
926 2270 965 2305 ἰη
980 2269 1172 2304 medicina
1187 2269 1374 2304 licentiati
1392 2275 1513 2312 erant,
1537 2275 1744 2318 sequentes
1765 2268 1889 2304 notari
1908 2273 2074 2317 possunt
2093 2279 2101 2300 :

489 2360 648 2393 Nicolaus
669 2360 710 2392 de
730 2360 923 2393 Goudriaen
934 2360 959 2400 ⁷,
1454 2358 1611 2391 Nicolaus
1632 2358 1758 2391 Statter
1771 2357 1917 2400 (Scatter
1930 2356 1968 2400 ⁹),

490 2419 660 2450 Johannes
676 2418 716 2450 de
731 2418 876 2450 Lovanio
892 2418 916 2457 8,
1457 2416 1686 2449 Theodericus
1707 2415 1749 2447 de
1764 2416 1876 2449 Veene
1892 2415 1930 2455 ¹⁰,

489 2519 515 2546 1.
562 2517 630 2546 Vid.
648 2518 810 2545 Introduct.
827 2517 864 2545 ad
882 2517 1031 2551 Chartul„
1052 2516 1107 2545 111.
1467 2525 1548 2544 saec.
1566 2524 1654 2544 conv.
1673 2513 1749 2543 Ord.
1766 2514 1879 2543 Praed.
1894 2512 2084 2547 Vindobon.‚
2097 2515 2130 2540 n⁰
2145 2511 2216 2546 289,
2231 2509 2283 2539 fol.
2302 2509 2377 2539 159-

487 2567 516 2595 2.
560 2566 630 2595 Vid.
650 2567 799 2601 Char-tul„
820 2565 859 2600 ΙΙ,
877 2566 946 2601 596,
964 2571 1027 2595 not.
1045 2566 1075 2594 3.
1468 2565 1536 2599 163,
1549 2574 1596 2593 an.
1613 2564 1701 2598 1371,
1714 2562 1816 2603 April.
1829 2563 1867 2591 24
1879 2568 1909 2591 et
1922 2572 1971 2590 an.
1989 2560 2166 2600 1373‚Aug.
2181 2561 2228 2589 11.
2244 2558 2378 2589 Brevius

487 2616 516 2644 3.
561 2615 630 2644 Vid.
647 2615 720 2644 ibid.
1466 2614 1548 2653 apud
1566 2612 1678 2647 Dms,
1697 2612 1722 2647 1,
1741 2623 1772 2651 p.
1793 2612 1822 2646 2,
1842 2622 1874 2651 p.
1898 2611 1989 2646 2002,
2008 2616 2039 2639 et
2059 2609 2242 2644 Ascmucn,
2262 2608 2371 2637 Gesch.

489 2666 517 2693 li.
563 2665 622 2701 Qui
638 2675 696 2704 per
711 2664 836 2703 longum
851 2664 1000 2703 temporis
1018 2663 1151 2703 spatium
1165 2663 1357 2692 Sorbonicus
1465 2663 1521 2691 der
1544 2664 1661 2691 Wiener
1686 2662 1878 2695 Ultimi-sime,
1896 2660 1921 2695 1,
1937 2660 2007 2695 406,
2025 2664 2088 2688 not.
2109 2659 2135 2687 1.

450 2714 520 2748 suit,
540 2720 573 2743 ut
596 2720 725 2753 apparet
745 2724 760 2742 e
782 2713 864 2742 Bibl.
886 2713 1029 2742 Arsenal.
1053 2712 1167 2748 Paris.‚
1187 2722 1244 2741 ms.
1268 2712 1357 2747 1021,
1506 2713 1535 2740 6.
1579 2711 1650 2740 vid.
1678 2716 1766 2740 notas
1797 2709 1909 2749 partim
1940 2709 1972 2738 in
2006 2709 2155 2743 Char-tul„
2185 2706 2241 2742 111,
2269 2704 2379 2745 partim

450 2774 480 2802 p.
496 2764 566 2792 351.
1466 2761 1498 2790 in
1512 2761 1666 2789 Auctario.

490 2814 518 2841 5.
562 2812 632 2841 vid.
655 2812 734 2851 Reg.
758 2812 818 2841 Av.
843 2811 939 2851 Greg.
963 2811 1018 2847 XI,
1039 2811 1101 2841 vol.
1129 2811 1185 2846 111,
1208 2811 1259 2840 sol.
1288 2812 1356 2840 415.
1509 2811 1537 2839 7.
1581 2809 1651 2838 Vid.
1675 2807 1884 2843 chartul.,11‚
1899 2818 1931 2847 p.
1952 2807 2021 2836 629.

451 2861 517 2890 Hoc
536 2861 687 2900 imprimis
701 2867 830 2900 apparet
845 2871 882 2890 ex
898 2862 1050 2895 Articulis,
1067 2861 1105 2889 de
1116 2860 1222 2899 quibus
1234 2870 1360 2888 accusa·
1510 2860 1540 2888 8.
1584 2858 1676 2893 Ibid.,
1698 2857 1754 2893 111,
1773 2858 1823 2892 81,
1845 2857 1912 2886 128.

451 2918 496 2939 tus
508 2912 567 2948 fuit
587 2921 666 2949 mag.
684 2912 833 2939 Henricus
847 2911 885 2938 de
905 2912 985 2947 Oyta
999 2911 1028 2938 in
1041 2910 1127 2938 curia
1140 2912 1238 2944 Rom.,
1254 2909 1295 2937 ihi
1305 2919 1364 2948 per·
1510 2909 1540 2937 9.
1585 2907 1676 2940 Ibid„
1693 2917 1725 2946 p.
1740 2906 1810 2936 251.

451 2961 641 2997 diffinitivam
661 2960 836 2988 sententiam
854 2959 1018 2994 absolutus,
1037 2958 1067 2987 in
1088 2959 1157 2987 cod.
1185 2958 1281 2987 chart.
1307 2967 1361 2987 xw
1513 2957 1559 2986 10.
1601 2956 1671 2985 vid.
1691 2955 1782 2991 infra,
1801 2955 1873 2991 217,
1891 2955 1940 2984 43.
