2632 3464
302 467 354 494 83³
800 466 914 493 LIBER
939 465 1253 492 PROCURATORUM
1278 464 1459 492 NATIONIS
1479 466 1724 492 ANGLICANAE
2171 468 2223 495 834

302 544 348 574 sis
361 553 420 584 per
435 544 536 584 ipsum
552 542 619 584 ejus
633 542 892 573 incarceracionis
912 547 1052 582 tempore
1068 541 1154 571 sactis
1177 541 1208 571 in

301 593 479 623 carceribus
506 591 679 623 Cassaleti‘
709 592 875 627 detinetur,
901 590 950 621 cui
981 591 1069 620 nacio
1099 597 1133 620 ut
1158 590 1209 630 pia

300 648 398 672 mater
419 641 590 672 condolens
610 640 803 676 deliberavit,
828 646 863 670 ut
887 639 986 669 eidem
1011 639 1123 669 scolari
1149 649 1208 680 pro

301 690 460 721 solucione
481 691 632 720 dictarum
647 699 851 730 expensarum
873 690 934 718 duo
955 687 1004 718 vel
1026 694 1091 718 tres
1112 688 1208 718 franci

302 749 359 780 per
377 745 570 779 receptorem
590 739 714 768 nomine
731 738 814 768 dicte
834 737 974 767 nacionis
995 738 1209 767 accommoda-

300 795 420 823 rentur,
445 788 534 828 prius
557 794 658 818 tamen
684 797 742 828 per
768 787 870 828 ipsum
894 793 1087 826 receptorem
1117 787 1208 816 vadio

300 838 377 868 tanti
397 837 514 867 valoris
537 837 587 867 vel
611 836 747 872 circiter,
766 836 846 866 sicut
867 842 951 865 esset
972 836 1102 876 pecunia
1125 836 1208 866 dicto

300 886 413 916 scolari
426 887 601 922 mutuanda,
613 895 631 915 a
644 885 727 915 dicto
738 885 851 915 scolari
866 884 915 915 vel
929 884 989 914 alio
1006 884 1072 923 ejus
1085 885 1208 914 nomine

299 942 438 975 recepto.
455 934 617 965 Secundus
634 934 782 964 articulus
802 940 868 964 erat
886 943 983 973 super
999 934 1209 974 supplicacio-

300 984 393 1014 nibus
413 990 444 1014 et
462 982 597 1024 injuriis,
614 993 710 1024 super
725 993 787 1023 quo
802 983 897 1012 nichil
914 989 1047 1023 protunc
1063 983 1118 1013 suit
1129 983 1208 1013 deli-

300 1034 450 1068 beratum,
469 1033 541 1073 quia
554 1038 688 1072 protunc
703 1042 793 1062 nemo
808 1032 1006 1072 supplicavit.

341 1081 433 1112 Facta
446 1081 693 1122 congregacione
706 1081 845 1111 nacionis
860 1088 934 1120 aput
951 1081 1095 1111 Sanctum
1111 1081 1208 1111 Matu-

299 1131 400 1161 rinum
420 1131 490 1171 ipso
513 1130 564 1160 die
585 1131 667 1161 beati
682 1130 796 1160 Mathei
820 1129 952 1170 apostoli
978 1130 1054 1160 hora
1075 1130 1158 1166 V11·‚
1175 1137 1209 1161 ut

298 1180 388 1210 nscio
404 1186 489 1210 esset
503 1179 648 1220 expedita
666 1181 704 1209 de
719 1190 777 1209 suo
797 1180 876 1209 sacto
897 1180 1026 1220 proprio
1045 1185 1115 1209 ante
1132 1189 1208 1210 con-

298 1229 517 1269 gregacionem
549 1228 788 1263 Universitatis,
819 1238 880 1268 que
913 1229 970 1258 suit
1001 1228 1116 1258 indicta
1149 1238 1207 1269 pro

299 1277 376 1308 hora
395 1277 483 1308 vul·
501 1277 676 1308 immediate
702 1284 868 1317 sequente.
893 1287 989 1317 super
1009 1278 1110 1307 tribus
1131 1278 1208 1308 arti-

299 1326 390 1357 culis.
419 1327 544 1357 Primus
568 1332 634 1356 erat
659 1327 697 1356 ad
721 1326 899 1366 eligendum
927 1337 1038 1356 novum
1063 1333 1208 1367 recepto·-

300 1385 366 1406 rem
391 1375 442 1406 vel
468 1375 707 1405 continuandum
733 1375 891 1415 antiquum
913 1375 1054 1405 nacionis
1077 1376 1206 1415 prefate.

301 1425 404 1465 Super
422 1435 484 1464 quo
507 1423 637 1454 articulo
659 1424 856 1454 continuatus
878 1424 935 1454 suit
956 1424 1152 1454 concorditer
1176 1425 1208 1454 in

301 1480 495 1514 receptorem
524 1473 677 1503 antedicte
708 1473 848 1503 nacionis
879 1473 1027 1513 magister
1050 1473 1207 1503 Arnoldus

300 1522 441 1552 Wtwiic.

340 1571 502 1601 Secundus
519 1570 668 1600 articulus
691 1577 759 1600 erat
775 1571 812 1600 ad
836 1570 1083 1601 distribuendum
1107 1572 1208 1602 scolas

299 1619 458 1660 magistris
472 1620 720 1660 proponentibus
737 1630 847 1660 regere
866 1619 896 1649 in
917 1621 1075 1650 ordinario
1092 1621 1205 1651 futuro.

299 1669 402 1709 Super
417 1669 477 1699 isto
492 1668 623 1698 articulo
637 1668 754 1708 placuit
774 1669 896 1698 nacioni
912 1670 1080 1699 secundum
1101 1669 1208 1699 lauda-

298 1718 390 1748 bilem
406 1724 436 1748 et
448 1718 649 1758 approbatam
664 1717 919 1748 consuetudinem
931 1718 1090 1758 magistris
1098 1729 1207 1759 regen-

297 1767 381 1797 tibus
395 1767 435 1796 de
451 1766 547 1797 scolis
565 1766 739 1807 providere.
756 1767 847 1797 Circa
863 1777 953 1807 quem
969 1767 1131 1797 articulum
1146 1774 1208 1798 tac·

297 1822 361 1846 tum
378 1815 435 1846 suit
448 1825 506 1856 per
521 1821 752 1856 procuratorem
772 1825 810 1846 ex
827 1815 1051 1845 ammonicione
1068 1826 1208 1856 quorun-

296 1865 367 1894 dam
392 1865 505 1894 bonum
529 1871 560 1894 et
583 1865 775 1894 commodum
798 1865 938 1894 nacionis
961 1866 1078 1906 prefate
1103 1865 1207 1895 zelan-

297 1914 379 1944 cium
392 1924 449 1954 per
462 1914 586 1944 modum
598 1913 780 1943 avizameuti
793 1913 1001 1953 (considerato
1019 1915 1101 1954 quod
1113 1925 1208 1955 super

298 1962 400 1993 scolas
414 1972 541 2003 magnas
553 1962 717 1992 inferiores
727 1962 890 1992 Almaunie
901 1963 1056 1993 sufficiens
1068 1964 1206 2004 spacium

300 2018 348 2041 est
362 2012 400 2041 ad
415 2011 621 2041 ordinandum
632 2011 709 2041 duas
723 2011 839 2047 scolas;
855 2017 884 2041 et
895 2011 921 2041 si
937 2012 982 2041 sic
997 2012 1205 2047 ordinaretur.

298 2060 471 2090 minoribus
484 2060 632 2100 expensis
646 2060 760 2100 quibus
778 2060 845 2090 fieri
862 2061 988 2100 poterit.
1009 2062 1206 2091 commodose

298 2109 386 2139 nacio
398 2109 589 2139 relevaretur
605 2118 623 2138 a
639 2109 759 2139 duabus
774 2108 864 2139 libris
877 2109 1044 2145 annuatim,
1061 2120 1138 2150 quas
1155 2111 1208 2141 dat

297 2168 356 2198 pro
367 2157 488 2198 locagio
503 2157 656 2188 scolarum
674 2157 766 2187 unius
785 2158 937 2198 magistri,
955 2158 1007 2198 qui
1027 2165 1128 2188 tamen
1144 2170 1205 2189 non

296 2213 356 2237 tam
371 2207 518 2237 decenter
530 2212 560 2236 et
574 2206 703 2236 honeste
718 2213 803 2236 esset
814 2206 932 2237 locatus
945 2207 976 2237 in
994 2207 1089 2237 scolis
1105 2208 1206 2238 locan-

296 2256 346 2286 dis
370 2256 450 2286 sicut
472 2261 557 2285 esset
583 2255 614 2285 in
637 2254 732 2285 scolis
754 2255 865 2285 flendis
888 2266 946 2296 per
974 2257 1205 2287 ordinacionem

295 2305 461 2345 prefatam5
491 2304 560 2334 viso
587 2304 681 2335 eciam
706 2305 789 2344 quod
818 2305 907 2334 nacio
934 2305 979 2334 sic
1009 2313 1207 2346 recuperaret

296 2353 376 2383 infra
397 2353 534 2393 spacium
556 2353 648 2383 trium
666 2353 714 2382 vel
737 2359 869 2393 quatuor
886 2363 1035 2384 annorum
1052 2365 1205 2394 expensas

295 2412 355 2443 pro
376 2402 577 2432 ordinacione
604 2402 755 2432 dictarum
777 2402 930 2432 scolarum
955 2403 1095 2442 fiendas),
1121 2404 1204 2443 quod

295 2451 422 2482 omnino
439 2451 528 2481 nacio
543 2451 684 2480 tenderet
702 2451 741 2480 ad
756 2450 973 2481 execucionem
991 2451 1062 2481 talis
1077 2452 1204 2482 ordina-

295 2499 407 2535 cionis,
437 2509 508 2539 ymo
539 2500 571 2529 in
601 2509 744 2540 magnum
776 2498 980 2539 prejudicium
1012 2501 1202 2540 regencium,

295 2548 424 2578 honoris
439 2554 470 2578 et
484 2548 625 2578 utilitatis
641 2548 793 2582 nacionis,
809 2548 949 2588 predicta
966 2549 1127 2579 ordinacio
1143 2556 1202 2580 tam

295 2597 347 2627 diu
365 2596 422 2627 suit
443 2597 570 2627 omissa.
591 2597 693 2637 Super
712 2596 774 2627 isto
788 2597 979 2627 aviznmento
999 2598 1087 2627 nacio
1108 2598 1202 2628 nichil

294 2645 426 2676 finaliter
440 2646 667 2681 determinavit,
682 2646 753 2686 quia
769 2645 826 2676 hoc
842 2646 1062 2676 avizamentum
1078 2647 1133 2677 suit
1143 2653 1202 2678 tac-

296 2700 359 2724 tum
374 2703 437 2724 non
451 2704 509 2735 per
523 2695 646 2725 modum
664 2694 797 2730 articuli,
815 2695 869 2725 sed
883 2695 982 2725 solum
999 2695 1025 2725 si
1039 2696 1203 2736 continge-

295 2749 343 2773 ret
358 2742 390 2772 in
406 2748 564 2783 posterum
582 2753 678 2784 super
696 2743 777 2773 dicta
791 2743 990 2774 ordinacione
1006 2744 1072 2774 fleri
1092 2744 1202 2775 articu-

296 2791 357 2821 lum
381 2797 432 2821 aut
451 2792 727 2833 congregacionem
750 2792 889 2822 nacionis
913 2792 1094 2832 specialem.
1119 2794 1202 2833 quod

296 2846 368 2870 tunc
389 2839 478 2870 nscio
499 2841 648 2871 maturius
678 2851 774 2881 super
799 2840 857 2870 hoc
880 2841 994 2881 poterit
1015 2841 1200 2877 deliberare,

326 2950 351 2974 1.
383 2951 403 2974 1.
415 2958 437 2974 ε.
453 2950 596 2976 Cantelleti.

325 2986 350 3010 2.
389 2985 443 3010 rid.
454 2994 480 3018 p.
493 2987 548 3015 ⁸³5,
563 2987 590 3011 17
602 2994 658 3019 oqq.

374 3032 487 3051 Aenaria-u
502 3031 626 3052 cnm-lani
636 3031 724 3053 v-iun.
735 3032 800 3053 Para.
809 3042 837 3049 —
845 3032 861 3053 Ι.

1246 985 1280 1011 10

1246 1231 1279 1256 15

1245 1476 1279 1501 20

1245 1721 1279 1747 25

1244 1965 1278 1992 :³0

1243 2211 1277 2237 35

1242 2455 1276 2481 40

1240 2699 1274 2725 45

1317 542 1523 571 determinare
1543 549 1573 571 et
1595 543 1790 572 concludere.
1810 543 1914 572 Voluit
1930 550 2030 573 tamen
2046 545 2134 574 nacio
2151 556 2222 575 con-

1318 591 1453 620 corditer
1478 593 1560 631 quod
1587 598 1770 630 procurator
1791 599 1975 622 convocaret
1998 594 2160 632 deputatos
2185 605 2222 623 ex

1318 639 1475 679 magistris
1495 640 1645 674 nacionis,
1663 640 1716 679 qui
1739 640 1887 669 haberent
1907 651 1965 670 una
1988 652 2055 670 cum
2078 653 2223 681 procura-

1316 694 1383 717 tore
1399 688 1526 718 visitare
1541 688 1640 718 locum
1654 689 1803 718 dictarum
1817 689 1981 725 scolarum,
1998 691 2223 721 considerando

1316 747 1354 766 an
1382 737 1519 766 desectus
1548 737 1684 772 luminis,
1707 747 1745 766 an
1767 737 1880 777 aliquis
1905 738 1983 767 alius
2006 740 2154 775 desectus,
2185 751 2222 770 ne

1317 786 1476 826 sepedicta
1492 786 1651 815 ordinacio
1664 787 1701 815 ad
1716 786 1862 816 honorem
1875 793 1904 816 et
1915 789 2107 817 commodum
2123 790 2224 819 nacio-

1316 835 1366 864 nis
1383 841 1414 864 et
1427 835 1604 875 regencium
1619 836 1842 875 produceretur
1855 836 1893 865 ad
1909 836 2060 873 eflectum,
2078 839 2223 877 preberet

1317 884 1566 923 impedimentum
1575 884 1598 912 ².

1356 932 1485 962 Tercius
1507 933 1654 963 articulus
1679 940 1744 963 erat
1767 943 1862 973 super
1888 934 2172 974 supplicacionibus
2195 943 2225 966 et

1316 980 1450 1022 injuriis.
1473 981 1574 1021 Super
1593 993 1654 1022 quo
1671 982 1885 1022 supplicarunt
1900 984 2040 1023 magistri
2061 985 2224 1014 intenden-

1317 1037 1363 1060 tes
1378 1041 1487 1071 regere
1500 1031 1531 1060 in
1542 1032 1700 1060 ordinario
1714 1032 1826 1066 futuro,
1841 1033 1924 1071 quod
1938 1032 1983 1062 eis
2001 1034 2088 1062 nacio
2104 1034 2141 1062 de
2155 1044 2222 1063 sco-

1316 1079 1355 1108 lis
1367 1079 1442 1109 velit
1454 1080 1618 1119 providere
1633 1081 1800 1109 secundum
1815 1081 2044 1110 ordinacionem
2057 1089 2086 1111 et
2096 1092 2224 1112 consue-

1316 1128 1452 1158 tudinem
1469 1139 1524 1168 per
1541 1129 1700 1158 nacionem
1720 1130 1933 1169 approbatam,
1957 1131 1995 1159 de
2015 1141 2146 1170 quorum
2165 1142 2225 1161 nu-

1317 1187 1401 1207 mero
1416 1178 1556 1217 magistri
1567 1185 1712 1218 regentes
1725 1188 1804 1207 anno
1819 1179 1968 1218 preterito
1984 1180 2222 1219 resignaverunt

1316 1225 1417 1256 scolas
1435 1227 1480 1256 eis
1493 1227 1667 1267 assignatas
1682 1237 1739 1266 per
1755 1227 1914 1256 nacionem
1930 1228 1961 1256 in
1980 1229 2120 1258 manibus
2138 1228 2223 1268 ejus·-

1315 1275 1384 1305 dem
1401 1275 1541 1305 nacionis
1559 1282 1592 1305 ut
1615 1276 1711 1305 moris
1733 1282 1791 1305 est.
1811 1276 1869 1306 Cui
1891 1277 2116 1316 supplicacioni
2135 1279 2223 1308 nacio

1316 1325 1512 1354 concorditer
1532 1335 1682 1359 annuens,
1705 1325 1848 1355 omnibus
1870 1335 1928 1365 pro
1953 1332 2024 1355 tunc
2050 1327 2223 1366 supplican-

1316 1372 1398 1403 tibus
1414 1374 1582 1403 secundum
1602 1374 1741 1403 ordinem
1761 1374 1953 1413 antiquitatis
1972 1375 2117 1415 regencie
2137 1376 2224 1415 ipso-

1315 1431 1384 1451 rum
1397 1421 1499 1452 scolas
1514 1422 1688 1458 distribuit;
1711 1422 1765 1452 hac
1781 1429 1880 1452 tamen
1895 1423 2078 1453 condicione
2093 1435 2221 1459 annexa,

1316 1471 1399 1510 quod
1414 1470 1545 1511 quilibet
1559 1471 1680 1500 illorum
1695 1472 1937 1511 supplicancium
1956 1479 2085 1512 poneret
2102 1473 2222 1513 fidejus-

1316 1529 1416 1555 sores,
1437 1521 1519 1560 quod
1539 1530 1594 1560 per
1613 1519 1758 1559 majorem
1779 1527 1895 1560 partem
1915 1522 2064 1551 ordinarii
2087 1529 2221 1562 regeret,

1316 1568 1378 1598 nisi
1399 1569 1601 1598 interveniret
1619 1568 1766 1608 legittima
1789 1569 1962 1604 excusacio,
1985 1577 2112 1609 propter
2133 1581 2221 1610 quam

1317 1617 1405 1647 nacio
1420 1618 1530 1647 merito
1545 1617 1673 1647 haberet
1688 1628 1755 1647 eum
1773 1625 1962 1648 excusatum.

1376 1723 1449 1764 (1701.
1469 1724 1517 1764 61)
1537 1723 1751 1764 Sequuntur
1779 1724 1925 1753 nomina
1949 1724 2161 1764 regencium

1476 1772 1589 1802 istius
1620 1773 1706 1802 anni
1740 1783 1815 1802 cum
1853 1773 2062 1803 nominibus

1527 1832 1675 1852 suorum
1710 1821 2009 1862 fidejusssorum.

1355 1911 1506 1951 Magister
1522 1911 1680 1941 Arnoldus
1693 1911 1820 1941 NVtwiic
1837 1918 1990 1951 receptor.

1355 1960 1506 2000 Magister
1524 1960 1680 1990 Johannes
1700 1960 1860 2000 Baupour;
1882 1959 2047 1999 fidejussor
2065 1967 2217 2001 receptor.

1355 2009 1505 2050 Magister
1525 2009 1682 2039 Johannes
1703 2010 1740 2038 de
1761 2009 1912 2044 Zutsania3
1938 2008 2102 2048 fidejussor
2123 2010 2220 2050 magi-

1315 2064 1379 2088 ster
1389 2058 1524 2088 Jacobus
1538 2059 1576 2087 de
1595 2058 1736 2088 liaerlem
1749 2058 1772 2087 ³.

1355 2107 1506 2148 Magister
1521 2107 1704 2137 Guillelmus
1718 2107 1810 2142 Bloc;
1829 2106 1993 2147 fidejussor
2006 2117 2086 2147 mag.
2104 2107 2220 2138 Arnol-

1315 2157 1373 2186 dus
1395 2157 1433 2186 de
1449 2156 1598 2186 Zutsania.

1354 2205 1505 2246 Magister
1522 2205 1675 2235 Henricus
1694 2205 1875 2241 Gorichem;
1893 2204 2057 2244 fideiussor
2073 2206 2219 2245 magister

1315 2254 1511 2284 Hermannus
1527 2254 1626 2284 Omen
1638 2253 1661 2284 ⁴.

1353 2303 1503 2343 Magister
1519 2303 1729 2333 Goedscalcus
1747 2303 1861 2338 Vrcze;
1886 2302 2050 2343 fidejussor
2072 2304 2218 2343 magister

1314 2352 1496 2382 Guillelmus
1514 2352 1601 2382 Bloc.

1353 2401 1504 2442 Magister
1518 2401 1676 2431 Arnoldus
1698 2402 1735 2430 de
1752 2401 1906 2437 Zutsania;
1933 2400 2096 2441 fidejussor
2121 2402 2217 2441 magi-

1313 2457 1378 2480 ster
1394 2450 1577 2480 Guillelmus
1592 2450 1678 2480 Bloc.

1352 2499 1502 2539 Magister
1516 2499 1710 2529 nez-mannus
1725 2499 1839 2535 Omen;
1857 2498 2021 2538 fidejussor
2035 2498 2217 2540 illJcnricus]

1312 2548 1488 2578 Gorichem.

1352 2597 1502 2637 Magister
1539 2596 1735 2627 Hermannus
1768 2598 1805 2627 de
1840 2597 2018 2636 Esselinga;
2052 2595 2217 2636 fidejussor

1312 2645 1459 2686 magister
1476 2646 1675 2676 Coenrardus
1693 2646 1730 2675 de
1747 2646 1922 2686 Esselinga.

1351 2694 1501 2735 Magister
1537 2694 1694 2724 lohannes
1724 2695 1834 2730 Reest5
1873 2693 2036 2734 fidejussor
2067 2694 2216 2734 magister

1310 2743 1445 2774 lacobus
1462 2744 1500 2773 de
1522 2743 1675 2773 Haerlem.

1342 2953 1366 2976 3.
1399 2951 1483 2976 Primo
1491 2952 1611 2984 neru'plum
1621 2954 1677 2975 emt
1691 2951 1840 2983 }{[enricun]
1855 2950 1887 2974 de
1900 2950 2048 2976 Goriehem.

1342 2988 1366 3012 δ.
1400 2988 1419 3012 Ι.
1434 2995 1455 3011 ο.
1471 2987 1589 3012 Ummen.
1604 2987 1686 3011 Primo
1697 2987 1722 3011 in
1736 2989 1792 3010 mew
1803 2986 1936 3010 Johanne·
1949 2985 1980 3011 de
1991 2986 2119 3010 Zutl'ania.

2105 3031 2132 3050 ⁵³

2321 17 2324 23 .
2361 0 2561 27 ’53{T¹PV⁷5W'*
2566 0 2632 19 *ΞΒ*
