2632 3464
917 467 1190 494 MEMORABILIA
1208 467 1294 494 NAT.
1315 467 1561 494 ANGLICANAE

273 545 487 594 receptoris
508 556 578 595 per
596 551 691 588 tres,
711 551 908 594 quattuor,
929 545 1112 593 quinque,
1139 557 1219 587 sex,
1245 551 1408 594 septem,
1435 553 1539 588 octo,
1561 551 1637 582 etc.
1666 559 1787 582 annos
1814 561 1848 591 2),
1869 547 2123 584 deliberatum
2148 556 2208 585 est

275 627 294 649 α
307 612 412 664 quod
429 613 629 664 expediret
642 613 682 649 in
699 612 873 663 quolibet
889 625 989 649 anno
1007 612 1153 662 eligere
1177 625 1318 650 novum
1344 621 1599 663 receptorem,
1621 621 1687 651 aut
1706 614 1754 651 ad
1775 616 1901 652 minus
1921 615 1969 652 de
1989 616 2146 653 biennio
2170 618 2208 653 in

272 682 471 720 biennium
489 696 507 718 υ
529 682 627 729 (866,
650 682 723 729 31).
743 683 877 725 Immo,
900 694 975 718 non
991 681 1202 732 placuit-de
1217 681 1374 719 biennio
1396 684 1435 718 in
1451 682 1662 727 biennium,
1682 683 1750 720 sed
1771 686 1978 734 quotannis
1993 686 2091 731 (906,
2106 686 2203 733 907).

323 754 513 802 Receptor
526 750 713 788 recedens
726 750 787 787 vel
799 749 968 787 officium
982 751 1185 801 resignans
1201 764 1278 787 non
1294 751 1462 788 habebat
1481 766 1498 787 (ι
1511 759 1746 802 potestatem
1763 753 2022 791 substituendi
2039 754 2155 791 alium
2170 769 2202 797 »;

271 822 532 872 resignatione
547 827 703 870 peracta
723 821 828 856 natio
845 821 928 870 ipsa
943 819 1173 869 providebat
1191 821 1288 866 (561,
1307 821 1356 857 29
1372 823 1487 871 sqq.).

321 891 453 927 Mense
473 888 954 940 Septembri—generaliter,
973 891 1075 926 circa
1088 889 1190 926 diem
1207 891 1244 926 S.
1264 889 1420 935 Mathai,
1439 899 1618 941 receptor
1632 888 1831 929 institutus
1847 892 1934 934 fuit,
1958 892 2095 929 saltem
2116 906 2204 930 cum

272 971 364 996 usus
380 959 608 996 observatus
624 966 696 996 est.
714 958 790 996 Sed
807 959 933 995 minus
947 958 995 995 de
1009 966 1253 1008 receptorum
1266 973 1381 1009 quam
1397 968 1689 1010 procuratorum
1710 961 1931 998 nominibus
1947 963 2041 999 certi
2056 975 2202 1005 sumus,

271 1035 477 1079 antequam
500 1029 639 1065 seriem
667 1028 855 1064 librorum
885 1035 1124 1077 receptorum
1149 1028 1360 1066 habeamus
1376 1030 1401 1065 ¹.
1435 1029 1646 1067 Elenchum
1671 1029 1779 1068 illum
1803 1038 2061 1082 receptorum,
2089 1031 2206 1068 salvis

271 1097 448 1135 codicum
465 1097 628 1141 lacunis,
647 1109 694 1134 ex
709 1097 891 1133 Auctario
911 1097 1134 1146 speciminis
1154 1099 1278 1147 gratia
1297 1098 1547 1136 confecimus.

335 1268 429 1313 ’,1333
717 1269 838 1301 Petrus
859 1268 900 1301 de
917 1267 1033 1301 Veteri
1049 1269 1177 1312 Campo
1193 1269 1345 1312 (electus,
1366 1269 1462 1312 1332)
1790 1272 1828 1304 Ρ.
1881 1272 1981 1311 13,24

317 1326 466 1360 1334-38
718 1326 887 1370 Deficiunt

347 1384 434 1418 1339
576 1394 577 1397 ’
717 1384 810 1417 Suno
829 1384 870 1417 de
889 1383 1021 1423 Suecia,
1037 1391 1118 1417 ωηο
1136 1391 1293 1428 receptor
1878 1387 1980 1428 31‚21

348 1443 434 1476 1340
718 1443 893 1476 Conradus
912 1442 953 1474 de
969 1442 1292 1486 Montepuellarum,
1310 1450 1389 1476 tunc
1411 1451 1567 1488 receptor
1878 1446 1983 1485 40,38

382 1514 401 1534 >1
516 1502 593 1535 Oct.
614 1500 660 1535 29
716 1501 852 1535 Ulricus
872 1500 916 1535 de
929 1500 1082 1546 Augusta
1878 1504 1958 1544 43‚1

348 1559 432 1593 1341
715 1559 886 1597 Johannes
901 1559 943 1591 de
964 1559 1139 1603 Kynnard,
1158 1559 1360 1592 substitutus
1878 1562 1983 1602 49,46

381 1631 399 1649 »
458 1614 460 1617 ’
514 1618 591 1650 Jun.
719 1617 812 1650 Suno
832 1617 874 1650 de
892 1617 1023 1650 Swecia
1877 1620 1981 1660 51‚36

349 1675 434 1709 1343
544 1666 561 1689 V·
715 1675 851 1708 Ulricus
867 1675 908 1708 de
923 1675 1087 1722 Augusta,
1105 1683 1185 1708 tuno
1201 1684 1359 1721 receptor
1877 1679 1981 1718 65,17

351 1732 438 1767 1344
522 1734 617 1779 Sept.
631 1733 674 1766 22
717 1733 961 1773 Theodericus,
983 1740 1063 1766 tunc
1079 1741 1236 1778 receptor
1881 1737 1983 1777 78‚16

349 1791 436 1825 1345
519 1793 595 1825 Oct.
617 1792 660 1826 14
717 1791 910 1826 Wilielmus
928 1791 969 1824 de
986 1791 1098 1825 Viridi
1118 1793 1246 1833 Monte,
1266 1794 1387 1826 Scotus
1878 1795 1982 1836 87,36

349 1850 436 1884 1346
513 1851 590 1883 Jun.
612 1850 634 1885 4
717 1850 947 1883 Theodericus
966 1850 1007 1883 de
1025 1851 1114 1883 Foro
1878 1853 1960 1892 97,2

349 1908 436 1943 1348
452 1949 455 1952 s
515 1909 592 1950 Jun.
611 1908 653 1942 21
714 1908 892 1942 Cunradus
912 1908 953 1942 de
972 1908 1102 1943 Swecia
1859 1911 1984 1950 120,45

390 1981 407 1998 »
514 1968 590 2000 Oct.
615 1966 657 2000 18
715 1966 897 2000 Nicholaus
913 1967 1090 1999 Michaelis
1109 1967 1150 2000 de
1167 1968 1301 2001 Swecia
1860 1970 1983 2010 126,32

349 2024 436 2058 1349
515 2025 598 2058 Maii
617 2024 661 2058 26
713 2025 944 2058 Theodericus
958 2025 999 2058 de
1016 2025 1194 2059 Hollandia
1861 2028 1959 2069 135,1

380 2097 398 2114 »
514 2084 590 2116 Jun.
615 2083 655 2116 12
715 2083 918 2116 Guillelmus
934 2084 975 2116 de
993 2084 1197 2124 Brenuecffl,
1218 2084 1420 2117 substitutus
1860 2086 1958 2127 137,1

381 2155 399 2172 n
514 2141 580 2174 Jul.
605 2141 646 2174 17
714 2141 945 2174 Theodericus
965 2141 1006 2174 de
1027 2141 1193 2175 Alcmnria
1858 2144 1982 2185 138,38

349 2199 435 2232 1350
514 2200 591 2232 Jun.
615 2199 657 2233 13
716 2200 887 2235 lohannes
903 2199 944 2233 de
962 2200 1110 2234 Wesalia
1860 2203 1984 2243 143,23

292 2280 297 2281 ⁷
380 2271 398 2289 »
516 2258 612 2302 Sept.
628 2257 668 2292 17
714 2258 884 2293 Johannes
902 2258 943 2291 de
961 2259 1115 2298 Colonia,
1135 2259 1337 2292 substitutus
1858 2262 1982 2301 144‚37

315 2316 463 2350 1351-52
716 2316 883 2350 Henricus
899 2317 940 2350 de
957 2317 1085 2357 Minda‚
1106 2324 1186 2350 tunc
1205 2317 1276 2350 vice
1298 2324 1454 2362 receptor
1783 2319 1906 2360 151,2;
1936 2320 2059 2360 154‚33

348 2374 434 2408 1352
513 2374 628 2421 (Aug.)
715 2375 885 2408 lohannes
901 2375 942 2408 de
961 2375 1121 2416 Wesalia,
1139 2382 1219 2408 ωηο
1239 2383 1395 2420 receptor
1859 2378 1981 2418 159‚21

350 2432 436 2466 1353
516 2432 626 2477 April.
714 2433 890 2468 Wiskinus
909 2433 1062 2468 Wenslai
1857 2436 1981 2476 165,17

349 2490 435 2524 1355
518 2491 614 2536 Sept.
627 2491 670 2524 22
717 2491 887 2524 lohannes
903 2491 944 2524 de
961 2491 1108 2525 Lovanio
1858 2495 1982 2535 186‚39

347 2548 434 2582 1356
513 2549 613 2583 Mart.
637 2549 681 2583 28
715 2550 885 2583 Johannes
905 2550 946 2583 de
964 2550 1084 2595 Aquis,
1101 2551 1304 2584 substitutus
1857 2554 1981 2593 194‚24

380 2621 397 2639 n
516 2607 612 2652 Sept.
625 2607 668 2641 23
714 2608 883 2642 lohannes
900 2608 941 2641 de
956 2609 1059 2642 Dacia
1854 2612 1980 2651 201,39

348 2665 434 2699 1357
517 2666 612 2711 Sept.
625 2665 669 2699 23
715 2667 844 2700 Themo
860 2667 959 2700 Judei
1854 2670 1956 2709 221,1

347 2722 432 2757 1361
515 2724 591 2757 Oct.
714 2724 874 2758 Aibertus
891 2725 932 2758 de
952 2726 1096 2759 Saxonia
1855 2728 1980 2767 267,39

349 2781 435 2815 1362
518 2782 614 2827 Sept.
627 2782 670 2816 23
716 2783 882 2817 Hem-icus
901 2784 942 2816 de
960 2785 1125 2828 Kempen,
1142 2791 1222 2818 tunc
1242 2792 1398 2830 receptor
1855 2785 1981 2825 270‚36

348 2838 434 2873 1363
513 2840 600 2887 Aug.
621 2840 663 2874 16
715 2841 884 2875 Johannes
903 2843 991 2875 Neve
1006 2842 1048 2875 de
1067 2843 1273 2890 Novymagio
1836 2843 1981 2894 ⁵289,17

311 3001 339 3030 1.
384 3000 471 3031 Libri
490 3007 686 3042 receptorum
703 3008 766 3032 nat.
786 3002 976 3043 Anglicnnae
994 3003 1047 3043 qui
1069 3004 1107 3033 ad
1123 3013 1181 3034 nos
1196 3011 1405 3044 pervenerunt
1423 3004 1577 3045 incipiunt
1593 3014 1642 3035 an.
1660 3005 1736 3034 1425
1750 3003 1832 3046 (vid.
1853 3014 1948 3045 supra
1967 3015 1998 3044 p.
2016 3015 2047 3041 x,
2063 3015 2092 3035 n.
2111 3005 2151 3045 4).
