2632 3464
419 411 470 434 619
959 408 1180 433 AUCTARIUM
1206 406 1465 433 CHARTULARII
1484 408 1658 436 UNIVERS.
1681 410 1799 437 PARIS.
2288 414 2343 441 620

419 487 595 526 regcncium
611 493 640 515 et
658 497 718 514 non
737 486 912 525 regencium
931 485 1010 524 apud
1031 484 1174 513 Sanctum
1193 483 1322 512 Maturi-

419 546 489 564 num
506 536 580 564 hora
595 535 704 574 prime,
724 536 761 563 ad
777 535 981 563 ordinandum
997 543 1091 572 super
1102 533 1234 571 quodam
1245 533 1323 561 sacto

417 591 559 624 tangente
581 584 750 623 predictam
771 584 942 618 nacionem,
966 589 995 611 et
1017 583 1054 611 ad
1073 582 1320 621 supplicandum,

416 640 487 668 etc„
507 640 536 662 et
553 634 596 662 ibi
611 633 811 662 deliberatum
828 632 883 661 fuit
899 642 954 671 per
970 631 1130 660 nacionem
1148 631 1231 670 quod
1244 630 1321 659 nulli

417 682 551 712 scolares
577 683 615 711 ad
638 683 824 721 sepedictam
853 681 1010 709 nacionem
1036 680 1242 719 pertinentes,
1268 679 1321 719 qui

415 742 495 760 anno
506 732 680 771 prescripto
692 730 928 760 licenciarentur
941 730 983 767 [in
998 729 1111 758 Nostra
1123 729 1319 766 Domina...],

416 782 453 809 ad
476 781 634 809 nacionem
656 780 885 818 reciperentur;
913 779 1007 807 eciam
1035 778 1148 806 ibidem
1174 783 1321 817 receptor

415 830 553 858 nacionis
572 829 626 858 fuit
644 829 812 868 requisitus
829 829 910 867 quod
925 826 976 867 [ab
990 827 1065 865 illis]
1083 826 1244 866 pecuniam
1261 836 1320 866 pro

416 879 519 907 bursis
540 889 600 907 non
616 878 783 916 reciperet,
803 884 832 906 et
847 883 1045 916 procurator,
1064 883 1097 905 ut
1113 886 1167 905 eos
1181 876 1218 904 ad
1231 874 1319 915 jura-

416 934 548 956 mentum
571 937 632 955 non
656 927 840 960 admitteret,
867 932 896 954 et
918 926 1001 964 quod
1021 926 1058 954 ad
1080 924 1197 954 nullum
1219 931 1318 954 actum

416 976 553 1005 nacionis
567 976 634 1015 capi
653 977 811 1010 deberent,
829 981 859 1004 et
873 974 968 1003 eciam
985 975 1068 1013 quod
1082 974 1224 1003 bodellus
1242 973 1318 1002 tales

414 1026 536 1054 nomine
556 1025 694 1053 nacionis
712 1024 819 1053 nullibi
837 1024 991 1052 associare
1009 1024 1144 1052 deberet.
1167 1023 1206 1052 Et
1224 1032 1319 1062 super

414 1075 482 1103 istis
498 1075 621 1103 diversa
637 1074 838 1102 instrumenta
856 1073 927 1101 hinc
948 1073 1018 1101 inde
1039 1078 1163 1111 recepta
1183 1073 1313 1101 fuerunt.

819 1165 915 1195 1382

458 1239 548 1268 Acta
576 1237 864 1277 procuracionis
891 1236 994 1266 Petri
1021 1237 1062 1265 de
1096 1236 1266 1266 Catwiic.

450 1319 539 1348 Anno
555 1319 678 1347 Domini
697 1318 741 1347 Μο
754 1318 850 1347 000ο
865 1317 1029 1351 LXXXIP,
1047 1316 1117 1345 Vll²
1134 1316 1183 1346 die
1199 1316 1315 1346 mensis

410 1367 542 1407 Aprilis,
565 1369 641 1396 facta
657 1366 898 1406 congregatione
917 1365 1051 1394 nationis
1073 1364 1243 1405 Anglicane
1258 1375 1316 1404 pro

409 1417 620 1456 procuratoris
644 1416 793 1445 electione
823 1421 852 1443 et
876 1415 1102 1454 computatione
1125 1415 1313 1453 receptoris‚

409 1474 435 1494 et
448 1465 454 1483 ⁴
474 1474 619 1504 quatenus
634 1472 813 1503 procurator
824 1475 914 1493 novus
930 1466 957 1492 si
970 1465 1065 1501 fieret,
1078 1463 1315 1500 ltaberetjurare

409 1515 691 1553 adprosequendum
701 1514 950 1542 deliberacionem
961 1514 999 1542 cle
1009 1513 1195 1541 baclzalariis
1204 1515 1315 1542 vocatis

409 1566 436 1593 in
461 1567 570 1593 Nostra
600 1565 739 1598 Domina,
764 1574 820 1601 que
841 1563 962 1600 plenius
985 1562 1111 1590 habetur
1132 1564 1161 1590 in
1189 1564 1314 1591 articulo

408 1615 493 1641 istum
508 1613 685 1651 precedente
700 1623 799 1650 super.
820 1612 858 1640 Et
875 1611 991 1640 electus
1007 1611 1063 1640 fuit
1080 1611 1111 1639 in
1130 1618 1314 1650 procurato-

407 1673 471 1691 rem
492 1662 603 1691 Petrus
626 1662 663 1690 de
686 1661 827 1691 Catwiic.
854 1661 1010 1699 Receptor
1029 1671 1090 1689 non
1111 1661 1310 1700 computavit.

406 1714 587 1740 Procurator
600 1722 665 1739 vero
684 1721 774 1738 novus
782 1711 899 1747 juravit
906 1711 1051 1748 prosequi
1062 1709 1311 1738 deliberacionem

406 1762 535 1788 nationis
560 1761 598 1788 cle
621 1771 678 1788 non
702 1760 885 1787 admittendo
911 1759 1115 1787 bacleallarios
1143 1766 1260 1787 vocatos
1284 1760 1314 1787 in

405 1813 513 1838 Nostra
535 1811 672 1844 Domina,
692 1808 752 1838 nisi
775 1819 832 1848 per
854 1818 961 1837 sanum
981 1809 1137 1836 decretum
1159 1814 1189 1836 et
1208 1808 1311 1837 consi-

406 1859 478 1887 lium
504 1858 636 1887 nationis
661 1858 749 1887 aliter
768 1857 860 1887 fuerit
885 1857 1071 1886 ordinatum.
1095 1858 1191 1885 Etim
1214 1867 1314 1886 omnes

404 1916 558 1946 sequentes
566 1915 778 1945 procuratores
785 1909 895 1943 jurare
911 1906 1099 1935 tenebuntur.

446 1957 520 1985 ltem
537 1957 613 1985 sacta
625 1956 871 1995 congregacione
885 1955 1026 1984 nacionis
1043 1954 1310 1994 perjuramentum

406 2007 462 2034 sub
481 2006 563 2034 omni
581 2016 656 2044 pena
671 2015 766 2044 penes
785 2005 928 2033 Sanctum
947 2004 1132 2033 Maturinum
1149 2004 1245 2033 XXV⁸
1261 2005 1310 2033 die

405 2054 522 2094 Aprilis
537 2055 567 2083 in
582 2055 691 2093 primis
704 2054 818 2083 Nostre
839 2054 966 2083 Domine
986 2054 1023 2082 ad
1042 2053 1215 2082 habendum
1235 2064 1310 2082 con-

405 2104 506 2132 silium
533 2105 570 2132 de
594 2105 684 2132 modo
704 2103 906 2142 procedendi,
926 2109 1017 2141 prout
1038 2103 1136 2141 tangit
1155 2102 1309 2131 nationem

404 2159 539 2181 nostram
563 2153 643 2181 circa
666 2158 850 2191 temptamen
872 2152 983 2181 Sancte
1002 2151 1169 2186 Genofeve,
1193 2158 1308 2180 attento

404 2203 485 2241 quod
503 2202 590 2230 nacio
605 2208 726 2240 reputat
741 2208 771 2230 et
788 2201 941 2240 reputavit
961 2201 1139 2240 magistrum
1158 2201 1308 2230 Judocum

403 2261 508 2279 verum
520 2250 733 2279 cancellarium
747 2249 884 2289 ejusdem
896 2249 1023 2284 Sancte;
1040 2249 1183 2279 similiter
1193 2255 1308 2278 attento

404 2300 485 2338 quod
513 2299 638 2328 facultas
669 2299 778 2327 artium
812 2299 980 2338 assumpsit
1008 2299 1068 2327 sibi
1099 2299 1136 2327 de
1165 2299 1306 2338 predicto

404 2349 551 2387 magistro
568 2349 686 2377 Judoco
703 2354 882 2387 potestatem
899 2354 928 2376 et
946 2348 1156 2376 auctoritatem
1176 2348 1307 2376 faciendi

404 2397 503 2426 omnia
517 2397 700 2437 singulaque
716 2397 900 2435 expediendi
912 2397 994 2425 circa
1008 2396 1086 2425 idem
1103 2403 1305 2435 temptamen3

404 2446 545 2475 similiter
565 2446 688 2475 attentis
706 2445 805 2474 literis
828 2446 1027 2484 quibusdam,
1048 2445 1160 2474 virtute
1179 2455 1307 2484 quarum

402 2544 562 2575 sequebatur.
577 2544 625 2566 An.
640 2543 709 2574 1381,
723 2543 772 2566 lul.
789 2543 827 2567 15.
845 2543 977 2566 Johannes
995 2542 1145 2573 Blunchart,
1163 2543 1188 2565 in
1205 2542 1307 2566 cancel-

403 2578 495 2601 larium
514 2579 595 2602 Paris.
614 2587 629 2601 a
648 2578 774 2602 Clemente
792 2579 834 2601 VII
852 2578 992 2608 instituta-9,
1009 2580 1033 2600 et
1046 2579 1110 2609 Aug.
1128 2578 1157 2601 14
1170 2579 1196 2600 in
1214 2579 1306 2601 Nostra

402 2614 508 2637 Domina
526 2617 638 2645 receptus
653 2617 690 2637 est
710 2614 770 2644 (vid.
794 2614 923 2642 Chartul.,
944 2614 989 2642 Ill,
1009 2618 1035 2636 n·
1053 2613 1132 2644 1461).
1152 2615 1242 2636 Omne-5
1260 2622 1307 2645 per

402 2649 481 2680 ipsum
499 2651 536 2672 uel
551 2658 599 2680 per
613 2649 667 2681 ejus
683 2649 913 2672 subcancellarium
930 2648 1059 2672 licentiati
1075 2649 1228 2672 auctoritate
1248 2649 1306 2672 Cle-

401 2685 489 2708 mentis
512 2687 554 2708 Vll
565 2685 692 2709 licentiati
702 2687 783 2708 erant.
800 2684 912 2708 clemens
933 2686 975 2707 VII
988 2684 1091 2715 Insuper
1105 2684 1218 2707 Iohanni
1228 2684 1306 2708 Blan-

400 2720 472 2744 chart
483 2721 603 2751 injunxit,
613 2723 640 2743 ut
650 2721 773 2744 neminem
786 2723 927 2751 suspectum
939 2720 970 2743 de
983 2720 1148 2743 adhaerendo
1159 2720 1260 2743 Urbano
1276 2722 1307 2743 VI

399 2757 434 2778 ad
443 2756 569 2779 licentiam
579 2757 724 2780 admitteret
735 2756 797 2788 (uid.
809 2756 882 2786 ibid„
891 2756 964 2787 not.).
977 2756 1054 2778 Natio
1062 2755 1214 2787 Anglic.per
1225 2756 1302 2779 Blan-

399 2791 471 2814 chart
486 2792 628 2815 licentiatos
637 2792 718 2815 notuit
731 2790 945 2822 admittere-,quia
960 2799 1002 2813 eos
1012 2791 1187 2814 schismaticos
1199 2794 1305 2822 repulu-

400 2828 442 2849 bat
451 2827 511 2857 (vid.
523 2828 600 2850 etiam
613 2828 743 2854 Chartul..
758 2828 803 2854 111,
814 2836 840 2858 p.
854 2828 908 2854 413,
917 2828 1003 2850 Simon
1019 2827 1180 2855 annon,ad
1192 2829 1242 2850 art,
1256 2828 1270 2849 8
1281 2830 1305 2850 et

399 2871 425 2893 p.
439 2864 492 2891 l120,
511 2867 563 2886 not.
583 2864 630 2893 10),
648 2863 712 2887 sicut
727 2871 770 2886 an.
790 2863 849 2886 1387
867 2863 893 2886 in
915 2862 1081 2886 Univeraitate
1098 2862 1306 2894 Heitielbergenei

397 2898 478 2920 evenit
488 2899 533 2920 sub
542 2901 637 2921 rectore
645 2899 760 2922 Iohanne
772 2900 909 2926 Berawort,
920 2898 966 2929 qui
974 2907 1017 2922 an.
1030 2899 1090 2921 1382
1101 2897 1186 2921 adhuc
1197 2898 1304 2921 Parisii-5

394 2933 422 2956 in
441 2936 494 2957 nat.
510 2934 609 2966 Anglie.
629 2934 778 2957 morabatur
797 2933 857 2965 (oid.
875 2933 1003 2961 Chartul„
1025 2934 1070 2962 111,
1088 2935 1123 2956 De
1141 2932 1301 2964 Schismate).

1357 930 1390 955 10

1356 1173 1388 1199 15

1354 1417 1387 1443 20

1353 1662 1386 1688 25

1350 1908 1384 1934 30

1348 2154 1381 2179 35

1347 2399 1380 2425 40

1433 485 1571 514 nonnulli
1585 485 1755 525 disponunt
1769 486 1850 516 circa
1863 493 2046 526 temptamen
2061 488 2245 527 predictum,
2262 499 2296 519 ac
2312 490 2339 520 si

1433 533 1559 563 facultas
1589 534 1702 564 nullam
1730 535 1856 565 haberet
1882 542 2064 575 potestatem
2076 536 2100 572 ἕ,
2131 538 2214 577 quod
2238 545 2285 568 est
2309 545 2340 568 et

1430 582 1552 612 videtur
1569 593 1638 612 esse
1657 584 1688 612 in
1704 585 1866 613 maximum
1885 584 2088 624 prejudicium
2105 586 2339 627 privilegiorum

1431 631 1582 661 facultatis
1598 633 1734 671 predicte
1752 645 1758 662 ι
1776 643 1871 672 super
1886 633 1947 663 hiis
1963 634 2008 663 sic
2021 635 2194 674 propositis
2211 645 2338 666 concor-

1430 679 1510 709 diter
1523 682 1640 711 exstitit
1657 682 1871 718 deliberatum,
1890 682 1975 712 nullo
1993 683 2177 713 reclamante
2189 684 2238 714 vel
2253 685 2340 714 reni-

1429 735 1511 758 tente
1543 729 1608 759 sive
1638 731 1898 766 contraveniente‚
1923 732 1993 761 licet
2017 742 2078 762 uno
2106 743 2167 762 non
2189 743 2338 773 expresse

1429 779 1652 814 consentiente,
1676 781 1731 809 sed
1755 780 1929 820 aliqualiter
1947 781 2120 817 differente,
2144 783 2228 822 quod
2249 783 2341 813 nacio-

1428 834 1535 856 nostra
1550 838 1611 857 non
1629 829 1756 858 deberet
1771 829 1874 869 aliquo
1892 830 1983 859 modo
2001 831 2112 860 mutari
2127 831 2159 860 in
2174 832 2336 871 predictis,

1427 886 1499 914 ymo
1520 877 1564 906 sic
1584 879 1764 916 procedere,
1787 888 1820 907 ac
1841 878 1867 907 si
1887 878 1970 908 nulle
1991 879 2091 909 littere
2113 880 2274 910 venissent
2287 881 2339 910 vel

1427 925 1522 954 nichil
1551 926 1660 955 fuisset
1685 933 1784 956 actum
1813 938 1869 966 per
1902 928 2133 958 commissarios
2165 929 2333 959 literarum.

1428 974 1502 1003 Item
1517 985 1611 1014 super
1624 975 1786 1014 premissis
1803 976 1858 1005 fuit
1872 976 2002 1006 ulterius
2017 977 2205 1007 declaratum
2218 984 2248 1007 et
2261 979 2336 1008 deli-

1427 1024 1565 1052 beratum
1586 1034 1642 1063 pro
1662 1023 1769 1064 majori
1787 1025 1900 1054 unione
1919 1026 2059 1055 nacionis
2080 1026 2230 1062 habenda,
2251 1029 2334 1067 quod

1426 1072 1529 1102 nullus
1549 1073 1767 1113 magistrorum
1782 1074 1922 1104 nacionis
1941 1081 2059 1110 nostre,
2077 1077 2135 1105 sub
2151 1076 2233 1105 omni
2254 1087 2333 1116 pena

1426 1131 1516 1161 quam
1536 1122 1622 1151 nacio
1642 1129 1751 1162 posset
1768 1123 1908 1163 infligere
1930 1124 1962 1153 in
1982 1125 2115 1154 futurum
2132 1125 2332 1162 declaranda,

1426 1176 1619 1210 attemptaret
1638 1171 1755 1211 aliquid
1771 1173 1901 1212 aggredi
1921 1173 1970 1202 vel
1991 1174 2089 1203 facere
2107 1174 2190 1203 circa
2210 1175 2336 1214 predic-

1426 1225 1488 1248 tum
1504 1226 1688 1259 temptamen
1706 1220 1816 1250 Sancte
1835 1221 2003 1257 Genofeve,
2023 1222 2142 1252 scilicet
2157 1224 2338 1263 temptando·

1424 1268 1474 1298 vel
1509 1269 1711 1298 examinando
1750 1270 1800 1299 vel
1838 1270 1955 1309 aliquid
1992 1271 2076 1300 aliud
2115 1273 2335 1311 quoquomodo

1425 1317 1576 1353 faciendo,
1591 1320 1673 1357 quod
1689 1318 1808 1348 scilicet
1822 1325 1931 1358 posset
1943 1329 2012 1349 esse
2029 1319 2079 1350 vel
2094 1327 2178 1350 esset
2189 1321 2236 1350 vel
2249 1322 2337 1351 vide--

1425 1373 1510 1395 retur
1525 1377 1595 1395 esse
1617 1374 1724 1396 contra
1739 1367 1992 1397 deliberationem
2010 1368 2149 1398 nacionis
2164 1376 2194 1399 et
2213 1371 2250 1399 ad
2266 1370 2333 1411 ejus

1424 1415 1619 1451 divisionem,
1646 1416 1759 1446 scisma
1784 1417 1832 1446 vel
1854 1417 2021 1447 scissuram
2044 1418 2125 1447 inter
2153 1419 2330 1459 magistros,

1425 1470 1455 1493 et
1480 1465 1575 1493 eciam
1607 1472 1834 1504 consequenter
1869 1466 2044 1496 scolarium.
2080 1467 2120 1497 Et
2155 1468 2250 1497 eciam
2278 1468 2334 1498 fuit

1425 1514 1581 1543 inductum
1608 1525 1624 1542 a
1648 1514 1786 1554 quolibet
1808 1516 1969 1554 magistro,
1996 1516 2023 1545 si
2046 1516 2140 1546 vellet
2171 1524 2333 1557 acceptare

1424 1563 1648 1602 temptatoriam
1665 1563 1729 1592 sive
1743 1563 1874 1593 officium
1892 1565 2060 1604 temptandi
2076 1576 2092 1594 a
2107 1566 2328 1596 commiss-ariis

1424 1612 1643 1650 predictarum,
1666 1619 1696 1641 et
1714 1613 1845 1652 quilibet
1862 1614 2025 1652 respondit
2047 1614 2230 1654 simpliciter
2247 1616 2331 1654 quod

1423 1660 1508 1689 nullo
1526 1662 1628 1696 modo,
1647 1672 1718 1700 ymo
1734 1662 1859 1691 mallent
1874 1663 1956 1702 quod
1973 1663 2073 1692 statim
2095 1665 2276 1693 recederent
2292 1665 2333 1694 de

1424 1709 1575 1745 Parisius,
1591 1717 1623 1739 ut
1637 1710 1731 1749 aliqui
1750 1710 1911 1746 dixerunt;
1928 1711 1980 1740 alii
1999 1718 2028 1741 et
2041 1711 2092 1741 alii
2108 1712 2231 1742 diversa
2246 1713 2330 1742 addi-

1423 1759 1545 1794 derunt,
1565 1760 1708 1788 scandala
1720 1759 1798 1799 ipsis
1809 1760 2020 1790 verisimiliter
2030 1761 2141 1796 futura,
2157 1762 2217 1791 nisi
2231 1762 2330 1802 magi-

1423 1814 1487 1837 ster
1508 1818 1599 1844 unus,
1626 1808 1743 1838 scilicet
1764 1808 1922 1838 Arnoldus
1945 1809 2041 1839 Ghise
2065 1811 2102 1839 de
2127 1810 2254 1846 Arneai,
2277 1811 2330 1850 qui

1423 1857 1582 1892 dubitavit,
1616 1868 1652 1886 eo
1684 1858 1768 1896 quod
1799 1868 1857 1897 per
1888 1858 1975 1898 ipsos
1987 1858 2000 1877 ³
2026 1858 2058 1887 in
2090 1859 2328 1889 examinatorem

1423 1906 1533 1935 Sancte
1554 1906 1710 1936 Genofeve
1728 1907 1783 1936 fuit
1803 1907 1989 1937 nominatus.
2013 1908 2052 1937 Et
2073 1918 2168 1948 super
2185 1909 2334 1939 omnibus

1421 1955 1481 1984 hiis
1497 1955 1592 1995 petivi
1606 1955 1810 1985 instrumenta
1824 1957 1861 1985 de
1877 1956 2027 1996 magistro
2043 1957 2058 1986 J
2063 1957 2183 1986 ohanne
2199 1958 2236 1987 de
2250 1957 2328 1987 Aur-

1421 2005 1496 2033 stria
1511 2005 1634 2034 nomine
1648 2005 1781 2034 nationis
1795 2005 1884 2034 etiam
1895 2012 2058 2045 postquam
2069 2006 2197 2036 cuilibet
2209 2006 2328 2046 injunxi

1421 2054 1478 2082 sub
1497 2063 1575 2092 pena
1593 2053 1741 2092 predicta.

1461 2102 1535 2131 Item
1554 2102 1670 2141 incepit
1681 2102 1824 2131 dominus
1839 2102 1993 2132 Henricus
2009 2103 2046 2132 de
2062 2103 2149 2132 Reno
2166 2104 2223 2132 sub
2233 2104 2327 2144 magi-

1420 2157 1484 2180 stro
1498 2151 1636 2180 Johanne
1658 2152 1695 2180 de
1717 2151 1896 2187 Hoekelem,
1918 2150 2006 2191 cujus
2024 2153 2118 2181 bursa
2138 2152 2198 2181 1111
2221 2152 2325 2182 solidi.

1420 2200 1529 2230 Solvit.

1459 2249 1534 2278 Item
1566 2250 1642 2278 facta
1675 2249 1730 2278 ruit
1753 2249 1959 2290 congregacio
1989 2250 2129 2279 nacionis
2153 2249 2331 2290 Anglicane-

1417 2299 1498 2337 apud
1518 2298 1662 2327 Sanctum
1675 2298 1863 2327 Maturinum
1878 2298 1977 2337 prima
1990 2298 2039 2327 die
2058 2298 2131 2327 Maii
2146 2299 2184 2328 ad
2202 2299 2326 2339 suppli-

1418 2348 1558 2382 candum,
1574 2348 1604 2376 in
1627 2357 1687 2386 qua
1704 2347 1888 2386 supplicavit
1907 2347 2049 2376 dominus
2067 2347 2220 2377 Martinus
2235 2348 2325 2377 Men-

1417 2396 1529 2436 ghelen
1539 2406 1597 2436 pro
1608 2396 1695 2425 litera
1705 2395 1902 2425 testimoniali
1916 2397 1953 2425 de
1969 2396 2175 2426 bachalariatu
2185 2403 2324 2436 tempore

1417 2445 1588 2474 audicionis
1609 2452 1638 2474 et
1655 2445 1898 2474 continuacionis
1919 2445 2012 2474 studii
2034 2445 2096 2480 sui,
2119 2455 2187 2474 cum
2202 2455 2324 2475 recom-

1415 2542 1533 2566 Novemb.
1550 2543 1578 2565 10
1590 2550 1633 2566 an.
1647 2543 1708 2565 1382
1720 2542 1792 2565 natio
1804 2541 1950 2573 Anglieana
1961 2545 2045 2565 tamen
2058 2542 2132 2566 minis
2143 2543 2247 2566 rectoris
2262 2542 2324 2566 [lni-

1416 2578 1543 2602 veraitatis
1564 2578 1653 2601 cedere
1670 2578 1759 2602 dehuzt
1771 2577 1832 2610 (oid.
1847 2578 1942 2609 infra),·
1957 2577 2083 2601 licentiati
2090 2581 2181 2609 postea
2195 2579 2220 2601 in
2231 2578 2323 2602 librum

1415 2614 1532 2645 inscripti
1543 2616 1610 2637 sunt.
1622 2615 1662 2637 Ex
1670 2616 1806 2645 praecepto
1820 2613 1932 2636 nationis
1945 2622 1987 2637 an.
2000 2614 2058 2637 1383
2072 2614 2144 2637 Febr.
2159 2615 2197 2644 17,
2206 2613 2247 2637 Ιιιι·
2259 2614 2324 2637 arti-

1414 2650 1486 2672 culus
1498 2651 1522 2672 et
1534 2649 1640 2681 quidam
1650 2648 1697 2672 alii
1706 2649 1785 2672 deleti
1793 2651 1862 2672 sunt.

1446 2685 1467 2708 1.
1504 2684 1657 2708 Charactere
1669 2684 1767 2707 cureivo
1776 2683 1908 2715 impressa,
1919 2684 1945 2707 in
1957 2686 2013 2707 ιιι-Ψ
2025 2684 2108 2708 deleta
2119 2687 2186 2708 aunt.
2203 2685 2257 2709 Vid.
2268 2687 2321 2710 not.

1445 2722 1468 2743 2.
1502 2720 1595 2752 Agitur
1617 2728 1695 2751 supra
1719 2719 1750 2742 de
1776 2719 1876 2742 duobus
1901 2719 2078 2754 collectoribus
2106 2720 2240 2744 Clementis
2271 2722 2321 2749 VH,

1413 2756 1532 2780 Johanne
1552 2755 1679 2778 Mauberti
1701 2758 1726 2778 et
1746 2755 1877 2779 Armando
1895 2755 2081 2783 Jausserandi,
2104 2756 2149 2787 qui
2169 2756 2326 2780 auctoritate

1414 2791 1549 2815 clementis
1569 2792 1612 2814 VII
1625 2790 1748 2814 Judaeum
1759 2790 1940 2814 cancellarium
1955 2793 1980 2814 S.
1994 2792 2137 2822 Genovesae
2151 2794 2174 2815 el
2183 2791 2249 2815 atioe
2264 2792 2320 2822 offi-

1413 2826 1507 2850 ciarioe
1518 2825 1664 2849 tentaminis
1677 2827 1702 2850 S.
1717 2827 1859 2857 Genoves'ae
1867 2825 2045 2850 destituerunt.
2062 2827 2114 2850 Vid.
2129 2827 2257 2854 chartul..
2271 2827 2316 2854 111,

1433 2880 1439 2885 .
1454 2863 1508 2885 308.

1412 2870 1429 2894 P
1443 2898 1466 2920 3.
1500 2897 1600 2921 Scilicet
1613 2905 1659 2928 per
1671 2897 1734 2920 duos
1747 2897 1892 2920 collectore-9
1903 2897 2039 2921 clementie
2054 2899 2098 2922 VII
2109 2898 2135 2922 in
2147 2901 2209 2921 nota
2215 2906 2324 2929 praece·

1412 2932 1484 2956 denti
1495 2933 1648 2956 nominatos.
1666 2932 1720 2956 Vid.
1734 2932 1862 2961 Clam-tul„
1876 2933 1892 2956 1.
1907 2942 1928 2956 c.

2620 2491 2632 2760 unt-..flmm‘fflnm1-4..
2626 2427 2632 2466 ..n
2626 2407 2632 2420 f.
2628 2391 2632 2397 ,

2624 3079 2632 3092 ,ι
2619 2987 2632 3071 ’ξῆν-,ιιι
2623 2949 2632 2979 ‚m
