<?xml version="1.0" encoding="UTF-8"?>
<!DOCTYPE html PUBLIC "-//W3C//DTD XHTML 1.0 Transitional//EN"
    "http://www.w3.org/TR/xhtml1/DTD/xhtml1-transitional.dtd">
<html xmlns="http://www.w3.org/1999/xhtml" xml:lang="en" lang="en">
 <head>
  <title>
</title>
<meta http-equiv="Content-Type" content="text/html;charset=utf-8" />
  <meta name='ocr-system' content='tesseract 3.04.00' />
  <meta name='ocr-capabilities' content='ocr_page ocr_carea ocr_par ocr_line ocrx_word'/>
</head>
<body>
  <div class='ocr_page' id='page_1' title='image "auctariumchartul01univuoft_0079.png"; bbox 0 0 2632 3464; ppageno 0'>
   <div class='ocr_carea' id='block_1_1' title="bbox 0 0 36 321">
    <p class='ocr_par' dir='ltr' id='par_1_1' title="bbox 0 0 36 321">
     <span class='ocr_line' id='line_1_1' title="bbox 0 0 36 321; baseline 0 3143"><span class='ocrx_word' id='word_1_1' title='bbox 0 0 36 321; x_wconf 95' lang='lat' dir='ltr'> </span> 
     </span>
    </p>
   </div>
   <div class='ocr_carea' id='block_1_2' title="bbox 0 3150 18 3464">
    <p class='ocr_par' dir='ltr' id='par_1_2' title="bbox 0 3150 18 3464">
     <span class='ocr_line' id='line_1_2' title="bbox 0 3150 18 3464; baseline 0 0"><span class='ocrx_word' id='word_1_2' title='bbox 0 3150 18 3464; x_wconf 95' lang='lat' dir='ltr'> </span> 
     </span>
    </p>
   </div>
   <div class='ocr_carea' id='block_1_3' title="bbox 903 408 2190 437">
    <p class='ocr_par' dir='ltr' id='par_1_3' title="bbox 903 408 2190 437">
     <span class='ocr_line' id='line_1_3' title="bbox 903 408 2190 437; baseline 0 0"><span class='ocrx_word' id='word_1_3' title='bbox 903 409 1176 437; x_wconf 80' lang='lat' dir='ltr'>MEMORABILIA</span> <span class='ocrx_word' id='word_1_4' title='bbox 1194 409 1281 436; x_wconf 80' lang='lat' dir='ltr'>NAT.</span> <span class='ocrx_word' id='word_1_5' title='bbox 1302 408 1551 435; x_wconf 79' lang='lat' dir='ltr'>ANGLICANAE</span> <span class='ocrx_word' id='word_1_6' title='bbox 2105 420 2190 437; x_wconf 73' lang='lat' dir='ltr'>Lxxni</span> 
     </span>
    </p>
   </div>
   <div class='ocr_carea' id='block_1_4' title="bbox 253 485 2191 2616">
    <p class='ocr_par' dir='ltr' id='par_1_4' title="bbox 259 485 2190 606">
     <span class='ocr_line' id='line_1_4' title="bbox 260 485 2190 536; baseline -0.001 -12"><span class='ocrx_word' id='word_1_7' title='bbox 260 496 340 524; x_wconf 90' lang='lat' dir='ltr'>tem</span> <span class='ocrx_word' id='word_1_8' title='bbox 363 489 431 526; x_wconf 92' lang='lat' dir='ltr'>Vll</span> <span class='ocrx_word' id='word_1_9' title='bbox 458 488 624 525; x_wconf 88' lang='lat' dir='ltr'>rotulum</span> <span class='ocrx_word' id='word_1_10' title='bbox 644 487 868 531; x_wconf 73' lang='lat' dir='ltr'>destinavit,</span> <span class='ocrx_word' id='word_1_11' title='bbox 897 493 1079 536; x_wconf 88' lang='lat' dir='ltr'>quattuor</span> <span class='ocrx_word' id='word_1_12' title='bbox 1104 491 1255 522; x_wconf 88' lang='lat' dir='ltr'>tantum</span> <span class='ocrx_word' id='word_1_13' title='bbox 1281 486 1483 534; x_wconf 89' lang='lat' dir='ltr'>supposita</span> <span class='ocrx_word' id='word_1_14' title='bbox 1508 485 1677 523; x_wconf 87' lang='lat' dir='ltr'>nationis</span> <span class='ocrx_word' id='word_1_15' title='bbox 1705 486 1891 534; x_wconf 88' lang='lat' dir='ltr'>inscripta</span> <span class='ocrx_word' id='word_1_16' title='bbox 1916 494 2025 528; x_wconf 87' lang='lat' dir='ltr'>sunt,</span> <span class='ocrx_word' id='word_1_17' title='bbox 2055 499 2190 522; x_wconf 88' lang='lat' dir='ltr'>omnes</span> 
     </span>
     <span class='ocr_line' id='line_1_5' title="bbox 259 553 1706 606; baseline -0.003 -13"><span class='ocrx_word' id='word_1_18' title='bbox 259 557 476 600; x_wconf 78' lang='lat' dir='ltr'><strong>Alemanni,</strong></span> <span class='ocrx_word' id='word_1_19' title='bbox 498 558 600 594; x_wconf 86' lang='lat' dir='ltr'>inter</span> <span class='ocrx_word' id='word_1_20' title='bbox 618 569 716 606; x_wconf 90' lang='lat' dir='ltr'>quos</span> <span class='ocrx_word' id='word_1_21' title='bbox 731 557 807 592; x_wconf 82' lang='lat' dir='ltr'>iste</span> <span class='ocrx_word' id='word_1_22' title='bbox 818 555 988 593; x_wconf 83' lang='lat' dir='ltr'>famosus</span> <span class='ocrx_word' id='word_1_23' title='bbox 1009 555 1198 592; x_wconf 84' lang='lat' dir='ltr'>Henricus</span> <span class='ocrx_word' id='word_1_24' title='bbox 1216 554 1399 594; x_wconf 89' lang='lat' dir='ltr'>Poelman</span> <span class='ocrx_word' id='word_1_25' title='bbox 1420 553 1470 590; x_wconf 92' lang='lat' dir='ltr'>de</span> <span class='ocrx_word' id='word_1_26' title='bbox 1487 554 1668 590; x_wconf 90' lang='lat' dir='ltr'>Arnheim</span> <span class='ocrx_word' id='word_1_27' title='bbox 1681 554 1706 590; x_wconf 86' lang='lat'>¹.</span> 
     </span>
    </p>

    <p class='ocr_par' dir='ltr' id='par_1_5' title="bbox 258 623 2191 1295">
     <span class='ocr_line' id='line_1_6' title="bbox 309 623 2188 672; baseline -0.002 -10"><span class='ocrx_word' id='word_1_28' title='bbox 309 626 410 662; x_wconf 83' lang='lat' dir='ltr'>Ante</span> <span class='ocrx_word' id='word_1_29' title='bbox 430 639 491 661; x_wconf 91' lang='lat' dir='ltr'>an.</span> <span class='ocrx_word' id='word_1_30' title='bbox 515 625 621 667; x_wconf 79' lang='lat'>1392,</span> <span class='ocrx_word' id='word_1_31' title='bbox 642 623 840 660; x_wconf 86' lang='lat' dir='ltr'>Bonifacio</span> <span class='ocrx_word' id='word_1_32' title='bbox 861 625 912 660; x_wconf 90' lang='lat' dir='ltr'>IX</span> <span class='ocrx_word' id='word_1_33' title='bbox 928 623 1007 672; x_wconf 85' lang='lat' dir='ltr'>jam</span> <span class='ocrx_word' id='word_1_34' title='bbox 1030 623 1168 667; x_wconf 87' lang='lat' dir='ltr'>electo,</span> <span class='ocrx_word' id='word_1_35' title='bbox 1192 624 1297 660; x_wconf 88' lang='lat' dir='ltr'>natio</span> <span class='ocrx_word' id='word_1_36' title='bbox 1313 623 1392 672; x_wconf 84' lang='lat' dir='ltr'>jam</span> <span class='ocrx_word' id='word_1_37' title='bbox 1411 624 1653 659; x_wconf 87' lang='lat' dir='ltr'>numerosior</span> <span class='ocrx_word' id='word_1_38' title='bbox 1670 631 1765 666; x_wconf 87' lang='lat' dir='ltr'>erat,</span> <span class='ocrx_word' id='word_1_39' title='bbox 1790 624 1829 658; x_wconf 89' lang='lat' dir='ltr'>in</span> <span class='ocrx_word' id='word_1_40' title='bbox 1848 636 1970 672; x_wconf 87' lang='lat' dir='ltr'>eaque</span> <span class='ocrx_word' id='word_1_41' title='bbox 1988 623 2188 660; x_wconf 85' lang='lat' dir='ltr'>Alemanni</span> 
     </span>
     <span class='ocr_line' id='line_1_7' title="bbox 262 692 2188 742; baseline 0 -13"><span class='ocrx_word' id='word_1_42' title='bbox 262 694 400 730; x_wconf 89' lang='lat' dir='ltr'>iterum</span> <span class='ocrx_word' id='word_1_43' title='bbox 420 694 603 742; x_wconf 66' lang='lat' dir='ltr'>maJ‘orem</span> <span class='ocrx_word' id='word_1_44' title='bbox 627 700 775 742; x_wconf 80' lang='lat' dir='ltr'>partem</span> <span class='ocrx_word' id='word_1_45' title='bbox 799 692 1063 729; x_wconf 88' lang='lat' dir='ltr'>obtinuerunt.</span> <span class='ocrx_word' id='word_1_46' title='bbox 1083 692 1156 729; x_wconf 92' lang='lat' dir='ltr'>An.</span> <span class='ocrx_word' id='word_1_47' title='bbox 1187 693 1281 729; x_wconf 82' lang='grc'>1403</span> <span class='ocrx_word' id='word_1_48' title='bbox 1305 694 1410 729; x_wconf 90' lang='lat' dir='ltr'>natio</span> <span class='ocrx_word' id='word_1_49' title='bbox 1430 694 1657 736; x_wconf 80' lang='lat' dir='ltr'>enuntiavit,</span> <span class='ocrx_word' id='word_1_50' title='bbox 1682 707 1700 728; x_wconf 74' lang='grc' dir='ltr'>(ι</span> <span class='ocrx_word' id='word_1_51' title='bbox 1718 693 1822 742; x_wconf 92' lang='lat' dir='ltr'>quod</span> <span class='ocrx_word' id='word_1_52' title='bbox 1843 694 1928 742; x_wconf 85' lang='lat' dir='ltr'>ipsa</span> <span class='ocrx_word' id='word_1_53' title='bbox 1949 693 2188 742; x_wconf 83' lang='lat' dir='ltr'>privilegiata</span> 
     </span>
     <span class='ocr_line' id='line_1_8' title="bbox 262 760 2189 811; baseline 0 -14"><span class='ocrx_word' id='word_1_54' title='bbox 262 763 403 798; x_wconf 90' lang='lat' dir='ltr'>mansit</span> <span class='ocrx_word' id='word_1_55' title='bbox 422 762 589 798; x_wconf 87' lang='lat' dir='ltr'>Parisius</span> <span class='ocrx_word' id='word_1_56' title='bbox 605 760 653 798; x_wconf 92' lang='lat' dir='ltr'>de</span> <span class='ocrx_word' id='word_1_57' title='bbox 672 762 795 811; x_wconf 85' lang='lat' dir='ltr'>gratia</span> <span class='ocrx_word' id='word_1_58' title='bbox 808 760 953 797; x_wconf 91' lang='lat' dir='ltr'>domini</span> <span class='ocrx_word' id='word_1_59' title='bbox 969 762 1072 811; x_wconf 83' lang='lat' dir='ltr'>regis</span> <span class='ocrx_word' id='word_1_60' title='bbox 1092 761 1165 797; x_wconf 91' lang='lat' dir='ltr'>sub</span> <span class='ocrx_word' id='word_1_61' title='bbox 1180 761 1402 798; x_wconf 87' lang='lat' dir='ltr'>obedientia</span> <span class='ocrx_word' id='word_1_62' title='bbox 1415 761 1503 805; x_wconf 90' lang='lat' dir='ltr'>alia,</span> <span class='ocrx_word' id='word_1_63' title='bbox 1521 762 1605 798; x_wconf 90' lang='lat' dir='ltr'>scil.</span> <span class='ocrx_word' id='word_1_64' title='bbox 1627 761 1772 798; x_wconf 91' lang='lat' dir='ltr'>domini</span> <span class='ocrx_word' id='word_1_65' title='bbox 1785 761 1986 805; x_wconf 87' lang='lat' dir='ltr'>Bonifacii,</span> <span class='ocrx_word' id='word_1_66' title='bbox 2000 763 2039 797; x_wconf 90' lang='lat' dir='ltr'>in</span> <span class='ocrx_word' id='word_1_67' title='bbox 2051 763 2189 798; x_wconf 90' lang='lat' dir='ltr'>immu-</span> 
     </span>
     <span class='ocr_line' id='line_1_9' title="bbox 261 831 2189 881; baseline -0.001 -13"><span class='ocrx_word' id='word_1_68' title='bbox 261 832 382 868; x_wconf 84' lang='lat' dir='ltr'>nitate</span> <span class='ocrx_word' id='word_1_69' title='bbox 402 844 470 868; x_wconf 86' lang='lat' dir='ltr'>sua</span> <span class='ocrx_word' id='word_1_70' title='bbox 489 845 508 866; x_wconf 67' lang='grc' dir='ltr'>ι)</span> <span class='ocrx_word' id='word_1_71' title='bbox 525 831 623 877; x_wconf 87' lang='grc'>(857,</span> <span class='ocrx_word' id='word_1_72' title='bbox 644 831 716 878; x_wconf 87' lang='lat'>37).</span> <span class='ocrx_word' id='word_1_73' title='bbox 742 832 943 867; x_wconf 84' lang='lat' dir='ltr'>Nescimus</span> <span class='ocrx_word' id='word_1_74' title='bbox 966 843 1014 866; x_wconf 87' lang='lat' dir='ltr'>an</span> <span class='ocrx_word' id='word_1_75' title='bbox 1038 831 1144 867; x_wconf 88' lang='lat' dir='ltr'>natio</span> <span class='ocrx_word' id='word_1_76' title='bbox 1163 831 1236 867; x_wconf 89' lang='lat' dir='ltr'>hoc</span> <span class='ocrx_word' id='word_1_77' title='bbox 1265 831 1507 880; x_wconf 86' lang='lat' dir='ltr'>privilegium</span> <span class='ocrx_word' id='word_1_78' title='bbox 1535 839 1623 868; x_wconf 88' lang='lat' dir='ltr'>ante</span> <span class='ocrx_word' id='word_1_79' title='bbox 1651 844 1711 868; x_wconf 88' lang='lat' dir='ltr'>an.</span> <span class='ocrx_word' id='word_1_80' title='bbox 1739 832 1834 867; x_wconf 77' lang='lat'><strong>1392</strong></span> <span class='ocrx_word' id='word_1_81' title='bbox 1858 844 1878 867; x_wconf 89' lang='lat' dir='ltr'>a</span> <span class='ocrx_word' id='word_1_82' title='bbox 1903 844 1995 881; x_wconf 87' lang='lat' dir='ltr'>rege</span> <span class='ocrx_word' id='word_1_83' title='bbox 2008 831 2189 867; x_wconf 86' lang='lat' dir='ltr'>obtinue-</span> 
     </span>
     <span class='ocr_line' id='line_1_10' title="bbox 261 899 2189 950; baseline -0.001 -13"><span class='ocrx_word' id='word_1_84' title='bbox 261 901 324 937; x_wconf 87' lang='lat' dir='ltr'>rit.</span> <span class='ocrx_word' id='word_1_85' title='bbox 347 899 488 937; x_wconf 83' lang='lat' dir='ltr'>Saltem</span> <span class='ocrx_word' id='word_1_86' title='bbox 508 899 556 935; x_wconf 92' lang='lat' dir='ltr'>ab</span> <span class='ocrx_word' id='word_1_87' title='bbox 570 912 631 935; x_wconf 79' lang='lat' dir='ltr'>an.</span> <span class='ocrx_word' id='word_1_88' title='bbox 652 899 746 935; x_wconf 79' lang='lat'><strong>1392</strong></span> <span class='ocrx_word' id='word_1_89' title='bbox 766 899 914 936; x_wconf 90' lang='lat' dir='ltr'>nullum</span> <span class='ocrx_word' id='word_1_90' title='bbox 932 899 1106 949; x_wconf 87' lang='lat' dir='ltr'>ejusdem</span> <span class='ocrx_word' id='word_1_91' title='bbox 1125 901 1332 950; x_wconf 84' lang='lat' dir='ltr'>vestigium</span> <span class='ocrx_word' id='word_1_92' title='bbox 1352 901 1390 936; x_wconf 91' lang='lat' dir='ltr'>in</span> <span class='ocrx_word' id='word_1_93' title='bbox 1414 900 1513 936; x_wconf 94' lang='lat' dir='ltr'>libro</span> <span class='ocrx_word' id='word_1_94' title='bbox 1533 901 1794 950; x_wconf 81' lang='lat' dir='ltr'>procuratoris</span> <span class='ocrx_word' id='word_1_95' title='bbox 1815 901 2023 937; x_wconf 89' lang='lat' dir='ltr'>invenitur.</span> <span class='ocrx_word' id='word_1_96' title='bbox 2053 901 2189 937; x_wconf 89' lang='lat' dir='ltr'>Caete-</span> 
     </span>
     <span class='ocr_line' id='line_1_11' title="bbox 260 967 2190 1018; baseline -0.001 -14"><span class='ocrx_word' id='word_1_97' title='bbox 260 981 343 1006; x_wconf 87' lang='lat' dir='ltr'>rum</span> <span class='ocrx_word' id='word_1_98' title='bbox 353 969 425 1005; x_wconf 83' lang='lat' dir='ltr'>hac</span> <span class='ocrx_word' id='word_1_99' title='bbox 436 975 669 1018; x_wconf 82' lang='lat' dir='ltr'>tempestate</span> <span class='ocrx_word' id='word_1_100' title='bbox 683 967 819 1005; x_wconf 89' lang='lat' dir='ltr'>modus</span> <span class='ocrx_word' id='word_1_101' title='bbox 830 968 970 1017; x_wconf 86' lang='lat' dir='ltr'>agendi</span> <span class='ocrx_word' id='word_1_102' title='bbox 981 969 1148 1005; x_wconf 84' lang='lat' dir='ltr'>nationis</span> <span class='ocrx_word' id='word_1_103' title='bbox 1160 982 1238 1005; x_wconf 91' lang='lat' dir='ltr'>non</span> <span class='ocrx_word' id='word_1_104' title='bbox 1253 976 1330 1006; x_wconf 83' lang='lat' dir='ltr'>tam</span> <span class='ocrx_word' id='word_1_105' title='bbox 1346 970 1546 1006; x_wconf 88' lang='lat' dir='ltr'>intricatus</span> <span class='ocrx_word' id='word_1_106' title='bbox 1560 975 1655 1011; x_wconf 88' lang='lat' dir='ltr'>erat,</span> <span class='ocrx_word' id='word_1_107' title='bbox 1671 981 1783 1018; x_wconf 87' lang='lat' dir='ltr'>quam</span> <span class='ocrx_word' id='word_1_108' title='bbox 1798 975 1886 1017; x_wconf 89' lang='lat' dir='ltr'>post</span> <span class='ocrx_word' id='word_1_109' title='bbox 1897 981 1958 1004; x_wconf 90' lang='lat' dir='ltr'>an.</span> <span class='ocrx_word' id='word_1_110' title='bbox 1981 968 2084 1003; x_wconf 85' lang='lat'>1379.</span> <span class='ocrx_word' id='word_1_111' title='bbox 2101 969 2190 1004; x_wconf 92' lang='lat' dir='ltr'>Uni-</span> 
     </span>
     <span class='ocr_line' id='line_1_12' title="bbox 262 1036 2188 1088; baseline -0.001 -14"><span class='ocrx_word' id='word_1_112' title='bbox 262 1039 426 1075; x_wconf 84' lang='lat' dir='ltr'>versitas</span> <span class='ocrx_word' id='word_1_113' title='bbox 447 1037 715 1087; x_wconf 82' lang='lat' dir='ltr'>expergefacta</span> <span class='ocrx_word' id='word_1_114' title='bbox 734 1051 795 1075; x_wconf 87' lang='lat' dir='ltr'>an.</span> <span class='ocrx_word' id='word_1_115' title='bbox 818 1038 911 1074; x_wconf 85' lang='lat'>1390</span> <span class='ocrx_word' id='word_1_116' title='bbox 930 1039 1060 1087; x_wconf 90' lang='lat' dir='ltr'>coepit</span> <span class='ocrx_word' id='word_1_117' title='bbox 1077 1040 1247 1088; x_wconf 83' lang='lat' dir='ltr'>cogitare</span> <span class='ocrx_word' id='word_1_118' title='bbox 1272 1038 1321 1075; x_wconf 92' lang='lat' dir='ltr'>de</span> <span class='ocrx_word' id='word_1_119' title='bbox 1345 1038 1482 1075; x_wconf 88' lang='lat' dir='ltr'>mediis</span> <span class='ocrx_word' id='word_1_120' title='bbox 1505 1045 1544 1074; x_wconf 89' lang='lat' dir='ltr'>et</span> <span class='ocrx_word' id='word_1_121' title='bbox 1555 1039 1628 1074; x_wconf 88' lang='lat' dir='ltr'>viis</span> <span class='ocrx_word' id='word_1_122' title='bbox 1646 1037 1694 1074; x_wconf 86' lang='lat' dir='ltr'>ad</span> <span class='ocrx_word' id='word_1_123' title='bbox 1722 1037 1896 1074; x_wconf 84' lang='lat' dir='ltr'>Schisma</span> <span class='ocrx_word' id='word_1_124' title='bbox 1919 1036 2188 1074; x_wconf 72' lang='lat' dir='ltr'>abolendum2.</span> 
     </span>
     <span class='ocr_line' id='line_1_13' title="bbox 264 1106 2191 1157; baseline -0.001 -13"><span class='ocrx_word' id='word_1_125' title='bbox 264 1108 455 1150; x_wconf 88' lang='lat' dir='ltr'>Nationis,</span> <span class='ocrx_word' id='word_1_126' title='bbox 475 1114 515 1144; x_wconf 89' lang='lat' dir='ltr'>et</span> <span class='ocrx_word' id='word_1_127' title='bbox 536 1106 693 1156; x_wconf 85' lang='lat' dir='ltr'>quidem</span> <span class='ocrx_word' id='word_1_128' title='bbox 712 1114 791 1143; x_wconf 90' lang='lat' dir='ltr'>tam</span> <span class='ocrx_word' id='word_1_129' title='bbox 810 1107 1111 1144; x_wconf 87' lang='lat' dir='ltr'>Alemannorum</span> <span class='ocrx_word' id='word_1_130' title='bbox 1135 1121 1249 1157; x_wconf 89' lang='lat' dir='ltr'>quam</span> <span class='ocrx_word' id='word_1_131' title='bbox 1270 1109 1487 1151; x_wconf 82' lang='lat' dir='ltr'>Scotorum,</span> <span class='ocrx_word' id='word_1_132' title='bbox 1514 1114 1596 1144; x_wconf 91' lang='lat' dir='ltr'>erat</span> <span class='ocrx_word' id='word_1_133' title='bbox 1616 1114 1778 1143; x_wconf 83' lang='lat' dir='ltr'>conatus</span> <span class='ocrx_word' id='word_1_134' title='bbox 1795 1107 2064 1143; x_wconf 86' lang='lat' dir='ltr'>Universitatis</span> <span class='ocrx_word' id='word_1_135' title='bbox 2084 1119 2191 1142; x_wconf 90' lang='lat' dir='ltr'>com-</span> 
     </span>
     <span class='ocr_line' id='line_1_14' title="bbox 258 1175 2188 1226; baseline -0.001 -14"><span class='ocrx_word' id='word_1_136' title='bbox 258 1176 423 1226; x_wconf 89' lang='lat' dir='ltr'>probare</span> <span class='ocrx_word' id='word_1_137' title='bbox 446 1177 559 1226; x_wconf 88' lang='lat' dir='ltr'>eique</span> <span class='ocrx_word' id='word_1_138' title='bbox 582 1175 803 1225; x_wconf 86' lang='lat' dir='ltr'>adjumento</span> <span class='ocrx_word' id='word_1_139' title='bbox 832 1189 932 1213; x_wconf 86' lang='lat' dir='ltr'>esse.</span> <span class='ocrx_word' id='word_1_140' title='bbox 957 1178 1092 1213; x_wconf 83' lang='lat' dir='ltr'>Paucis</span> <span class='ocrx_word' id='word_1_141' title='bbox 1112 1177 1241 1213; x_wconf 87' lang='lat' dir='ltr'>verbis</span> <span class='ocrx_word' id='word_1_142' title='bbox 1257 1177 1466 1226; x_wconf 81' lang='lat' dir='ltr'>singularia</span> <span class='ocrx_word' id='word_1_143' title='bbox 1487 1177 1601 1226; x_wconf 88' lang='lat' dir='ltr'>hujus</span> <span class='ocrx_word' id='word_1_144' title='bbox 1622 1177 1809 1226; x_wconf 89' lang='lat' dir='ltr'>temporis</span> <span class='ocrx_word' id='word_1_145' title='bbox 1828 1176 2031 1213; x_wconf 86' lang='lat' dir='ltr'>enucleare</span> <span class='ocrx_word' id='word_1_146' title='bbox 2049 1189 2188 1225; x_wconf 90' lang='lat' dir='ltr'>possu-</span> 
     </span>
     <span class='ocr_line' id='line_1_15' title="bbox 258 1245 1191 1295; baseline 0 -13"><span class='ocrx_word' id='word_1_147' title='bbox 258 1258 357 1289; x_wconf 85' lang='lat' dir='ltr'>mus,</span> <span class='ocrx_word' id='word_1_148' title='bbox 375 1246 594 1282; x_wconf 88' lang='lat' dir='ltr'>communia</span> <span class='ocrx_word' id='word_1_149' title='bbox 609 1245 657 1281; x_wconf 87' lang='lat' dir='ltr'>ad</span> <span class='ocrx_word' id='word_1_150' title='bbox 678 1245 969 1282; x_wconf 74' lang='lat' dir='ltr'>Gkartularc&#39;um</span> <span class='ocrx_word' id='word_1_151' title='bbox 982 1246 1191 1295; x_wconf 80' lang='lat' dir='ltr'>pertinent.</span> 
     </span>
    </p>

    <p class='ocr_par' dir='ltr' id='par_1_6' title="bbox 255 1314 2191 1989">
     <span class='ocr_line' id='line_1_16' title="bbox 307 1314 2189 1365; baseline -0.001 -14"><span class='ocrx_word' id='word_1_152' title='bbox 307 1316 439 1364; x_wconf 87' lang='lat' dir='ltr'>Usque</span> <span class='ocrx_word' id='word_1_153' title='bbox 454 1314 502 1351; x_wconf 90' lang='lat' dir='ltr'>ad</span> <span class='ocrx_word' id='word_1_154' title='bbox 518 1327 580 1351; x_wconf 88' lang='lat' dir='ltr'>an.</span> <span class='ocrx_word' id='word_1_155' title='bbox 606 1315 700 1351; x_wconf 87' lang='grc'>1394</span> <span class='ocrx_word' id='word_1_156' title='bbox 716 1314 811 1350; x_wconf 87' lang='lat' dir='ltr'>nihil</span> <span class='ocrx_word' id='word_1_157' title='bbox 827 1314 1130 1358; x_wconf 87' lang='lat' dir='ltr'>memorandum,</span> <span class='ocrx_word' id='word_1_158' title='bbox 1153 1316 1227 1352; x_wconf 89' lang='lat' dir='ltr'>nisi</span> <span class='ocrx_word' id='word_1_159' title='bbox 1248 1315 1352 1365; x_wconf 91' lang='lat' dir='ltr'>quod</span> <span class='ocrx_word' id='word_1_160' title='bbox 1375 1316 1481 1352; x_wconf 89' lang='lat' dir='ltr'>natio</span> <span class='ocrx_word' id='word_1_161' title='bbox 1499 1328 1559 1351; x_wconf 86' lang='lat' dir='ltr'>an.</span> <span class='ocrx_word' id='word_1_162' title='bbox 1583 1316 1676 1351; x_wconf 87' lang='lat'><strong>1394</strong></span> <span class='ocrx_word' id='word_1_163' title='bbox 1696 1314 1892 1352; x_wconf 89' lang='lat' dir='ltr'>bedellum</span> <span class='ocrx_word' id='word_1_164' title='bbox 1919 1315 2189 1352; x_wconf 88' lang='lat' dir='ltr'>Universitatis</span> 
     </span>
     <span class='ocr_line' id='line_1_17' title="bbox 258 1383 2189 1434; baseline -0.001 -14"><span class='ocrx_word' id='word_1_165' title='bbox 258 1383 515 1426; x_wconf 86' lang='lat' dir='ltr'>Coloniensis,</span> <span class='ocrx_word' id='word_1_166' title='bbox 540 1384 605 1433; x_wconf 93' lang='lat' dir='ltr'>qui</span> <span class='ocrx_word' id='word_1_167' title='bbox 626 1384 793 1420; x_wconf 85' lang='lat' dir='ltr'>Parisios</span> <span class='ocrx_word' id='word_1_168' title='bbox 817 1384 1021 1433; x_wconf 85' lang='lat' dir='ltr'>epistolam</span> <span class='ocrx_word' id='word_1_169' title='bbox 1041 1383 1214 1433; x_wconf 88' lang='lat' dir='ltr'>ejusdem</span> <span class='ocrx_word' id='word_1_170' title='bbox 1233 1386 1417 1434; x_wconf 86' lang='lat' dir='ltr'>portavit,</span> <span class='ocrx_word' id='word_1_171' title='bbox 1438 1384 1538 1421; x_wconf 90' lang='lat' dir='ltr'>bene</span> <span class='ocrx_word' id='word_1_172' title='bbox 1560 1385 1706 1434; x_wconf 89' lang='lat' dir='ltr'>recepit</span> <span class='ocrx_word' id='word_1_173' title='bbox 1720 1385 1832 1431; x_wconf 78' lang='lat'>(692).</span> <span class='ocrx_word' id='word_1_174' title='bbox 1856 1385 1937 1420; x_wconf 91' lang='lat' dir='ltr'>Hoc</span> <span class='ocrx_word' id='word_1_175' title='bbox 1952 1397 2051 1420; x_wconf 87' lang='lat' dir='ltr'>anno</span> <span class='ocrx_word' id='word_1_176' title='bbox 2074 1384 2189 1420; x_wconf 87' lang='lat' dir='ltr'>etiam</span> 
     </span>
     <span class='ocr_line' id='line_1_18' title="bbox 258 1452 2187 1503; baseline 0 -14"><span class='ocrx_word' id='word_1_177' title='bbox 258 1454 298 1489; x_wconf 87' lang='lat' dir='ltr'>in</span> <span class='ocrx_word' id='word_1_178' title='bbox 323 1452 692 1503; x_wconf 80' lang='lat' dir='ltr'>congregationibus</span> <span class='ocrx_word' id='word_1_179' title='bbox 713 1453 760 1489; x_wconf 88' lang='lat' dir='ltr'>ab</span> <span class='ocrx_word' id='word_1_180' title='bbox 785 1453 1043 1490; x_wconf 86' lang='lat' dir='ltr'>Universitate</span> <span class='ocrx_word' id='word_1_181' title='bbox 1073 1453 1203 1495; x_wconf 87' lang='lat' dir='ltr'>factis,</span> <span class='ocrx_word' id='word_1_182' title='bbox 1228 1461 1270 1490; x_wconf 90' lang='lat' dir='ltr'>ut</span> <span class='ocrx_word' id='word_1_183' title='bbox 1289 1455 1374 1490; x_wconf 87' lang='lat' dir='ltr'>viae</span> <span class='ocrx_word' id='word_1_184' title='bbox 1399 1453 1447 1490; x_wconf 86' lang='lat' dir='ltr'>ad</span> <span class='ocrx_word' id='word_1_185' title='bbox 1470 1453 1685 1490; x_wconf 89' lang='lat' dir='ltr'>tollendum</span> <span class='ocrx_word' id='word_1_186' title='bbox 1712 1453 1886 1491; x_wconf 85' lang='lat' dir='ltr'>Schisma</span> <span class='ocrx_word' id='word_1_187' title='bbox 1911 1454 2187 1495; x_wconf 82' lang='lat' dir='ltr'>invenirentur,</span> 
     </span>
     <span class='ocr_line' id='line_1_19' title="bbox 258 1521 2190 1572; baseline 0 -14"><span class='ocrx_word' id='word_1_188' title='bbox 258 1523 363 1558; x_wconf 83' lang='lat' dir='ltr'>natio</span> <span class='ocrx_word' id='word_1_189' title='bbox 383 1528 673 1572; x_wconf 80' lang='lat' dir='ltr'>repraesentata</span> <span class='ocrx_word' id='word_1_190' title='bbox 690 1522 761 1558; x_wconf 88' lang='lat' dir='ltr'>fuit</span> <span class='ocrx_word' id='word_1_191' title='bbox 775 1534 846 1572; x_wconf 89' lang='lat' dir='ltr'>per</span> <span class='ocrx_word' id='word_1_192' title='bbox 864 1522 936 1558; x_wconf 84' lang='lat' dir='ltr'>tria</span> <span class='ocrx_word' id='word_1_193' title='bbox 956 1523 1159 1572; x_wconf 88' lang='lat' dir='ltr'>supposita</span> <span class='ocrx_word' id='word_1_194' title='bbox 1186 1522 1399 1559; x_wconf 89' lang='lat' dir='ltr'>Johannem</span> <span class='ocrx_word' id='word_1_195' title='bbox 1416 1523 1464 1559; x_wconf 89' lang='lat' dir='ltr'>de</span> <span class='ocrx_word' id='word_1_196' title='bbox 1485 1524 1666 1565; x_wconf 85' lang='lat' dir='ltr'>Moravia,</span> <span class='ocrx_word' id='word_1_197' title='bbox 1684 1523 1769 1559; x_wconf 86' lang='lat' dir='ltr'>Joh.</span> <span class='ocrx_word' id='word_1_198' title='bbox 1793 1522 2032 1559; x_wconf 85' lang='lat' dir='ltr'>Mullechner</span> <span class='ocrx_word' id='word_1_199' title='bbox 2048 1521 2096 1558; x_wconf 90' lang='lat' dir='ltr'>de</span> <span class='ocrx_word' id='word_1_200' title='bbox 2110 1523 2190 1558; x_wconf 87' lang='lat' dir='ltr'>Au-</span> 
     </span>
     <span class='ocr_line' id='line_1_20' title="bbox 257 1590 2190 1642; baseline 0.001 -15"><span class='ocrx_word' id='word_1_201' title='bbox 257 1592 363 1633; x_wconf 86' lang='lat' dir='ltr'>stria,</span> <span class='ocrx_word' id='word_1_202' title='bbox 386 1590 590 1641; x_wconf 85' lang='lat' dir='ltr'>Aegidium</span> <span class='ocrx_word' id='word_1_203' title='bbox 606 1590 656 1627; x_wconf 87' lang='lat' dir='ltr'>de</span> <span class='ocrx_word' id='word_1_204' title='bbox 677 1590 823 1628; x_wconf 87' lang='lat' dir='ltr'>Jutfaes</span> <span class='ocrx_word' id='word_1_205' title='bbox 835 1592 862 1635; x_wconf 83' lang='lat'>3,</span> <span class='ocrx_word' id='word_1_206' title='bbox 885 1592 939 1627; x_wconf 87' lang='lat' dir='ltr'>ita</span> <span class='ocrx_word' id='word_1_207' title='bbox 958 1598 1000 1628; x_wconf 91' lang='lat' dir='ltr'>ut</span> <span class='ocrx_word' id='word_1_208' title='bbox 1020 1591 1218 1641; x_wconf 89' lang='lat' dir='ltr'>quaelibet</span> <span class='ocrx_word' id='word_1_209' title='bbox 1237 1605 1367 1629; x_wconf 90' lang='lat' dir='ltr'>earum</span> <span class='ocrx_word' id='word_1_210' title='bbox 1389 1594 1674 1642; x_wconf 89' lang='lat' dir='ltr'>provinciarum</span> <span class='ocrx_word' id='word_1_211' title='bbox 1694 1593 1835 1642; x_wconf 90' lang='lat' dir='ltr'>quibus</span> <span class='ocrx_word' id='word_1_212' title='bbox 1862 1599 1942 1628; x_wconf 90' lang='lat' dir='ltr'>tum</span> <span class='ocrx_word' id='word_1_213' title='bbox 1967 1592 2072 1628; x_wconf 84' lang='lat' dir='ltr'>natio</span> <span class='ocrx_word' id='word_1_214' title='bbox 2097 1605 2190 1628; x_wconf 90' lang='lat' dir='ltr'>con-</span> 
     </span>
     <span class='ocr_line' id='line_1_21' title="bbox 256 1659 2189 1712; baseline 0.001 -16"><span class='ocrx_word' id='word_1_215' title='bbox 256 1660 419 1703; x_wconf 82' lang='lat' dir='ltr'>stabat4,</span> <span class='ocrx_word' id='word_1_216' title='bbox 435 1659 520 1696; x_wconf 87' lang='lat' dir='ltr'>scil.</span> <span class='ocrx_word' id='word_1_217' title='bbox 537 1661 680 1704; x_wconf 87' lang='lat' dir='ltr'>Scotia‚</span> <span class='ocrx_word' id='word_1_218' title='bbox 697 1659 925 1696; x_wconf 86' lang='lat' dir='ltr'>Alemannia</span> <span class='ocrx_word' id='word_1_219' title='bbox 943 1662 1131 1710; x_wconf 82' lang='lat' dir='ltr'>superior,</span> <span class='ocrx_word' id='word_1_220' title='bbox 1150 1661 1376 1698; x_wconf 87' lang='lat' dir='ltr'>Alemannia</span> <span class='ocrx_word' id='word_1_221' title='bbox 1393 1662 1564 1706; x_wconf 87' lang='lat' dir='ltr'>inferior,</span> <span class='ocrx_word' id='word_1_222' title='bbox 1583 1661 1753 1712; x_wconf 87' lang='lat' dir='ltr'>legatum</span> <span class='ocrx_word' id='word_1_223' title='bbox 1773 1661 1947 1698; x_wconf 87' lang='lat' dir='ltr'>haberet.</span> <span class='ocrx_word' id='word_1_224' title='bbox 1972 1662 2083 1698; x_wconf 89' lang='lat' dir='ltr'>Natio</span> <span class='ocrx_word' id='word_1_225' title='bbox 2097 1669 2189 1697; x_wconf 86' lang='lat' dir='ltr'>tunc</span> 
     </span>
     <span class='ocr_line' id='line_1_22' title="bbox 257 1728 2189 1781; baseline 0.001 -16"><span class='ocrx_word' id='word_1_226' title='bbox 257 1731 416 1779; x_wconf 88' lang='lat' dir='ltr'>insuper</span> <span class='ocrx_word' id='word_1_227' title='bbox 431 1736 510 1766; x_wconf 88' lang='lat' dir='ltr'>tres</span> <span class='ocrx_word' id='word_1_228' title='bbox 530 1730 613 1766; x_wconf 85' lang='lat' dir='ltr'>vias</span> <span class='ocrx_word' id='word_1_229' title='bbox 634 1729 682 1766; x_wconf 87' lang='lat' dir='ltr'>ad</span> <span class='ocrx_word' id='word_1_230' title='bbox 703 1728 934 1766; x_wconf 87' lang='lat' dir='ltr'>abolendum</span> <span class='ocrx_word' id='word_1_231' title='bbox 957 1729 1131 1766; x_wconf 87' lang='lat' dir='ltr'>Schisma</span> <span class='ocrx_word' id='word_1_232' title='bbox 1151 1732 1372 1780; x_wconf 87' lang='lat' dir='ltr'>propositas</span> <span class='ocrx_word' id='word_1_233' title='bbox 1395 1731 1517 1768; x_wconf 88' lang='lat' dir='ltr'>bonas</span> <span class='ocrx_word' id='word_1_234' title='bbox 1537 1743 1624 1768; x_wconf 87' lang='lat' dir='ltr'>esse</span> <span class='ocrx_word' id='word_1_235' title='bbox 1647 1739 1686 1767; x_wconf 87' lang='lat' dir='ltr'>et</span> <span class='ocrx_word' id='word_1_236' title='bbox 1705 1732 1788 1781; x_wconf 88' lang='lat' dir='ltr'>regi</span> <span class='ocrx_word' id='word_1_237' title='bbox 1809 1730 2081 1780; x_wconf 87' lang='lat' dir='ltr'>proponendas</span> <span class='ocrx_word' id='word_1_238' title='bbox 2103 1743 2189 1766; x_wconf 89' lang='lat' dir='ltr'>cum</span> 
     </span>
     <span class='ocr_line' id='line_1_23' title="bbox 257 1798 2191 1850; baseline 0.001 -14"><span class='ocrx_word' id='word_1_239' title='bbox 257 1799 516 1836; x_wconf 88' lang='lat' dir='ltr'>Universitate</span> <span class='ocrx_word' id='word_1_240' title='bbox 541 1800 781 1836; x_wconf 80' lang='lat' dir='ltr'>consensit5.</span> <span class='ocrx_word' id='word_1_241' title='bbox 806 1798 951 1836; x_wconf 87' lang='lat' dir='ltr'>Eodem</span> <span class='ocrx_word' id='word_1_242' title='bbox 974 1812 1075 1836; x_wconf 88' lang='lat' dir='ltr'>anno</span> <span class='ocrx_word' id='word_1_243' title='bbox 1102 1801 1349 1837; x_wconf 88' lang='lat' dir='ltr'>Boemundus</span> <span class='ocrx_word' id='word_1_244' title='bbox 1374 1801 1550 1838; x_wconf 90' lang='lat' dir='ltr'>bedellus</span> <span class='ocrx_word' id='word_1_245' title='bbox 1573 1801 1740 1837; x_wconf 88' lang='lat' dir='ltr'>nationis</span> <span class='ocrx_word' id='word_1_246' title='bbox 1765 1801 1986 1850; x_wconf 78' lang='lat' dir='ltr'>proposuit,</span> <span class='ocrx_word' id='word_1_247' title='bbox 2015 1807 2057 1836; x_wconf 93' lang='lat' dir='ltr'>ut</span> <span class='ocrx_word' id='word_1_248' title='bbox 2082 1800 2191 1838; x_wconf 88' lang='lat' dir='ltr'>fieret</span> 
     </span>
     <span class='ocr_line' id='line_1_24' title="bbox 256 1867 2190 1919; baseline 0.001 -15"><span class='ocrx_word' id='word_1_249' title='bbox 256 1867 354 1904; x_wconf 86' lang='lat' dir='ltr'>liber</span> <span class='ocrx_word' id='word_1_250' title='bbox 366 1869 405 1904; x_wconf 91' lang='lat' dir='ltr'>in</span> <span class='ocrx_word' id='word_1_251' title='bbox 421 1880 669 1918; x_wconf 84' lang='lat' dir='ltr'>pergameno,</span> <span class='ocrx_word' id='word_1_252' title='bbox 685 1869 723 1904; x_wconf 90' lang='lat' dir='ltr'>in</span> <span class='ocrx_word' id='word_1_253' title='bbox 737 1881 813 1918; x_wconf 91' lang='lat' dir='ltr'>quo</span> <span class='ocrx_word' id='word_1_254' title='bbox 828 1881 963 1905; x_wconf 86' lang='lat' dir='ltr'>omnes</span> <span class='ocrx_word' id='word_1_255' title='bbox 975 1868 1163 1918; x_wconf 87' lang='lat' dir='ltr'>epistolae</span> <span class='ocrx_word' id='word_1_256' title='bbox 1177 1868 1319 1906; x_wconf 82' lang='lat' dir='ltr'>factum</span> <span class='ocrx_word' id='word_1_257' title='bbox 1336 1871 1490 1907; x_wconf 90' lang='lat' dir='ltr'>unionis</span> <span class='ocrx_word' id='word_1_258' title='bbox 1506 1869 1694 1906; x_wconf 86' lang='lat' dir='ltr'>ecclesiae</span> <span class='ocrx_word' id='word_1_259' title='bbox 1708 1876 1927 1919; x_wconf 84' lang='lat' dir='ltr'>tangentes,</span> <span class='ocrx_word' id='word_1_260' title='bbox 1942 1869 2190 1906; x_wconf 86' lang='lat' dir='ltr'>Universitati</span> 
     </span>
     <span class='ocr_line' id='line_1_25' title="bbox 255 1937 1983 1989; baseline 0.001 -16"><span class='ocrx_word' id='word_1_261' title='bbox 255 1938 410 1981; x_wconf 88' lang='lat' dir='ltr'>missae,</span> <span class='ocrx_word' id='word_1_262' title='bbox 428 1937 476 1974; x_wconf 88' lang='lat' dir='ltr'>ab</span> <span class='ocrx_word' id='word_1_263' title='bbox 494 1950 616 1987; x_wconf 88' lang='lat' dir='ltr'>eaque</span> <span class='ocrx_word' id='word_1_264' title='bbox 632 1937 846 1987; x_wconf 88' lang='lat' dir='ltr'>expeditae,</span> <span class='ocrx_word' id='word_1_265' title='bbox 862 1938 1124 1975; x_wconf 88' lang='lat' dir='ltr'>scriberentur</span> <span class='ocrx_word' id='word_1_266' title='bbox 1137 1946 1175 1975; x_wconf 91' lang='lat' dir='ltr'>et</span> <span class='ocrx_word' id='word_1_267' title='bbox 1193 1939 1233 1975; x_wconf 88' lang='lat' dir='ltr'>in</span> <span class='ocrx_word' id='word_1_268' title='bbox 1254 1953 1382 1976; x_wconf 88' lang='lat' dir='ltr'>arcam</span> <span class='ocrx_word' id='word_1_269' title='bbox 1403 1939 1570 1976; x_wconf 86' lang='lat' dir='ltr'>nationis</span> <span class='ocrx_word' id='word_1_270' title='bbox 1590 1945 1799 1989; x_wconf 85' lang='lat' dir='ltr'>poneretur</span> <span class='ocrx_word' id='word_1_271' title='bbox 1819 1939 1916 1985; x_wconf 84' lang='lat'>(696,</span> <span class='ocrx_word' id='word_1_272' title='bbox 1935 1939 1983 1985; x_wconf 91' lang='grc'>6).</span> 
     </span>
    </p>

    <p class='ocr_par' dir='ltr' id='par_1_7' title="bbox 253 2007 2189 2616">
     <span class='ocr_line' id='line_1_26' title="bbox 303 2007 2187 2062; baseline -0.002 -15"><span class='ocrx_word' id='word_1_273' title='bbox 303 2011 364 2047; x_wconf 93' lang='lat' dir='ltr'>Ab</span> <span class='ocrx_word' id='word_1_274' title='bbox 384 2024 444 2047; x_wconf 87' lang='lat' dir='ltr'>an.</span> <span class='ocrx_word' id='word_1_275' title='bbox 474 2011 565 2047; x_wconf 88' lang='lat'><strong>1395</strong></span> <span class='ocrx_word' id='word_1_276' title='bbox 581 2012 818 2048; x_wconf 88' lang='lat' dir='ltr'>Universitas</span> <span class='ocrx_word' id='word_1_277' title='bbox 837 2013 956 2048; x_wconf 86' lang='lat' dir='ltr'>Paris.</span> <span class='ocrx_word' id='word_1_278' title='bbox 980 2025 1096 2062; x_wconf 81' lang='lat' dir='ltr'>saepe</span> <span class='ocrx_word' id='word_1_279' title='bbox 1121 2019 1200 2049; x_wconf 87' lang='lat' dir='ltr'>tum</span> <span class='ocrx_word' id='word_1_280' title='bbox 1222 2011 1270 2048; x_wconf 91' lang='lat' dir='ltr'>ad</span> <span class='ocrx_word' id='word_1_281' title='bbox 1293 2011 1391 2047; x_wconf 90' lang='lat' dir='ltr'>duos</span> <span class='ocrx_word' id='word_1_282' title='bbox 1411 2023 1545 2060; x_wconf 88' lang='lat' dir='ltr'>papas,</span> <span class='ocrx_word' id='word_1_283' title='bbox 1570 2018 1652 2046; x_wconf 87' lang='lat' dir='ltr'>tum</span> <span class='ocrx_word' id='word_1_284' title='bbox 1674 2009 1721 2046; x_wconf 88' lang='lat' dir='ltr'>ad</span> <span class='ocrx_word' id='word_1_285' title='bbox 1740 2010 1936 2059; x_wconf 87' lang='lat' dir='ltr'>principes</span> <span class='ocrx_word' id='word_1_286' title='bbox 1957 2016 2108 2045; x_wconf 84' lang='lat' dir='ltr'>exteros</span> <span class='ocrx_word' id='word_1_287' title='bbox 2127 2007 2187 2044; x_wconf 84' lang='lat' dir='ltr'>vel</span> 
     </span>
     <span class='ocr_line' id='line_1_27' title="bbox 255 2078 2189 2131; baseline -0.002 -14"><span class='ocrx_word' id='word_1_288' title='bbox 255 2079 303 2117; x_wconf 88' lang='lat' dir='ltr'>ad</span> <span class='ocrx_word' id='word_1_289' title='bbox 322 2081 601 2117; x_wconf 87' lang='lat' dir='ltr'>Universitates</span> <span class='ocrx_word' id='word_1_290' title='bbox 622 2080 771 2131; x_wconf 87' lang='lat' dir='ltr'>legatos</span> <span class='ocrx_word' id='word_1_291' title='bbox 793 2082 915 2126; x_wconf 79' lang='lat' dir='ltr'>misit3</span> <span class='ocrx_word' id='word_1_292' title='bbox 937 2083 1038 2118; x_wconf 91' lang='lat' dir='ltr'>inter</span> <span class='ocrx_word' id='word_1_293' title='bbox 1062 2095 1159 2131; x_wconf 85' lang='lat' dir='ltr'>quos</span> <span class='ocrx_word' id='word_1_294' title='bbox 1180 2094 1305 2131; x_wconf 87' lang='lat' dir='ltr'>paene</span> <span class='ocrx_word' id='word_1_295' title='bbox 1322 2092 1475 2130; x_wconf 86' lang='lat' dir='ltr'>semper</span> <span class='ocrx_word' id='word_1_296' title='bbox 1492 2093 1610 2116; x_wconf 91' lang='lat' dir='ltr'>unum</span> <span class='ocrx_word' id='word_1_297' title='bbox 1631 2080 1799 2115; x_wconf 87' lang='lat' dir='ltr'>nationis</span> <span class='ocrx_word' id='word_1_298' title='bbox 1830 2078 2069 2128; x_wconf 86' lang='lat' dir='ltr'>Anglicanae</span> <span class='ocrx_word' id='word_1_299' title='bbox 2102 2091 2189 2127; x_wconf 89' lang='lat' dir='ltr'>sup-</span> 
     </span>
     <span class='ocr_line' id='line_1_28' title="bbox 255 2147 2189 2200; baseline -0.002 -14"><span class='ocrx_word' id='word_1_300' title='bbox 255 2151 422 2200; x_wconf 88' lang='lat' dir='ltr'>positum</span> <span class='ocrx_word' id='word_1_301' title='bbox 438 2150 640 2186; x_wconf 86' lang='lat' dir='ltr'>invenitur.</span> <span class='ocrx_word' id='word_1_302' title='bbox 658 2151 806 2199; x_wconf 88' lang='lat' dir='ltr'>Sicjam</span> <span class='ocrx_word' id='word_1_303' title='bbox 819 2163 880 2186; x_wconf 90' lang='lat' dir='ltr'>an.</span> <span class='ocrx_word' id='word_1_304' title='bbox 897 2151 990 2187; x_wconf 83' lang='lat'><strong>1395</strong></span> <span class='ocrx_word' id='word_1_305' title='bbox 1003 2151 1103 2188; x_wconf 86' lang='lat' dir='ltr'>inter</span> <span class='ocrx_word' id='word_1_306' title='bbox 1116 2152 1274 2188; x_wconf 89' lang='lat' dir='ltr'>nuntios</span> <span class='ocrx_word' id='word_1_307' title='bbox 1287 2150 1556 2187; x_wconf 87' lang='lat' dir='ltr'>Universitatis</span> <span class='ocrx_word' id='word_1_308' title='bbox 1570 2148 1617 2186; x_wconf 84' lang='lat' dir='ltr'>ad</span> <span class='ocrx_word' id='word_1_309' title='bbox 1629 2148 1880 2185; x_wconf 87' lang='lat' dir='ltr'>Benedictum</span> <span class='ocrx_word' id='word_1_310' title='bbox 1894 2149 1980 2184; x_wconf 88' lang='lat' dir='ltr'>XIII</span> <span class='ocrx_word' id='word_1_311' title='bbox 1995 2147 2189 2184; x_wconf 87' lang='lat' dir='ltr'>Johannes</span> 
     </span>
     <span class='ocr_line' id='line_1_29' title="bbox 255 2217 2189 2270; baseline -0.001 -16"><span class='ocrx_word' id='word_1_312' title='bbox 255 2218 494 2255; x_wconf 90' lang='lat' dir='ltr'>Mullechner</span> <span class='ocrx_word' id='word_1_313' title='bbox 511 2218 560 2255; x_wconf 88' lang='lat' dir='ltr'>de</span> <span class='ocrx_word' id='word_1_314' title='bbox 576 2219 730 2255; x_wconf 88' lang='lat' dir='ltr'>Austria</span> <span class='ocrx_word' id='word_1_315' title='bbox 747 2219 905 2256; x_wconf 81' lang='lat' dir='ltr'>affertur</span> <span class='ocrx_word' id='word_1_316' title='bbox 917 2220 1029 2267; x_wconf 88' lang='lat'>(705),</span> <span class='ocrx_word' id='word_1_317' title='bbox 1047 2220 1112 2270; x_wconf 91' lang='lat' dir='ltr'>qui</span> <span class='ocrx_word' id='word_1_318' title='bbox 1133 2228 1267 2270; x_wconf 87' lang='lat' dir='ltr'>postea</span> <span class='ocrx_word' id='word_1_319' title='bbox 1289 2233 1358 2270; x_wconf 87' lang='lat' dir='ltr'>per</span> <span class='ocrx_word' id='word_1_320' title='bbox 1373 2219 1532 2269; x_wconf 85' lang='lat' dir='ltr'>longum</span> <span class='ocrx_word' id='word_1_321' title='bbox 1548 2219 1735 2268; x_wconf 88' lang='lat' dir='ltr'>temporis</span> <span class='ocrx_word' id='word_1_322' title='bbox 1752 2218 1918 2267; x_wconf 88' lang='lat' dir='ltr'>spatium</span> <span class='ocrx_word' id='word_1_323' title='bbox 1941 2217 2014 2253; x_wconf 91' lang='lat' dir='ltr'>hoc</span> <span class='ocrx_word' id='word_1_324' title='bbox 2032 2229 2189 2253; x_wconf 91' lang='lat' dir='ltr'>munere</span> 
     </span>
     <span class='ocr_line' id='line_1_30' title="bbox 253 2286 2189 2339; baseline -0.001 -15"><span class='ocrx_word' id='word_1_325' title='bbox 253 2287 407 2325; x_wconf 82' lang='lat' dir='ltr'>functus</span> <span class='ocrx_word' id='word_1_326' title='bbox 439 2296 516 2332; x_wconf 90' lang='lat' dir='ltr'>est,</span> <span class='ocrx_word' id='word_1_327' title='bbox 548 2296 591 2325; x_wconf 91' lang='lat' dir='ltr'>ut</span> <span class='ocrx_word' id='word_1_328' title='bbox 616 2301 662 2325; x_wconf 88' lang='lat' dir='ltr'>ex</span> <span class='ocrx_word' id='word_1_329' title='bbox 695 2289 880 2325; x_wconf 78' lang='lat' dir='ltr'>Auctario</span> <span class='ocrx_word' id='word_1_330' title='bbox 909 2297 1070 2339; x_wconf 88' lang='lat' dir='ltr'>apparet</span> <span class='ocrx_word' id='word_1_331' title='bbox 1079 2291 1105 2325; x_wconf 68' lang='lat'>⁴⁵.</span> <span class='ocrx_word' id='word_1_332' title='bbox 1135 2289 1279 2326; x_wconf 89' lang='lat' dir='ltr'>Eodem</span> <span class='ocrx_word' id='word_1_333' title='bbox 1312 2301 1412 2325; x_wconf 90' lang='lat' dir='ltr'>anno</span> <span class='ocrx_word' id='word_1_334' title='bbox 1453 2288 1638 2338; x_wconf 86' lang='lat' dir='ltr'>agebatur</span> <span class='ocrx_word' id='word_1_335' title='bbox 1670 2287 1718 2324; x_wconf 89' lang='lat' dir='ltr'>de</span> <span class='ocrx_word' id='word_1_336' title='bbox 1747 2287 1974 2324; x_wconf 86' lang='lat' dir='ltr'>exclusione</span> <span class='ocrx_word' id='word_1_337' title='bbox 2006 2287 2107 2323; x_wconf 88' lang='lat' dir='ltr'>Petri</span> <span class='ocrx_word' id='word_1_338' title='bbox 2141 2286 2189 2322; x_wconf 89' lang='lat' dir='ltr'>de</span> 
     </span>
     <span class='ocr_line' id='line_1_31' title="bbox 254 2356 2189 2409; baseline -0.001 -16"><span class='ocrx_word' id='word_1_339' title='bbox 254 2357 415 2394; x_wconf 79' lang='lat' dir='ltr'>Ailliaco</span> <span class='ocrx_word' id='word_1_340' title='bbox 435 2358 531 2405; x_wconf 86' lang='lat'>(708)</span> <span class='ocrx_word' id='word_1_341' title='bbox 555 2365 594 2394; x_wconf 91' lang='lat' dir='ltr'>et</span> <span class='ocrx_word' id='word_1_342' title='bbox 613 2358 798 2394; x_wconf 89' lang='lat' dir='ltr'>Johannis</span> <span class='ocrx_word' id='word_1_343' title='bbox 814 2357 863 2395; x_wconf 91' lang='lat' dir='ltr'>de</span> <span class='ocrx_word' id='word_1_344' title='bbox 878 2359 1046 2395; x_wconf 89' lang='lat' dir='ltr'>Moravia</span> <span class='ocrx_word' id='word_1_345' title='bbox 1059 2360 1144 2406; x_wconf 70' lang='lat'>(71⁶2</span> <span class='ocrx_word' id='word_1_346' title='bbox 1162 2361 1250 2409; x_wconf 83' lang='lat' dir='ltr'>sq.),</span> <span class='ocrx_word' id='word_1_347' title='bbox 1269 2360 1359 2408; x_wconf 88' lang='lat' dir='ltr'>quia</span> <span class='ocrx_word' id='word_1_348' title='bbox 1379 2365 1513 2394; x_wconf 89' lang='lat' dir='ltr'>contra</span> <span class='ocrx_word' id='word_1_349' title='bbox 1529 2358 1628 2393; x_wconf 88' lang='lat' dir='ltr'>viam</span> <span class='ocrx_word' id='word_1_350' title='bbox 1650 2358 1838 2393; x_wconf 88' lang='lat' dir='ltr'>cessionis</span> <span class='ocrx_word' id='word_1_351' title='bbox 1862 2357 1981 2392; x_wconf 88' lang='lat' dir='ltr'>invita</span> <span class='ocrx_word' id='word_1_352' title='bbox 1998 2356 2189 2392; x_wconf 87' lang='lat' dir='ltr'>Universi-</span> 
     </span>
     <span class='ocr_line' id='line_1_32' title="bbox 256 2426 2187 2477; baseline -0.001 -15"><span class='ocrx_word' id='word_1_353' title='bbox 256 2433 337 2462; x_wconf 87' lang='lat' dir='ltr'>tate</span> <span class='ocrx_word' id='word_1_354' title='bbox 353 2426 633 2464; x_wconf 84' lang='lat' dir='ltr'>laboraverant.</span> <span class='ocrx_word' id='word_1_355' title='bbox 654 2429 786 2464; x_wconf 80' lang='lat' dir='ltr'>Mense</span> <span class='ocrx_word' id='word_1_356' title='bbox 803 2427 1006 2464; x_wconf 90' lang='lat' dir='ltr'>Decembri</span> <span class='ocrx_word' id='word_1_357' title='bbox 1023 2429 1129 2465; x_wconf 89' lang='lat' dir='ltr'>natio</span> <span class='ocrx_word' id='word_1_358' title='bbox 1149 2429 1319 2477; x_wconf 89' lang='lat' dir='ltr'>quinque</span> <span class='ocrx_word' id='word_1_359' title='bbox 1337 2435 1445 2464; x_wconf 82' lang='lat' dir='ltr'>scuta</span> <span class='ocrx_word' id='word_1_360' title='bbox 1467 2428 1606 2463; x_wconf 86' lang='lat' dir='ltr'>rectori</span> <span class='ocrx_word' id='word_1_361' title='bbox 1624 2426 1742 2468; x_wconf 90' lang='lat' dir='ltr'>dedit,</span> <span class='ocrx_word' id='word_1_362' title='bbox 1764 2439 1881 2462; x_wconf 90' lang='lat' dir='ltr'>unum</span> <span class='ocrx_word' id='word_1_363' title='bbox 1898 2426 2076 2462; x_wconf 85' lang='lat' dir='ltr'>clientem</span> <span class='ocrx_word' id='word_1_364' title='bbox 2094 2426 2187 2460; x_wconf 84' lang='lat' dir='ltr'>Ave·</span> 
     </span>
     <span class='ocr_line' id='line_1_33' title="bbox 255 2495 2187 2547; baseline -0.001 -16"><span class='ocrx_word' id='word_1_365' title='bbox 255 2496 410 2532; x_wconf 91' lang='lat' dir='ltr'>nionem</span> <span class='ocrx_word' id='word_1_366' title='bbox 432 2496 611 2538; x_wconf 87' lang='lat' dir='ltr'>mittenti,</span> <span class='ocrx_word' id='word_1_367' title='bbox 637 2503 679 2533; x_wconf 88' lang='lat' dir='ltr'>ut</span> <span class='ocrx_word' id='word_1_368' title='bbox 696 2496 856 2533; x_wconf 87' lang='lat' dir='ltr'>latorem</span> <span class='ocrx_word' id='word_1_369' title='bbox 880 2497 995 2534; x_wconf 87' lang='lat' dir='ltr'>rotuli</span> <span class='ocrx_word' id='word_1_370' title='bbox 1016 2497 1231 2547; x_wconf 86' lang='lat' dir='ltr'>aliquorum</span> <span class='ocrx_word' id='word_1_371' title='bbox 1255 2497 1500 2540; x_wconf 87' lang='lat' dir='ltr'>scholarium,</span> <span class='ocrx_word' id='word_1_372' title='bbox 1523 2495 1835 2532; x_wconf 83' lang='lat' dir='ltr'>baccalareorum</span> <span class='ocrx_word' id='word_1_373' title='bbox 1851 2503 1889 2532; x_wconf 90' lang='lat' dir='ltr'>et</span> <span class='ocrx_word' id='word_1_374' title='bbox 1905 2495 2187 2531; x_wconf 87' lang='lat' dir='ltr'>licentiatorum</span> 
     </span>
     <span class='ocr_line' id='line_1_34' title="bbox 259 2564 2131 2616; baseline -0.001 -16"><span class='ocrx_word' id='word_1_375' title='bbox 259 2564 306 2600; x_wconf 90' lang='lat' dir='ltr'>ad</span> <span class='ocrx_word' id='word_1_376' title='bbox 323 2565 574 2602; x_wconf 86' lang='lat' dir='ltr'>Benedictum</span> <span class='ocrx_word' id='word_1_377' title='bbox 592 2567 678 2602; x_wconf 92' lang='lat' dir='ltr'>Xlll</span> <span class='ocrx_word' id='word_1_378' title='bbox 693 2573 862 2615; x_wconf 88' lang='lat' dir='ltr'>caperet,</span> <span class='ocrx_word' id='word_1_379' title='bbox 883 2566 1164 2616; x_wconf 85' lang='lat' dir='ltr'>impediretque</span> <span class='ocrx_word' id='word_1_380' title='bbox 1181 2579 1228 2604; x_wconf 90' lang='lat' dir='ltr'>ne</span> <span class='ocrx_word' id='word_1_381' title='bbox 1245 2566 1393 2603; x_wconf 87' lang='lat' dir='ltr'>rotulus</span> <span class='ocrx_word' id='word_1_382' title='bbox 1410 2565 1456 2602; x_wconf 89' lang='lat' dir='ltr'>ad</span> <span class='ocrx_word' id='word_1_383' title='bbox 1474 2579 1610 2616; x_wconf 87' lang='lat' dir='ltr'>papam</span> <span class='ocrx_word' id='word_1_384' title='bbox 1629 2566 1776 2602; x_wconf 88' lang='lat' dir='ltr'>veniret</span> <span class='ocrx_word' id='word_1_385' title='bbox 1797 2566 1893 2611; x_wconf 81' lang='lat'>(715,</span> <span class='ocrx_word' id='word_1_386' title='bbox 1913 2565 1973 2603; x_wconf 75' lang='lat'>40,</span> <span class='ocrx_word' id='word_1_387' title='bbox 1993 2577 2077 2612; x_wconf 85' lang='lat' dir='ltr'>sqq.</span> <span class='ocrx_word' id='word_1_388' title='bbox 2093 2565 2131 2609; x_wconf 82' lang='lat'>7).</span> 
     </span>
    </p>
   </div>
   <div class='ocr_carea' id='block_1_5' title="bbox 368 2702 2188 2745">
    <p class='ocr_par' dir='ltr' id='par_1_8' title="bbox 368 2702 2188 2745">
     <span class='ocr_line' id='line_1_35' title="bbox 368 2702 2188 2745; baseline -0.007 -3"><span class='ocrx_word' id='word_1_389' title='bbox 368 2704 444 2733; x_wconf 62' lang='lat' dir='ltr'>Ibid-</span> <span class='ocrx_word' id='word_1_390' title='bbox 464 2714 494 2743; x_wconf 82' lang='grc' dir='ltr'>Ρ·</span> <span class='ocrx_word' id='word_1_391' title='bbox 514 2704 572 2733; x_wconf 74' lang='lat'>462</span> <span class='ocrx_word' id='word_1_392' title='bbox 582 2715 631 2744; x_wconf 79' lang='lat' dir='ltr'>Sq·</span> <span class='ocrx_word' id='word_1_393' title='bbox 1273 2704 1546 2745; x_wconf 81' lang='lat' dir='ltr'>(Francsordiam);</span> <span class='ocrx_word' id='word_1_394' title='bbox 1565 2705 1635 2739; x_wconf 80' lang='lat'>743,</span> <span class='ocrx_word' id='word_1_395' title='bbox 1654 2706 1667 2733; x_wconf 93' lang='lat'><strong>1</strong></span> <span class='ocrx_word' id='word_1_396' title='bbox 1691 2704 1808 2743; x_wconf 86' lang='lat' dir='ltr'>(il›id.);</span> <span class='ocrx_word' id='word_1_397' title='bbox 1832 2705 1901 2738; x_wconf 85' lang='grc'>751,</span> <span class='ocrx_word' id='word_1_398' title='bbox 1926 2709 1990 2731; x_wconf 81' lang='lat' dir='ltr'>not.</span> <span class='ocrx_word' id='word_1_399' title='bbox 2019 2703 2032 2731; x_wconf 91' lang='lat'><strong>1</strong></span> <span class='ocrx_word' id='word_1_400' title='bbox 2053 2702 2188 2740; x_wconf 68' lang='lat' dir='ltr'>(Norint—</span> 
     </span>
    </p>
   </div>
   <div class='ocr_carea' id='block_1_6' title="bbox 293 2705 2188 2990">
    <p class='ocr_par' dir='ltr' id='par_1_9' title="bbox 297 2705 324 2732">
     <span class='ocr_line' id='line_1_36' title="bbox 297 2705 324 2732; baseline 0 0"><span class='ocrx_word' id='word_1_401' title='bbox 297 2705 324 2732; x_wconf 86' lang='lat'>1.</span> 
     </span>
    </p>

    <p class='ocr_par' dir='ltr' id='par_1_10' title="bbox 293 2752 2188 2891">
     <span class='ocr_line' id='line_1_37' title="bbox 294 2752 2186 2794; baseline -0.001 -13"><span class='ocrx_word' id='word_1_402' title='bbox 294 2753 323 2781; x_wconf 94' lang='grc'>2.</span> <span class='ocrx_word' id='word_1_403' title='bbox 368 2752 445 2782; x_wconf 76' lang='lat' dir='ltr'>lhid.</span> <span class='ocrx_word' id='word_1_404' title='bbox 463 2753 504 2781; x_wconf 58' lang='grc' dir='ltr'>η’·</span> <span class='ocrx_word' id='word_1_405' title='bbox 522 2754 610 2788; x_wconf 84' lang='grc'>1659,</span> <span class='ocrx_word' id='word_1_406' title='bbox 631 2754 719 2784; x_wconf 87' lang='grc'>1661.</span> <span class='ocrx_word' id='word_1_407' title='bbox 1275 2756 1424 2794; x_wconf 83' lang='lat' dir='ltr'>bergam),</span> <span class='ocrx_word' id='word_1_408' title='bbox 1443 2755 1513 2789; x_wconf 89' lang='grc'>762,</span> <span class='ocrx_word' id='word_1_409' title='bbox 1540 2755 1596 2790; x_wconf 88' lang='grc' dir='ltr'>2Ο;</span> <span class='ocrx_word' id='word_1_410' title='bbox 1621 2754 1690 2789; x_wconf 88' lang='grc'>763,</span> <span class='ocrx_word' id='word_1_411' title='bbox 1709 2755 1763 2788; x_wconf 85' lang='grc'>12;</span> <span class='ocrx_word' id='word_1_412' title='bbox 1789 2753 1857 2787; x_wconf 90' lang='grc'>768,</span> <span class='ocrx_word' id='word_1_413' title='bbox 1881 2753 1919 2781; x_wconf 79' lang='lat'>42</span> <span class='ocrx_word' id='word_1_414' title='bbox 1944 2752 2093 2791; x_wconf 81' lang='lat' dir='ltr'>(Remos),</span> <span class='ocrx_word' id='word_1_415' title='bbox 2116 2752 2186 2785; x_wconf 81' lang='lat'>817,</span> 
     </span>
     <span class='ocr_line' id='line_1_38' title="bbox 293 2800 2188 2843; baseline -0.001 -13"><span class='ocrx_word' id='word_1_416' title='bbox 293 2802 322 2829; x_wconf 84' lang='grc'>3.</span> <span class='ocrx_word' id='word_1_417' title='bbox 366 2800 436 2831; x_wconf 83' lang='lat' dir='ltr'>vid.</span> <span class='ocrx_word' id='word_1_418' title='bbox 456 2803 605 2837; x_wconf 64' lang='lat' dir='ltr'>Char-ml„</span> <span class='ocrx_word' id='word_1_419' title='bbox 623 2802 680 2837; x_wconf 85' lang='lat'>111,</span> <span class='ocrx_word' id='word_1_420' title='bbox 696 2813 724 2842; x_wconf 82' lang='lat' dir='ltr'>p.</span> <span class='ocrx_word' id='word_1_421' title='bbox 745 2803 814 2833; x_wconf 78' lang='lat'>606.</span> <span class='ocrx_word' id='word_1_422' title='bbox 1276 2810 1339 2833; x_wconf 90' lang='lat' dir='ltr'>not.</span> <span class='ocrx_word' id='word_1_423' title='bbox 1357 2804 1374 2832; x_wconf 90' lang='lat'>2</span> <span class='ocrx_word' id='word_1_424' title='bbox 1394 2803 1659 2843; x_wconf 81' lang='lat' dir='ltr'>(Francfordiam).</span> <span class='ocrx_word' id='word_1_425' title='bbox 1675 2802 1723 2831; x_wconf 79' lang='lat' dir='ltr'>Ad</span> <span class='ocrx_word' id='word_1_426' title='bbox 1742 2812 1791 2831; x_wconf 82' lang='lat' dir='ltr'>an.</span> <span class='ocrx_word' id='word_1_427' title='bbox 1811 2802 1887 2830; x_wconf 77' lang='lat'><strong>1395</strong></span> <span class='ocrx_word' id='word_1_428' title='bbox 1910 2801 2036 2830; x_wconf 74' lang='lat' dir='ltr'>affertur</span> <span class='ocrx_word' id='word_1_429' title='bbox 2051 2800 2140 2829; x_wconf 83' lang='lat' dir='ltr'>etiam</span> <span class='ocrx_word' id='word_1_430' title='bbox 2157 2806 2188 2829; x_wconf 81' lang='lat' dir='ltr'>ut</span> 
     </span>
     <span class='ocr_line' id='line_1_39' title="bbox 293 2849 1924 2891; baseline 0 -13"><span class='ocrx_word' id='word_1_431' title='bbox 293 2849 322 2878; x_wconf 67' lang='grc' dir='ltr'>[ι.</span> <span class='ocrx_word' id='word_1_432' title='bbox 366 2849 435 2879; x_wconf 80' lang='lat' dir='ltr'>vid.</span> <span class='ocrx_word' id='word_1_433' title='bbox 455 2860 549 2890; x_wconf 87' lang='lat' dir='ltr'>supra</span> <span class='ocrx_word' id='word_1_434' title='bbox 562 2861 629 2891; x_wconf 80' lang='lat' dir='ltr'>cap.</span> <span class='ocrx_word' id='word_1_435' title='bbox 650 2852 679 2880; x_wconf 91' lang='lat'>2.</span> <span class='ocrx_word' id='word_1_436' title='bbox 1275 2853 1452 2882; x_wconf 80' lang='lat' dir='ltr'>nuntiusad</span> <span class='ocrx_word' id='word_1_437' title='bbox 1467 2852 1629 2882; x_wconf 85' lang='lat' dir='ltr'>Oxoniarn.</span> <span class='ocrx_word' id='word_1_438' title='bbox 1649 2851 1741 2885; x_wconf 59' lang='lat' dir='ltr'>Bou,</span> <span class='ocrx_word' id='word_1_439' title='bbox 1761 2850 1812 2885; x_wconf 82' lang='lat' dir='ltr'>IV,</span> <span class='ocrx_word' id='word_1_440' title='bbox 1828 2851 1883 2879; x_wconf 81' lang='lat'>751</span> <span class='ocrx_word' id='word_1_441' title='bbox 1901 2850 1924 2879; x_wconf 74' lang='lat'>¹³.</span> 
     </span>
    </p>

    <p class='ocr_par' dir='ltr' id='par_1_11' title="bbox 293 2897 2188 2990">
     <span class='ocr_line' id='line_1_40' title="bbox 294 2897 2185 2941; baseline -0.001 -14"><span class='ocrx_word' id='word_1_442' title='bbox 294 2899 322 2928; x_wconf 88' lang='lat'>5.</span> <span class='ocrx_word' id='word_1_443' title='bbox 367 2897 436 2928; x_wconf 83' lang='lat' dir='ltr'>Vid.</span> <span class='ocrx_word' id='word_1_444' title='bbox 457 2900 606 2935; x_wconf 59' lang='lat' dir='ltr'>Char-tul„</span> <span class='ocrx_word' id='word_1_445' title='bbox 628 2899 683 2935; x_wconf 87' lang='lat' dir='ltr'>III,</span> <span class='ocrx_word' id='word_1_446' title='bbox 701 2911 732 2940; x_wconf 89' lang='lat' dir='ltr'>p.</span> <span class='ocrx_word' id='word_1_447' title='bbox 750 2902 820 2931; x_wconf 74' lang='lat'>609.</span> <span class='ocrx_word' id='word_1_448' title='bbox 1315 2903 1344 2932; x_wconf 94' lang='grc'>7.</span> <span class='ocrx_word' id='word_1_449' title='bbox 1389 2901 1437 2930; x_wconf 84' lang='lat' dir='ltr'>Ex</span> <span class='ocrx_word' id='word_1_450' title='bbox 1456 2901 1588 2941; x_wconf 81' lang='lat' dir='ltr'>epistola</span> <span class='ocrx_word' id='word_1_451' title='bbox 1612 2900 1832 2930; x_wconf 76' lang='lat' dir='ltr'>Universitatis</span> <span class='ocrx_word' id='word_1_452' title='bbox 1850 2899 1887 2928; x_wconf 82' lang='lat' dir='ltr'>ad</span> <span class='ocrx_word' id='word_1_453' title='bbox 1911 2898 2094 2929; x_wconf 76' lang='lat' dir='ltr'>cardinales</span> <span class='ocrx_word' id='word_1_454' title='bbox 2111 2898 2185 2927; x_wconf 75' lang='lat' dir='ltr'>Dec.</span> 
     </span>
     <span class='ocr_line' id='line_1_41' title="bbox 293 2947 2188 2990; baseline 0 -14"><span class='ocrx_word' id='word_1_455' title='bbox 293 2949 322 2976; x_wconf 81' lang='grc'>6.</span> <span class='ocrx_word' id='word_1_456' title='bbox 367 2947 437 2977; x_wconf 86' lang='lat' dir='ltr'>vid.</span> <span class='ocrx_word' id='word_1_457' title='bbox 455 2948 535 2977; x_wconf 78' lang='lat' dir='ltr'>infra</span> <span class='ocrx_word' id='word_1_458' title='bbox 547 2959 578 2989; x_wconf 89' lang='lat' dir='ltr'>p.</span> <span class='ocrx_word' id='word_1_459' title='bbox 595 2950 664 2984; x_wconf 83' lang='grc'>719,</span> <span class='ocrx_word' id='word_1_460' title='bbox 680 2956 744 2979; x_wconf 87' lang='lat' dir='ltr'>not.</span> <span class='ocrx_word' id='word_1_461' title='bbox 758 2951 772 2980; x_wconf 92' lang='lat'><strong>1</strong></span> <span class='ocrx_word' id='word_1_462' title='bbox 787 2950 1040 2988; x_wconf 76' lang='lat' dir='ltr'>(vindobonam);</span> <span class='ocrx_word' id='word_1_463' title='bbox 1060 2951 1130 2988; x_wconf 82' lang='lat'>737,</span> <span class='ocrx_word' id='word_1_464' title='bbox 1150 2952 1163 2980; x_wconf 91' lang='lat'><strong>1</strong></span> <span class='ocrx_word' id='word_1_465' title='bbox 1275 2951 1323 2985; x_wconf 90' lang='lat'>28,</span> <span class='ocrx_word' id='word_1_466' title='bbox 1343 2957 1472 2990; x_wconf 85' lang='lat' dir='ltr'>apparet</span> <span class='ocrx_word' id='word_1_467' title='bbox 1488 2950 1544 2979; x_wconf 87' lang='lat' dir='ltr'>hos</span> <span class='ocrx_word' id='word_1_468' title='bbox 1561 2949 1756 2979; x_wconf 81' lang='lat' dir='ltr'>baccalarcos</span> <span class='ocrx_word' id='word_1_469' title='bbox 1772 2955 1802 2977; x_wconf 85' lang='lat' dir='ltr'>et</span> <span class='ocrx_word' id='word_1_470' title='bbox 1822 2948 1981 2978; x_wconf 84' lang='lat' dir='ltr'>scholares</span> <span class='ocrx_word' id='word_1_471' title='bbox 1997 2947 2079 2987; x_wconf 86' lang='lat' dir='ltr'>juris</span> <span class='ocrx_word' id='word_1_472' title='bbox 2095 2958 2188 2976; x_wconf 85' lang='lat' dir='ltr'>eano—</span> 
     </span>
    </p>
   </div>
   <div class='ocr_carea' id='block_1_7' title="bbox 294 3001 2127 3027">
    <p class='ocr_par' dir='ltr' id='par_1_12' title="bbox 294 3001 2127 3027">
     <span class='ocr_line' id='line_1_42' title="bbox 294 3001 2127 3027; baseline 0.008 -7"><span class='ocrx_word' id='word_1_473' title='bbox 294 3001 408 3021; x_wconf 73' lang='lat' dir='ltr'>Aurmra&#39;um</span> <span class='ocrx_word' id='word_1_474' title='bbox 420 3001 544 3021; x_wconf 62' lang='lat' dir='ltr'>Charin-rin*</span> <span class='ocrx_word' id='word_1_475' title='bbox 554 3001 643 3022; x_wconf 70' lang='lat' dir='ltr'>Univora.</span> <span class='ocrx_word' id='word_1_476' title='bbox 653 3003 719 3023; x_wconf 77' lang='lat' dir='ltr'>Pam.</span> <span class='ocrx_word' id='word_1_477' title='bbox 734 3013 762 3019; x_wconf 90' lang='lat'>—</span> <span class='ocrx_word' id='word_1_478' title='bbox 777 3003 794 3024; x_wconf 79' lang='lat' dir='ltr'>l·</span> <span class='ocrx_word' id='word_1_479' title='bbox 2115 3008 2127 3027; x_wconf 66' lang='grc' dir='ltr'><em>Ἰ</em></span> 
     </span>
    </p>
   </div>
   <div class='ocr_carea' id='block_1_8' title="bbox 2210 631 2483 703">
    <p class='ocr_par' dir='ltr' id='par_1_13' title="bbox 2210 631 2483 703">
     <span class='ocr_line' id='line_1_43' title="bbox 2251 631 2437 666; baseline 0.011 -11"><span class='ocrx_word' id='word_1_480' title='bbox 2251 631 2319 656; x_wconf 83' lang='lat'><strong>1392</strong></span> <span class='ocrx_word' id='word_1_481' title='bbox 2335 635 2363 657; x_wconf 87' lang='lat' dir='ltr'>et</span> <span class='ocrx_word' id='word_1_482' title='bbox 2376 640 2437 666; x_wconf 87' lang='lat' dir='ltr'>seq.</span> 
     </span>
     <span class='ocr_line' id='line_1_44' title="bbox 2210 675 2483 703; baseline 0.004 -2"><span class='ocrx_word' id='word_1_483' title='bbox 2210 675 2279 702; x_wconf 87' lang='lat' dir='ltr'>Cum</span> <span class='ocrx_word' id='word_1_484' title='bbox 2292 676 2483 703; x_wconf 76' lang='lat' dir='ltr'>Universitate</span> 
     </span>
    </p>
   </div>
   <div class='ocr_carea' id='block_1_9' title="bbox 2211 1325 2277 1351">
    <p class='ocr_par' dir='ltr' id='par_1_14' title="bbox 2211 1325 2277 1351">
     <span class='ocr_line' id='line_1_45' title="bbox 2211 1325 2277 1351; baseline 0 -1"><span class='ocrx_word' id='word_1_485' title='bbox 2211 1325 2277 1351; x_wconf 68' lang='lat'><strong>1394</strong></span> 
     </span>
    </p>
   </div>
   <div class='ocr_carea' id='block_1_10' title="bbox 2210 2020 2276 2045">
    <p class='ocr_par' dir='ltr' id='par_1_15' title="bbox 2210 2020 2276 2045">
     <span class='ocr_line' id='line_1_46' title="bbox 2210 2020 2276 2045; baseline -0.015 0"><span class='ocrx_word' id='word_1_486' title='bbox 2210 2020 2276 2045; x_wconf 72' lang='lat'>1395</span> 
     </span>
    </p>
   </div>
  </div>
 </body>
</html>
