2632 3464
329 451 381 478 757
826 450 940 476 LIBER
960 449 1271 476 PROCURATORUM
1290 449 1470 476 NATIONIS
1488 451 1732 478 ANGLICANAE
2192 454 2243 482 758

328 527 413 557 dium
436 527 546 568 pedem
571 527 610 556 de
631 533 714 557 terra
738 536 795 557 sua
813 537 851 556 oe
873 526 926 556 illo
945 526 1005 555 alio
1024 526 1167 555 transitu.
1192 525 1232 555 Et

328 576 474 616 promisit
496 583 568 606 tunc
598 576 752 616 deputatis
777 576 856 605 duos
880 575 995 615 digitos
1026 575 1075 604 vel
1100 580 1176 610 tres,
1202 581 1234 604 et

329 625 413 665 quod
428 626 597 655 faceremus
612 635 703 655 unam
717 624 837 654 literam
851 634 908 664 per
921 633 1029 653 manus
1041 623 1132 653 unius
1148 629 1232 653 nota—

327 674 367 704 rii
386 674 424 703 de
447 673 615 704 chasteleto
633 674 671 703 de
693 673 831 713 predicta
848 673 1024 702 concordia.
1042 673 1082 702 Et
1102 682 1231 712 respon-

327 723 440 753 derunt
453 722 585 762 predicti
603 722 740 762 deputati
757 722 840 762 qnod
857 722 916 751 ista
931 721 1064 751 libenter
1078 722 1230 752 referrent

326 771 359 801 in
373 772 502 802 nacione
517 777 548 801 et
566 771 628 801 sibi
644 767 831 811 responsum
846 771 878 800 in
891 771 979 801 brevi
996 771 1114 800 darent.
1129 773 1168 800 Et
1185 771 1230 800 sic

326 830 422 860 super
438 821 499 850 isto
521 821 622 860 primo
641 819 772 850 articulo
793 826 925 860 protunc
947 819 1149 850 deliberatum
1175 820 1231 850 suit

324 879 383 910 per
408 879 516 899 omnes
539 869 706 909 magistros
732 869 846 898 ibidem
867 869 1034 898 existentes
1058 870 1142 908 quod
1171 879 1229 899 nos

325 928 505 958 caperemus
518 918 594 948 illud
603 919 687 958 quod
699 918 737 947 ab
750 918 820 958 ipso
827 917 946 948 -habere
960 924 1138 957 peteremus
1152 917 1226 958 (sic),

324 966 444 997 scilicet
457 967 618 997 dimidium
631 967 742 1007 pedem
763 966 813 996 vel
829 966 960 1007 palmam
978 966 1027 996 vel
1047 968 1083 996 3·
1097 966 1225 1006 digitos,

324 1016 363 1045 ad
377 1016 467 1046 finem
481 1022 516 1046 ut
528 1015 667 1055 predicte
685 1015 768 1045 scole
782 1015 919 1055 poterint
933 1015 1083 1055 reparari,
1100 1022 1130 1045 et
1145 1017 1227 1056 quod

323 1065 362 1094 de
375 1064 434 1094 ista
447 1064 613 1094 concordia
625 1064 713 1094 fieret
727 1075 786 1094 una
798 1064 887 1094 litera
898 1074 956 1104 per
967 1074 1061 1094 unum
1074 1065 1225 1094 notarium

323 1112 505 1143 chastelleti.

362 1162 408 1191 2⁸¹·
423 1161 572 1192 articulus
595 1168 661 1192 erat
678 1172 771 1201 super
792 1162 1076 1202 supplicacionibus
1093 1169 1123 1192 et
1144 1162 1226 1202 inju-

322 1210 392 1246 riis,
409 1221 504 1251 super
518 1221 580 1251 quo
599 1211 695 1240 nichil
710 1217 852 1251 protunc.

362 1259 437 1289 ltem
474 1260 551 1290 facta
593 1259 839 1300 congregacione
881 1259 1102 1290 Universitatis
1145 1271 1226 1290 anno

322 1308 447 1339 Domini
461 1319 523 1348 quo
542 1319 649 1349 supra,
664 1308 780 1338 xxm·
792 1309 842 1338 die
858 1309 973 1339 mensis
987 1309 1136 1344 Januarii,
1149 1309 1225 1339 hora

319 1357 420 1398 prima
443 1357 556 1387 Nostre
580 1358 712 1387 Domine
741 1358 822 1397 apud
849 1357 993 1388 Sanctum
1023 1358 1222 1395 Maturinum‚

320 1406 416 1436 eciam
431 1406 486 1436 suit
498 1406 576 1436 facta
588 1407 793 1447 congregacio
809 1407 954 1446 specialis
963 1407 1102 1437 nacionis
1115 1407 1224 1449 Angli-

319 1464 395 1485 cane
410 1455 515 1485 eadem
528 1455 604 1485 hora
616 1465 710 1496 super
723 1456 844 1486 duobus
857 1456 1006 1486 articulis.
1023 1456 1148 1487 Primus
1158 1463 1224 1488 erat

318 1503 400 1533 idem
423 1514 492 1534 cum
521 1504 650 1534 articulo
677 1505 932 1545 congregacionis
960 1506 1168 1545 precedentis,
1193 1513 1224 1537 et

318 1551 377 1582 hoc
395 1559 460 1583 erat
476 1553 546 1583 ideo
571 1553 682 1583 factum
707 1559 741 1583 ut
763 1553 839 1583 illud
864 1554 974 1584 sactum
994 1555 1141 1584 transiret
1165 1565 1223 1595 per

318 1607 411 1631 totam
428 1602 597 1631 nacionem.
615 1602 716 1642 Super
731 1613 792 1642 quo
807 1602 936 1632 articulo
949 1603 1150 1634 deliberatum
1166 1605 1222 1634 fuit

317 1650 514 1680 concorditer
537 1651 662 1680 omnino
689 1652 796 1681 eodem
827 1652 918 1681 modo
950 1652 1038 1682 sicud
1064 1652 1095 1682 in
1119 1653 1221 1693 primo

316 1699 445 1729 articulo
456 1700 713 1740 congregacionis
725 1701 933 1739 precedentis,
947 1701 1019 1740 quia
1035 1708 1101 1731 erat
1115 1703 1220 1732 eadem

316 1748 453 1778 materia.
467 1747 514 1777 2¹¹·
525 1748 673 1778 articulus
688 1759 783 1788 super
798 1749 1082 1789 supplicacionibus
1097 1757 1127 1780 et
1139 1751 1221 1792 inju-

315 1797 383 1832 riis,
401 1807 496 1837 super
509 1807 571 1837 quo
584 1798 713 1828 articulo
727 1797 821 1828 nichil
834 1805 899 1828 erat
909 1805 1020 1834 actum,
1035 1805 1093 1829 etc.

356 1845 431 1876 Item
445 1846 522 1876 facta
535 1847 782 1888 congregacione
800 1847 939 1877 nacionis
954 1848 1125 1888 Anglicane
1139 1859 1219 1878 anno

316 1894 440 1924 Domini
461 1905 524 1935 quo
541 1905 646 1935 snpra,
671 1895 725 1926 lx·
744 1896 794 1926 die
811 1896 927 1926 mensis
946 1896 1117 1933 Februarii,
1138 1899 1218 1938 apud

315 1942 460 1973 Sanctum
493 1943 681 1974 Maturinum
710 1944 786 1974 bora
817 1945 915 1985 prima
945 1945 1058 1976 Nostre
1087 1946 1217 1976 Domine

314 2002 411 2032 super
428 1993 473 2022 4⁰²
488 1993 639 2023 articulis.

354 2040 478 2071 Primus
500 2047 566 2072 erat
587 2043 626 2071 ad
645 2042 829 2072 audiendum
851 2043 1035 2073 relacionem
1055 2045 1217 2084 deputato-

313 2099 380 2119 rum
399 2099 437 2119 ex
457 2097 545 2130 parte
565 2091 704 2121 nacionis
724 2101 819 2131 super
838 2092 916 2122 facto
938 2093 1089 2122 scolarum
1106 2101 1216 2132 septem

312 2140 427 2168 arcium
445 2145 504 2168 tam
523 2140 624 2179 quoad
647 2146 715 2170 acta
736 2140 767 2170 in
789 2141 917 2171 nacione
937 2141 1108 2178 Piccardie‚
1126 2153 1215 2182 quam

312 2188 413 2227 quoad
439 2188 620 2228 magistrum
645 2188 852 2219 Guilhelmum
879 2191 917 2219 de
946 2190 1116 2226 Sarsineto,
1145 2192 1216 2231 quia

311 2235 453 2266 Piccardi
470 2236 645 2276 petiverunt
658 2247 751 2267 unum
769 2238 879 2278 pedem
898 2245 979 2269 terre
995 2240 1026 2269 in
1042 2240 1135 2270 scolis
1150 2251 1215 2279 sep-

311 2292 368 2314 tem
380 2287 495 2315 arcium
510 2295 569 2325 pro
585 2286 637 2316 illa
654 2287 732 2316 turri
748 2286 860 2317 ibidem
878 2288 1032 2323 facienda.
1053 2299 1108 2328 per
1124 2299 1215 2330 quam

311 2333 477 2364 baberetur
505 2345 653 2365 assensus
680 2336 719 2365 ad
750 2336 850 2366 scolas
885 2338 1075 2377 superiores,
1100 2344 1131 2368 et
1156 2338 1214 2369 boc

310 2382 448 2422 prescise
464 2393 521 2423 pro
545 2383 599 2413 illo
622 2394 763 2414 assensu.
785 2385 822 2414 Et
840 2385 871 2414 in
888 2387 1018 2425 quadam
1042 2397 1214 2428 congrega·

309 2430 398 2461 cionc
412 2431 630 2462 Piccardorum
647 2433 678 2462 in
695 2432 807 2463 Sancto
816 2434 939 2464 Juliano
954 2435 1076 2465 iverunt
1089 2436 1212 2476 quidam

309 2480 446 2520 deputati
464 2490 501 2510 ex
519 2487 606 2520 parte
623 2482 762 2511 nacionis
781 2489 887 2512 nostre
908 2484 946 2512 ad
963 2484 1121 2514 nacionem
1141 2485 1213 2514 Pic-

308 2529 412 2559 cardie
435 2529 594 2560 offerendo
611 2530 657 2560 eis
676 2531 767 2560 istum
786 2532 905 2571 pedem,
926 2542 1017 2572 quem
1038 2533 1213 2572 petiverunt

309 2587 367 2617 pro
388 2577 440 2608 illa
464 2579 543 2608 turri
561 2579 711 2619 prescise,
733 2579 790 2610 hoc
812 2586 911 2610 tamen
933 2581 1037 2611 addito
1058 2583 1140 2622 quod
1160 2582 1212 2612 illa

308 2626 404 2656 turris
427 2627 622 2658 edificaretur
638 2629 785 2668 expensis
807 2629 1019 2660 communibus
1042 2637 1072 2661 et
1093 2631 1212 2671 equali-

308 2675 366 2705 bus
380 2676 536 2706 ambarum
553 2677 727 2713 nacionum,
747 2683 776 2707 et
794 2688 917 2718 semper
931 2678 971 2709 ita
989 2686 1166 2710 servaretur
1180 2681 1210 2710 in

306 2729 479 2763 posterum.
508 2724 548 2755 Et
571 2732 659 2756 erant
684 2727 820 2766 deputati
844 2727 987 2757 dominus
1008 2735 1208 2768 procurator,

306 2772 450 2803 domiuus
464 2780 624 2814 receptor,
643 2774 761 2805 scilicet
780 2776 927 2816 magister
946 2775 1076 2817 Egidius
1089 2778 1128 2807 de
1141 2777 1210 2808 Jut-

338 2863 359 2888 l.
394 2865 414 2889 1.
432 2873 446 2888 ε
469 2867 497 2889 ut
516 2865 653 2890 Boneda’do
670 2867 733 2891 ΧΙΙΙ
744 2870 859 2899 polentae
877 2869 1026 2900 conserendi
1042 2868 1164 2900 beneficia
1183 2871 1209 2894 ia

305 2906 383 2931 regno
407 2899 532 2924 hancine
555 2901 755 2927 subtraheretur.
775 2903 929 2928 Πιέραν-’ἄιε
949 2903 1041 2933 Parin..
1063 2912 1107 2929 neu
1122 2905 1209 2937 potia·

305 2934 488 2967 quamplurimi
511 2935 696 2966 naturantis,
711 2938 769 2970 jam
787 2946 830 2962 an.
852 2939 920 2967 1³⁹4,
935 2939 1076 2969 Februarii,
1090 2948 1208 2965 neaerae-

304 2973 373 2998 nuu,
387 2970 457 3002 quod
469 2972 573 3003 utrique
585 2972 692 2999 (mnae)
703 2973 875 2999 subtrabatur
886 2975 1036 2999 omnimoda
1047 2975 1206 3003 obedientia.

1285 725 1302 751 5

1266 970 1300 996 10

1263 1215 1296 1241 15

1260 1459 1294 1486 20

1258 1705 1291 1732 25

1255 1950 1289 1977 30

1253 2195 1286 2222 3⁵

1250 2440 1284 2467 40

1248 2684 1282 2711 45

1341 527 1415 562 saes,
1427 527 1574 566 magister
1588 527 1746 557 Arnoldus
1755 527 1893 567 Wtwyc,
1905 529 2052 568 magister
2066 529 2183 560 Franco
2203 532 2242 561 de

1341 575 1415 604 Delf
1438 582 1469 605 et
1491 576 1638 616 magister
1662 576 1818 606 lohannes
1849 577 1946 617 Dorp.
1978 578 2016 607 Et
2042 578 2124 608 istud
2152 580 2240 610 nacio

1339 623 1499 663 Piccardie
1514 625 1693 664 acceptavit.
1712 625 1751 654 Et
1762 626 1893 665 predicti
1911 627 2046 666 deputati
2062 628 2152 657 simul
2171 639 2238 659 cum

1339 672 1468 702 nacione
1493 673 1652 703 Piccardie
1675 674 1866 703 intraverunt
1887 675 2055 710 tabernam,
2075 683 2105 706 et
2126 677 2167 706 ibi
2193 678 2238 708 eis

1338 721 1515 761 propinavit
1531 729 1662 762 quatuor
1676 729 1800 762 quartas
1816 724 1853 752 de
1869 723 1988 753 meliori
2003 724 2086 759 vino,
2103 726 2239 756 valentes

1337 769 1411 800 Vlll
1427 770 1556 800 solidos.

1378 818 1469 849 Circa
1491 820 1600 850 factum
1621 820 1761 860 magistri
1780 820 1945 851 Guilhelmi
1967 823 2143 852 concordati
2166 831 2238 854 sunt

1337 868 1474 907 deputati
1498 879 1565 898 cum
1585 869 1667 899 dicto
1688 870 1836 909 magistro
1858 870 2043 906 Guilhelmo,
2071 874 2238 902 secundum

1336 918 1420 957 quod
1439 923 1551 947 tactum
1569 924 1616 948 est
1633 918 1664 947 in
1682 920 1980 958 congregacionibus
1998 922 2236 960 suprascriptis,

1336 966 1455 996 scilicet
1479 967 1563 1006 quod
1590 967 1691 996 dictus
1718 968 1864 1007 magister
1889 968 1974 998 dabit
2004 970 2124 999 nacioni
2152 970 2237 1000 illum

1335 1015 1509 1051 transitum,
1529 1026 1618 1056 quem
1641 1015 1731 1046 habet
1751 1016 1783 1046 in
1802 1017 1896 1046 scolis
1916 1025 2026 1056 septem
2048 1020 2162 1047 arcium
2175 1018 2238 1059 jam

1335 1065 1526 1094 obstructum
1541 1065 1638 1094 libere
1650 1071 1722 1100 etc.,
1734 1076 1772 1095 ex
1783 1066 1842 1095 alia
1856 1072 1942 1105 parte
1960 1068 2124 1097 earundem
2138 1068 2238 1098 scola-

1335 1123 1402 1143 rum
1427 1114 1571 1153 promisit
1593 1115 1666 1144 dare
1689 1125 1779 1144 unam
1803 1115 1932 1154 palmam
1956 1116 1994 1144 de
2016 1122 2098 1145 terra
2123 1127 2177 1146 sua
2199 1119 2237 1147 ad

1334 1162 1524 1192 latitudinem
1548 1163 1648 1203 palme
1670 1173 1740 1199 sue,
1765 1164 1804 1193 ad
1823 1164 1913 1193 finem
1935 1171 1967 1194 ut
1993 1175 2098 1195 murus
2120 1166 2170 1196 ille
2195 1167 2236 1197 sit

1333 1211 1479 1252 spissior,
1503 1213 1560 1242 sub
1579 1212 1630 1242 illa
1647 1212 1828 1243 condicione
1849 1214 1932 1253 quod
1955 1214 2042 1243 nacio
2064 1215 2234 1245 edificando

1332 1261 1488 1300 predictas
1501 1261 1602 1291 scolas
1616 1261 1705 1291 faciet
1714 1262 1827 1291 ibidem
1843 1272 1961 1292 murum
1975 1263 2123 1293 directum
2136 1275 2235 1304 usque

1332 1310 1371 1339 ad
1386 1316 1510 1346 tectum,
1529 1317 1560 1340 et
1576 1311 1676 1350 ipsum
1692 1310 1835 1340 liberabit
1846 1321 1863 1340 a
1874 1321 1948 1341 casu
1961 1322 2049 1352 aque.
2067 1313 2159 1342 Circa
2173 1314 2232 1343 ista

1331 1359 1441 1399 petivit
1455 1359 1612 1399 predictus
1627 1360 1773 1400 magister
1788 1360 1979 1390 Guilhelmus
1995 1362 2077 1400 quod
2091 1363 2232 1392 ostende-

1331 1414 1400 1438 rent
1428 1408 1488 1438 sibi
1511 1409 1648 1448 deputati
1671 1409 1809 1438 nacionis
1833 1410 1915 1449 quod
1940 1409 2088 1440 haberent
2111 1411 2233 1450 plenam

1329 1463 1512 1497 potestatem
1533 1458 1715 1487 terminandi
1734 1458 1817 1488 istud
1834 1459 1943 1488 factum
1963 1469 1999 1488 ex
2017 1466 2103 1499 parte
2126 1461 2231 1490 nacio-

1329 1506 1390 1536 nis.
1409 1506 1448 1536 Et
1463 1513 1551 1536 erant
1565 1507 1701 1546 deputati
1720 1514 1913 1546 procurator,
1931 1508 2073 1538 dominus
2090 1516 2233 1549 receptor

1329 1561 1360 1585 et
1373 1556 1520 1596 magister
1536 1555 1678 1586 Galterus
1693 1556 1871 1585 Forestarii.
1890 1556 1929 1586 Et
1940 1556 2037 1587 voluit
2051 1559 2134 1597 quod
2149 1558 2232 1588 istud

1329 1605 1544 1634 ostenderetur
1571 1605 1691 1634 notario
1719 1614 1777 1644 per
1806 1607 2053 1645 procuratorium
2077 1607 2142 1636 sive
2174 1618 2231 1647 per

1329 1653 1464 1693 sigillum
1479 1653 1629 1683 nacionis.

1367 1703 1414 1732 2¹¹·
1427 1702 1574 1732 articulus
1593 1702 1773 1742 principalis
1788 1703 1826 1732 ad
1846 1703 2049 1733 ordinandum
2065 1704 2228 1735 officiarios

1327 1751 1478 1787 nacionis,
1515 1751 1634 1781 scilicet
1667 1752 1890 1781 examinatores
1922 1752 2164 1783 bachalariorum
2199 1761 2230 1784 et

1327 1800 1422 1830 eciam
1437 1801 1476 1830 ad
1492 1801 1739 1830 distribuendum
1757 1811 1889 1830 menses.

1366 1850 1412 1879 3¹·-
1443 1849 1590 1879 articulus
1621 1856 1686 1880 erat
1717 1860 1811 1889 super
1845 1850 1999 1890 aliquibus
2030 1852 2226 1891 tangentibus

1326 1899 1484 1928 nacionem
1507 1905 1536 1928 et
1556 1899 1704 1928 honorem
1720 1899 1868 1928 nacionis.
1891 1898 1930 1928 Et
1948 1899 2036 1929 istius
2060 1907 2147 1930 erant
2167 1901 2226 1930 tria

1349 1953 1449 1977 uncta.

1325 1957 1346 1987 p
1365 1996 1502 2026 Primum
1526 2003 1592 2026 erat
1614 1998 1652 2026 ad
1675 1997 1853 2026 avisandum
1879 1998 2032 2037 quomodo
2062 1998 2225 2028 haberetur

1324 2045 1454 2085 pecunia
1462 2055 1519 2085 pro
1532 2046 1763 2075 reedificacione
1776 2046 1927 2075 scolarum
1937 2054 2047 2085 septem
2060 2049 2224 2082 arolam,et

1325 2094 1382 2124 hoc
1398 2095 1436 2124 de
1452 2094 1504 2124 illa
1521 2096 1611 2124 domo
1629 2096 1672 2124 ad
1686 2106 1777 2124 cornu
1791 2097 1870 2124 cervi
1884 2095 1943 2125 sita
1957 2095 1988 2124 in
2004 2102 2105 2125 monte
2121 2096 2225 2126 Sancti

1325 2142 1450 2179 Hilarii,
1472 2154 1531 2183 que
1551 2143 1686 2184 obligata
1709 2150 1756 2173 est
1779 2144 1899 2173 nacioni
1924 2144 1954 2173 in
1977 2154 2085 2184 magna
2107 2155 2225 2175 summa

1323 2192 1532 2232 pecuniarum.

1362 2242 1419 2271 2¹¹¹»
1451 2248 1596 2281 punctum
1630 2248 1695 2271 erat
1727 2243 1765 2271 ad
1799 2242 1932 2271 dandum
1962 2243 2139 2282 deputatos,
2167 2244 2221 2283 qui

1323 2289 1472 2320 haberent
1501 2301 1538 2320 ex
1564 2297 1649 2330 parte
1675 2291 1813 2320 nacionis
1842 2292 2029 2320 concordare
2062 2301 2129 2321 cum
2161 2292 2222 2321 isto

1322 2339 1446 2368 domino
1466 2339 1626 2379 preposito
1645 2339 1774 2369 ecclesie
1795 2340 1988 2375 Sohar-ensis,
2008 2340 2059 2379 qui
2077 2341 2223 2379 repetivit

1322 2387 1353 2416 in
1366 2387 1574 2418 Universitate
1592 2389 1713 2418 domum
1731 2389 1774 2417 ad
1788 2390 1956 2428 ymaginem
1972 2396 2067 2417 nostre
2084 2390 2221 2425 Domine,

1321 2436 1409 2466 sitam
1430 2437 1460 2466 in
1480 2437 1548 2467 vico
1572 2437 1710 2467 Brunelli
1730 2447 1767 2467 ex
1786 2443 1873 2477 parte
1896 2437 2035 2471 ecclesie,
2055 2437 2125 2477 quia
2147 2445 2222 2478 pre-

1320 2485 1402 2515 dicta
1420 2486 1529 2516 domus
1553 2492 1671 2526 spectat
1693 2487 1731 2515 ad
1754 2486 1913 2515 ecclesiam
1939 2486 2153 2516 Scharensem.
2182 2486 2222 2517 Et

1321 2540 1407 2564 erant
1427 2535 1564 2574 deputati
1579 2535 1639 2564 sibi
1654 2535 1715 2564 dati
1734 2535 1763 2564 in
1785 2535 2002 2570 Universitate‚
2019 2542 2049 2564 et
2067 2535 2111 2564 illi
2127 2536 2220 2565 ‹lede—

1320 2589 1391 2612 runt
1413 2583 1471 2612 sibi
1487 2584 1567 2613 ultra
1584 2584 1746 2624 deputatos
1767 2590 1829 2613 tres
1847 2594 1904 2624 pro
1925 2584 2004 2623 ipso,
2027 2590 2056 2613 et
2077 2590 2140 2613 tres
2162 2594 2220 2624 pro

1319 2632 1447 2662 nacione
1463 2639 1581 2667 nostra,
1596 2639 1654 2662 etc.

1359 2680 1430 2720 (Fol.
1448 2682 1496 2721 36)
1516 2682 1574 2711 3¹¹²·
1594 2687 1736 2721 punctum
1753 2687 1782 2710 et
1802 2681 1970 2720 principale
1988 2681 2077 2710 istius
2095 2681 2215 2711 articuli

1318 2735 1383 2759 erat
1400 2739 1494 2769 super
1509 2730 1647 2759 ulteriori
1667 2731 1757 2759 modo
1774 2730 1961 2769 procedendi
1980 2730 2010 2759 in
2030 2730 2108 2759 lacto
2128 2731 2218 2759 unio-

1318 2778 1367 2807 nis
1395 2788 1453 2818 per
1482 2778 1560 2808 viam
1592 2779 1827 2808 substractionis
1857 2778 2071 2808 beneficiorum
2084 2778 2107 2814 ⁴,
2144 2779 2215 2819 quia

1316 2873 1342 2895 et
1358 2870 1484 2895 beneficia
1502 2871 1670 2895 conferantur
1687 2879 1734 2903 per
1748 2870 1905 2899 ordinarios,
1923 2871 1946 2894 εἰ
1962 2871 2013 2894 duo
2025 2879 2109 2903 papae
2127 2872 2218 2896 cedem

1315 2905 1420 2930 mouent.
1432 2905 1484 2930 Vid.
1493 2906 1651 2930 Schedulam
1661 2914 1788 2930 commun.
1802 2906 1827 2930 c’n
1841 2906 2021 2934 Chortul..lll.
2034 2911 2061 2931 n·
2070 2907 2215 2931 malden-

1318 2941 1471 2966 vni-amitas
1488 2950 1530 2966 nn.
1547 2942 1615 2970 1³95.
1629 2943 1693 2975 Aug.
1707 2942 1745 2969 ³1,
1759 2941 1899 2974 proposuit.
1915 2941 1967 2965 Via.
1984 2941 2122 2968 Ιμτὶκι.
2137 2942 2215 2967 Thu.

1316 2985 1375 3002 nov,
1390 2978 1490 3006 anecd..
1505 2978 1537 3006 ll,
1549 2978 1618 3002 11³5.

2434 0 2450 17 =.
2461 0 2481 11 <¹
2495 0 2556 17 2⁸5.-

2557 0 2571 14 x,
2575 0 2615 15 ’.νυτ-

2616 0 2632 18 2⁶
