2632 3464
289 439 339 466 561
793 439 907 465 LIBER
928 437 1240 465 PROCURATORUM
1260 437 1440 463 NATIONIS
1459 438 1703 464 ANGLICANAE
2164 440 2215 466 562

289 521 355 544 stro
369 515 502 544 Johanni
521 516 560 544 de
579 514 757 555 Moguncia,
778 515 816 545 ad
839 525 914 544 usus
935 514 1016 544 dicte
1038 515 1149 543 domus
1168 520 1198 543 et

289 564 465 594 scolarium.
487 564 522 594 In
540 565 600 594 flue
619 565 714 594 eciam
733 564 815 594 dicte
834 563 1092 603 congregacit'mis
1109 563 1198 592 nacio

289 613 416 643 intravit
444 614 602 643 tabernam
629 614 674 642 ad
701 615 853 648 monetas,
884 619 914 642 et
942 612 1103 652 expositus
1134 619 1199 642 erat

288 661 404 692 ibidem
427 663 550 692 francus
575 672 665 702 quem
690 662 782 692 solvit
803 662 904 692 dictus
930 668 1114 702 procurator
1138 672 1198 702 pro

288 711 388 751 prima
401 711 624 750 procuratoria,
639 711 719 741 sicut
731 710 1036 741 consuetudinarium
1051 717 1108 740 est.

330 759 403 790 Item
414 760 484 800 ipso
493 759 559 790 die‘
570 761 651 790 beati
660 759 774 790 Matbei
782 760 927 800 apostoli,
937 760 1017 790 sicut
1024 761 1062 789 de
1070 759 1197 800 antiquo

288 819 374 838 more
389 810 585 839 observatum
598 809 689 839 estin
704 809 844 844 nacione,
862 810 938 839 facta
953 809 1009 839 fuit
1024 819 1199 849 congrega-

288 858 338 887 cio
356 858 495 888 nacionis
517 857 699 898 sollempnis
719 858 751 887 in
769 858 861 887 nonis
882 858 999 888 Nostre
1019 858 1150 888 Domine
1166 858 1197 888 in

289 907 402 936 Sancto
415 906 571 936 Maturino
583 917 679 947 super
692 907 830 937 articulis
845 907 1058 947 sequentibus.
1074 907 1198 937 Primus

287 956 326 985 ad
357 955 561 985 ordinandum
594 955 695 995 aliqua
730 956 813 985 circa
844 955 975 986 officium
1006 957 1196 996 receptorie‚

289 1015 384 1044 super
401 1004 514 1044 quibus
531 1011 715 1045 procurator
729 1011 817 1034 antea
829 1012 895 1035 erat
912 1005 1094 1045 requisitus,
1111 1005 1198 1035 scili-

288 1060 337 1083 cet
347 1054 378 1083 in
393 1053 592 1083 institucione
603 1064 658 1083 sua
671 1064 688 1083 a
705 1054 849 1094 pluribus
862 1054 1029 1094 magistris.
1049 1055 1197 1084 Ordinata

287 1109 386 1132 autem
410 1109 498 1132 erant
519 1109 650 1142 protunc
672 1104 733 1132 duo
757 1104 795 1132 de
817 1104 970 1133 communi
991 1114 1145 1133 consensu
1167 1110 1198 1134 et

287 1152 453 1181 concordia
469 1151 619 1182 nacionis.
637 1151 775 1182 Primum
795 1159 842 1182 est
857 1153 940 1192 quod
958 1152 985 1182 si
1003 1152 1198 1193 contingeret

286 1201 441 1230 nationem
454 1200 545 1230 alicui
560 1201 703 1241 graciose
719 1201 866 1241 pecunias
883 1201 1004 1231 debitas
1019 1212 1077 1242 pro
1091 1202 1196 1232 bursis

286 1250 336 1280 vel
352 1250 475 1279 aliunde
491 1250 618 1280 credere
631 1260 686 1280 seu
700 1251 899 1280 accomodare
910 1261 1009 1291 usque
1026 1252 1063 1280 ad
1079 1258 1196 1282 certum

286 1299 450 1328 terminum
468 1308 525 1338 per
541 1299 701 1328 nacionem
719 1299 780 1328 sibi
796 1299 959 1335 indultum,
975 1299 1087 1340 positis
1102 1301 1196 1330 certis

286 1347 470 1388 pigneribus
485 1347 554 1377 loco
569 1348 737 1383 caucionis,
754 1354 899 1388 receptor
916 1349 968 1388 qui
983 1359 1042 1389 pro
1056 1355 1196 1389 tempore

287 1396 380 1426 fuerit
401 1397 557 1427 tenebitur
579 1397 680 1427 statim
700 1396 876 1437 hujusmodi
897 1398 1027 1438 pignera
1045 1408 1197 1438 procura-

287 1451 354 1475 tore
391 1452 422 1475 et
455 1445 579 1475 bedello
614 1446 811 1486 presentibus
848 1457 965 1486 ponere
999 1448 1038 1476 ad
1073 1447 1195 1477 archam

286 1494 426 1524 nacionis
447 1505 516 1524 cum
537 1495 738 1535 apposicione
759 1495 808 1525 vel
826 1495 1014 1526 consucione
1030 1497 1138 1526 cedule
1157 1497 1196 1526 ad

285 1543 368 1573 dicta
385 1543 516 1584 pignera
534 1544 721 1574 continentis
737 1554 848 1573 nomen
863 1545 1015 1575 debitoris
1030 1552 1061 1576 et
1073 1547 1197 1586 quanti-

285 1598 377 1622 tatem
393 1593 524 1632 pecunie
544 1593 604 1622 sibi
626 1593 754 1628 credite.
773 1599 803 1623 et
821 1594 904 1633 quod
925 1594 956 1623 in
978 1595 1196 1635 redempcione

285 1643 450 1682 pignerum
468 1648 651 1681 procurator
670 1648 699 1671 et
722 1642 862 1672 bedellus
877 1649 911 1672 ut
926 1643 1015 1683 prius
1034 1650 1197 1674 teneantur

286 1690 451 1728 interesse,
467 1697 497 1720 et
509 1697 694 1730 procurator
710 1692 865 1721 tenebitur
877 1692 908 1721 in
923 1692 999 1722 actis
1015 1703 1070 1723 sue
1085 1704 1195 1733 procu-

286 1739 400 1769 ratorie
414 1739 555 1780 predicta
572 1740 697 1780 signare
715 1740 803 1770 sicud
819 1747 973 1781 receptor.

324 1788 371 1817 2⁸¹·
385 1788 500 1828 placuit
514 1788 647 1824 nacioni.
660 1795 690 1819 et
704 1789 859 1819 ordinavit
869 1791 963 1829 quod,
979 1791 1050 1830 quia
1064 1791 1194 1821 officium

285 1837 457 1878 receptorie
492 1838 660 1868 secundum
694 1839 948 1868 consuetudinem
980 1840 1120 1870 nacionis
1149 1848 1196 1871 est

285 1886 453 1925 an[n]uale‚
470 1886 496 1916 si
515 1893 585 1916 ante
602 1887 693 1916 linem
707 1887 779 1917 anni
794 1888 988 1928 contingeret
1003 1897 1194 1930 receptorem

284 1945 303 1964 a
319 1935 460 1965 Parisius
478 1936 624 1966 recedere
638 1936 687 1966 vel
704 1937 866 1973 decedere,
883 1944 934 1967 aut
951 1938 1045 1968 eciam
1063 1939 1194 1969 officium

285 1983 439 2014 dimittere
464 1994 518 2014 seu
542 1985 714 2026 resignare,
742 1993 886 2026 receptor
908 1986 960 2016 ille
985 1997 1046 2017 non
1071 1988 1195 2018 habebit

285 2039 467 2073 potestatem
488 2034 695 2064 substituendi
714 2035 806 2065 alium
831 2042 882 2066 aut
900 2036 1110 2067 committendi
1134 2038 1193 2067 sibi

284 2082 370 2112 vices
383 2092 455 2112 suas
472 2093 526 2112 seu
540 2083 746 2113 transferendi
762 2083 794 2113 in
807 2084 908 2124 ipsum
926 2086 1106 2116 auctoritate
1121 2097 1194 2126 pro-

285 2130 354 2171 pria
376 2131 507 2161 officium
531 2133 716 2171 receptorie‚
740 2134 795 2162 sed
817 2134 972 2164 tenebitur
994 2141 1082 2164 antea
1105 2146 1194 2166 suum

285 2189 443 2210 recessum
463 2180 511 2210 vel
537 2181 781 2221 resignacionem
803 2183 926 2212 nacioni
943 2184 1147 2221 denunciare;
1165 2192 1196 2215 et

285 2229 373 2258 nacio
400 2229 557 2259 ordinabit
583 2236 613 2259 et
639 2231 816 2272 providebit
838 2232 877 2261 de
903 2233 1119 2263 substituendo
1141 2235 1194 2274 qui

284 2277 416 2307 officium
432 2279 589 2308 exercebit
601 2289 699 2319 usque
711 2280 748 2309 ad
763 2280 894 2310 reditum
912 2280 996 2311 illius
1009 2283 1192 2322 receptoris‚

285 2326 311 2356 si
330 2326 409 2356 infra
425 2327 588 2357 terminum
608 2328 655 2358 sui
671 2329 741 2358 anni
760 2329 898 2365 redierit,
914 2336 965 2360 aut
984 2331 1036 2370 qui
1055 2332 1148 2361 stabit
1163 2332 1194 2361 in

284 2375 384 2406 officio
417 2386 514 2416 usque
549 2377 586 2406 ad
614 2377 704 2406 finem
738 2378 820 2413 anni.
855 2378 881 2408 si
912 2379 1082 2410 decesserit
1113 2380 1193 2411 idem

284 2431 428 2464 receptor
444 2425 493 2454 vel
508 2425 608 2455 officio
625 2427 862 2457 renunciaverit.

322 2473 413 2503 Alius
434 2474 581 2504 articulus
604 2482 669 2505 erat
689 2476 727 2505 ad
749 2475 924 2516 eligendum
949 2484 1141 2517 receptorem
1163 2486 1194 2509 et

283 2522 322 2551 ad
341 2522 526 2552 audiendum
541 2530 716 2564 computum
736 2525 853 2564 antiqui
870 2526 1053 2566 receptoris.
1072 2527 1192 2558 Dilatus

283 2577 349 2601 erat
363 2578 526 2611 computus
536 2582 635 2612 usque
649 2574 687 2602 ad
700 2573 870 2613 proximam
885 2574 1064 2605 electionem
1078 2587 1192 2616 procu-

283 2619 407 2649 ratoris.
433 2620 558 2651 Electus
578 2627 678 2651 autem
701 2629 766 2652 erat
787 2623 818 2652 in
835 2630 1026 2663 receptorem
1045 2635 1063 2654 a
1085 2625 1191 2666 majori

282 2674 370 2708 parte
396 2669 536 2700 nacionis
565 2671 713 2710 magister
734 2670 891 2702 «lohannes
914 2673 952 2702 de
977 2673 1109 2709 Stralen‚
1138 2675 1190 2715 qui

283 2717 384 2746 statim
416 2724 489 2757 post
521 2719 797 2759 congregacionem
833 2721 960 2751 tradidit
987 2728 1018 2752 et
1048 2724 1191 2763 exposuit

283 2765 418 2795 francum
430 2767 518 2796 sicud
536 2768 631 2798 moris
644 2775 691 2798 est
706 2779 765 2809 pro
783 2770 998 2809 potacionibus
1015 2772 1046 2800 in
1062 2774 1190 2812 epilogio

285 2815 398 2844 Gillete'.
412 2814 439 2844 A
454 2816 593 2855 predicta
605 2823 705 2847 tamen
718 2817 872 2848 eleccione
883 2819 1030 2859 magister
1044 2820 1188 2852 Nicolaus

316 2925 338 2949 1.
372 2925 399 2949 21
412 2926 539 2958 Septemb.

314 2961 337 2984 2.
370 2961 465 2994 Agitur
475 2961 509 2986 dc
522 2962 613 2987 nuntio
626 2962 663 2987 ad
673 2971 766 2997 regem.

362 3006 476 3027 Auentina·
487 3006 611 3028 marui-rio·
621 3007 709 3029 {Iniun-
721 3009 788 3031 Paeo.
798 3020 824 3026 —
838 3009 855 3030 l-

1236 961 1269 986 10

1235 1206 1268 1231 15

1233 1451 1268 1477 20

1233 1697 1266 1722 25

1232 1942 1266 1968 30

1231 2188 1265 2214 35

1231 2433 1264 2459 40

1228 2680 1261 2706 45

1307 514 1345 542 de
1372 513 1515 542 Haerlem
1545 524 1578 543 se
1605 515 1686 543 dicte
1720 515 1863 544 electioni
1893 518 2082 555 opponendo
2107 517 2216 556 appel-

1308 562 1391 591 lavit.

1716 658 1813 688 1378

1308 727 1587 766 [Procuratoria
1613 738 1702 768 mag.
1734 729 1838 758 Helie
1873 740 1939 758 van
1966 731 2033 759 den
2062 731 2212 770 Oerde]

1347 809 1419 849 (Fal.
1439 810 1485 848 18)
1497 809 1588 839 Anno
1600 809 1723 839 Domini
1739 810 1903 840 millesimo
1919 811 2036 841 CCC¹¹¹⁰
2049 812 2214 848 LXXVIII,

1307 858 1357 887 die
1376 857 1460 898 jovis
1482 869 1542 898 que
1565 859 1620 888 suit
1639 858 1755 888 xxm·
1773 860 1889 889 mensis
1914 860 2117 900 SeptembriS‚
2142 864 2217 892 sacta

1307 907 1553 948 congregacione
1585 909 1723 937 nacionis
1754 908 1925 949 Anglicane
1955 912 2036 949 apud
2073 911 2215 941 Sanctum

1305 956 1460 986 sulianum
1478 967 1642 996 pauperem
1664 957 1739 986 hora
1760 958 1928 997 primarum
1951 959 2063 989 Nostre
2087 961 2217 991 Domine

1306 1006 1344 1035 ad
1357 1006 1541 1035 audiendum
1558 1013 1732 1046 compotum
1750 1008 1935 1046 recepturis,
1955 1009 2129 1048 eligendum
2147 1021 2215 1050 pro-

1306 1061 1490 1090 curatorem,
1508 1062 1537 1084 et
1550 1056 1587 1084 ad
1606 1056 1853 1095 supplicandum,
1872 1059 2059 1097 computavit
2073 1060 2216 1090 dominus

1306 1110 1461 1143 receptor,
1474 1105 1527 1143 qui
1540 1105 1652 1134 mansit
1664 1105 1820 1144 obligatus
1833 1107 1954 1135 nacioni
1967 1107 2110 1138 omnibus
2123 1119 2216 1149 expo-

1307 1152 1376 1182 sitis
1385 1153 1543 1183 desalcatis
1559 1153 1591 1182 in
1607 1164 1722 1183 summa
1737 1153 1792 1184 VII
1808 1154 1927 1191 libram,
1938 1156 1964 1185 X
1980 1156 2109 1186 solidor.
2129 1165 2158 1187 et
2172 1158 2215 1188 111

1306 1203 1461 1232 denarior.
1481 1202 1550 1231 Fuit
1567 1209 1666 1232 autem
1684 1203 1800 1233 electus
1820 1203 1851 1233 in
1866 1211 2095 1244 procuratorem
2111 1207 2217 1237 nacio-

1306 1251 1355 1280 nis
1371 1251 1518 1291 magister
1532 1251 1646 1291 Helyas
1662 1263 1718 1282 van
1737 1253 1797 1282 den
1811 1253 1913 1283 Oerde
1927 1254 2135 1294 Trajectensis
2148 1257 2217 1286 dio-

1306 1300 1399 1330 cesis.
1424 1300 1458 1330 ln
1480 1300 1567 1341 cujus
1590 1302 1802 1340 procuratoria
1826 1303 1902 1332 sacta
1921 1304 2047 1334 fuerunt
2073 1305 2132 1334 ista
2155 1316 2214 1345 que

1306 1356 1488 1389 sequuntur.

1346 1399 1451 1428 Primo
1484 1399 1516 1428 in
1547 1400 1652 1428 eadem
1684 1401 1928 1440 congregacione
1963 1402 2109 1442 magister
2140 1404 2214 1434 Otto

1305 1447 1489 1487 Thunnync,
1513 1448 1564 1488 qui
1577 1447 1638 1488 jam
1660 1449 1690 1478 in
1704 1449 1785 1478 dicta
1801 1451 2046 1490 congregacione
2063 1462 2214 1492 procura-

1304 1497 1414 1526 toriam
1442 1497 1670 1536 resignaverat,
1704 1498 1830 1528 tradidit
1857 1500 2011 1539 receptori
2038 1501 2098 1530 duo
2130 1509 2214 1532 scuta

1306 1546 1450 1575 faciencia
1463 1545 1619 1576 XXXVIII
1639 1546 1757 1576 solidos
1772 1547 1937 1587 parisiens.
1955 1550 2075 1579 nacioni
2091 1551 2186 1581 missa
2198 1562 2215 1581 a

1305 1595 1453 1634 magistro
1465 1595 1622 1634 Wyskino
1636 1597 1753 1625 decano
1770 1597 1900 1627 ecclesie
1917 1597 2122 1629 Caminensis.

1346 1644 1380 1673 ln
1400 1645 1459 1673 fine
1477 1644 1572 1674 eciam
1590 1645 1848 1685 congregacionis
1866 1647 1953 1676 nacio
1971 1647 2096 1678 intravit
2109 1650 2212 1679 taber-

1304 1703 1373 1722 nam
1407 1693 1519 1722 dictam
1548 1694 1659 1730 tur-bot,
1691 1694 1743 1724 ubi
1776 1695 1876 1725 dictus
1909 1704 2104 1736 procurator,
2140 1699 2211 1738 quia

1304 1742 1392 1781 prius
1407 1753 1469 1771 non
1489 1743 1587 1772 suerat
1605 1750 1798 1783 procurator,
1816 1745 1959 1784 exposuit
1976 1746 2060 1776 XVII
2081 1747 2211 1784 solidos,

1304 1797 1334 1820 et
1353 1791 1484 1831 quilibet
1505 1792 1653 1832 magister
1671 1792 1783 1822 ibidem
1807 1794 1945 1824 existens
1966 1795 2024 1824 ΧΠ
2049 1797 2210 1832 denarios,

1303 1850 1365 1869 non
1381 1841 1522 1870 obstante
1538 1842 1621 1880 quod
1634 1841 1735 1871 dictus
1749 1842 1896 1882 magister
1911 1843 2026 1883 Helyas
2040 1855 2096 1884 pro
2113 1846 2212 1876 futura

1304 1899 1358 1919 sua
1368 1890 1583 1929 procuratoris
1598 1890 1685 1930 prius
1700 1901 1793 1921 unum
1807 1892 1943 1922 francum
1959 1901 2155 1933 exposuerat.
2173 1895 2211 1925 Et

1303 1938 1361 1968 hoc
1374 1945 1456 1968 nota.

1344 1988 1419 2018 Item
1439 1989 1488 2018 die
1508 1988 1590 2024 lune,
1606 1999 1665 2029 que
1690 1990 1745 2019 suit
1767 1990 1883 2020 mensis
1899 1990 1962 2031 jam
1978 1992 2052 2021 dicti
2068 1993 2207 2029 xxvll·‚

1305 2037 1381 2066 facta
1404 2038 1650 2078 congregacione
1670 2039 1804 2069 omnium
1830 2040 2046 2079 magistrorum
2070 2042 2209 2071 nacionis

1302 2086 1472 2126 Anglicane
1486 2097 1542 2126 per
1550 2086 1755 2127 juramentum
1769 2089 1849 2128 apud
1863 2089 2006 2119 Sanctum
2022 2090 2207 2121 Maturinum

1303 2145 1398 2175 super
1428 2136 1629 2175 expedicione
1654 2137 1791 2173 nuncii²,
1819 2138 1850 2167 in
1875 2149 1935 2178 qua
1965 2141 2209 2179 congregacione

1303 2190 1390 2214 erant
1409 2185 1471 2214 dati
1488 2185 1624 2225 deputati
1647 2196 1742 2226 super
1765 2188 1843 2217 facto
1863 2189 1978 2222 nuncii,
2002 2189 2053 2228 qui
2080 2196 2209 2229 propter

1303 2234 1450 2273 quasdam
1472 2233 1577 2264 literas
1599 2245 1615 2263 a
1633 2235 1757 2265 domino
1779 2246 1853 2276 rege
1877 2237 2075 2267 Universitati
2097 2238 2207 2268 missas

1303 2282 1396 2312 nichil
1414 2283 1706 2314 determinaverunt.

1342 2331 1439 2361 ltem⁸
1467 2333 1517 2362 die
1542 2332 1714 2368 Michaelis,
1740 2343 1799 2373 que
1826 2334 1882 2364 suit
1911 2335 1978 2364 dies
2008 2336 2151 2364 mercurii
2179 2342 2208 2365 et

1301 2379 1414 2410 XX1x=
1430 2382 1546 2411 mensis
1569 2382 1714 2422 predicti,
1738 2383 1936 2423 congregatis
1958 2385 2038 2423 apud
2063 2384 2205 2414 Sanctum

1302 2429 1487 2460 Maturinum
1512 2437 1714 2471 procuratore
1733 2437 1763 2461 et
1784 2439 1943 2471 receptore
1973 2433 2092 2462 noviter
2109 2433 2206 2463 electo

1301 2479 1456 2518 (videlicet
1467 2480 1535 2519 ipso
1546 2480 1596 2509 die
1609 2480 1723 2510 Mathei
1737 2490 1796 2520 que
1813 2481 1868 2510 suit
1882 2482 1949 2510 dies
1964 2482 2070 2511 martis
2083 2489 2112 2511 et
2123 2482 2205 2511 XXl·

1300 2527 1368 2557 dies
1393 2529 1508 2558 mensis
1538 2529 1679 2568 predicti)
1703 2530 1847 2559 videlicet
1875 2530 2013 2559 Johanne
2054 2532 2091 2560 dc
2117 2531 2205 2560 Stra-

1300 2577 1362 2611 len,
1383 2583 1413 2607 et
1424 2578 1550 2618 antiquo
1562 2585 1733 2618 receptore,
1750 2579 1893 2608 videlicet
1906 2580 2052 2618 magistro
2072 2580 2204 2609 Martino

1299 2626 1337 2655 de
1349 2626 1462 2666 Delph‚
1478 2627 1592 2656 ibidem
1614 2628 1771 2667 magistris
1786 2628 1923 2657 Jordano
1940 2629 1977 2657 de
1990 2628 2098 2662 Clivis,
2114 2630 2151 2658 G.
2166 2631 2203 2658 de

1299 2675 1428 2711 Calkar,
1466 2675 1604 2705 Johanne
1639 2676 1766 2711 Webel,
1795 2676 1943 2706 Nicholao
1975 2678 2013 2706 dc
2044 2677 2202 2713 fluertem,

1300 2723 1445 2764 Philippo
1461 2724 1581 2765 Pinghe
1594 2731 1624 2754 et
1635 2725 1765 2765 Hugone
1776 2726 1814 2754 de
1831 2726 1981 2755 Hervorst
1994 2727 2202 2766 presentibus,

1297 2783 1404 2803 omnes
1416 2773 1486 2803 libri
1498 2774 1617 2803 nacioni
1628 2774 1754 2814 repositi
1768 2774 1796 2803 in
1808 2774 1989 2814 pigneribus
1998 2775 2064 2804 sine
2077 2786 2203 2806 numero

1298 2823 1527 2862 reponebantur
1544 2823 1575 2852 in
1591 2823 1681 2852 archa
1697 2823 1846 2853 nacionis.

1327 2934 1351 2957 3.
1385 2935 1456 2965 Quae
1472 2935 1613 2965 aequantur
1629 2941 1708 2965 euque
1728 2942 1754 2965 p.
1772 2935 1826 2961 58³,
1845 2935 1858 2957 7
1881 2934 1906 2957 {n
1924 2937 1979 2958 mv·
1993 2938 2124 2967 ponuntur
2143 2938 2202 2959 ante

1299 2977 1325 3001 p.
1339 2969 1393 2998 56³,
1406 2969 1446 2993 114.

2107 3016 2132 3035 Μ
