2632 3464
296 438 351 465 449

298 515 330 544 in
346 520 580 554 procuratorem
595 514 724 550 electus,
743 514 883 554 quamvis
901 513 1005 548 vellet,
1023 518 1208 552 procurato-

298 563 374 593 riam
389 564 523 593 refutare
539 569 657 603 posset.

338 612 413 642 Item
431 612 706 642 subdeterminavit
725 611 868 642 dominus
885 610 1074 640 Wilhelmus
1088 609 1206 639 Fenton

296 670 356 701 pro
382 661 508 690 domino
544 661 660 691 Jacobo
696 661 786 695 Lion,
811 659 898 700 cujus
922 661 1018 689 bursa
1046 658 1072 688 V
1100 659 1204 689 solidi.

298 709 465 740 Satisfecit.

337 758 412 788 Item
430 758 706 789 subdeterminavit
721 758 864 788 dominus
881 757 1039 787 ¹lohannes
1057 757 1206 787 Lubberti

295 817 354 847 pro
383 808 508 838 domino
533 807 674 838 Johanne
697 807 790 843 Gout,
824 806 911 847 cujus
937 807 1032 836 bursa
1057 807 1075 836 3
1100 806 1203 836 solidi.

298 856 465 887 Satisfecit.

336 905 412 935 Item
447 905 722 935 subdeterminavit
752 905 895 934 dominus
927 905 942 934 J
947 904 1084 934 ohannes
1120 904 1204 944 Gray

296 954 408 984 Scotus
431 964 490 994 pro
509 954 634 984 domino
657 954 752 984 Petro
773 953 926 989 Trebron,
951 953 1037 994 cujus
1061 954 1156 983 bursa
1178 953 1205 983 V

295 1002 401 1038 solidi,
417 1002 458 1033 Vl
476 1003 606 1033 denarii.
626 1002 794 1033 Satisfecit.

334 1051 410 1082 Item
439 1052 716 1082 subdeterminavit
749 1051 893 1081 dominus
933 1051 1049 1091 Symon
1080 1051 1203 1091 Creycb

295 1100 407 1131 Scotus
426 1110 485 1141 pro
507 1101 632 1131 domino
655 1100 796 1131 Gerardo
812 1100 936 1136 Visker,
953 1100 1040 1141 cujus
1062 1101 1157 1131 bursa
1177 1100 1204 1130 V

293 1149 397 1185 solidi,
414 1149 455 1179 VI
468 1150 598 1179 denarii.
613 1149 779 1180 Satisfecit.

334 1198 409 1228 Item
425 1199 501 1228 sacta
515 1199 763 1239 congregacione
778 1199 918 1228 nacionis
932 1198 1016 1228 XVI·
1027 1199 1078 1229 die
1093 1199 1202 1229 Marcii

293 1247 370 1277 bora
383 1247 550 1285 primarum
565 1249 647 1288 apud
663 1248 807 1278 Sanctum
822 1247 976 1278 Julianum
994 1258 1090 1288 super
1101 1249 1202 1278 tribus

291 1296 442 1331 articulis,
467 1297 587 1336 primus
604 1297 643 1326 ad
664 1297 843 1332 videndum,
859 1307 898 1326 au
920 1297 992 1326 libri
1007 1297 1038 1326 in
1058 1307 1120 1327 uno
1140 1298 1202 1327 far-

291 1344 374 1375 dello
400 1345 487 1385 ligati
512 1355 570 1385 per
601 1345 781 1386 magistrum
811 1346 982 1376 Sanderum
1009 1347 1048 1376 de
1072 1346 1202 1377 Livonia

291 1400 402 1434 rogatu
415 1404 472 1424 suo
487 1395 525 1424 ad
540 1394 663 1424 archam
688 1394 828 1424 nacionis
845 1395 992 1435 depositi,
1011 1395 1145 1425 Johanni
1162 1397 1201 1426 de

293 1443 404 1473 Prusia
423 1444 626 1483 pertinentes,
647 1449 682 1473 ut
703 1443 863 1484 predictus
881 1444 1029 1484 magister
1042 1444 1200 1475 Sanderus

245 1530 247 1533 ,
291 1492 444 1522 fatebatur
465 1498 496 1522 et
509 1498 543 1522 ut
563 1492 595 1521 in
619 1492 728 1522 cedula
745 1492 874 1522 fardello
895 1493 1039 1533 colligata
1058 1494 1200 1524 contine-

290 1541 391 1576 batur,
407 1541 490 1571 dicto
505 1541 639 1571 Johanui
654 1542 693 1571 de
704 1541 816 1572 Prusia
832 1541 931 1572 libros
944 1552 1018 1572 suos
1034 1543 1198 1582 repetenti,

290 1590 356 1620 sive
378 1589 471 1630 jussu
498 1590 639 1630 magistri
673 1590 804 1620 Sanderi
832 1590 983 1621 librorum
1012 1592 1050 1621 ad
1077 1592 1199 1622 archam

289 1639 503 1680 depositorum
547 1639 618 1679 ipso
664 1640 808 1675 absente,
853 1640 1003 1670 deberent
1045 1641 1196 1681 expediri.

289 1687 425 1718 Nacione
457 1687 620 1718 informata
645 1689 729 1728 quod
760 1695 870 1728 petens
896 1688 995 1719 libros
1022 1690 1078 1720 fuit
1105 1701 1198 1721 verus

286 1736 445 1767 Johannes
459 1737 498 1766 de
521 1737 644 1774 Prusia,
665 1737 713 1767 cui
734 1737 807 1767 libri
825 1738 1043 1778 principaliter
1060 1739 1198 1779 pertine-

287 1786 371 1821 bant,
402 1785 596 1822 deliberavit,
626 1786 687 1816 sibi
710 1786 809 1816 libros
831 1797 886 1817 seu
915 1787 1074 1818 fardellum
1101 1799 1198 1829 expe-

286 1834 419 1865 diendos
431 1841 462 1865 et
475 1834 696 1865 restituendos.
708 1835 747 1866 Et
763 1835 818 1866 suit
830 1836 891 1866 sibi
907 1837 1054 1867 fardellus
1069 1838 1198 1868 firmiter

286 1884 382 1913 corda
405 1883 530 1924 ligatus,
549 1883 577 1913 V
595 1884 710 1924 sigillis
730 1884 888 1925 signatus,
912 1886 1018 1916 eadem
1050 1887 1100 1917 die
1127 1894 1198 1927 post

286 1932 449 1972 prandium
465 1932 664 1963 deliberatus.

325 1981 372 2010 2⁸·
385 1981 534 2011 articulus
548 1981 603 2012 fuit
611 1982 649 2012 ad
658 1983 864 2013 statuendum.
879 1983 919 2013 Et
930 1985 1126 2024 propositum
1141 1986 1198 2016 fuit

284 2029 317 2059 in
334 2029 393 2060 ista
412 2030 673 2070 congregacione,
698 2031 800 2072 primo
819 2033 957 2062 nundum
983 2033 1060 2064 alias
1078 2044 1196 2074 propo-

285 2078 389 2114 situm,
406 2080 489 2119 quod
505 2079 667 2119 expediret
681 2086 828 2116 statuere,
843 2091 998 2122 nunquam
1014 2082 1046 2112 in
1061 2083 1195 2114 futurum

284 2127 411 2158 divitem
431 2129 542 2158 bursas
564 2128 685 2159 solvere
702 2134 859 2169 potentem
883 2130 915 2160 in
935 2131 1037 2161 medio
1053 2131 1195 2170 Quadra-

283 2177 402 2216 gesime
426 2177 692 2207 subdeterminare
707 2188 817 2218 posse,
836 2188 1054 2220 nunquamque
1075 2191 1195 2221 paupe·

283 2235 348 2255 rem
361 2225 393 2255 in
407 2225 565 2266 principio
581 2227 800 2263 determinare,
814 2228 892 2258 visis
906 2229 1064 2259 nonnullis
1076 2231 1193 2261 nostris

283 2274 476 2314 temporibus
507 2275 731 2311 determinare,
759 2276 933 2317 bursasque
967 2287 1038 2308 suas
1070 2280 1193 2310 racione

283 2323 523 2353 determinancie
556 2324 676 2354 debitas
707 2334 863 2365 exponere
891 2326 1080 2363 nolentibus,
1106 2329 1192 2368 prius

284 2381 375 2412 quam
390 2382 424 2402 se
441 2373 479 2402 ad
498 2382 626 2403 examen
643 2373 779 2404 viderint
792 2381 930 2410 vocatos,
956 2386 1018 2415 quo
1036 2377 1143 2407 molito
1163 2384 1194 2408 et

284 2430 341 2460 per
357 2427 524 2461 sequentes
539 2421 571 2451 in
583 2423 838 2453 consuetudinem
854 2424 946 2454 ducto
964 2425 1051 2455 nacio
1068 2427 1193 2457 defrau-

283 2469 419 2506 daretur,
434 2476 526 2510 atque
546 2470 606 2501 sibi
622 2481 718 2511 super
737 2471 797 2502 isto
817 2473 983 2514 dampnum
999 2474 1194 2515 contingeret

283 2517 384 2558 ingeri
405 2525 437 2549 et
457 2520 612 2559 generari.
632 2520 735 2558 Quare
756 2520 871 2560 placuit
895 2522 1038 2553 omnibus
1061 2530 1193 2563 protunc

283 2567 482 2607 presentibus
499 2568 558 2598 hoc
570 2578 627 2609 per
637 2570 761 2599 modum
776 2570 969 2610 expedientis
984 2573 1190 2603 statuendum.

322 2616 369 2646 3·-
387 2616 536 2647 articulus
554 2617 610 2647 ruit
624 2618 662 2647 ad
683 2618 930 2658 supplicandum.
952 2619 991 2650 Et
1007 2621 1194 2661 supplicavit

283 2665 430 2704 magister
439 2665 594 2696 Jordanus
605 2666 643 2696 de
656 2665 766 2702 Clivis,
779 2677 892 2708 regens
905 2668 943 2699 de
959 2679 1046 2700 mane
1057 2670 1087 2700 in
1097 2670 1192 2701 scolis

282 2713 372 2743 novis
397 2713 600 2754 Anglicorum
623 2725 719 2755 super
742 2722 866 2752 terram,
900 2717 1003 2748 multis
1034 2720 1192 2750 narracio-

283 2762 375 2792 nibus
412 2763 575 2803 premissis
610 2764 759 2795 intentum
795 2775 884 2796 suum
918 2768 1189 2806 persuadentibus,

283 2810 427 2850 quatinus
439 2813 587 2852 expensis
599 2813 739 2844 nacionis
750 2814 837 2845 fleret
849 2825 941 2845 unum
955 2815 1122 2847 hostiolam
1135 2827 1190 2848 seu

282 2869 410 2899 parvum
442 2859 577 2892 bostium
609 2862 689 2892 infra
720 2872 863 2904 magnum
893 2863 1027 2895 bostium
1052 2866 1190 2906 predicte

314 2958 336 2983 l.
371 2960 418 2983 Νι.
434 2967 531 2985 ceram.
543 2974 572 2980 —
583 2961 636 2987 Sei!
640 2980 694 2988 .....
712 2971 800 2988 σοι-ιιι
807 2967 897 2996 ponem
909 2965 1034 2998 adjuncta
1046 2969 1113 2991 eune.

366 3005 481 3025 Auel-tium
490 3005 614 3027 Chnnnlcn't'
624 3006 711 3028 vniam.
723 3007 790 3030 Pmn.
801 3019 826 3024 —
838 3008 855 3029 Ι.

804 438 919 465 LIBER
939 435 1252 464 PROCURATORUM
1273 435 1452 462 NATIONIS
1471 436 1717 462 ANGLICANAE

1241 957 1276 984 10

1240 1202 1274 1229 15

1237 1447 1272 1474 20

1235 1693 1270 1720 25

1234 1938 1268 1965 ³0

1231 2184 1266 2210 35

1229 2429 1264 2456 40

1229 2674 1263 2701 45

2170 437 2222 464 450

1317 512 1412 546 scole,
1431 513 1469 541 de
1490 522 1552 551 quo
1580 512 1648 551 ipse
1668 512 1783 541 clavem
1804 519 1887 542 esset
1907 519 2096 552 portaturus,
2118 514 2226 543 volens

1316 561 1420 600 legere
1445 567 1622 600 aperturus,
1641 567 1670 590 et
1696 567 1768 600 post
1795 571 1829 590 se
1856 561 1987 590 lectione
2007 561 2084 591 facta
2105 563 2225 592 reclau-

1316 619 1421 645 surus,
1439 610 1484 639 sic
1499 611 1582 649 quod
1598 620 1722 649 semper
1737 610 1768 639 in
1784 609 1870 639 horis
1887 611 2140 640 extraordinariis
2155 622 2225 651 pre-

1315 659 1396 688 dicte
1421 658 1506 688 scole
1531 665 1636 688 essent
1661 658 1998 699 clause‚‚preterquam
2020 661 2144 699 quando
2164 662 2225 690 sibi

1315 708 1504 743 constiterit,
1531 708 1562 736 in
1585 708 1735 747 predictis
1754 708 1875 748 aliquos
1895 709 2009 737 debere
2035 709 2101 738 fieri
2123 709 2224 739 scola-

1315 757 1411 787 sticos
1424 763 1521 786 actus.
1542 757 1582 786 Et
1597 763 1820 787 concesserunt
1833 767 1940 786 omnes
1957 758 2045 787 istam
2065 759 2222 798 supplica-

1314 806 1446 841 cionem,
1462 812 1567 846 preter
1580 812 1823 845 procuratorem,
1843 816 1906 835 non
1923 813 2019 836 totum
2035 808 2089 836 sed
2105 814 2223 847 partem

1314 856 1544 890 concedentem,
1563 854 1681 884 scilicet
1703 861 1737 884 ut
1758 855 1889 895 ipsemet
1903 856 2050 895 magister
2068 856 2223 887 Jordanus

1314 904 1427 934 faceret
1439 904 1553 944 apponi
1570 914 1670 934 seram
1683 903 1705 934 ⁴.

1355 953 1430 983 Item
1445 953 1523 982 facta
1541 954 1786 993 congregacione
1808 954 1947 983 nacionis
1964 954 2032 983 xx·
2047 955 2096 984 die
2115 955 2223 985 Marcii

1312 1002 1389 1032 hora
1401 1003 1570 1042 primarum
1580 1003 1663 1042 apud
1679 1002 1823 1032 Sanctum
1839 1003 2026 1033 Maturinum
2039 1004 2077 1032 ad
2089 1010 2223 1034 statuen-

1313 1052 1384 1082 dum
1402 1051 1450 1081 vel
1469 1053 1508 1081 ad
1530 1051 1735 1081 ordinandum
1755 1052 1792 1081 de
1813 1052 1941 1082 articulo
1962 1054 2124 1082 statuendo
2148 1064 2222 1093 pre-

1312 1101 1430 1140 scripto
1439 1111 1499 1130 una
1507 1111 1574 1130 cum
1586 1106 1700 1130 statuto
1707 1101 1871 1140 proposito
1882 1101 1968 1136 alias,
1976 1102 2095 1132 scilicet
2105 1102 2221 1132 nullum

1311 1160 1405 1190 posse
1426 1160 1481 1179 seu
1507 1150 1620 1179 debere
1641 1150 1774 1179 refutare
1796 1150 2063 1189 procuracionem,
2090 1152 2221 1191 deputa-

1311 1199 1430 1229 cionem
1450 1199 1498 1228 vel
1523 1209 1747 1238 quamcumque
1773 1198 1861 1228 aliam
1889 1200 2136 1230 commissionem
2161 1201 2221 1230 sibi

1310 1258 1367 1288 per
1386 1248 1546 1278 nacionem
1569 1258 1606 1277 ex
1631 1248 1780 1277 electione
1801 1247 1939 1278 collatam
1958 1259 2012 1278 seu
2033 1250 2219 1288 deputatam,

1310 1298 1371 1327 nisi
1397 1297 1599 1329 excusacione
1620 1296 1757 1336 legitima
1777 1303 1948 1333 constante,
1974 1305 2104 1338 propter
2130 1309 2219 1339 quam

1309 1347 1397 1376 nacio
1413 1346 1522 1375 merito
1547 1356 1637 1385 quem
1665 1346 1792 1375 deberet
1809 1353 2006 1386 supportare,
2031 1348 2086 1377 suit
2106 1348 2137 1377 in
2161 1349 2219 1378 ista

1310 1395 1556 1435 congregacione
1571 1395 1614 1430 2¹,
1629 1405 1723 1434 super
1736 1395 1796 1424 isto
1807 1395 1936 1425 articulo
1953 1397 2115 1426 statuendo
2130 1398 2217 1433 facta,

1309 1445 1511 1474 deliberatum
1531 1451 1561 1474 et
1585 1444 1760 1474 ordinatum
1782 1444 1926 1474 minutam
1947 1446 1985 1474 de
2005 1445 2065 1475 isto
2089 1447 2219 1476 articulo

1309 1493 1540 1528 conficiendam,
1555 1500 1585 1522 et
1597 1493 1734 1532 predicta
1745 1493 1914 1523 secundum
1923 1495 2005 1534 quod
2017 1495 2137 1525 suerunt
2147 1506 2218 1535 pro·

1308 1543 1411 1583 posita
1427 1543 1491 1571 fore
1507 1543 1682 1572 statuenda.

1350 1592 1425 1621 Item
1456 1592 1534 1621 sacta
1564 1591 1660 1620 tercia
1693 1591 1759 1621 vice
1796 1592 2042 1632 congregacione
2078 1593 2217 1623 nacionis

1307 1641 1427 1670 xxln·
1453 1640 1503 1670 die
1530 1640 1638 1670 Marcii
1670 1639 1746 1670 hora
1773 1640 1941 1680 primarum
1967 1642 2049 1681 apud
2072 1641 2216 1672 Sanctum

1306 1690 1461 1720 Julianum
1480 1690 1512 1719 in
1537 1689 1687 1719 electione
1707 1689 1838 1719 rectoris
1861 1700 1956 1729 super
1976 1691 2083 1720 eodem
2109 1691 2217 1721 imme-

1307 1739 1387 1769 diate
1402 1745 1597 1779 prenarrato‚
1611 1738 1785 1768 ordinatum
1801 1745 1832 1768 et
1844 1738 2046 1769 deliberatum
2061 1740 2116 1770 suit
2130 1741 2215 1780 peni-

1306 1794 1356 1818 tus
1374 1788 1543 1818 secundum
1558 1788 1641 1827 quod
1657 1787 1759 1827 prius.
1777 1787 1816 1817 Et
1834 1788 1889 1818 suit
1908 1788 1940 1817 in
1960 1789 2065 1818 eadem
2081 1799 2216 1830 congre-

1306 1837 1435 1878 gacione
1457 1837 1573 1866 electus
1597 1836 1628 1865 in
1645 1836 1808 1866 intrantem
1827 1847 1884 1877 pro
1909 1837 2059 1867 electione
2084 1839 2214 1869 rectoris

1306 1886 1455 1926 magister
1472 1885 1630 1915 Mer-cilius
1655 1885 1692 1915 de
1712 1885 1841 1925 lnghen.
1862 1886 1967 1926 Aliqui
1985 1886 2035 1916 alii
2056 1887 2214 1928 supplica-

1305 1941 1427 1971 verunt,
1443 1941 1675 1974 verumptamen
1689 1934 1733 1964 nil
1750 1935 1961 1971 obtinuerunt,
1974 1942 2032 1965 etc.

1345 1984 1418 2024 (lv-ol.
1445 1985 1483 2014 40
1498 1983 1533 2024 b)
1555 1984 1629 2013 ltem
1653 1984 1729 2013 facta
1745 1985 1991 2024 congregacione
2009 1985 2147 2015 nacionis
2161 1986 2214 2015 vla

1305 2033 1354 2063 die
1372 2033 1491 2072 Aprilis
1514 2032 1590 2062 hora
1608 2033 1775 2072 primarum
1795 2034 1875 2072 apud
1894 2033 2037 2063 Sanctum
2059 2034 2212 2065 Julianum

1304 2083 1342 2112 ad
1360 2082 1609 2122 supplicandum,
1627 2081 1814 2122 supplicavit
1835 2082 1982 2122 magister
2000 2083 2157 2113 ,lohannes
2175 2085 2213 2113 de

1305 2131 1423 2171 lnghen
1437 2131 1521 2170 quod
1534 2130 1636 2160 rotulo
1650 2141 1707 2170 pro
1723 2141 1804 2160 nunc
1817 2131 1965 2161 mittendo
1978 2138 2130 2172 tamquam
2143 2143 2211 2173 pre-

1303 2189 1377 2210 sens
1394 2180 1607 2209 admitteretur
1630 2179 1759 2219 imponi,
1784 2190 1851 2210 cum
1871 2181 1909 2210 de
1927 2181 2012 2210 curia
2029 2182 2156 2211 veniens
2174 2183 2211 2211 ad

1303 2229 1431 2269 patriam
1457 2229 1604 2269 gradiens
1623 2235 1653 2258 et
1681 2229 1712 2258 in
1739 2229 1826 2259 brevi
1851 2230 1941 2259 suerit
1971 2240 2153 2260 reversurus
2183 2238 2212 2260 et

1303 2278 1438 2308 studium
1466 2277 1712 2307 continuaturus.
1745 2278 1937 2318 Supplicavit
1967 2279 2046 2308 ultra
2072 2281 2154 2319 quod
2185 2281 2210 2309 si

1302 2327 1424 2356 interim
1448 2337 1527 2366 papa
1551 2327 1718 2356 decedente
1743 2327 1833 2356 alium
1860 2328 2054 2367 contingeret
2078 2328 2209 2358 rotulum

1303 2376 1439 2411 formari,
1458 2376 1566 2405 eodem
1591 2376 1682 2405 modo
1705 2375 1749 2405 illi
1772 2382 1804 2405 ut
1823 2386 1955 2416 presens
1981 2377 2210 2416 permitteretur

1301 2425 1430 2464 imponi,
1458 2424 1568 2454 solutis
1592 2424 1761 2454 solvendis.
1794 2425 1833 2454 Et
1853 2425 1908 2455 fuit
1932 2425 2122 2465 supplicacio
2144 2425 2209 2466 ejus

1301 2483 1450 2503 concessa
1474 2474 1581 2503 eodem
1603 2474 1706 2509 modo,
1733 2484 1794 2513 quo
1820 2473 1950 2503 aliorum
1970 2474 2071 2504 taliter
2089 2475 2208 2514 suppli-

1301 2523 1438 2552 cancium
1452 2522 1575 2552 fuerunt
1585 2532 1744 2558 concesse,
1754 2523 1898 2552 videlicet
1910 2523 1940 2552 in
1950 2530 2094 2563 quantum
2105 2524 2210 2563 possi-

1300 2571 1361 2601 bile
1383 2572 1438 2602 fuit
1459 2571 1586 2601 concedi
1602 2581 1619 2601 a
1642 2572 1799 2612 magistris
1820 2582 1876 2611 pro
1906 2578 1976 2601 tunc
1998 2573 2206 2612 congregatis,

1301 2620 1368 2650 sine
1382 2619 1555 2661 prejudicio
1568 2619 1696 2660 alicujus
1714 2620 1835 2650 illorum
1854 2627 1986 2660 protunc
2001 2628 2208 2661 congregato-

1300 2679 1379 2699 rum.

1341 2718 1416 2748 ltem
1436 2718 1615 2748 licenciatus
1637 2725 1685 2748 est
1705 2719 1849 2748 dominus
1866 2718 2024 2748 Johannes
2044 2718 2126 2749 Gout
2149 2720 2206 2749 sub

1299 2767 1448 2808 magistro
1463 2767 1604 2797 Marcilio
1628 2767 1666 2797 de
1685 2767 1814 2807 1nghen,
1830 2766 1917 2807 cujus
1944 2768 2037 2797 bursa
2061 2767 2086 2796 V
2101 2768 2204 2803 solidi,

1301 2816 1360 2846 1111
1373 2817 1502 2846 denarii.
1522 2816 1630 2846 Posuit
1642 2816 1785 2856 pignora.
