2632 3464
286 466 338 492 465

328 541 402 572 Item
420 541 579 571 Arnoldus
600 542 639 571 de
667 541 765 571 Ghise
787 541 845 570 sub
876 539 1026 578 magistro
1050 537 1193 567 Waltero

286 590 445 626 Venedou,
465 589 553 630 cujus
567 592 662 620 bursa
675 589 736 620 llll
754 589 858 619 solidi.

326 639 401 670 ltem
419 639 535 670 Paulus
546 639 710 674 Johannis,
726 638 779 679 qui
795 637 1010 667 determinavit
1022 637 1082 666 sub
1094 635 1194 675 magi-

285 694 351 719 stro
365 689 483 719 Thoma
498 689 536 718 de
550 688 687 723 Harlem,
705 686 793 727 cujus
807 688 903 716 bursa
915 685 973 715 Vll
988 685 1093 715 solidi.

326 737 400 767 Item
416 738 560 768 dominus
579 737 736 767 lohannes
750 736 789 766 de
810 736 949 775 Kempen
965 735 1022 764 sub
1042 734 1193 774 magistro

285 786 427 816 Marcilio
441 788 480 816 de
491 786 622 827 1nghen,
632 785 720 826 cujus
729 786 824 815 bursa
834 783 876 814 Vl
890 783 994 819 solidi,
1004 783 1044 813 Vl
1061 783 1191 813 denarii.

286 835 443 866 Satisfecit
459 836 490 865 in
505 835 703 876 pignoribus.

326 884 401 914 Item
425 884 476 914 die
495 882 588 914 lune*
613 889 684 923 post
709 883 886 912 brandones
914 882 991 911 facta
1018 891 1193 921 congrega-

286 934 375 963 cione
405 933 546 963 nacionis
572 932 751 972 regencium
774 937 804 961 et
828 941 890 960 non
923 930 1102 971 regeneium
1138 940 1194 970 per

285 981 488 1022 juramentum
506 991 602 1022 super
618 981 828 1011 declaracione
845 980 950 1015 rotuli,
967 980 1020 1019 qui
1039 986 1145 1010 essent
1160 979 1192 1009 in

285 1041 323 1061 eo
335 1038 498 1071 presentes
512 1031 562 1060 vel
578 1040 652 1066 non,
671 1029 859 1060 declaratum
876 1029 932 1059 fuit
949 1029 1146 1059 concorditer
1163 1035 1194 1058 et

285 1080 447 1110 diffinitum
464 1089 522 1120 per
538 1089 659 1115 omnes,
677 1079 761 1119 quod
776 1078 821 1108 illi
839 1078 892 1118 qui
909 1084 1049 1118 tempore
1066 1077 1194 1107 conclu-

285 1129 384 1159 sionis
398 1128 492 1159 rotuli
507 1128 556 1158 vel
566 1139 584 1158 a
598 1134 738 1168 tempore
751 1127 902 1157 ordinarii
914 1127 1056 1157 Parisius
1070 1127 1194 1157 suerunt

285 1188 343 1218 pro
373 1178 476 1208 studio
501 1187 602 1217 usque
624 1177 663 1207 ad
689 1183 811 1217 tempus
840 1175 1018 1206 emissionis
1042 1175 1192 1216 ejusdem,

284 1232 391 1257 essent
401 1236 509 1256 omnes
525 1232 702 1266 presentes,
719 1231 750 1256 et
770 1225 902 1265 quilibet
916 1225 1090 1255 volencium
1107 1224 1194 1254 inro-

284 1275 376 1306 tulari
403 1285 496 1306 unum
518 1275 661 1305 frankum
678 1275 829 1310 solveret3
852 1274 905 1314 qui
926 1283 1002 1304 vero
1022 1281 1095 1314 post
1117 1284 1194 1304 con-

284 1324 455 1355 clusionem
479 1324 574 1354 rotuli
598 1324 782 1364 inceperunt
803 1330 833 1353 et
854 1330 994 1363 tempore
1015 1323 1194 1354 emissionis

284 1383 348 1404 non
376 1379 464 1404 erant
491 1379 668 1414 presentes,
705 1372 961 1412 supervenientes
998 1378 1192 1412 reputantur.

286 1421 438 1453 Similiter
459 1429 489 1452 et
505 1422 556 1452 alii
578 1422 731 1462 magistri,
749 1422 803 1462 qui
825 1421 897 1451 licet
915 1427 1054 1461 tempore
1066 1421 1195 1452 conclu-

287 1471 386 1502 sionis
412 1477 500 1501 erant
526 1471 684 1512 magistri,
707 1471 844 1501 nondum
865 1477 966 1500 tamen
992 1476 1080 1500 erant
1104 1470 1194 1500 Pari-

285 1521 364 1556 sius,
380 1520 453 1550 licet
463 1526 574 1561 postea
588 1530 646 1560 per
660 1519 786 1560 aliquod
801 1526 923 1559 tempus
934 1526 1192 1559 supervenerunt,

286 1576 316 1599 et
338 1576 478 1610 tempore
504 1569 682 1599 emissionis
704 1569 798 1599 rotuli
822 1578 884 1598 non
909 1569 1032 1598 suerunt
1047 1567 1072 1604 ²,
1105 1569 1195 1598 simi-

285 1618 356 1648 liter
380 1618 637 1658 supervenientes
659 1623 857 1658 reputantur,
884 1623 915 1647 et
935 1617 1068 1657 quilibet
1087 1628 1192 1648 eorum

284 1667 403 1698 XXIIII
420 1667 540 1697 solidos
562 1677 621 1708 pro
636 1666 860 1697 inrotulacione
875 1666 1022 1696 solveret.
1044 1666 1104 1704 Qui
1119 1677 1194 1697 vero

284 1726 340 1746 nec
357 1722 496 1756 tempore
513 1715 735 1751 conclusionis,
755 1725 812 1745 nec
827 1715 1018 1751 emissionis,
1036 1726 1092 1745 nec
1112 1715 1194 1746 inte-

284 1765 343 1795 rim
357 1765 500 1795 Parisius
511 1765 635 1796 suerunt
649 1774 742 1794 causa
760 1764 868 1800 studii,
885 1765 1030 1794 absentes
1046 1771 1195 1805 reputan-

284 1820 336 1844 tur
349 1820 380 1844 et
398 1823 505 1846 eorum
528 1813 660 1854 quilibet
683 1813 950 1844 inrotulandorum
972 1814 1051 1843 duos
1072 1815 1194 1844 francos

284 1862 430 1893 solveret.

325 1913 397 1952 (1²01.
416 1911 476 1951 45).
499 1911 573 1942 ltem
592 1911 670 1942 sacta
695 1911 945 1952 congregacione
974 1911 1193 1942 Universitatis

284 1960 335 1991 die
347 1961 472 1991 veneris
482 1959 495 1979 ⁸
505 1966 574 1990 ante
589 1960 871 1990 Annunciacionem
887 1961 974 1991 beate
991 1961 1089 1991 Marie
1101 1971 1196 2001 super

280 2008 465 2050 juramentis
490 2009 685 2045 nunciorum,
699 2008 883 2050 juraverunt
899 2019 936 2039 ex
957 2015 1030 2039 tunc
1047 2016 1195 2040 consueta

283 2058 465 2099 juramenta.
481 2058 597 2088 Eadem
610 2058 685 2088 hora
700 2058 732 2088 in
749 2059 879 2089 nacione
894 2065 1001 2088 nostra
1013 2059 1052 2089 de
1063 2059 1195 2099 pecunia

284 2108 434 2138 tradenda
447 2107 570 2137 bedello
583 2107 749 2143 communi,
766 2107 886 2137 scilicet
901 2107 957 2137 XV
974 2108 1108 2143 francos,
1126 2118 1194 2138 mu-

285 2156 382 2187 tuavit
399 2156 542 2186 dominus
563 2162 708 2197 receptor
721 2156 844 2186 nacioni
861 2162 926 2187 tres
944 2157 1066 2187 francos
1077 2156 1090 2176 ⁴
1111 2167 1190 2198 mag.

285 2204 445 2235 Marcilius
464 2205 503 2234 de
524 2204 643 2245 lnghen
666 2203 710 2234 lll
731 2205 866 2240 francos,
887 2215 966 2245 mag.
986 2205 1194 2245 Limphardus

284 2254 323 2284 de
337 2253 460 2284 Dattlen
479 2255 494 2283 1
514 2254 662 2289 francum,
680 2263 760 2294 mag.
781 2253 914 2284 Thomas
929 2255 968 2284 de
981 2254 1081 2284 Clivis
1097 2254 1125 2285 ll
1140 2255 1191 2291 sr.,

284 2312 366 2343 mag.
381 2302 537 2332 Jordanus
552 2303 590 2332 de
601 2302 701 2333 Clivis
716 2309 780 2332 tres
794 2303 845 2338 fr„
864 2312 945 2343 mag.
961 2302 1141 2333 Gherardus
1155 2304 1193 2334 de

286 2351 402 2382 Kalker
430 2351 475 2381 111
501 2352 554 2387 fr.,
581 2351 654 2391 quia
684 2357 795 2381 extunc
829 2352 918 2382 nacio
941 2351 1104 2392 pecuniam
1129 2363 1192 2382 non

285 2400 403 2435 habuit,
430 2406 461 2430 et
490 2400 641 2440 predictis
669 2400 827 2440 magistris
861 2401 899 2430 de
931 2401 1030 2441 prima
1061 2402 1193 2441 pecunia

287 2449 416 2479 levanda
429 2449 551 2479 solvere
562 2450 717 2489 promisit.

326 2497 401 2528 ltem
434 2498 778 2528 subdeterminaverunt
803 2499 947 2528 dominus
980 2498 1123 2530 Andreas
1154 2500 1193 2530 de

286 2546 469 2582 Lederdam,
481 2553 512 2577 et
526 2546 640 2577 Petrus
650 2547 823 2583 Michaelis,
838 2557 968 2587 quorum
979 2548 1074 2578 bursa
1084 2547 1191 2578 nichil.

326 2594 402 2626 Item
417 2595 693 2626 subdeterminavit
717 2596 862 2626 dominus
882 2596 1063 2627 Gherardus
1086 2596 1193 2627 Mach-

285 2650 374 2684 gaert
399 2645 457 2674 sub
483 2644 633 2684 magistro
657 2644 798 2676 ,Iohanne
827 2644 962 2681 Stralen‚
988 2644 1074 2685 cujus
1099 2646 1193 2676 bursa

286 2691 343 2723 Vll
358 2692 463 2723 solidi.
483 2693 639 2723 satisfecit
651 2693 683 2723 in
697 2694 842 2735 pignore.

327 2740 402 2771 Item
434 2741 709 2773 subdeterminavit
742 2743 887 2773 dominus
930 2742 1101 2783 Falkyland
1135 2744 1193 2774 sub

318 2846 342 2870 1.
376 2846 405 2870 12
417 2846 514 2871 Martii.

317 2881 342 2906 2.
375 2882 424 2907 ue.
435 2885 506 2906 aaut.

318 2917 342 2941 8.
375 2917 406 2941 2³
419 2917 517 2941 Martii.

318 2953 342 2976 k.
375 2952 512 2977 Nacioni...
523 2953 636 2982 ῐηιιοοι,
644 2956 763 2986 alpanum
772 2962 842 2986 mag.
852 2954 967 2979 Thomas
975 2958 1022 2979 etc.
1030 2955 1115 2980 deleta
1123 2959 1192 2981 eune.

318 2989 342 3011 ὗ.
375 2987 475 3012 Abhinc
486 2990 585 3012 tutam
596 2997 687 3013 manus
694 2990 882 3021 procuratoris.

370 3033 483 3053 Auctor-'un
496 3033 621 3054 Clo-mlum
631 3033 719 3055 Unioen.
730 3034 795 3055 Paria.
807 3046 832 3051 -—
843 3034 859 3055 Ι.

795 463 910 491 LIBER
930 461 1240 490 PROCURATORUM
1258 461 1439 488 NATIONIS
1456 461 1703 488 ANGLICANAE

1231 981 1265 1008 10

1231 1226 1264 1252 15

1231 1471 1265 1497 20

1232 1715 1266 1741 25

1232 1961 1266 1988 30

1231 2205 1265 2232 35

1230 2452 1264 2479 40

1230 2697 1264 2724 45

2161 466 2212 492 466

1302 537 1452 578 magistro
1474 537 1649 567 Guilhelmo
1667 538 1819 572 Trebron,
1840 538 1926 578 cujus
1950 541 2044 569 bursa
2065 540 2091 568 V
2107 541 2209 571 solidi.

1303 585 1460 616 Satisfecit
1478 586 1509 615 in
1523 587 1666 626 pignore.

1344 635 1419 665 Item
1435 636 1711 665 subdeterminavit
1725 636 1869 666 dominus
1887 637 2065 667 Alexander
2083 639 2120 667 de
2138 639 2212 668 Dal—

1302 693 1418 724 garnoc
1431 685 1490 714 sub
1505 685 1654 724 magistro
1666 684 1837 714 Wilhelmo
1852 685 2005 721 Trebron,
2016 685 2103 726 cujus
2119 688 2211 717 bursa

1301 732 1342 762 Vl
1359 733 1463 763 solidi.
1491 733 1590 763 Solvit
1610 735 1624 763 1
1649 735 1805 770 francum;
1825 735 1863 764 de
1881 735 2007 764 residuo
2032 735 2063 764 in
2082 737 2212 776 pignore

1303 782 1462 812 satisfecit.

1344 831 1418 861 Item
1440 831 1620 862 licenciatus
1638 839 1686 862 est
1702 832 1846 862 dominus

1302 879 1486 910 Lambertus
1503 882 1542 910 de
1560 880 1697 911 Ghelria.
1930 883 1988 911 sub
2021 883 2171 922 magistro

1343 929 1418 959 Item
1436 929 1616 960 licenciatus
1637 937 1684 960 est
1703 930 1847 960 dominus
1890 930 2007 960 Thoma
2037 932 2075 960 de
2114 932 2212 962 Clivis

1302 978 1457 1008 Henricus
1468 980 1506 1008 de
1516 979 1698 1020 Odendorp,
1716 989 1847 1020 quorum
1891 980 1923 1009 in
1933 980 2034 1020 prima
2050 981 2211 1011 audicione

1301 1028 1397 1058 bursa
1418 1034 1536 1068 septem
1559 1029 1663 1058 solidi.
1687 1029 1848 1058 Satisfece-
1917 1029 2032 1059 Nostre
2068 1030 2209 1060 Domine.

1301 1083 1374 1107 runt
1388 1077 1479 1106 simul
1496 1078 1527 1106 in
1542 1077 1686 1117 pignore.

1343 1126 1417 1155 Item
1439 1126 1619 1156 licenciatus
1646 1133 1693 1157 est
1715 1127 1858 1156 dominus
1882 1127 2040 1157 Johannes
2057 1129 2095 1157 de
2117 1129 2211 1158 Wol-

1301 1182 1371 1215 gast
1402 1176 1460 1205 sub
1491 1176 1640 1215 magistro
1667 1176 1808 1206 Johanne
1831 1177 1870 1206 de
1896 1176 2030 1206 Saxonia
2055 1177 2087 1206 in
2114 1178 2211 1217 prima

1302 1225 1464 1254 audicione
1473 1224 1587 1255 Nostre
1600 1225 1744 1260 Domine,
1760 1224 1847 1265 cujus
1860 1226 1955 1255 bursa
1963 1225 2002 1255 Vl
2016 1237 2042 1256 s.
2057 1226 2212 1256 Satisfecit

1302 1274 1334 1303 in
1349 1274 1494 1314 pignore.

1714 1329 1812 1358 1375

1302 1393 1571 1424 Procuratoria
1598 1395 1772 1434 magistri
1797 1395 1983 1425 Johannis
2014 1395 2088 1426 Koc
2117 1407 2211 1426 anno

1495 1442 1644 1473 Domini
1675 1444 1720 1473 M⁰
1743 1443 1838 1474 CCC⁰
1864 1444 2020 1474 LXXllll.

1344 1519 1418 1549 ltem
1437 1519 1567 1558 septima
1590 1519 1640 1548 die
1658 1519 1775 1549 mensis
1797 1519 1917 1559 Aprilis
1945 1521 2022 1550 sacta
2037 1530 2211 1561 congrega-

1303 1568 1391 1598 cione
1409 1568 1548 1597 nacionis
1573 1569 1655 1608 apud
1675 1568 1819 1598 Sanctum
1839 1569 1995 1599 sulianum
2020 1570 2057 1599 ad
2082 1569 2212 1599 audien-

1302 1618 1374 1647 dum
1392 1623 1569 1657 computum
1584 1618 1758 1658 receptoris
1773 1624 1804 1648 et
1817 1619 1856 1647 ad
1869 1618 2045 1658 eligendum
2062 1629 2211 1658 procura-

1302 1672 1413 1702 torem,
1433 1672 1462 1696 et
1477 1666 1581 1696 audito
1599 1673 1743 1706 compoto
1762 1668 1924 1697 tenebatur
1942 1668 2097 1708 receptori
2123 1668 2211 1698 nacio

1303 1715 1359 1754 [in]
1371 1715 1399 1745 11
1411 1715 1512 1750 libris,
1531 1715 1572 1745 lx
1588 1716 1709 1751 solidis,
1720 1716 1748 1745 11
1761 1716 1909 1752 denariis,
1926 1722 1956 1746 et
1971 1723 2036 1746 erat
2049 1723 2211 1756 compotus

1303 1765 1503 1804 approbatus.
1519 1764 1558 1794 Et
1573 1764 1689 1795 electus
1703 1765 1759 1795 suit
1774 1765 1804 1794 in
1817 1772 2050 1805 procuratorem
2062 1766 2211 1806 magister

1302 1813 1460 1844 Johannes
1479 1813 1554 1843 Koc.

1344 1862 1420 1892 Item
1440 1873 1477 1892 ex
1501 1869 1573 1893 tunc
1596 1863 1783 1903 supplicavit
1806 1870 1950 1904 receptor
1973 1864 2125 1894 declarari
2151 1865 2211 1894 sibi

1302 1922 1361 1952 per
1397 1912 1573 1948 nadonem,
1611 1919 1659 1948 ut,
1693 1913 1724 1942 in
1758 1923 1831 1942 casu
1867 1923 1928 1953 quo
1960 1913 2141 1943 Lambertus
2173 1915 2210 1943 de

1303 1960 1429 1990 Ghelria
1451 1961 1490 1990 ad
1505 1971 1574 1990 eum
1588 1971 1647 2001 pro
1667 1962 1772 1991 bursis
1795 1962 1966 2002 magisterii
1980 1962 2112 1997 veniret,
2133 1973 2212 2002 quo-

1303 2011 1395 2039 modo
1409 2020 1512 2040 secum
1529 2011 1722 2050 procederet,
1739 2021 1776 2040 ex
1789 2021 1851 2051 quo
1865 2021 1926 2040 non
1942 2018 1990 2041 est
2002 2012 2211 2041 determinans

1304 2059 1455 2089 Parisios.
1490 2059 1530 2089 Et
1559 2059 1742 2090 deliberavit
1772 2061 1861 2090 nacio
1889 2061 1972 2100 quod
2000 2061 2212 2090 admitteretur

1303 2114 1449 2149 quantum
1477 2108 1509 2138 in
1530 2118 1565 2138 ea
1590 2115 1674 2138 esset
1697 2109 1808 2139 solutis
1840 2110 1944 2140 bursis
1972 2110 2211 2140 determinancie

1302 2167 1388 2187 more
1407 2157 1500 2187 solito
1518 2158 1670 2194 Parisins,
1688 2164 1718 2188 et
1727 2157 1840 2198 juratis
1854 2157 1954 2199 jurari
1975 2159 2133 2189 consuetis
2157 2169 2212 2198 per

1302 2206 1542 2236 determinantes
1558 2206 1711 2237 Parisius.

1343 2255 1441 2286 ltem⁸
1458 2256 1564 2285 eodem
1584 2255 1633 2285 die
1655 2256 1771 2296 placuit
1792 2257 1914 2286 nacioni
1932 2258 2016 2297 quod
2036 2257 2210 2296 aperiretur

1302 2303 1393 2334 archa
1421 2304 1561 2334 nacionis
1585 2311 1616 2335 et
1646 2305 1874 2345 reponeretur‘
1903 2306 1978 2335 liber
2011 2307 2147 2335 nacionis
2174 2307 2211 2334 dc

1295 2355 1409 2392 papie-o
1421 2351 1446 2389 ⁴¹,
1465 2353 1497 2383 in
1508 2364 1570 2394 quo
1580 2354 1778 2384 continentur
1788 2355 1881 2384 multe
1892 2355 2105 2395 procuratorie
2118 2355 2211 2394 magi·

1302 2407 1448 2438 strorum,
1474 2409 1505 2432 et
1531 2403 1640 2433 modus
1666 2403 1854 2434 inrotulandi
1875 2403 2058 2443 magistros,
2078 2410 2107 2433 et
2124 2404 2211 2443 jura-

1301 2457 1436 2481 mentum
1454 2452 1637 2482 nunciorum
1655 2451 1761 2488 rotuli,
1778 2459 1809 2482 et
1826 2453 1913 2482 litera
1927 2453 1957 2482 in
1969 2452 2081 2493 gallico
2095 2453 2211 2492 scripta

1301 2500 1339 2529 de
1351 2500 1592 2540 proprietatibus
1607 2501 1772 2537 scolarum,
1785 2507 1815 2531 et
1823 2507 1895 2531 tunc
1907 2502 2016 2531 factum
2030 2501 2085 2530 fuit
2095 2501 2148 2530 illo
2161 2502 2210 2530 die

1301 2554 1374 2588 post
1386 2549 1620 2588 completorium
1636 2560 1693 2590 per
1707 2557 1898 2590 receptorem
1913 2557 1943 2580 et
1956 2550 2107 2579 bedellum
2121 2557 2150 2580 et
2164 2560 2211 2579 ine

1300 2596 1471 2627 «iohannem
1488 2598 1553 2628 Koc
1571 2606 1702 2639 protunc
1720 2606 1952 2639 procuratorem
1970 2599 2164 2634 existentem,
2181 2605 2210 2628 et

1302 2646 1414 2677 ivimus
1427 2653 1560 2687 protunc
1576 2649 1613 2678 ad
1631 2649 1789 2678 tabernam
1808 2659 1867 2688 que
1885 2648 1999 2678 dicitur
2012 2648 2136 2682 tur-boet,
2158 2648 2209 2677 ubi

1302 2695 1474 2735 potavimus
1492 2697 1605 2726 bonum
1619 2698 1734 2727 vinum.

1343 2744 1418 2774 ltem
1433 2745 1483 2775 die
1498 2746 1652 2776 dominica
1665 2746 1839 2776 immediate
1855 2745 1997 2786 sequenti
2009 2745 2022 2764 ⁸
2045 2746 2122 2775 sacta
2139 2755 2210 2775 con·

1332 2852 1356 2875 8.
1390 2853 1438 2875 Mn.
1452 2855 1652 2883 reponerentur.

1333 2887 1355 2912 7.
1395 2887 1498 2911 Videtur
1514 2896 1567 2911 ene
1584 2892 1611 2911 ιι·
1633 2889 1647 2911 3
1665 2889 1723 2919 Ιίᾳῑ.
1739 2888 1771 2911 de
1791 2888 1958 2915 censueram.
1979 2896 2057 2919 supra
2070 2896 2097 2919 μ.
2119 2889 2162 2911 104
2180 2901 2211 2908 -·

1301 2921 1347 2980 :1³³²
1360 2922 1422 2946 edit.
1436 2924 1463 2946 Ιιι
1482 2923 1534 2953 fine
1546 2923 1766 2955 anjurumenla,
1780 2926 1804 2946 ea·
1816 2923 1992 2947 documentum
2009 2923 2034 2947 ιἰι
2049 2923 2136 2954 lingua
2147 2922 2208 2953 gal-

1312 2966 1362 3017 aa.
1390 2994 1404 3016 a
1417 2993 1522 3025 Aprilis.

2091 3039 2117 3058 ³0
