2632 3464
428 404 485 430 203

425 479 614 519 computavit
633 479 776 509 dominus
796 486 939 518 receptor
961 479 1208 519 congregacione
1228 479 1337 508 nacio-

425 529 475 557 nis
495 529 577 568 apud
597 528 742 557 Sanctum
761 529 948 558 Maturinum
969 539 1064 568 super
1084 528 1141 558 hoc
1160 528 1336 567 specialiter

427 578 520 612 facta;
538 578 701 607 tenebatur
716 578 743 607 ei
760 577 848 607 nacio
865 578 895 606 in
913 579 949 607 15
966 578 1091 612 solidis,
1111 583 1198 606 scuto
1215 577 1336 606 valente

425 626 465 655 24
489 626 586 664 [sol.]‚
611 627 754 656 omnibus
782 627 977 666 computatis,
1002 626 1140 666 exceptis
1169 627 1205 655 12
1227 625 1336 655 solidis

426 675 658 705 remanentibus
686 682 716 705 et
735 676 771 705 18
791 676 822 704 in
839 676 937 715 priori
955 675 1187 714 computacione
1205 673 1334 709 notatis,

427 734 506 763 quos
524 725 559 753 12
578 724 698 754 solidos
717 724 805 753 nacio
823 725 916 753 debet
934 724 1066 753 bedellis
1084 724 1183 753 adhuc
1203 723 1335 752 solvere.

427 773 468 802 Et
483 773 539 803 fuit
554 773 619 813 ejus
635 780 796 813 compotus
812 774 849 802 ab
868 773 1011 802 omnibus
1027 773 1228 812 approbatus.

835 865 932 895 1356

623 937 829 976 [Johannes
865 938 907 966 de
942 936 1142 976 Lychton.]

876 997 889 1009 0

471 1017 542 1057 (Fol.
562 1018 610 1057 33)
625 1017 716 1047 Anno
740 1017 907 1047 DominiM
926 997 1005 1047 CCI]
1024 1017 1109 1052 LVI,
1126 1017 1175 1046 die
1190 1015 1334 1046 veneris⁴

430 1067 571 1105 proxima
588 1073 659 1106 post
682 1068 791 1096 festum
810 1066 965 1095 Edmundi
984 1065 1244 1106 archiepiscopi²‚
1262 1066 1339 1094 facta

430 1115 675 1155 congregacione
705 1115 844 1144 nacionis
878 1115 1049 1155 Anglicane
1079 1116 1160 1155 apud
1193 1114 1339 1144 Sanctum

427 1164 593 1199 Julianum,
610 1164 726 1193 electus
746 1165 802 1193 fuit
812 1164 843 1193 in
857 1171 1089 1203 procuratorem
1101 1165 1181 1193 dicte
1198 1163 1338 1193 nacionis

429 1214 576 1253 magister
597 1213 755 1243 ,Iohannes
775 1214 812 1242 de
836 1213 976 1253 Lychton
1005 1214 1116 1243 Scotus
1142 1213 1227 1242 nullo
1250 1212 1339 1252 peni-

428 1269 477 1291 tus
494 1262 688 1291 reclamante.
708 1263 741 1291 In
763 1261 849 1302 cujus
870 1263 1093 1302 procuracione
1106 1269 1172 1291 acta
1192 1268 1264 1291 sunt
1279 1272 1339 1302 que

429 1318 611 1351 sequuntur.
752 1308 755 1311 ’

469 1361 504 1390 In
526 1361 636 1400 primis
659 1361 759 1390 dictus
781 1361 928 1401 magister
946 1361 1103 1390 Iohannes
1129 1361 1221 1391 solvit
1245 1371 1339 1390 unum

429 1417 548 1439 scutum
567 1417 624 1439 etc.
642 1421 700 1450 pro
715 1411 816 1450 prima
831 1411 1056 1450 procuracione
1071 1421 1135 1440 sua.

470 1460 545 1489 Item
579 1460 611 1488 in
637 1459 765 1500 vigilia³
790 1460 870 1489 beati
895 1459 1020 1489 Andree
1047 1459 1181 1499 apostoli
1205 1460 1339 1488 Jacobus

429 1509 526 1548 Helye
541 1509 672 1538 redemit
684 1510 765 1548 apud
779 1509 923 1538 Sanctum
937 1509 1122 1538 Maturinum
1137 1509 1271 1549 pignora
1285 1519 1340 1538 sua

429 1558 564 1597 obligata
584 1558 705 1587 nacioni
728 1568 786 1597 pro
811 1558 924 1587 XXXII
946 1557 1056 1588 solstiis
1078 1565 1108 1588 et
1127 1558 1167 1587 Vl
1189 1558 1338 1593 denariis,

428 1613 521 1646 prout
539 1607 648 1636 melius
669 1613 754 1646 patet
776 1607 807 1636 in
827 1607 902 1636 libro
919 1609 1089 1646 receptor-is,
1113 1614 1199 1637 scuto
1219 1607 1339 1637 valente

428 1656 502 1685 XIII
520 1656 648 1685 solidos.

469 1705 527 1734 Die
547 1704 648 1745 jovis⁴
667 1712 739 1745 post
758 1707 891 1744 [festum]
916 1705 1009 1735 Lucie
1031 1706 1220 1745 computavit
1239 1705 1340 1734 domi-

429 1765 487 1784 nus
501 1761 644 1794 receptor
656 1756 731 1784 facta
742 1755 983 1795 congregatione
995 1755 1122 1795 speciali
1134 1756 1171 1784 ad
1184 1755 1241 1784 hoc
1258 1755 1340 1795 apud

431 1803 575 1833 Sanctum
596 1804 783 1833 Maturinum
803 1811 833 1833 et
851 1805 1013 1833 tenebatur
1033 1805 1061 1833 ei
1078 1804 1166 1833 nacio
1185 1804 1216 1832 in
1234 1805 1340 1833 decem

430 1853 555 1888 solidis,
574 1860 661 1882 scuto
679 1853 799 1882 valente
815 1853 932 1883 XXIIII
948 1853 1076 1889 solidos,
1094 1853 1238 1882 omnibus
1254 1863 1340 1882 com-

428 1903 544 1942 putatis
560 1909 590 1931 et
601 1902 753 1938 deductis,
772 1909 801 1931 et
817 1903 872 1931 suit
886 1901 951 1942 ejus
966 1909 1127 1942 compotus
1143 1903 1180 1931 ab
1196 1902 1339 1931 omnibus

429 1952 630 1991 approbatus.

837 2044 934 2074 1356

633 2116 834 2154 [Henricus
870 2117 912 2145 de
947 2116 1138 2154 Embeke.]

470 2196 561 2225 Anno
592 2196 716 2225 Domini
740 2197 840 2231 13560,
867 2196 916 2225 die
940 2196 1086 2226 veneris³
1107 2197 1247 2236 proxima
1270 2203 1342 2236 post

432 2247 541 2274 festum
567 2252 670 2274 sancte
701 2246 804 2281 Lucie,
832 2246 908 2274 facta
931 2246 1177 2286 congregacione
1202 2246 1342 2275 nacionis

432 2294 602 2334 Anglicane
619 2296 699 2334 apud
713 2295 856 2324 Sanctum
870 2295 1023 2324 Julianum
1034 2305 1213 2334 pauperem,
1226 2295 1341 2324 electus

434 2344 489 2373 fuit
507 2344 536 2372 in
556 2350 787 2383 procuratorem
806 2344 886 2373 dicte
905 2345 1043 2373 nacionis
1065 2344 1211 2384 magister
1228 2344 1342 2373 Henri-

434 2403 488 2422 cus
510 2394 548 2422 de
576 2393 711 2422 Embeke
735 2393 819 2422 nullo
840 2393 962 2432 penitus
985 2394 1180 2423 reclamante.
1204 2394 1237 2422 In
1255 2392 1342 2433 cujus

434 2442 646 2481 procuratoria
662 2449 728 2471 acta
746 2449 817 2471 sunt
834 2452 892 2481 que
910 2448 1066 2471 secuntur.

475 2492 580 2520 Primo
602 2491 651 2520 die
675 2490 780 2530 jovis⁶
803 2498 876 2530 post
898 2491 1133 2530 Ephyphaniam
1156 2492 1344 2531 computavit

434 2547 577 2579 receptor
603 2539 750 2579 magister
774 2540 930 2569 ‚lohannes
952 2541 989 2569 de
1014 2541 1118 2575 Dacia,
1145 2547 1174 2570 et
1200 2541 1255 2570 suit
1277 2540 1342 2580 ejus

434 2596 596 2628 computus
614 2590 804 2628 approbatus
823 2590 861 2617 ab
879 2589 1039 2625 omnibus,
1061 2596 1090 2619 et
1108 2590 1164 2618 suit
1181 2597 1342 2629 computus

434 2638 569 2667 totaliter
585 2638 673 2667 sicud
692 2638 722 2666 in
741 2638 954 2677 procuratoria
970 2639 1027 2667 mei
1045 2639 1253 2677 precessoris,
1271 2646 1343 2678 puta

464 2722 487 2744 1.
522 2723 550 2744 18
565 2721 720 2744 Nouembris.

464 2758 487 2780 2.
522 2759 589 2780 Inter
618 2756 699 2779 lineas
723 2757 755 2780 ud
785 2757 960 2780 differentiam
983 2757 1112 2780 Edmundi
1137 2758 1216 2788 regis.
1242 2760 1341 2781 Festum

433 2792 619 2824 archiepiscopi
638 2793 664 2815 16
682 2794 742 2815 Nou.
763 2792 949 2819 celebrabatur.
974 2795 999 2815 ut
1016 2795 1124 2823 apparet
1141 2802 1154 2816 e
1175 2794 1340 2823 Kalendario‚

432 2829 478 2851 ubi
491 2828 639 2851 charactere
653 2828 787 2851 recentiori
798 2828 917 2859 scripturn
931 2832 967 2852 est
981 2835 989 2852 ,¹
1002 2829 1132 2852 Edmundi
1147 2829 1340 2861 archiepiscopi

432 2864 643 2891 Cantuariensis,
660 2864 734 2895 cujus
752 2872 847 2895 corpus
866 2864 892 2887 in
912 2865 1078 2892 Pontiniacu,
1097 2865 1260 2889 Cistertiens.
1275 2866 1338 2889 Ord.

464 2901 486 2923 3.
522 2902 551 2923 2¹9
563 2900 719 2923 Novembris.

465 2937 487 2958 [Δ.
524 2937 551 2959 15
563 2935 715 2959 Decembris.

1376 925 1409 951 10

1377 1171 1410 1198 15

1377 1419 1411 1444 20

1377 1665 1411 1691 25

1377 1911 1411 1936 30

1379 2157 1412 2183 35

1380 2403 1414 2429 40

1380 2649 1414 2675 45

975 403 1198 430 AUCTARIUM
1224 402 1483 430 CHARTULARII
1503 404 1677 431 UNIVERS.
1698 405 1817 433 PARIS.
2300 408 2353 435 204

1443 479 1474 507 in
1489 490 1594 510 mense
1611 482 1789 520 precedenti
1803 482 1891 517 facta,
1907 482 1948 512 ita
1963 489 2083 522 postea,
2103 483 2200 512 nichil
2220 484 2351 524 recepit,

1444 528 1539 558 nichil
1555 530 1749 569 expendidit‚
1767 532 1822 560 sed
1840 532 1989 561 remansit
2004 538 2166 571 computus
2183 532 2270 562 sicud
2286 533 2354 563 suit.

1485 577 1561 607 Item
1597 580 1703 608 eodem
1734 580 1784 609 die
1820 581 1897 610 facta
1934 580 2180 620 congregacione
2215 581 2355 621 generali

1445 627 1623 666 regencium
1654 634 1685 658 et
1714 639 1776 658 non
1810 629 1989 670 regencium
2020 631 2078 659 sub
2105 629 2281 669 juramento
2315 631 2354 660 ad

1447 675 1591 705 Sanctum
1607 677 1832 714 Bernhardum,
1846 678 1902 708 fuit
1915 689 1952 708 ex
1965 679 2116 708 conformi
2126 678 2355 710 deliberacione

1445 725 1581 754 omnium
1597 726 1770 756 facultatum
1786 728 1881 757 abbas
1898 727 2009 757 Sancte
2025 727 2172 757 Genofefe
2182 727 2194 746 '¹
2214 728 2355 768 privatus

1446 774 1483 802 ab
1497 773 1668 804 honoribus
1682 775 1872 815 quibuslibet
1884 776 1944 806 sibi
1957 776 2162 816 possibilibus
2173 777 2210 805 ab
2223 776 2356 807 Univer-

1447 822 1536 851 sitate
1550 829 1681 862 propter
1695 824 1783 854 istam
1802 835 1922 854 causam
1933 848 1940 861 ,
1958 826 2041 865 quod
2058 825 2140 854 idem
2157 825 2269 861 abbas,
2286 835 2355 855 cum

1447 871 1574 900 deberet
1600 877 1704 902 tenere
1731 873 1845 912 placita
1868 874 2039 903 amicabilia
2063 884 2130 903 cum
2153 874 2287 903 dominis
2316 875 2356 904 de

1447 919 1588 949 Sarbona
1599 920 1631 950 in
1644 931 1763 951 camera
1775 932 1841 958 sua,
1853 923 1996 962 permisit
2009 933 2066 952 nec
2081 922 2258 953 reclamavit
2271 923 2356 963 quod

1447 969 1608 998 camerarii
1636 976 1666 999 et
1696 971 1867 1001 servientes
1894 972 1942 1001 sui
1970 971 2075 1002 clauso
2101 972 2204 1002 hostio
2229 973 2355 1002 eosdem

1447 1018 1614 1058 magistros
1640 1020 1678 1048 de
1707 1019 1846 1049 Sarbona
1871 1021 2010 1060 graviter
2036 1021 2242 1057 offendebant,
2267 1021 2356 1061 ipsos

1447 1067 1593 1096 atrociter
1606 1068 1821 1107 percutiendo,
1840 1075 1870 1098 et
1887 1070 2036 1109 quosdam
2051 1080 2150 1110 usque
2168 1071 2208 1099 ad
2227 1069 2357 1100 effusio-

1446 1125 1516 1144 nem
1535 1117 1695 1156 sanguinis
1711 1117 1913 1147 vulnerando.

1488 1164 1563 1194 Item
1580 1167 1687 1195 eodem
1705 1166 1755 1196 die
1773 1167 1829 1196 suit
1846 1168 2008 1207 deportata.
2025 1167 2117 1197 archa
2135 1167 2356 1198 Universitatis

1447 1214 1485 1243 de
1499 1215 1686 1244 monasterio
1701 1215 1811 1245 Sancte
1825 1215 1972 1246 Genofefe
1988 1217 2027 1246 ad
2041 1216 2205 1257 collegium
2218 1217 2359 1247 Navarra

1448 1273 1570 1293 causam
1588 1265 1628 1294 ob
1645 1264 1826 1304 predictam.

1856 1358 1952 1388 1357

1448 1429 1606 1468 Tempus
1637 1430 1923 1469 procuracionis
1955 1430 2127 1471 magistri
2159 1430 2356 1460 Remboldi

1541 1479 1582 1507 de
1617 1478 1820 1508 Gamundia
1855 1480 1993 1509 situata
2028 1479 2065 1508 in
2103 1479 2261 1509 Swevia.

1488 1557 1720 1588 Memorandum
1737 1560 1820 1598 quod
1833 1569 1913 1588 anno
1929 1559 2053 1588 Domini
2066 1559 2166 1595 1357⁰‚
2179 1559 2211 1588 in
2229 1558 2357 1589 octava⁸

1449 1606 1638 1646 Epiphanie,
1661 1608 1738 1637 facta
1757 1608 2003 1648 congregacione
2024 1608 2163 1638 nacionis
2185 1607 2356 1648 Anglicane

1448 1657 1529 1695 apud
1562 1656 1706 1686 Sanctum
1738 1657 1891 1686 Julianum
1920 1667 2098 1697 pauperem,
2129 1657 2271 1687 inchoata
2301 1657 2360 1687 suit

1448 1705 1558 1734 electio
1576 1706 1787 1745 procuratoris
1805 1706 1886 1736 dicte
1906 1707 2062 1742 nacionis,
2079 1713 2110 1736 et
2128 1706 2213 1736 nullo
2234 1707 2357 1745 penitus

1449 1755 1678 1784 contradicente
1694 1755 1808 1785 electus
1825 1756 1880 1785 suit
1895 1755 2091 1785 concorditer
2105 1756 2253 1795 magister
2266 1755 2356 1785 Rem-

1448 1803 1560 1833 boldus
1576 1804 1697 1833 Vaener
1714 1805 1752 1834 de
1770 1803 1958 1840 Gamundia,
1973 1804 2182 1844 Augustensis
2198 1805 2356 1844 dyocesis,

1449 1852 1480 1881 in
1495 1859 1727 1892 procuratorem
1743 1853 1883 1883 nacionis
1896 1855 2024 1894 prefate.
2039 1853 2152 1883 Verum
2169 1853 2240 1893 quia
2256 1853 2358 1883 dictus

1449 1902 1597 1941 magister
1614 1902 1804 1932 Remboldus
1822 1903 1935 1932 absens
1953 1903 2060 1938 fuerat,
2079 1903 2148 1932 ideo
2163 1902 2273 1932 electio
2286 1912 2357 1932 con-

1448 1951 1565 1980 tinuata
1579 1958 1644 1980 erat
1658 1953 1814 1992 usque-ad
1829 1952 1983 1981 tabernam
1996 1963 2093 1991 prope
2108 1954 2308 1987 castelletum,
2324 1952 2358 1981 in

1449 2010 1509 2040 qua
1525 2001 1709 2040 propinatur
1724 2001 1828 2031 vinum
1844 2002 1881 2030 de
1898 2001 2079 2041 Portigalia,
2093 2001 2146 2031 ubi
2169 2001 2263 2030 eciam
2280 2001 2357 2031 elec-

1449 2049 1491 2078 tio
1513 2049 1594 2089 ejus,
1613 2060 1679 2079 cum
1701 2056 1773 2080 tunc
1790 2060 1922 2090 presens
1940 2057 2037 2086 esset,
2058 2050 2113 2080 suit
2129 2050 2265 2080 unanimi
2281 2060 2359 2080 voce

1450 2099 1585 2128 omnium
1603 2100 1792 2129 confirmata.

1491 2148 1526 2177 ln
1544 2147 1631 2188 cujus
1651 2149 1864 2188 procuratoria
1884 2155 1949 2178 acta
1970 2155 2041 2178 sunt
2058 2159 2093 2178 ea
2115 2159 2174 2188 que
2199 2155 2356 2179 secuntur.

1491 2197 1596 2227 Primo
1622 2208 1754 2237 namque
1787 2198 1935 2238 magister
1966 2197 2132 2227 Heinricus
2159 2199 2196 2227 de
2221 2198 2356 2227 Embeke

1451 2247 1536 2276 dedit
1554 2257 1645 2276 unum
1666 2247 1814 2276 florenum
1835 2247 1872 2276 de
1892 2247 2106 2287 procuratoria
2121 2257 2192 2282 sua,
2212 2253 2241 2276 et
2258 2246 2359 2286 magi-

1452 2300 1515 2323 ster
1528 2294 1718 2323 Remboldus
1731 2294 1903 2323 antedictus
1917 2294 2001 2323 dedit
2014 2295 2091 2324 duos
2105 2294 2251 2329 florenos,
2263 2303 2357 2323 unum

1451 2344 1489 2372 de
1510 2343 1648 2378 introitu,
1673 2350 1702 2372 et
1726 2343 1853 2372 alterum
1875 2344 1912 2372 de
1935 2343 2159 2382 procuratoria‚
2185 2344 2223 2372 de
2243 2343 2359 2382 quibus

1450 2392 1543 2421 fiebat
1557 2393 1715 2432 magistris
1730 2403 1821 2422 unum
1835 2393 1999 2432 prandium
2015 2392 2047 2421 in
2062 2393 2190 2422 taberna
2205 2392 2357 2431 prenomi-

1452 2448 1521 2471 nata
1537 2448 1567 2471 et
1581 2442 1630 2470 die
1647 2442 1796 2481 predicta.

1494 2491 1568 2520 Item
1591 2491 1639 2520 die
1659 2490 1776 2520 sabati⁹
1796 2491 1968 2520 immediate
1985 2496 2133 2530 sequente
2153 2490 2208 2519 fuit
2224 2490 2360 2530 sigillata

1451 2540 1589 2580 privacio
1618 2541 1716 2570 abatis
1744 2540 1854 2570 Sancte
1884 2540 2046 2575 Genofese,
2074 2546 2104 2569 et
2127 2540 2177 2568 die
2204 2539 2359 2569 dominico

1452 2589 1605 2628 publicata
1625 2591 1706 2629 apud
1725 2590 1881 2619 Jacobitas
1903 2590 1980 2618 sacta
1999 2589 2239 2628 congregatione
2262 2597 2360 2628 gene-

1451 2638 1524 2673 rali,
1541 2639 1572 2667 in
1591 2650 1650 2678 qua
1669 2649 1725 2678 pro
1741 2639 1823 2668 dicto
1842 2639 1950 2667 abbate
1968 2637 2076 2678 regina
2095 2637 2223 2666 Francie
2241 2644 2271 2667 et
2287 2637 2359 2676 qui-

1482 2725 1505 2746 5.
1540 2723 1569 2746 16
1582 2723 1732 2746 Decembris.

1482 2761 1504 2782 6.
1540 2760 1568 2782 12
1580 2759 1708 2782 Ianuarii.

1482 2796 1503 2819 7.
1538 2795 1671 2818 Johunnes
1685 2795 1716 2817 de
1729 2794 1841 2822 Viriaco,
1855 2802 1898 2817 seu
1915 2802 1926 2817 «
1942 2793 1973 2817 de
1992 2793 2046 2816 Viri
2065 2802 2086 2821 »,
2103 2795 2130 2816 ut
2144 2792 2238 2824 legitur
2252 2793 2277 2816 in
2295 2794 2356 2824 Reg.

1455 2832 1508 2854 Vat.
1525 2831 1593 2854 Clem
1618 2831 1659 2859 Vl,
1679 2835 1705 2853 n⁰
1721 2830 1773 2858 187,
1795 2831 1811 2854 f.
1832 2830 1911 2858 1291»,
1928 2838 1996 2862 mag.
2018 2829 2043 2852 in
2060 2828 2144 2857 theol„
2163 2829 2244 2852 abbas
2262 2828 2294 2851 ab
2313 2836 2358 2852 an.

1451 2867 1519 2894 1349,
1533 2866 1614 2897 April.
1628 2867 1665 2889 27.

1481 2903 1503 2925 8.
1541 2903 1567 2926 13
1580 2901 1707 2925 Ianuarii.

1481 2939 1503 2961 9.
1539 2938 1568 2960 14
1580 2936 1709 2960 Ianuarii.

2312 0 2324 4 ⁷*
2337 0 2339 2 ·
2354 0 2538 29 *ww*
2554 26 2571 31 ,.
