2632 3464
301 447 356 474 649
809 446 924 473 LIBER
944 444 1258 472 PROCURATORUM
1277 444 1459 471 NATIONIS
1477 445 1723 472 ANGLICANAE
2177 448 2229 474 650

344 524 418 554 Item
439 524 654 554 determinavit
674 523 818 553 dominus
839 522 1017 552 Winandus
1042 521 1080 550 de
1105 520 1211 560 Ghyse

301 574 341 603 de
365 573 502 603 Arnbem
526 573 585 603 sub
606 572 756 613 magistro
777 571 918 602 Johanne
943 570 1102 606 Hoeclem‚
1124 569 1212 610 cujus

300 623 398 652 bursa
412 621 473 652 1111
491 622 595 652 solidi.
615 621 726 652 Posuit
736 620 863 662 pignus.

343 670 418 701 Item
432 670 647 701 determinavit
661 670 805 700 dominus
820 669 955 699 Thomas
969 670 1007 698 de
1025 668 1141 709 Cargyl
1154 669 1212 698 sub

248 727 251 732 ·
301 720 453 760 magistro
471 719 632 750 Willelmo
655 719 834 758 Treb[r]on‚
854 717 942 758 cujus
961 718 1057 748 bursa
1075 717 1102 746 V
1119 717 1212 747 solidi

301 775 334 799 et
347 769 420 799 VIII
439 769 568 798 denarii.

343 818 419 848 Item
442 817 658 848 determinavit
674 817 819 847 dominus
839 816 996 846 Robertus
1013 817 1052 845 de
1070 815 1212 846 Caveriis

302 867 362 897 sub
379 867 528 907 magistro
552 866 687 896 Hem-ico
707 865 867 901 Poelman,
889 864 976 905 cujus
996 866 1092 895 bursa
1106 864 1133 894 V
1151 864 1209 894 sol.

303 916 415 946 Solvit.

345 965 420 995 Item
441 964 657 995 determinavit
675 964 819 994 dominus
838 963 994 1004 Nycolaus
1014 963 1213 993 Gherbrandi

302 1015 363 1044 sub
378 1014 528 1054 magistro
543 1013 682 1044 Johanne
697 1014 736 1043 de
748 1013 886 1049 Austris,
899 1011 986 1052 cujus
1004 1013 1099 1042 bursa
1112 1012 1156 1042 111
1171 1022 1210 1047 s.‚

303 1062 378 1093 VIII
393 1063 524 1092 denarii.
543 1062 652 1092 Solvit.

343 1111 420 1142 Item
445 1111 662 1142 determinavit
683 1111 828 1141 dominus
849 1111 1004 1141 Henricus
1024 1110 1133 1140 Heuen
1155 1111 1213 1140 sub

302 1161 453 1202 magistro
474 1159 657 1191 Stencelao⁴
681 1161 718 1190 de
739 1160 870 1190 Polonia
887 1159 974 1199 cujus
991 1161 1087 1190 bursa
1105 1159 1133 1190 11
1152 1159 1210 1189 sol.

304 1210 416 1241 Solvit.

344 1259 419 1289 Item
434 1258 650 1288 determinavit
666 1258 810 1288 dominus
825 1258 981 1298 Nycolaus
999 1259 1037 1287 de
1052 1258 1214 1288 Aemster-

301 1308 372 1338 dam
390 1308 448 1338 sub
467 1307 617 1348 magistro
636 1307 776 1337 Johanne
794 1308 832 1337 de
851 1307 990 1343 Austria,
1012 1306 1099 1347 cujus
1119 1308 1213 1337 bursa

301 1356 330 1387 V
344 1357 448 1387 solidi.

344 1406 420 1436 Item
436 1405 652 1436 determinavit
671 1405 815 1435 dominus
837 1404 1034 1435 Christianus
1054 1405 1135 1435 Nodi
1155 1406 1213 1435 sub

302 1455 454 1495 magistro
469 1454 608 1484 Johanne
628 1455 666 1484 de
683 1454 842 1490 Hoeclem,
861 1453 948 1495 cujus
966 1455 1060 1484 bursa
1074 1454 1102 1483 V
1120 1454 1212 1484 solidi

301 1510 335 1534 et
349 1503 422 1534 VIII
436 1503 568 1534 denarii.

344 1553 419 1583 Item
455 1552 672 1582 determinavit
704 1552 847 1582 dominus
881 1552 994 1582 Petrus
1028 1552 1138 1582 Seckel
1174 1553 1212 1582 de

302 1601 468 1642 Maguncia
491 1602 549 1632 sub
570 1601 720 1642 magistro
743 1601 885 1632 Arnoldo
909 1602 946 1631 de
973 1601 1094 1637 Xanfis,
1125 1600 1212 1642 cujus

303 1651 399 1682 bursa
414 1651 458 1681 111
474 1650 578 1681 solidi.
597 1650 707 1680 Solvit.

715 1744 814 1775 1383

301 1815 552 1846 Continuacio
582 1815 756 1856 magistri
793 1815 948 1846 Henrici
977 1817 1019 1846 de
1051 1816 1211 1846 Arnbem

503 1865 540 1894 in
565 1865 698 1895 officio
729 1866 1009 1905 procuratorie.

343 1945 435 1975 Facta
450 1945 698 1986 congregacione
713 1945 853 1975 nacionis
873 1945 1044 1986 Anglicane
1059 1947 1097 1976 ad
1114 1946 1212 1976 Sanc-

302 2001 366 2025 tum
383 1994 583 2030 Mat-irinum,
602 1994 653 2024 die
667 1994 786 2024 decima
803 1993 940 2035 ejusdem
956 1995 1029 2025 anni
1049 2001 1079 2025 et
1096 1996 1212 2026 mensis

303 2044 525 2084 predictorum,
539 2053 635 2084 super
647 2043 804 2073 officiariis
819 2053 876 2083 pro
894 2045 1102 2084 temptamine,
1118 2055 1213 2085 super

301 2092 605 2133 supplicationibus,
636 2092 786 2122 electione
818 2092 891 2123 novi
923 2094 1136 2133 procuratoris
1162 2100 1214 2124 aut

300 2141 538 2172 continuacione
563 2141 759 2181 precedentis
777 2147 807 2171 et
823 2142 862 2171 ad
881 2142 1066 2172 audiendum
1084 2153 1213 2183 compu-

301 2197 366 2221 tum
383 2190 568 2230 receptoris,
585 2191 624 2220 de
634 2189 791 2220 officiariis
807 2191 863 2220 fuit
874 2191 1012 2221 dilatum.
1031 2192 1077 2221 De
1095 2193 1126 2221 2⁰
1141 2203 1214 2232 sup-

301 2239 429 2280 plicavit
438 2239 540 2279 primo
551 2239 695 2269 dominus
706 2238 894 2270 Goeswinus
904 2239 1070 2280 Steynvart
1084 2242 1122 2271 de
1134 2241 1214 2271 Ecbt

303 2298 361 2328 pro
383 2288 535 2318 dilacione
561 2288 760 2328 pecuniarum
786 2289 1026 2319 determinancie
1049 2299 1148 2330 usque
1174 2291 1212 2320 ad

302 2338 413 2368 festum
433 2337 569 2373 Pasche,
587 2347 678 2378 quam
698 2337 961 2377 supplicacionem
983 2338 1072 2368 nacio
1089 2339 1214 2369 admisit

301 2387 362 2417 sub
379 2393 410 2416 et
426 2387 595 2416 secundum
615 2385 874 2416 deliberacionem
891 2387 1037 2426 scriptam
1054 2387 1211 2428 superius,

301 2435 425 2465 scilicet
438 2435 522 2475 quod
528 2434 659 2475 juraret,
672 2441 730 2465 etc.
744 2435 784 2465 Et
796 2435 910 2465 ibidem
921 2442 993 2466 tunc
998 2435 1126 2476 juravit,
1138 2443 1211 2474 etc.,

301 2490 335 2514 et
352 2485 436 2524 quod
458 2485 587 2514 deberet
604 2494 720 2524 ponere
739 2485 882 2525 pignera,
906 2491 978 2520 etc.‚
1003 2485 1084 2515 sicut
1105 2495 1210 2526 supra.

305 2532 380 2563 Item
403 2532 658 2573 supplicaverunt
676 2533 794 2563 domini
812 2533 976 2564 Conradus
998 2535 1036 2564 de
1059 2535 1165 2576 Otyng
1184 2541 1214 2565 et

302 2581 417 2612 Petrus
436 2582 475 2612 de
494 2582 594 2612 Fovea
611 2592 670 2622 pro
685 2582 837 2612 dilacione
857 2583 1019 2613 bursarum
1037 2593 1092 2613 sue
1108 2584 1214 2614 deter-

303 2630 456 2661 minancie
477 2630 568 2661 trium
591 2630 754 2666 mensium.
774 2631 826 2671 qui
844 2630 1028 2671 juraverunt
1046 2633 1129 2672 quod
1150 2643 1213 2663 non

304 2678 454 2710 haberent
470 2679 600 2720 pignera
614 2690 671 2710 nec
689 2690 745 2719 per
761 2690 795 2710 se
814 2690 869 2710 nec
889 2690 945 2720 per
959 2680 1038 2711 alios
1057 2681 1214 2712 sufficien-

301 2728 350 2758 cia
364 2734 395 2758 et
410 2728 547 2758 valencia
563 2729 723 2769 pecuniam
742 2730 916 2759 bursarum.
938 2729 977 2760 Et
996 2731 1152 2761 concessit
1166 2731 1212 2762 eis

302 2777 391 2807 nacio
415 2777 694 2817 supplicacionem,
719 2778 885 2808 dummodo
907 2779 1034 2809 domino
1057 2780 1212 2820 receptori

301 2826 460 2856 traderent
493 2825 612 2856 literam
641 2826 857 2867 obligatoriam
884 2827 1023 2858 officialis
1055 2829 1113 2859 sub
1133 2838 1213 2869 pena

334 2940 358 2965 1.
391 2942 411 2965 1.
425 2949 448 2966 e.
464 2940 604 2966 sunt-tao.

1253 967 1284 992 to

1251 1211 1285 1238 15

1251 1457 1285 1483 20

1250 1701 1284 1728 25

1249 1946 1284 1973 30

1250 2192 1284 2218 35

1250 2436 1285 2463 40

1250 2680 1284 2707 45

1322 522 1477 551 sentencie
1491 522 1822 552 excommunicacionis
1838 530 1867 552 et
1883 524 1964 563 quod
1974 522 2126 562 jurarent,
2146 525 2230 563 quod

1321 571 1348 600 si
1368 570 1491 600 interim
1507 578 1637 610 possent
1655 571 1767 601 habere
1786 573 2011 612 undecumque,
2034 574 2116 612 quod
2138 574 2230 603 satis-

1322 621 1466 649 facerent.
1485 620 1559 649 ltem
1573 620 1696 650 auditus
1712 621 1767 650 fuit
1782 627 1944 660 computus
1958 622 2073 650 domini
2092 629 2230 661 recepto-

1321 669 1377 704 ris,
1395 675 1426 698 et
1442 669 1612 699 habebatur
1628 670 1820 709 computacio
1838 676 1936 709 grata.
1956 670 1994 699 Et
2014 671 2126 699 mansit
2142 672 2230 701 nacio

1321 718 1439 748 debens
1456 718 1612 757 receptori
1632 718 1689 748 XII
1711 719 1844 748 francos.
1868 718 1943 748 Item
1961 720 2157 749 continuatus
2174 721 2229 750 fuit

1321 767 1470 807 magister
1494 767 1648 797 Henricus
1673 767 1820 797 Poelman
1844 768 1882 796 de
1904 767 2040 797 Arnhem
2071 768 2101 797 in
2131 769 2230 799 officio

1320 816 1535 856 procuratorie
1554 817 1762 852 concorditer,
1780 817 1902 846 nemine
1920 817 2161 847 contradicente.

1363 865 1438 895 Item
1461 865 1677 895 determinavit
1695 865 1839 895 dominus
1859 865 2048 895 Goeswinus
2069 867 2233 906 Steynvart

1321 914 1360 943 de
1374 914 1454 943 Ecbt
1470 915 1528 943 sub
1544 914 1693 954 magistro
1708 914 1844 944 Henrico
1859 914 2018 950 Poelman,
2036 914 2122 954 cujus
2138 916 2232 944 bursa

1322 962 1349 991 V
1365 962 1469 992 solidi.
1490 963 1601 992 Posuit
1618 963 1743 1003 pignus.

1363 1012 1438 1042 Item
1462 1012 1678 1042 determinavit
1698 1012 1842 1042 dominus
1868 1011 2052 1042 Guillelmus
2079 1013 2231 1043 Crauford

1323 1061 1435 1091 Scotus
1446 1062 1504 1091 sub
1515 1062 1665 1101 magistro
1675 1061 1835 1091 Willelmo
1846 1061 2027 1100 Treb[r]on,
2039 1061 2126 1102 cujus
2138 1063 2232 1091 bursa

1322 1110 1349 1139 V
1362 1110 1465 1140 solidi.
1485 1110 1595 1140 Solvit.

1364 1159 1438 1189 Item
1456 1159 1673 1189 determinavit
1689 1159 1833 1190 dominus
1852 1160 2007 1189 Jordanus
2031 1160 2174 1200 Hugonis
2193 1161 2232 1189 de

1323 1208 1470 1238 Bohemia
1483 1210 1541 1238 sub
1554 1208 1705 1249 magistro
1721 1209 1908 1244 Stennisla0‚
1926 1209 2013 1249 cujus
2032 1211 2125 1238 bursa
2142 1209 2185 1239 III
2204 1220 2229 1238 s.

1323 1257 1433 1287 Solvit.

1363 1307 1438 1337 Item
1463 1307 1679 1336 determinavit
1705 1307 1850 1337 dominus
1879 1308 2042 1338 Conradus
2066 1309 2104 1337 de
2127 1308 2233 1348 Otyng

1323 1357 1381 1386 sub
1410 1356 1559 1396 magistro
1584 1356 1724 1386 Johanne
1752 1358 1790 1386 de
1814 1357 1952 1387 Austria.
1982 1357 2091 1386 Posuit
2113 1357 2231 1386 literam

1322 1405 1474 1435 officialis.

1364 1454 1438 1484 Item
1459 1455 1675 1485 determinavit
1695 1455 1840 1485 dominus
1861 1455 1974 1485 Petrus
1993 1456 2031 1485 de
2055 1456 2156 1484 Fovea
2174 1456 2231 1485 sub

1323 1503 1472 1543 magistro
1491 1503 1631 1533 Johanne
1653 1504 1691 1533 de
1715 1503 1853 1533 Austria.
1879 1504 1989 1533 Posuit
2011 1505 2142 1533 litteram
2164 1506 2232 1533 offi-

1322 1552 1420 1582 cialis.

1363 1601 1438 1631 Item
1454 1601 1732 1632 subdeterminavit
1750 1602 1894 1632 dominus
1911 1602 2070 1632 Johannes
2088 1603 2126 1631 de
2141 1603 2232 1632 Ysel-

1322 1657 1412 1690 steyn
1440 1661 1498 1690 pro
1533 1651 1658 1680 domino
1693 1651 1811 1681 Thoma
1850 1651 1958 1691 Kargil
1993 1652 2051 1681 sub
2082 1652 2231 1691 magistro

1323 1699 1487 1739 Steynslao
1508 1700 1546 1729 de
1564 1700 1710 1735 Polonia‚
1729 1699 1815 1740 cujus
1837 1701 1932 1730 bursa
1950 1700 1976 1728 V
1993 1701 2097 1730 solidi.
2120 1701 2229 1730 Solvit.

1362 1749 1438 1778 Item
1468 1749 1545 1778 facta
1575 1750 1822 1789 congregacione
1848 1751 1886 1779 ad
1910 1750 2052 1779 Sanctum
2077 1749 2231 1779 ,lulianum

1321 1808 1488 1838 pauperem
1507 1798 1556 1827 die
1571 1798 1690 1827 decima
1706 1805 1791 1828 sexta
1810 1797 1947 1839 ejusdem
1964 1799 2079 1828 mensis
2095 1799 2231 1828 Februa-

1321 1847 1360 1877 rii
1375 1857 1471 1887 super
1485 1848 1615 1887 quadam
1633 1848 1765 1887 pecunia
1780 1847 1879 1888 legata
1895 1858 1952 1887 per
1966 1849 2117 1887 quendam
2134 1848 2232 1887 magi-

1322 1903 1419 1926 strum
1446 1896 1586 1926 nacionis
1606 1896 1810 1931 Normannie‚
1832 1896 1919 1936 cujus
1939 1907 2057 1926 summa
2072 1897 2097 1925 X
2118 1898 2228 1931 franci,

1321 1956 1412 1985 quam
1431 1946 1592 1985 pecuniam
1613 1945 1727 1986 legavit
1745 1946 1861 1975 arcium
1882 1946 2015 1975 facultati
2037 1946 2181 1975 videlicet
2200 1947 2231 1975 in

1321 2005 1406 2030 casu,
1433 2004 1494 2034 quo
1522 1994 1648 2024 facultas
1673 1995 1860 2024 deliberaret
1887 1996 1971 2034 quod
1999 1996 2085 2024 lieret
2113 1996 2151 2024 de
2180 1995 2231 2024 illa

1321 2044 1453 2084 pecunia
1481 2043 1557 2072 liber·
1585 2046 1720 2078 rectorie‚
1753 2045 1837 2083 quod
1861 2044 2009 2073 darentur
2031 2044 2168 2083 deputati
2193 2044 2231 2073 de

1322 2093 1459 2133 qualibet
1486 2092 1605 2122 scilicet
1628 2093 1757 2122 nacione
1782 2094 1819 2122 ad
1848 2094 2053 2122 ordinandum
2079 2094 2118 2122 de
2141 2094 2231 2122 modo

1321 2141 1546 2172 inscribendi².
1568 2142 1606 2171 Et
1626 2143 1780 2171 secundus
1801 2142 1948 2172 articulus
1965 2143 2020 2171 fuit
2041 2143 2078 2171 de
2101 2142 2231 2182 pecunia

1322 2191 1446 2226 bedelli,
1465 2190 1518 2230 qui
1537 2201 1574 2220 ex
1593 2198 1679 2230 parte
1699 2191 1850 2221 facultatis
1866 2191 1981 2220 arcium
1999 2191 2096 2220 adibit
2115 2191 2229 2220 curiam

1321 2241 1575 2270 Avinionensem.

1363 2289 1465 2329 Super
1481 2289 1580 2329 primo
1601 2296 1715 2329 puncto
1733 2289 1916 2319 deliberavit
1935 2289 2023 2318 nacio
2041 2290 2122 2328 quod
2144 2289 2231 2318 fieret

1321 2338 1401 2368 liber
1426 2349 1526 2368 novus
1550 2339 1588 2367 de
1609 2338 1659 2367 illa
1683 2339 1824 2378 pecunia,
1848 2345 1877 2368 et
1898 2339 1935 2367 ad
1960 2338 2163 2367 ordinandum
2192 2339 2230 2367 de

1322 2388 1402 2417 libro
1420 2394 1450 2417 et
1466 2389 1557 2417 modo
1573 2388 1764 2417 inscribendi
1783 2393 1906 2422 statuta,
1924 2394 1996 2422 etc..
2015 2393 2045 2416 et
2061 2388 2098 2415 ad
2116 2387 2230 2416 sacien-

1322 2437 1393 2466 dum
1425 2437 1523 2466 forum
1546 2437 1704 2476 deputavit
1734 2436 1823 2466 nacio
1849 2437 2029 2476 magistrum
2061 2436 2228 2465 Jordanuin

1322 2491 1352 2515 et
1369 2486 1549 2526 magistrum
1564 2485 1735 2515 Johannem
1754 2486 1791 2515 de
1810 2485 1960 2525 Angusia.

1363 2534 1465 2574 Super
1487 2535 1623 2564 secundo
1646 2535 1776 2564 articulo
1794 2534 1977 2563 deliberavit
1994 2534 2093 2568 nacio,
2113 2545 2150 2563 ex
2168 2544 2229 2573 quo

1321 2583 1411 2623 pauci
1424 2584 1563 2623 magistri
1582 2590 1756 2623 presentes,
1770 2584 1852 2623 quod
1871 2584 1908 2612 de
1922 2582 1979 2612 hoc
1995 2583 2081 2612 fieret
2098 2593 2230 2622 congre-

1321 2632 1410 2672 gacio
1439 2632 1600 2672 specialis,
1631 2633 1702 2671 quia
1732 2639 1836 2661 rector
1871 2632 2032 2671 requisivit
2063 2631 2229 2670 quamlibet

1321 2681 1481 2710 nacionem
1506 2682 1537 2710 in
1562 2681 1615 2710 illo
1641 2682 1672 2710 2⁰
1700 2680 1845 2715 articulo,
1872 2681 2016 2720 quatinus
2044 2680 2229 2710 deliberaret

1322 2729 1403 2759 illam
1421 2730 1592 2770 pecuniam.

1362 2779 1434 2818 (Fol.
1453 2780 1500 2818 42)
1519 2779 1592 2808 ltem
1608 2779 1685 2808 facta
1702 2778 1947 2818 congregacione
1963 2778 2102 2807 nacionis
2118 2778 2229 2818 Angli-

1322 2837 1396 2857 cane
1415 2828 1464 2857 die
1487 2828 1603 2857 decima
1624 2827 1753 2867 septima
1775 2827 1890 2856 mensis
1912 2826 2070 2856 Februarii
2092 2826 2228 2866 ejusdem

1353 2944 1376 2967 2.
1410 2943 1461 2974 Aga*
1480 2942 1578 2966 uidetur
1595 2942 1626 2966 de
1645 2942 1688 2965 mo
1706 2942 1771 2965 libro
1794 2942 1899 2966 rectoria
1921 2942 1967 2974 qm'
1981 2950 2048 2966 nunc
2065 2945 2181 2966 seruatur
2203 2943 2229 2966 in

1323 2980 1410 3003 Museo
1423 2978 1585 3006 Britannico,
1596 2978 1661 3002 Add.
1677 2986 1726 3002 ma.
1738 2978 1822 3002 17:304.
