2632 3464
0 2940 9 2993 ᾗ

903 418 1176 448 MEMORABILIA
1195 420 1285 447 NAT.
1305 420 1552 448 ANGLICANAE
2129 429 2195 447 uin

312 499 594 549 Heidelbergae
612 499 818 547 fuitwetiam
839 496 1060 546 Regnoldus
1079 498 1208 534 Vener
1225 496 1276 534 de
1293 497 1519 546 Argentina,
1540 504 1580 533 et
1601 496 1755 546 quidem
1777 496 1884 533 baec.
1916 499 1954 533 in
1971 498 2056 546 jure
2081 510 2153 533 can
2168 498 2191 532 ¹.

310 569 424 607 Nuua
451 569 798 609 aliaUuiversitaffl
821 573 880 607 tot
907 566 1024 605 simul
1044 594 1045 597 η
1062 567 1258 616 magistris
1288 566 1456 606 nationis
1485 565 1722 615 Anglicanae
1758 567 1878 602 Paris.
1910 566 2031 602 ditata
2059 573 2119 602 est
2151 579 2194 603 ac

262 638 508 675 Coloniensis.
534 639 618 674 Jam
642 644 847 686 antequam
872 637 1111 673 Universitas
1135 643 1224 672 nata
1249 642 1376 677 esset,
1404 634 1599 684 quoddam
1623 637 1867 685 suppositum
1894 637 2084 678 nationis,
2107 636 2191 671 scil.

259 706 454 744 Arnoldus
479 706 528 743 de
562 705 752 743 Essendia
783 705 832 742 de
862 704 1131 755 Aldendorpe‚
1168 704 1240 741 fuit
1275 712 1404 741 rector
1435 704 1653 741 scholarum
1685 704 1874 742 ecclesiae
1913 705 2191 741 Coloniensis2.

259 777 372 813 Anno
387 788 478 812 vero
499 775 606 818 1389,
626 787 714 811 cum
736 776 974 826 Universitas
990 768 1217 824 erigeretur,
1236 775 1282 810 32
1300 775 1474 824 magistri
1490 775 1629 810 artium
1645 782 1724 811 nat.
1743 774 1857 823 Angl.
1875 776 2011 818 Paris.,
2030 788 2193 825 quorum

261 847 363 882 circa
386 846 430 882 17
453 844 576 881 solum
597 844 798 894 hucusque
822 851 864 881 ut
888 845 1061 894 magistri
1091 845 1210 880 Paris.
1236 843 1557 892 agnoscebantur,
1588 845 1763 894 inscripti
1791 851 1893 881 sunt.
1919 844 2084 881 Plurima
2105 858 2194 894 pars

262 914 416 951 Parisiis
450 913 646 950 licentiam
679 915 719 950 in
753 913 901 950 artibus
939 921 1191 963 receperunt,
1229 921 1435 962 antequam
1467 913 1662 950 Johannes
1699 913 1905 951 Blanchart
1944 927 2003 950 an.
2046 915 2134 949 1381
2174 928 2193 951 a

261 982 460 1019 Clemente
482 984 549 1020 Vll
573 982 826 1019 cancellarius
850 983 1051 1019 institutus
1076 989 1200 1026 esset,
1229 986 1341 1032 pauci
1367 986 1468 1022 inter
1498 998 1585 1021 ann.
1620 986 1839 1022 1383-1389.
1865 987 2013 1022 Diversi
2039 989 2192 1023 interim

260 1053 299 1088 in
321 1052 407 1089 aliis
432 1051 756 1090 Universitatibus
783 1051 999 1089 docuerunt
1024 1051 1085 1089 vel
1113 1052 1363 1097 studuerunt,
1390 1062 1432 1090 ut
1458 1056 1619 1104 pragae,
1646 1054 1944 1106 Heidelberg-ae,
1974 1057 2192 1100 Bononiae,

260 1121 492 1158 Aurelianis.

268 1227 271 1229 ⁸
303 1231 470 1264 Jordanus
488 1231 530 1264 de
546 1231 650 1264 Clivis
665 1232 689 1270 3,

303 1289 475 1322 Gerardus
491 1289 532 1322 de
549 1289 674 1322 Kalkar
684 1290 709 1330 ⁴,

302 1347 474 1380 Arnoldus
487 1347 529 1379 de
546 1348 706 1388 Lochem,

303 1405 535 1438 Theodericus
553 1406 670 1450 Dystel
691 1405 732 1438 de
752 1407 862 1445 Unna,

302 1463 472 1496 lohannes
491 1464 534 1496 de
552 1464 682 1503 Ubach,

303 1521 469 1554 Henricus
482 1521 524 1554 de
543 1521 704 1560 wasalia,

302 1579 472 1612 ,lohannes
487 1580 594 1612 Boten
615 1579 656 1611 de
675 1579 891 1626 Tekenborg,

301 1637 471 1670 lohannes
486 1637 528 1669 de
545 1637 652 1670 Kolke
668 1637 785 1682 (Colc),

301 1695 470 1728 lohannes
490 1695 635 1741 Voghel,

300 1753 470 1786 Johannes
489 1754 662 1786 Berswort
677 1753 718 1786 de
739 1754 930 1793 Tremonia,

299 1810 471 1844 Arnoldus
491 1811 532 1843 de
549 1811 722 1858 Noringen
738 1812 762 1851 ὅ,

300 1869 469 1901 Johannes
490 1869 531 1901 de
544 1869 664 1910 Venlo,

302 1928 512 1959 Hermannus
529 1927 570 1959 de
589 1927 796 1967 Aldenrode,

302 1984 494 2017 Bernardus
511 1986 615 2029 Ottyn
628 1985 670 2018 de
683 1985 837 2032 Pingwia
848 1986 872 2026 ὅ,

299 2042 457 2075 Nicolaus
476 2043 621 2084 Scatter,

301 2100 507 2133 Godesridus
527 2101 568 2134 de
585 2102 705 2141 Harve,

1272 1233 1438 1266 Henricus
1454 1233 1495 1266 de
1512 1235 1640 1274 Hoven,

1271 1291 1417 1325 Jacobus
1433 1292 1570 1324 Martini
1586 1292 1627 1325 de
1642 1292 1860 1339 Middelberg
1872 1299 1900 1333 7,

1271 1349 1443 1382 Gerardus
1464 1350 1505 1383 de
1521 1351 1724 1396 Hoynghen,

1269 1407 1460 1440 Alexander
1476 1408 1516 1440 de
1535 1409 1571 1440 S.
1589 1409 1680 1449 vito,

1270 1466 1439 1498 Johannes
1458 1467 1601 1500 Aruoldi
1620 1467 1661 1500 de
1681 1468 1877 1514 Novimagio
1888 1468 1914 1508 ⁸,

1271 1524 1481 1557 Hermannus
1501 1526 1625 1566 Roeve,

1270 1582 1435 1614 Henricus
1451 1583 1492 1615 de
1506 1584 1697 1630 Ysenburg,

1270 1639 1478 1673 Wilhelmus
1498 1641 1586 1687 Agni
1605 1642 1646 1674 de
1662 1643 1853 1688 Duysberg,

1268 1698 1439 1731 Arnoldus
1460 1699 1501 1731 de
1522 1701 1653 1740 Xanfis,

1270 1756 1476 1789 Godefridus
1491 1758 1654 1791 Florentii
1673 1758 1714 1791 de
1731 1759 1868 1799 Kalkar,

1270 1814 1466 1847 Tilmannus
1482 1816 1523 1848 (18
1539 1816 1707 1863 Elfingen,

1267 1873 1395 1906 Franco
1416 1873 1457 1906 de
1474 1874 1703 1907 Gasteldonck
1716 1875 1757 1908 de
1774 1876 1981 1909 Buscoducis
1997 1876 2022 1917 ⁹,

1269 1931 1438 1964 ,lohannes
1457 1932 1498 1964 de
1518 1932 1600 1965 Vico
1621 1933 1662 1965 de
1683 1933 1802 1973 Udem,

1270 1989 1438 2022 Johannes
1458 1990 1593 2023 Hollinc
1614 1991 1655 2023 de
1676 1992 1868 2031 Tremonia,

1267 2046 1428 2080 Albertus
1449 2049 1609 2088 Bestken,

1267 2105 1467 2138 Thidericus
1490 2106 1531 2139 de
1552 2107 1759 2154 Nyenborgh
1770 2108 1805 2140 ¹⁰.

305 2213 486 2248 Fortasse
496 2212 559 2248 alii
574 2213 732 2262 insuper
747 2215 1018 2263 magistrorum
1036 2216 1210 2252 Univers.
1230 2216 1361 2254 Colon.
1379 2230 1439 2252 an.
1457 2219 1551 2253 1389
1562 2218 1609 2254 ad
1621 2227 1699 2255 nat.
1715 2220 1866 2270 Anglic.
1886 2222 2004 2258 Paris.
2021 2225 2187 2272 pertine-

256 2280 362 2324 bant,
376 2283 441 2331 qui
457 2283 612 2318 Parisiis
623 2290 713 2332 post
723 2295 783 2319 an.
801 2284 892 2319 1383
903 2283 1046 2333 gradus
1061 2293 1303 2334 receperunt,
1319 2286 1594 2337 proindeque‘a
1609 2288 1723 2325 nobis
1744 2290 1886 2339 signari
1909 2304 1985 2327 non
2009 2301 2185 2341 possunt.

296 2412 324 2440 1.
369 2411 511 2447 Tonrxa,
532 2412 573 2447 11,
592 2412 661 2442 502.

294 2461 322 2489 2.
368 2460 428 2490 An.
449 2462 537 2491 1363.
558 2461 627 2491 vid.
646 2461 725 2502 Reg.
743 2461 855 2502 Suppl.
876 2462 994 2492 Urbani
1012 2463 1048 2499 V,
1067 2468 1100 2493 n⁰
1113 2466 1164 2500 35,

257 2509 310 2538 sol.
327 2509 385 2538 176
397 2509 423 2538 b.

294 2559 323 2587 3.
369 2558 416 2588 De
441 2559 644 2599 sequentibus
665 2560 728 2589 vid.
755 2560 913 2595 Knusszw.
945 2563 1001 2590 Die
1025 2564 1167 2591 Matrikel

253 2607 309 2636 der
321 2609 433 2636 Kolnet·
449 2609 640 2643 [fnisset-sitae,
659 2608 683 2644 1,
698 2619 730 2649 p.
746 2610 833 2639 3-11.

292 2656 321 2686 4.
366 2655 542 2686 Hohlbaum
561 2667 723 2697 perperam
749 2659 862 2688 asserit
883 2659 915 2688 in
937 2661 1164 2700 Minheilungen

253 2715 309 2734 aus
323 2705 390 2734 dem
404 2706 596 2735 Student-cleia»
613 2718 666 2736 von
681 2709 773 2743 Kolta,
786 2707 871 2738 XVI!
882 2731 890 2744 ,
910 2718 942 2748 p.
964 2709 1036 2744 124,
1053 2709 1165 2739 Gerar-

252 2754 324 2783 dum
339 2754 435 2783 fuisse
452 2755 633 2795 magistrum
650 2756 761 2786 artium
781 2756 982 2797 pragensem.
1006 2757 1165 2789 Gerardus

253 2812 408 2842 nunquam
423 2803 542 2844 Pragae
558 2805 686 2835 studuit.
704 2805 763 2836 An.
781 2806 858 2836 1365
875 2806 1006 2837 Parisiis
1022 2808 1165 2838 determi-

255 2851 336 2881 navit
354 2852 454 2891 (infra,
472 2863 503 2892 p.
525 2854 596 2890 309,
614 2854 676 2894 37),
695 2854 872 2895 ibidemque
885 2862 956 2886 ante
972 2866 1021 2886 an.
1041 2857 1118 2886 1368
1133 2864 1166 2887 ut

253 2900 401 2940 magister
421 2901 552 2942 incepit,
569 2902 784 2936 verisimiliter
799 2915 849 2935 an.
872 2907 960 2941 1367,
977 2916 1046 2935 cum
1067 2906 1163 2946 Greg.

254 2948 307 2985 ΧΙ,
325 2959 373 2979 an.
391 2950 478 2985 1371,
493 2951 561 2981 Jan.
576 2953 626 2987 27,
642 2952 777 2984 scribat:
797 2965 810 2981 α
829 2954 881 2994 qui
897 2965 913 2984 a
929 2962 1061 2995 quatuor
1075 2957 1164 2985 annis

1274 2416 1350 2445 citra
1372 2417 1404 2445 in
1426 2417 1545 2447 artibus
1571 2418 1711 2449 Parisius
1733 2420 1823 2455 rexit,
1845 2427 1876 2450 et
1898 2421 2029 2451 scolaris
2053 2422 2145 2452 theol.
2172 2434 2189 2453 a

1273 2465 1402 2494 totidem
1416 2466 1505 2496 annis
1521 2479 1535 2494 ι»
1551 2467 1642 2508 (Reg.
1657 2468 1730 2504 Av.,
1747 2469 1809 2499 vol.
1824 2469 1861 2504 V,
1875 2470 1927 2499 sol.
1948 2471 2030 2510 551).

1314 2516 1343 2544 5.
1387 2515 1606 2546 Verisimiliter
1626 2524 1698 2557 post
1719 2527 1768 2547 an.
1792 2519 1869 2549 1383
1889 2520 2019 2549 Parisiis
2039 2521 2188 2550 determi-

1274 2573 1351 2593 nans
1365 2570 1396 2594 et
1410 2574 1490 2605 mag.

1313 2614 1343 2642 6.
1388 2613 1568 2645 Bernardus
1584 2616 1622 2645 de
1641 2616 1742 2656 Binga
1759 2617 1839 2657 (616,
1857 2618 1918 2657 37).

1314 2664 1342 2692 7.
1388 2663 1607 2694 Verisimiliter
1622 2672 1694 2705 post
1710 2677 1757 2695 an,
1779 2668 1855 2696 1383
1872 2667 2014 2697 Parisiis.

1313 2712 1342 2741 8.
1387 2713 1546 2749 Kssussmv,
1562 2725 1592 2754 p.
1608 2716 1655 2751 10,
1673 2722 1737 2745 not.
1756 2717 1809 2751 34,
1826 2727 1893 2745 eum
1915 2727 2079 2757 perperam
2098 2725 2187 2747 vocat

1277 2761 1361 2791 bace.
1380 2761 1533 2802 Pragens.

1314 2811 1341 2839 9.
1389 2811 1520 2842 Parisiis
1537 2819 1608 2851 post
1623 2823 1674 2842 an.
1692 2815 1778 2843 1383.

1317 2860 1363 2889 10.
1410 2861 1500 2896 lhid„
1521 2872 1551 2901 p.
1569 2864 1597 2891 6.
1618 2862 1666 2892 Cf.
1690 2863 1900 2898 1amen,ibid.‚
1915 2870 1979 2893 not.
1999 2866 2027 2900 1,
2040 2871 2070 2894 et
2085 2875 2116 2904 p.
2135 2866 2184 2901 76,

1273 2912 1306 2937 n⁰
1321 2909 1370 2938 30.
1387 2908 1548 2939 Joliannes
1566 2911 1651 2950 Heye
1672 2913 1710 2940 de
1728 2911 1926 2942 Rus—emunda
1946 2913 2036 2942 etiam
2053 2914 2185 2944 Parisiis

1275 2957 1442 2993 invenitur,
1461 2960 1515 2988 sed
1527 2958 1589 2999 jam
1609 2970 1658 2989 an.
1678 2961 1763 2990 1371.

2215 581 2357 608 Coloniae
