2632 3464
426 397 477 423 227

467 475 541 504 Item
566 475 709 504 dominus
739 474 942 514 Borghardus
973 476 1011 504 de
1036 475 1217 515 Rudiguen,
1245 473 1332 514 cujus

426 524 521 553 bursa
541 523 647 559 nichil,
667 525 724 553 sub
745 524 895 564 magistro
913 524 1087 563 Reyboldo.

466 574 540 602 Item
554 573 696 602 dominus
711 573 823 602 Petrus
835 573 924 603 Hoen
935 574 992 603 sub
1004 573 1153 613 magistro
1163 572 1333 602 Wilhelmo

425 623 538 657 Buser,
555 621 642 661 cujus
659 623 754 652 bursa
766 622 873 652 nichil.

469 672 543 701 Item
561 672 704 701 dominus
725 672 904 711 Reynaldus
923 671 1076 711 Reynaldi
1093 672 1131 700 de
1150 670 1333 710 Novimagio

423 722 483 750 sub
501 721 650 761 magistro
660 721 830 750 Wilhelmo
847 721 959 756 Buser,
976 720 1063 760 cujus
1076 721 1169 750 but-se
1186 720 1205 749 8
1218 719 1310 748 solidi
1324 731 1331 755 ς

425 771 532 810 posuit
545 770 690 810 pignora,
708 770 856 799 satisfecit
873 769 1015 799 bedellis.

465 820 541 849 Item
585 819 728 848 dominus
767 819 933 848 Hainricus
973 818 1159 858 Razeborgh
1197 818 1255 847 sub
1295 826 1324 866 ,ἓ

426 869 576 909 magistro
591 868 738 897 Hainrico
752 869 790 896 de
806 868 939 897 Saxonia
1306 869 1325 906 9,

468 918 543 947 Item
559 918 701 946 dominus
721 917 878 946 Johannes
894 918 932 946 de
946 917 1016 946 vico
1032 918 1070 946 de
1092 917 1182 946 Uden
1198 917 1255 946 sub
1306 907 1326 957 Ξ

425 968 576 1007 magistro
593 966 740 995 Hainrico
761 966 892 995 Kalcher
1307 981 1336 1000 0-

470 1018 546 1046 Item
561 1016 704 1045 dominus
725 1015 891 1044 Hainricus
910 1014 1087 1044 Gwilhelmi
1105 1015 1258 1045 Taeliaert
1307 1003 1327 1056 Ξ

427 1067 485 1096 sub
503 1066 652 1105 magistro
667 1064 836 1093 wilhelmo
855 1064 957 1093 Buser
1307 1059 1327 1114 Ξ

466 1116 540 1145 Item
562 1114 705 1143 dominus
726 1113 884 1142 Arnoldus
905 1114 943 1143 de
962 1113 1062 1153 Aquis
1083 1115 1140 1143 sub
1158 1115 1257 1154 magi-
1307 1117 1336 1167 ξ

429 1172 494 1194 stro
508 1163 655 1193 Hainrico
671 1164 708 1191 de
728 1162 861 1191 Saxonia
1307 1169 1336 1202 ἐκ

465 1215 539 1243 Item
586 1212 729 1241 dominus
774 1211 974 1251 Rangualdus
1023 1212 1151 1242 Swecus
1199 1214 1336 1244 diocesis

426 1263 584 1297 Scarens.‚
605 1263 662 1290 sub
683 1261 833 1300 magistro
851 1261 979 1290 Nicolao
996 1261 1117 1295 Sweco,
1134 1262 1222 1302 cujus
1241 1264 1336 1294 burse

426 1314 460 1341 11
479 1312 582 1341 solidi.

465 1362 540 1391 Item
561 1360 704 1389 dominus
724 1359 912 1389 VVilhelmus
933 1359 1138 1400 Lodderpaep
1157 1362 1214 1390 sub
1236 1363 1336 1402 magi-

428 1418 493 1441 stro
513 1410 649 1439 Henrico
672 1410 709 1438 de
724 1409 849 1444 Kalker,
867 1407 953 1448 cujus
973 1409 1068 1438 burse
1081 1409 1187 1439 nichil.

467 1461 542 1489 Item
570 1459 713 1488 dominus
739 1457 905 1487 Hainricus
930 1457 1078 1488 Jehannis
1106 1460 1163 1488 sub
1187 1460 1336 1499 magistro

426 1509 597 1539 Wilhelmo
618 1508 735 1543 Buser,
754 1506 842 1546 cujus
862 1508 956 1536 burse
974 1508 993 1536 6
1013 1507 1116 1537 solidi.
1132 1509 1336 1539 Wodrichem

429 1559 503 1588 dicti
520 1559 614 1597 Loye.

466 1608 542 1637 Item
572 1607 715 1636 dominus
743 1605 892 1635 Ludoffus
923 1606 961 1634 de
991 1606 1073 1635 Foro
1102 1608 1159 1636 sub
1186 1607 1337 1647 magistro

430 1657 559 1687 Alberto
586 1657 623 1685 de
656 1655 801 1690 Saxonia,
829 1653 916 1694 cujus
946 1656 1040 1684 burse
1067 1656 1084 1684 7
1111 1656 1204 1685 solidi
1229 1667 1297 1686 cum
1318 1657 1337 1686 8

428 1706 585 1741 denariis;
605 1705 710 1744 posuit
726 1704 870 1743 pignora,
890 1704 1040 1734 satisfecit
1052 1705 1193 1734 bedellis.

465 1756 539 1785 Item
565 1755 709 1783 dominus
739 1753 894 1782 Jehannes
922 1754 1094 1783 Wandeler
1123 1755 1161 1783 de
1192 1754 1335 1795 Trajecto

424 1804 566 1834 inferiori
583 1804 641 1833 sub
652 1802 801 1842 magistro
815 1803 963 1832 Hainrico
976 1803 1119 1839 Kalcher,
1134 1802 1221 1843 cujus
1236 1805 1337 1834 burse

426 1854 532 1884 nichil.

466 1904 541 1932 Item
571 1902 714 1931 dominus
748 1901 961 1930 Theodoricus
997 1902 1035 1930 de
1072 1901 1240 1931 Hoekelem
1279 1903 1337 1932 sub

424 1953 573 1993 magistro
590 1951 737 1980 Hainrico
753 1951 790 1979 de
807 1951 946 1990 Kempis,
965 1950 1053 1990 cujus
1067 1952 1160 1980 burse
1176 1951 1283 1981 nichil.

968 398 1191 424 AUCTARIUM
1212 398 1471 426 CHARTULARII
1490 400 1664 428 UNIVERS.
1687 401 1804 428 PARIS.

1389 680 1405 705 5

1373 924 1407 950 10

1374 1169 1407 1195 15

1374 1414 1408 1440 20

1374 1659 1408 1685 25

1375 1907 1409 1933 30

462 2004 539 2031 Item
559 2001 703 2030 dominus
723 1999 903 2030 Willelmus
922 2000 960 2029 de
980 2000 1141 2029 Dordraco
1160 2001 1217 2030 sub
1235 2001 1336 2040 magi·
1370 2021 1373 2024 >

424 2058 490 2081 stro
529 2050 676 2079 Hainrico
716 2050 754 2079 de
792 2049 890 2084 Koch,
930 2048 1018 2089 cujus
1052 2050 1146 2079 burse
1186 2051 1203 2079 7
1241 2050 1337 2079 solidi

425 2101 445 2130 6
461 2099 597 2135 denarii3
617 2099 722 2139 posuit
735 2099 878 2138 pignora,
896 2098 1046 2127 satisfecit
1060 2098 1203 2128 bedellis.

466 2150 541 2178 Item
564 2149 708 2178 dominus
729 2147 912 2177 Florencius
932 2148 969 2176 de
989 2147 1135 2177 Alcmade
1158 2149 1216 2177 sub
1239 2148 1339 2188 magi-

424 2205 491 2228 stro
521 2198 669 2227 Hainrico
694 2198 732 2226 de
760 2197 859 2232 Goch,
887 2196 974 2236 cujus
995 2203 1067 2226 sunt
1086 2197 1180 2226 burse
1203 2199 1219 2227 7
1244 2197 1337 2226 solidi

426 2250 446 2277 6
460 2248 596 2282 denarii;
612 2247 717 2286 posuit
734 2247 867 2286 pignora
884 2253 914 2275 et
931 2246 1079 2275 satisfecit
1095 2246 1238 2275 bedellis.

466 2298 541 2326 Item
556 2296 700 2325 dominus
716 2295 862 2325 Nicolaus
880 2297 917 2324 de
932 2295 1087 2325 Alcmaria
1106 2296 1163 2324 sub
1183 2295 1335 2335 magistro

425 2346 575 2375 Hainrico
603 2346 640 2374 de
670 2345 774 2380 Goch,
803 2344 890 2384 cujus
922 2351 994 2374 sunt
1024 2345 1118 2374 burse
1148 2346 1165 2374 7
1196 2344 1288 2373 solidi
1318 2345 1337 2374 6

423 2395 545 2424 denarii
559 2408 566 2431 ;
583 2395 689 2434 posuit
705 2394 848 2433 pignora,
869 2394 1019 2423 satisfecit
1032 2393 1174 2423 bedellis.

465 2445 540 2474 Item
577 2444 720 2473 dominus
748 2443 944 2472 Gizelbertus
968 2444 1006 2472 de
1034 2443 1249 2483 Lechtebergh
1279 2444 1336 2472 sub

426 2494 576 2534 magistro
591 2493 738 2522 Hainrico
758 2493 795 2521 de
818 2493 968 2531 Kempen,
985 2491 1072 2531 cujus
1089 2492 1182 2521 burse
1204 2494 1221 2522 7
1244 2492 1336 2521 solidi

420 2544 444 2572 6
459 2542 596 2577 denarii;
612 2541 698 2571 dedit
715 2542 750 2570 15
764 2541 894 2576 solidos,
910 2551 968 2580 pro
978 2541 1104 2570 residuo
1123 2541 1266 2580 pignora.

467 2592 543 2621 Item
563 2591 707 2620 dominus
728 2590 859 2619 Mathias
881 2591 918 2619 de
940 2590 1095 2628 Ke[n]itze
1111 2591 1169 2619 sub
1187 2590 1336 2630 magistro

432 2640 581 2670 Heinrico
597 2641 635 2669 de
649 2639 748 2675 Goch,
766 2639 854 2678 cujus
870 2640 965 2668 burse
981 2640 997 2668 7
1017 2639 1109 2668 solidi
1122 2640 1141 2668 6
1157 2639 1287 2675 denarii,
1307 2646 1337 2668 et

428 2690 514 2719 dedit
533 2691 569 2719 15
586 2689 704 2719 solidos
718 2695 747 2718 et
762 2689 866 2728 posuit
880 2688 1024 2728 pignora.

465 2739 539 2768 Item
556 2738 699 2767 dominus
716 2738 882 2767 Hainricus
900 2738 938 2766 de
953 2737 1092 2766 Wesalia
1110 2738 1168 2766 sub
1186 2737 1335 2777 magistro

425 2787 578 2817 Hainrico
596 2787 739 2822 Kalcher,
756 2786 843 2827 cujus
858 2787 952 2816 burse
967 2786 1073 2815 nichil.

465 2837 539 2866 Item
580 2836 724 2865 dominus
757 2836 916 2865 Johannes
953 2835 1044 2865 Prois
1088 2835 1146 2864 sub
1185 2835 1336 2875 magistro

452 2939 478 2962 1.
514 2938 612 2970 Pagina
625 2938 735 2962 dimidia
746 2940 828 2962 vacat.

1375 2153 1409 2179 35

1375 2404 1409 2429 40

1374 2652 1407 2678 45

2299 405 2351 432 228

1443 476 1613 508 wilhelmo
1649 478 1766 514 Buser,
1801 478 1888 519 cujus
1923 480 2018 509 burse
2048 480 2068 510 6
2100 480 2211 517 solidi;
2246 481 2352 521 posuit

1443 525 1587 566 pignora,
1605 527 1756 557 satisfecit
1769 528 1912 559 bedellis.

1483 575 1558 604 Item
1572 576 1715 606 dominus
1725 577 1894 607 Welherus
1907 578 1945 607 de
1953 577 2188 618 Wisensteigen

1443 624 1501 653 sub
1514 625 1663 664 magistro
1679 625 1841 665 Reyboldo

1484 672 1559 702 Item
1588 674 1731 704 dominus
1763 675 1994 705 Fredemannus
2021 676 2059 705 de
2088 676 2189 717 Praga

1443 721 1501 750 sub
1519 722 1667 762 magistro
1684 723 1813 754 Alberto
1832 725 1869 754 de
1883 724 2031 754 Bohemia

1482 772 1559 800 Item
1587 772 1730 802 dominus
1754 773 1911 803 Johannes
1939 773 2094 804 Dinkonis
2119 775 2177 804 sub
2201 775 2351 815 magistro

1444 818 1573 849 Alberto
1596 821 1634 850 de
1663 821 1823 858 Bohemia,
1848 822 1936 862 cujus
1962 823 2057 852 burse
2081 824 2100 853 9
2128 824 2239 860 solidi;
2266 825 2353 855 dedit

1443 868 1588 905 litteram,
1606 870 1755 900 satisfecit
1769 872 1911 901 bedellis.

1486 918 1560 947 Item
1583 919 1726 949 dominus
1748 920 1861 950 Petrus
1884 922 1921 950 de
1944 920 2096 957 Culmine,
2123 923 2181 952 sub
2201 923 2351 963 magistro

1445 966 1620 1006 Reyboldo,
1638 967 1725 1008 cujus
1742 969 1836 999 burse
1853 970 1960 999 nichil.

2220 616 2351 646 quorum

2239 656 2336 685 burse

2233 704 2341 734 nichil.

1851 1063 1948 1092 1358

1472 1131 1544 1170 (Fal.
1571 1131 1641 1172 38)⁴
1687 1131 1915 1163 Procuracio
1943 1135 2116 1175 magistri
2143 1135 2327 1166 Willelmi

1575 1181 1709 1217 Buser,
1745 1181 2002 1222 Trajectensis
2033 1185 2215 1214 diocesis.

1484 1260 1576 1290 Anno
1606 1261 1731 1291 Domini
1758 1273 1819 1302 quo
1847 1273 1952 1303 supra,
1977 1265 2124 1294 vicesima
2155 1265 2204 1294 die
2235 1266 2351 1296 mensis

1444 1309 1582 1349 Aprilis,
1619 1311 1696 1340 facta
1729 1313 1975 1352 congregacione
2005 1313 2146 1343 nacionis
2180 1314 2353 1354 Anglicane

1445 1360 1527 1399 apud
1553 1359 1698 1389 Sanctum
1719 1361 1873 1390 ,lulianum
1892 1372 2071 1402 pauperem,
2095 1363 2211 1393 electus
2236 1364 2292 1393 suit
2320 1364 2353 1393 in

1446 1415 1679 1448 procuratorem
1696 1410 1836 1439 nacionis
1854 1410 1991 1450 ejusdem
2009 1411 2157 1452 magister
2173 1412 2352 1442 Willelmus

1446 1457 1559 1494 Buser,
1577 1457 1786 1498 Trajectensis
1803 1459 1949 1490 diocesis.
1971 1460 2005 1489 In
2023 1460 2110 1500 cujus
2127 1461 2352 1500 procui-acione

1447 1507 1526 1536 facta
1541 1513 1613 1537 sunt
1630 1507 1686 1537 hec
1703 1518 1763 1547 que
1777 1515 1960 1548 sequuntur.

1487 1556 1593 1586 Primo
1618 1558 1696 1586 facta
1716 1558 1963 1598 congregacione
1987 1558 2127 1589 nacionis
2149 1560 2290 1599 predicte
2313 1561 2354 1590 ad

1447 1606 1684 1646 supplicandum
1711 1612 1741 1636 et
1762 1607 1800 1636 ad
1821 1608 2052 1647 procedendum
2077 1608 2109 1637 in
2131 1618 2224 1638 causa
2245 1614 2354 1639 contra

1446 1654 1606 1684 nacionem
1622 1655 1854 1692 Piceardorum,
1865 1663 1894 1686 et
1908 1656 1966 1686 hoc
1979 1657 2018 1686 22
2033 1657 2082 1686 die
2093 1657 2213 1697 Aprilis
2227 1664 2256 1688 et
2271 1659 2354 1698 apud

1447 1703 1592 1734 Sanctum
1612 1705 1811 1740 Maturinum‚
1835 1705 1993 1745 assignata
2010 1706 2065 1735 fuit
2085 1707 2208 1746 utrique
2229 1707 2353 1737 nacioni

1447 1754 1513 1783 dies
1538 1759 1644 1783 octava
1669 1754 1707 1783 ad
1731 1755 1964 1793 producendum
1986 1761 2016 1784 et
2035 1756 2219 1785 tradendum
2246 1766 2353 1786 eorum

1446 1803 1576 1833 Intendit
1585 1802 1610 1838 ²,
1626 1809 1656 1832 et
1670 1803 1737 1832 dies
1755 1804 1805 1832 142
1818 1804 1857 1833 ad
1872 1805 2076 1843 probandum.
2334 1803 2336 1805 ’

1488 1852 1563 1881 Item
1581 1852 1612 1881 in
1633 1853 1739 1881 eadem
1759 1853 2005 1893 congregacione
2025 1853 2280 1893 supplicaverunt
2301 1855 2353 1885 isti

1447 1901 1564 1930 domini
1590 1913 1597 1930 :
1622 1901 1724 1940 primo
1746 1901 1933 1941 supplicavit
1957 1903 2101 1932 dominus
2122 1903 2289 1933 Nicholaus
2314 1904 2352 1933 de

1448 1950 1612 1986 Alcmaria,
1635 1950 1816 1980 licenciatus
1843 1951 1874 1980 in
1894 1951 2024 1987 artibus,
2047 1958 2081 1981 ut
2104 1953 2142 1981 de
2171 1952 2354 1992 incepcione

1449 2010 1504 2029 sua
1515 2000 1626 2029 bursas
1643 2009 1714 2029 suas
1732 2005 1908 2039 expectaret
1925 2010 2024 2040 usque
2039 2001 2078 2030 ad
2093 2001 2203 2030 festum
2219 2001 2353 2032 Bartho-

1448 2049 1552 2084 lomei,
1566 2055 1596 2078 et
1610 2049 1693 2088 quod
1707 2050 1819 2078 bonam
1829 2050 2006 2078 caucionem
2015 2049 2215 2079 literatoriam
2227 2051 2351 2087 faceret,

1449 2099 1532 2138 quod
1557 2098 1617 2127 sibi
1636 2108 1818 2127 concessum
1835 2098 1901 2134 suit,
1921 2099 1993 2128 dum
2010 2099 2203 2129 satisfaceret
2221 2100 2352 2130 bedellis

1448 2154 1478 2177 et
1499 2147 1594 2176 eciam
1611 2147 1736 2176 rectori.
1752 2147 1793 2177 Et
1808 2158 1926 2177 summa
1941 2157 1997 2177 sua
2013 2149 2198 2178 extendebat
2212 2158 2246 2178 se
2259 2149 2297 2178 ad
2314 2149 2353 2179 28

1448 2196 1577 2232 solidos,
1595 2201 1626 2225 et
1643 2196 1669 2225 si
1685 2196 1787 2225 littera
1800 2196 1939 2226 officialis
1955 2197 2027 2236 plus
2045 2197 2215 2234 contineat,
2233 2197 2291 2227 hoc
2306 2204 2355 2228 est

1447 2255 1484 2275 ex
1501 2245 1582 2275 vicio
1597 2245 1772 2284 scriptoris.

1488 2294 1562 2324 Item
1589 2294 1776 2334 supplicavit
1806 2295 1948 2324 dominus
1981 2294 2138 2324 ‚Iohannes
2177 2296 2214 2325 de
2244 2295 2353 2326 Ubach

1447 2344 1530 2384 quod
1552 2343 1641 2373 nacio
1662 2343 1722 2372 sibi
1749 2345 1860 2373 bursas
1883 2344 2055 2374 remitteret
2077 2350 2138 2374 tam
2165 2345 2203 2374 de
2229 2344 2353 2375 licentia

1447 2403 1538 2433 quam
1560 2393 1597 2421 de
1620 2392 1813 2432 incepcione‚
1837 2393 1910 2432 quia
1931 2393 2010 2422 dixit
2030 2394 2113 2433 quod
2134 2403 2197 2422 non
2226 2393 2354 2424 haberet

1446 2443 1527 2471 unde
1545 2442 1691 2471 solveret.
1714 2441 1775 2471 Sed
1791 2442 1863 2481 quia
1878 2441 1976 2471 noluit
1993 2442 2118 2471 omnino
2140 2449 2352 2482 paupertatem

1441 2490 1559 2531 jurare,
1576 2491 1632 2520 sed
1645 2491 1724 2520 bene
1739 2490 1837 2520 voluit
1844 2490 1950 2530 jurare
1966 2492 2049 2530 quod
2067 2501 2124 2520 nec
2141 2491 2282 2521 Parisius
2296 2502 2353 2521 nec

1446 2540 1477 2569 in
1493 2540 1635 2579 partibus
1655 2541 1693 2569 de
1709 2540 1850 2579 propriis
1867 2539 1995 2569 haberet
2010 2542 2027 2569 5
2048 2540 2183 2569 florenos
2197 2541 2352 2570 annuatim

1446 2599 1638 2624 consumere,
1662 2589 1732 2618 ideo
1761 2589 1849 2618 nacio
1874 2588 1984 2618 volens
2007 2589 2068 2618 sibi
2092 2589 2228 2629 graciam
2253 2590 2352 2619 facere

1445 2638 1490 2668 sic
1504 2638 1668 2673 ordinavit,
1687 2639 1771 2677 quod
1789 2638 1827 2667 de
1847 2637 1952 2667 bursis
1969 2638 2033 2667 suis
2053 2637 2211 2668 solvendis
2229 2639 2352 2668 nacioni

1444 2694 1505 2717 tam
1527 2688 1565 2716 de
1585 2687 1715 2716 licencia
1734 2697 1824 2726 quam
1845 2688 1882 2716 de
1904 2686 2085 2726 incepcione
2109 2688 2222 2717 faceret
2241 2688 2352 2717 bonam

1445 2737 1622 2766 caucionem
1643 2736 1844 2765 literatoriam
1864 2736 1998 2772 nacioni‚
2019 2736 2104 2776 quod
2123 2736 2203 2765 infra
2219 2737 2352 2776 spatium

1445 2786 1575 2815 duorum
1603 2795 1753 2814 annorum
1787 2785 1924 2815 solveret
1958 2785 2019 2814 sibi
2056 2786 2118 2814 duo
2154 2792 2256 2821 scuta,
2294 2787 2354 2815 ista

1444 2841 1545 2865 tamen
1561 2834 1743 2864 condicione
1759 2834 1913 2874 apposita,
1931 2835 2014 2874 quod
2030 2834 2056 2864 si
2071 2834 2242 2874 predictam
2258 2844 2354 2874 pecu-

1474 2937 1498 2960 2.
1530 2937 1551 2960 1.
1565 2944 1584 2959 e.
1601 2944 1614 2960 «
1627 2935 1755 2960 memoria
1768 2944 1789 2960 n.
1811 2935 1866 2960 Vid.
1880 2936 1935 2965 212,
1948 2937 1986 2960 36.
