2632 3464
261 433 294 458 17
765 430 880 456 LIBER
901 428 1217 455 PROCURATORUM
1236 427 1419 454 NATIONIS
1437 427 1683 454 ANGLICANAE
2156 429 2189 454 18

260 508 323 548 gell
343 509 401 538 sub
421 508 570 548 magistro
590 507 786 537 Theodorico
805 507 844 535 de
865 505 1066 544 Novimagio,
1088 503 1175 544 cujus

260 558 356 587 bursa
368 556 410 587 Vl
427 557 533 587 solidi.

301 606 377 636 Item
390 606 565 636 licentiatus
578 605 635 636 suit
646 604 790 634 dominus
801 604 884 634 Neso
897 604 936 633 de
947 604 1103 643 Ramesby
1116 603 1174 632 sub

260 656 410 696 magistro
426 656 564 685 Roberto
583 655 621 684 de
637 654 810 689 Pilomore‚
827 652 914 693 cujus
933 653 1030 682 bursa
1049 652 1094 682 111
1113 652 1172 682 sol.

301 705 377 734 Item
389 704 533 734 dominus
546 703 680 733 Thomas
695 703 734 732 de
747 702 831 742 Bray
844 702 997 742 Anglicus
1012 702 1173 741 reputaba-

259 760 310 784 tur
322 754 354 783 in
366 754 496 783 nacione
507 763 566 793 pro
579 752 814 787 determinante,
828 762 865 781 ex
878 762 915 781 eo
928 751 1014 791 quod
1026 751 1174 780 determi-

259 809 386 833 naverat
401 803 433 832 in
454 802 569 842 Anglia
590 807 621 831 et
640 802 733 831 solvit
753 811 812 841 pro
833 801 940 830 bursis
960 807 990 830 et
1012 800 1107 829 scolis
1128 799 1172 829 Ill

258 852 356 882 libras
380 861 449 881 cum
479 851 617 880 dimidia.
649 851 724 880 Item
755 850 837 880 idem
868 850 1013 879 dominus
1038 849 1174 878 Thomas

258 901 438 930 licenciatus
459 900 517 930 suit
540 901 598 930 sub
622 900 774 940 magistro
799 899 940 929 Johanne
968 899 1006 927 de
1026 898 1172 933 Wedale,

261 949 349 989 cujus
366 950 462 979 bursa
479 959 535 979 sex
552 949 656 979 solidi.

299 998 375 1028 Item
388 998 532 1028 dominus
542 997 721 1028 Willelmus
734 998 772 1027 de
787 997 999 1037 Kantebrugia
1011 997 1173 1036 reputaba-

258 1054 308 1077 tur
320 1047 352 1076 in
364 1047 494 1076 nacione
507 1057 566 1087 pro
581 1047 817 1081 determinante,
831 1057 868 1076 eo
884 1047 969 1086 quod
985 1046 1173 1075 determina-

258 1102 345 1126 verat
362 1096 394 1126 in
410 1096 535 1136 Anglia,
552 1095 640 1135 cujus
655 1097 751 1126 bursa
767 1095 874 1125 nichil.

299 1145 374 1175 Item
386 1144 395 1163 ⁴
411 1146 492 1175 idem
507 1146 652 1175 dominus
664 1144 843 1175 Willelmus
856 1145 963 1174 debuit
975 1143 1066 1174 esse²
1079 1144 1173 1174 licen-

257 1194 355 1224 ciatus
370 1195 452 1234 apud
470 1194 613 1224 Sanctam
632 1194 836 1230 Genovefam,
851 1201 882 1224 et
898 1194 956 1223 suit
969 1194 1131 1234 gallicatus
1145 1193 1170 1228 ³,

257 1244 314 1273 sed
333 1254 396 1273 non
417 1250 483 1273 erat
502 1244 699 1279 licenciatus,
718 1253 822 1283 ymmo
835 1243 1025 1273 examinatus
1041 1243 1173 1272 recessit

258 1293 326 1323 sine
359 1293 503 1328 licencia,
530 1293 603 1333 quia
633 1292 732 1323 noluit
752 1292 859 1332 jurare
890 1283 1003 1322 statuta
1030 1292 1171 1322 nacionis

257 1342 397 1382 predicte
414 1341 598 1382 Anglicane.

666 1434 764 1464 1333

258 1506 416 1546 Tempus
448 1506 736 1546 procuracionis
770 1506 942 1545 magistri
979 1505 1171 1535 Goeswini

562 1556 605 1584 de
639 1555 863 1595 Zutphania.

298 1636 334 1666 In
357 1635 516 1666 crastino*
538 1636 619 1666 beati
641 1636 739 1666 Marci
762 1646 843 1665 anno
865 1636 1045 1675 supradicto
1055 1635 1173 1676 juravit

258 1685 350 1715 michi
366 1685 526 1715 Willelmo
542 1686 581 1715 de
600 1685 794 1721 Zidewinde‚
812 1685 897 1715 vices
919 1685 1040 1725 gerenti
1055 1695 1172 1725 procu-

257 1735 371 1765 ratoris
394 1735 534 1764 nacionis
555 1734 738 1774 Anglicane‚
763 1735 907 1764 dominus
928 1734 1108 1764 Willelmus
1133 1735 1171 1764 de

258 1784 406 1814 Dunbaer
418 1784 484 1814 sive
497 1785 535 1813 de
548 1783 689 1813 Grinlaw
701 1784 824 1819 Scotus,
841 1784 1017 1814 licentiatus
1038 1785 1097 1813 sub
1111 1794 1171 1813 ma-

256 1833 357 1873 gistro
375 1833 514 1863 Roberto
532 1833 570 1862 de
583 1832 722 1868 Pulmur,
738 1833 826 1873 cujus
842 1834 936 1863 bursa
950 1833 1011 1862 llll
1025 1833 1129 1863 solidi.

297 1882 373 1912 ltem
385 1882 566 1912 licenciatus
577 1882 634 1912 suit
646 1883 791 1912 dominus
803 1882 968 1922 Adolphus
981 1883 1020 1911 de
1033 1882 1171 1912 Ancher-

257 1937 343 1961 mont
366 1933 424 1962 sub
449 1932 598 1971 magistro
623 1931 717 1962 Petro
737 1933 776 1962 de
797 1932 902 1962 Veteri
926 1932 1060 1972 Campo,
1083 1931 1171 1972 cujus

257 1981 353 2010 bursa
368 1981 475 2010 nichil.

299 2030 374 2059 Item
393 2029 574 2060 licenciatus
590 2030 647 2060 suit
665 2030 809 2060 dominus
826 2030 980 2060 Reinerus
996 2031 1034 2059 de
1053 2029 1173 2069 Aquis-

257 2088 355 2118 grana
377 2079 435 2108 sub
457 2079 607 2119 magistro
630 2078 771 2109 Johanne
795 2080 833 2109 de
858 2079 1057 2120 Sceneghen,
1085 2078 1172 2118 cujus

258 2128 352 2158 bursa
367 2127 408 2157 Vl
425 2127 530 2158 solidi.

669 2223 687 2251 1
692 2221 767 2252 333

260 2292 434 2333 [Tempus
464 2293 751 2333 procuracionis
784 2294 957 2334 magistri
987 2294 1171 2324 ,lobannis

533 2343 575 2372 de
610 2342 896 2382 Waltirstona.]

299 2423 375 2453 Item
395 2432 475 2453 anno
495 2423 620 2452 Domini
636 2423 801 2454 millesimo
817 2424 1046 2455 CCC⁰XXXllI
1061 2434 1173 2454 convo·

259 2473 335 2503 catis
352 2472 511 2511 magistris
526 2479 595 2503 actu
611 2473 792 2514 regentibus
808 2474 840 2503 in
855 2474 984 2504 nacione
1000 2474 1173 2514 Anglicana

259 2523 375 2553 electus
391 2522 447 2552 l'uit
468 2521 499 2552 in
519 2529 753 2562 procuratorem
771 2523 852 2553 dicte
868 2522 1009 2553 nacionis
1024 2523 1174 2563 magister

258 2572 416 2603 «lohannes
435 2573 473 2603 de
493 2572 701 2603 Waltirstona
718 2573 767 2602 die
787 2573 894 2603 martis
916 2572 1079 2612 proxima³
1102 2578 1174 2612 post

261 2622 370 2651 festum
393 2622 531 2662 Philippi
547 2628 577 2652 et
589 2621 712 2658 Jacobi,
730 2629 870 2662 tempore
885 2621 973 2662 cujus
989 2622 1169 2652 licenciatus

291 2715 314 2738 1.
352 2716 424 2746 Quae
438 2717 579 2748 aequantur
594 2724 674 2747 usque
686 2715 732 2740 sed
748 2723 799 2739 non
812 2718 870 2739 erat
881 2714 935 2739 alio
947 2715 1103 2740 charactere.

290 2751 313 2774 2.
348 2750 444 2775 Debuit
455 2759 514 2775 ene
524 2751 591 2775 inter
602 2750 694 2775 lineas.

293 2787 316 2810 3.
351 2787 392 2818 Cf.
404 2786 534 2815 Chartul.‚
549 2787 581 2816 ll,
595 2791 623 2810 ιι·
635 2787 690 2816 5115,
701 2789 772 2811 nota.

291 2822 315 2847 [ι.
347 2822 378 2846 26
392 2821 497 2854 Aprilis.

292 2859 316 2880 5.
349 2858 364 2881 ln
376 2857 450 2882 Maii.

292 2895 307 2917 6
354 2892 398 2917 Vel
407 2901 415 2917 :
428 2892 525 2918 Loude.

293 2929 316 2952 7.
350 2930 446 2952 Danant
459 2929 488 2953 1³
497 2929 572 2961 solia.
582 2931 610 2953 Jn
624 2930 740 2961 margine
751 2929 879 2962 superiori
887 2929 933 2962 sol.
945 2930 976 2954 2⁹
986 2929 1079 2963 legitur
1092 2937 1097 2953 :
1112 2929 1174 2954 Ter-

261 2964 314 2988 tiu·
327 2967 472 2988 flexurum.
485 2965 513 2988 ln
527 2964 623 2993 medio,
634 2965 783 2989 charactere
797 2965 918 2989 moderno
930 2973 936 2989 ε
951 2965 998 2989 lib.
1012 2965 1087 2990 Proc.
1101 2965 1136 2989 ab
1148 2973 1172 2989 a.

342 3010 456 3029 Auctariu-
468 3009 591 3030 Clunrtularii
602 3010 690 3031 llo-ivm.
698 3011 764 3031 Parin.
774 3021 801 3027 —
811 3010 827 3031 l.

1213 951 1246 976 10

1211 1197 1244 1222 15

1211 1443 1244 1469 20

1210 1689 1244 1714 25

1210 1935 1244 1961 30

1210 2180 1244 2206 35

1211 2426 1245 2452 40

1285 504 1342 534 suit
1358 504 1503 533 dominus
1522 504 1698 534 Cristianus
1713 505 1750 533 de
1767 504 1840 534 Else
1852 506 1909 534 sub
1929 506 2078 545 magistro
2101 506 2198 535 Theo-

1285 553 1392 582 dorico
1425 554 1463 582 de
1493 553 1694 593 Novimagio,
1727 553 1814 593 cujus
1844 555 1939 583 bursa
1959 555 2017 583 llll
2034 555 2137 584 solidi.

1326 602 1401 632 Item
1430 602 1574 632 dominus
1603 602 1772 632 Nicholaus
1805 603 1934 632 Londe⁶
1961 604 2017 632 sub
2050 605 2199 643 magistro

1285 651 1379 681 Petro
1396 652 1434 680 de
1451 651 1558 686 Dacia,
1576 651 1663 692 cujus
1680 653 1775 681 bursa
1790 652 1816 680 V
1832 652 1935 681 solidi.

1686 745 1806 775 133’77

1285 816 1364 857 (F'ol.
1404 817 1455 856 29)
1495 816 1671 857 [Tempus
1710 817 1990 856 procuracionis
2026 817 2199 856 magistri

1520 865 1642 896 Ulrici
1679 867 1721 895 de
1757 866 1956 906 Augusta.]

1324 947 1400 976 Item
1427 958 1507 977 anno
1534 947 1675 987 predicto
1704 947 1842 982 Domini,
1873 947 1905 975 in
1933 945 2091 975 crastino⁸
2119 947 2199 975 beati

1283 996 1511 1032 Bartholomei,
1553 997 1731 1026 convocatis
1775 997 1919 1025 omnibus
1961 996 2120 1035 magistris
2162 997 2199 1025 de

1283 1047 1412 1075 nacione
1441 1046 1628 1086 Anglicana,
1659 1053 1692 1076 ut
1722 1046 1818 1075 moris
1847 1052 1909 1081 est,
1942 1056 1999 1085 per
2025 1045 2201 1085 juramenta

1283 1105 1389 1125 eorum
1408 1096 1447 1124 ad
1470 1097 1614 1125 Sanctum
1635 1095 1830 1130 Matulinum‚
1847 1097 1886 1124 ad
1906 1095 2078 1124 faciendum
2095 1101 2125 1124 et
2147 1095 2199 1124 eli-

1281 1145 1417 1184 gendum
1438 1155 1550 1174 novum
1567 1151 1816 1184 procuratorem,
1832 1155 1890 1184 ego
1907 1144 2057 1184 magister
2074 1144 2199 1173 Ulricus

1282 1194 1320 1223 de
1336 1193 1478 1234 Augusta
1493 1194 1689 1223 continuatus
1703 1194 1745 1223 fui
1761 1194 1793 1223 in
1808 1200 2042 1233 procuratorem
2055 1204 2072 1222 a
2085 1193 2199 1232 majore

1282 1249 1370 1283 parte
1396 1243 1537 1273 nacionis
1565 1243 1701 1273 unanimi
1733 1244 1772 1273 de
1803 1253 1976 1277 consensu.
2007 1243 2154 1272 videlicet
2183 1253 2200 1271 a

1282 1293 1441 1333 magistris
1458 1293 1590 1333 Hugone
1611 1293 1717 1328 Scoto,
1741 1293 1842 1322 David
1865 1292 1970 1326 Sento,
1994 1292 2135 1322 Johanne
2160 1293 2198 1320 de

1283 1341 1482 1378 Constancia‚
1493 1341 1673 1372 Wernhero
1691 1341 1858 1377 Wolfram‚
1872 1341 2018 1371 Churado
2037 1342 2076 1370 de
2093 1341 2199 1370 Monte

1282 1391 1471 1421 Puellarum.

1321 1440 1399 1470 Acta
1415 1447 1487 1470 sunt
1503 1441 1558 1470 hec
1575 1451 1635 1480 que
1652 1447 1813 1480 sequntur.

1323 1490 1398 1519 Item
1414 1490 1446 1519 in
1458 1490 1508 1519 die
1522 1490 1621 1519 sancti
1636 1489 1847 1519 Bartholomei
1861 1489 2039 1518 convocatis
2054 1489 2198 1518 omnibus

1282 1539 1441 1579 magistris
1462 1540 1501 1569 de
1523 1539 1652 1568 nacione
1673 1539 1847 1579 Anglicana
1871 1539 1909 1567 ad
1929 1538 2074 1567 Sanctum
2096 1538 2198 1567 Matu-

1282 1589 1383 1618 rinum
1406 1589 1482 1619 hora
1493 1589 1605 1629 prime,
1627 1589 1822 1628 propositum
1844 1588 1900 1618 suit
1921 1588 1952 1616 in
1969 1587 2198 1616 deliberacione

1281 1638 1501 1678 magistrorum
1520 1638 1733 1678 predictorum
1752 1644 1824 1667 tunc
1844 1637 2041 1677 presencium
2067 1647 2073 1664 ε
2096 1643 2198 1666 utrum

1282 1687 1419 1727 placeret
1454 1697 1512 1727 per
1545 1688 1669 1717 modum
1709 1686 1905 1726 expedientis
1945 1687 2029 1726 quod
2067 1687 2198 1725 quedam

1282 1736 1423 1776 pecunia,
1439 1747 1499 1776 qua
1512 1737 1674 1766 tenebatur
1689 1736 1838 1775 magister
1853 1735 2042 1765 Chunradus
2061 1734 2197 1769 nacioni,

1281 1786 1409 1815 daretur
1435 1796 1473 1815 ex
1496 1792 1583 1825 parte
1611 1785 1764 1820 nacionis,
1791 1791 1824 1814 ut
1853 1785 2026 1824 appellacio
2057 1784 2199 1824 magistri

1283 1835 1415 1866 Corardi
1441 1836 1478 1864 de
1506 1835 1611 1865 Monte
1628 1834 1805 1864 Puellarum
1832 1840 1963 1874 propter
1993 1834 2197 1873 privationem

1282 1895 1367 1915 suam
1384 1885 1558 1914 mitteretur
1570 1885 1607 1913 ad
1624 1884 1751 1918 curiam,
1770 1894 1829 1923 que
1846 1884 1971 1923 quidem
1988 1883 2119 1922 pecunia
2133 1889 2199 1911 erat

1282 1935 1427 1974 deputata
1442 1944 1499 1974 pro
1517 1933 1722 1963 luminaribus
1740 1934 1835 1962 Beate
1855 1932 2009 1972 Virginis,
2030 1939 2059 1961 et
2078 1932 2157 1960 infra
2173 1931 2200 1960 V

1282 1983 1374 2022 die[s]
1387 1983 1436 2012 vel
1451 1994 1506 2013 sex
1519 1983 1748 2022 excogitaretur
1762 1982 1812 2012 via
1823 1982 2005 2022 acquirendi
2022 1988 2052 2010 et
2065 1981 2198 2010 habendi

1281 2032 1444 2072 pecuniam
1464 2032 1592 2071 alia[m],
1611 2042 1670 2071 que
1693 2038 1863 2071 poneretur
1882 2031 1951 2060 loco
1973 2030 2103 2070 pecunie
2124 2040 2199 2059 con-

1282 2092 1370 2111 cesse
1387 2092 1442 2111 seu
1457 2081 1568 2111 tradite
1583 2091 1639 2121 pro
1658 2081 1747 2110 litera
1764 2080 1987 2120 appellacionis
2004 2079 2144 2119 predicte
2160 2079 2198 2108 ad

1282 2131 1397 2160 curiam
1428 2131 1597 2160 Romanam
1625 2137 1655 2160 et
1685 2130 1882 2160 solverentur
1910 2129 2073 2159 luminaria
2105 2129 2198 2157 Beate

1281 2179 1432 2220 Virginis.
1451 2179 1644 2209 Diliberabat
1662 2179 1724 2219 (sic)
1738 2178 1836 2218 major
1850 2189 1924 2218 pars
1940 2177 2098 2212 nacionis,
2116 2177 2199 2216 quod

1282 2229 1398 2269 placuit
1421 2229 1448 2258 ei
1471 2235 1501 2258 et
1522 2235 1606 2258 esset
1628 2229 1814 2268 expediens,
1836 2228 1908 2267 quia
1928 2227 2017 2256 nacio
2042 2233 2114 2256 tunc
2137 2237 2198 2255 non

1282 2278 1414 2307 habebat
1437 2278 1527 2307 aliam
1555 2278 1730 2318 pecuniam,
1757 2284 1787 2307 et
1811 2276 1986 2317 quatenus⁰
2020 2283 2105 2306 esset
2140 2286 2198 2315 pro

1283 2327 1400 2357 honore
1422 2327 1573 2357 nacionis.
1599 2328 1767 2357 Presentes
1793 2327 1916 2356 fuerunt
1938 2326 2079 2365 magistri
2104 2337 2110 2354 ι
2140 2335 2198 2364 ego

1282 2377 1431 2416 magister
1452 2376 1577 2406 Ulricus
1597 2377 1635 2406 de
1657 2376 1809 2416 Augusta,
1830 2382 2026 2415 procurator,
2051 2375 2199 2413 magister

1283 2425 1376 2466 Hugo
1410 2425 1538 2459 Scotus.
1570 2426 1757 2455 Chunradus
1789 2426 1827 2454 de
1862 2425 1967 2454 Monte
2005 2423 2197 2457 Puellarum,

1282 2475 1432 2514 magister
1448 2474 1591 2504 Andreas
1609 2476 1647 2505 de
1663 2475 1805 2509 Polonia,
1823 2474 1972 2514 magister
1989 2473 2147 2502 Johanncs
2160 2473 2198 2501 de

1283 2522 1457 2564 Gasparde,
1477 2524 1625 2564 magister
1642 2524 1858 2554 Theodericus
1876 2524 1914 2552 de
1928 2521 2082 2562 Trajecto,
2100 2521 2199 2561 magi-

1284 2579 1349 2603 ster
1365 2573 1562 2603 Wernherus
1578 2573 1794 2603 wolfi-amma.

1325 2623 1400 2652 Item
1418 2623 1468 2652 die
1479 2622 1564 2663 jovis
1577 2621 1603 2641 ⁸⁰
1620 2629 1692 2662 post
1706 2623 1816 2651 festum
1833 2621 1931 2651 sancti
1952 2620 2056 2660 Egidii
2071 2626 2101 2649 et
2120 2620 2197 2659 Lupi

1283 2717 1314 2741 D.
1329 2717 1389 2740 13³8
1402 2716 1435 2740 ad
1449 2717 1518 2740 1347.
1533 2716 1680 2743 Jounnam,
1695 2715 1752 2739 lnd.
1767 2715 1895 2741 chronoL,
1909 2718 1935 2737 η·
1949 2714 2003 2741 558,
2014 2721 2080 2745 quae
2092 2720 2200 2744 aequan-

1283 2755 1334 2780 tur,
1349 2752 1386 2775 ad
1399 2760 1443 2776 an.
1458 2752 1518 2776 18:38
1533 2751 1644 2779 remisit:
1660 2751 1698 2775 :ic
1716 2751 1793 2774 etiam
1809 2750 1834 2773 in
1863 2749 1958 2773 Archiv
1975 2749 2017 2772 fur
2045 2749 2199 2772 Litterutur-

1283 2788 1337 2812 und
1355 2787 1560 2819 Kircbengescb.
1573 2788 1600 2811 V.
1624 2787 1675 2811 Sed
1690 2786 1818 2819 pertinent
1838 2786 1873 2809 nd
1893 2794 1935 2809 an.
1956 2785 2024 2808 1337.
2048 2784 2108 2808 Vide
2128 2783 2198 2814 infra

1283 2832 1309 2856 p.
1325 2824 1364 2853 2'4,
1380 2827 1435 2848 nol..
1449 2824 1485 2852 15,
1500 2823 1536 2847 ad
1552 2824 1629 2855 finem
1642 2831 1685 2847 an.
1700 2823 1771 2846 1:337.

1315 2860 1338 2883 8.
1371 2860 1402 2884 25
1414 2859 1534 2891 Augusti.

1315 2897 1339 2919 ⁹.
1373 2895 1538 2919 Abba-vineit>
1551 2895 1629 2919 eliam
1637 2903 1687 2927 pro
1699 2897 1836 2926 quantum.

1316 2931 1354 2955 10.
1388 2932 1402 2955 4
1415 2931 1578 2963 Scptembrin.
