2632 3464
287 456 343 483 453
798 453 912 480 LIBER
933 450 1246 479 PROCURATORUM
1266 450 1447 477 NATIONIS
1466 450 1711 476 ANGLICANAE
2167 449 2220 476 454

290 542 354 562 non
366 532 491 572 poterit)
503 532 535 562 in
545 532 647 561 medio
659 530 903 570 Quadragesime
913 529 1102 563 admittatur,
1114 528 1199 557 dum-

290 582 382 612 modo
396 587 508 616 tamen,
519 591 558 611 ne
569 581 652 610 fraus
662 580 844 614 intercedat,
856 579 886 608 in
896 578 1053 618 principio
1064 577 1200 614 Quadra-

291 631 409 671 gesime
426 630 548 660 nacioni
559 639 594 659 se
607 628 831 669 presentaverit
841 634 872 657 et
881 628 920 657 de
934 627 1022 656 firmo
1037 625 1202 666 proposito

292 689 349 710 suo
364 678 649 709 subdeterminandi
664 678 695 708 iu
711 678 815 707 eadem
834 676 1078 716 Quadragesima
1090 675 1122 704 in
1132 684 1201 715 pre-

290 729 390 758 sentia
405 728 544 758 nacionis
561 728 620 757 fide
633 726 734 756 media
744 725 836 756 fuerit
849 730 1051 766 protestatus.

332 777 507 807 Secundum
530 783 664 817 protunc
697 775 840 806 similiter
867 780 1014 805 statutum
1041 780 1099 809 est,
1119 774 1203 813 quod

291 827 440 866 deinceps
475 825 579 856 nullus
618 825 838 865 magistrorum
881 823 913 853 in
954 823 1202 863 congregacione

290 875 430 906 nacionis
447 886 464 904 a
479 873 587 915 majori
603 880 688 914 parte
704 873 904 913 presencium
917 872 949 901 in
970 878 1202 912 procuratorem

291 924 408 954 electus
423 931 475 954 aut
491 923 524 954 in
537 932 720 963 quacunque
737 932 830 952 causa
843 931 902 962 per
923 921 1083 950 nacionem
1103 922 1203 960 depu-

290 979 385 1008 tatus,
412 971 588 1013 hujusmodi
610 971 866 1012 procuratoriam‚
890 970 1125 1010 deputacionem
1148 979 1203 999 seu

291 1022 431 1063 quamvis
446 1021 535 1051 aliam
549 1020 800 1051 commissionem
814 1030 850 1049 ex
862 1026 949 1059 parte
964 1019 1106 1049 nacionis
1117 1029 1203 1048 recu-

287 1081 361 1101 sare
378 1071 478 1101 valeat
496 1077 548 1100 aut
566 1079 632 1100 eam
650 1079 713 1099 non
728 1075 901 1109 acceptare,
920 1069 981 1098 nisi
999 1068 1204 1108 impedimen-

290 1127 354 1150 tum
381 1119 536 1150 sufficiens
565 1125 596 1149 et
614 1129 736 1148 causam
759 1118 926 1158 legitimam
952 1117 1156 1158 pretenderit,
1173 1123 1204 1147 et

292 1179 388 1209 super
415 1168 474 1199 hoc
509 1168 669 1198 nacionem
705 1174 816 1197 extunc
851 1167 940 1207 plene
975 1166 1202 1202 informaverit,

291 1224 421 1258 propter
435 1218 518 1258 quod
535 1217 585 1247 vel
601 1227 692 1257 quam
705 1216 815 1246 merito
825 1217 935 1246 debeat
945 1216 1052 1245 haberi
1067 1225 1204 1255 suppor-

290 1273 372 1296 tatus
393 1273 423 1296 et
450 1272 626 1296 excusatus.
656 1265 689 1295 Si
717 1275 792 1295 vero
821 1265 952 1305 allegato
984 1265 1204 1304 impedimento

290 1316 455 1356 quisquam
476 1315 695 1356 magistrorum
719 1314 752 1344 in
781 1315 907 1344 dubium
927 1314 1131 1349 revocaverit,
1165 1323 1203 1343 an

287 1365 393 1405 ipsum
423 1365 534 1395 debeat
559 1363 716 1395 sufficiens
745 1370 775 1393 et
802 1363 973 1404 legitimum
995 1363 1144 1403 reputari,
1173 1369 1204 1393 et

291 1420 422 1454 propter
454 1413 557 1454 ipsum
590 1413 707 1443 electus
739 1413 778 1442 ab
812 1412 961 1442 electione
988 1412 1167 1452 supportari
1194 1424 1200 1442 :

292 1469 403 1493 extunc
426 1468 609 1502 procurator
638 1471 656 1491 a
679 1461 828 1502 magistro
849 1471 943 1501 super
967 1461 1025 1491 hoc
1044 1461 1203 1491 dubitante

292 1512 462 1552 requisitus
477 1517 633 1552 proponet
645 1511 676 1540 in
692 1511 922 1544 deliberacione
934 1510 1074 1540 nacionis
1086 1511 1124 1540 de
1138 1511 1203 1540 suf-

291 1561 431 1591 ficiencia
469 1560 681 1600 impedimenti
716 1566 747 1590 et
777 1560 860 1590 circa
898 1560 1144 1595 excusacionem,
1174 1565 1204 1590 et

292 1610 443 1650 quidquid
454 1616 586 1650 protunc
599 1608 696 1649 major
709 1619 784 1649 pars
796 1609 1016 1649 magistrorum
1032 1618 1127 1649 super
1145 1608 1203 1639 hoc

291 1658 554 1694 determinaverit,
573 1658 739 1688 habebitur
754 1668 813 1698 pro
831 1657 989 1688 concluso.

331 1708 377 1737 2¹²·
394 1707 542 1738 articulus
565 1706 703 1747 ejusdem
727 1707 986 1747 congregacionis
1014 1713 1080 1737 erat
1108 1717 1204 1747 super

292 1756 474 1787 collectione
499 1762 683 1786 statutorum
701 1756 838 1786 omnium
860 1756 1000 1786 nacionis
1016 1763 1046 1786 et
1066 1757 1203 1796 inscrip-

290 1805 376 1836 tione
393 1815 499 1836 eorum
515 1805 546 1835 in
563 1805 624 1835 fine
641 1805 711 1834 libri
729 1805 815 1834 rubei
828 1804 981 1834 nacionis⁴
1002 1812 1075 1846 post
1091 1812 1204 1836 statuta

292 1854 456 1885 facultatis.
473 1855 514 1884 Et
527 1854 730 1884 deliberatum
750 1860 816 1884 erat
835 1854 1032 1884 concorditer
1046 1855 1129 1895 quod
1145 1855 1202 1885 hoc

292 1904 464 1944 expediret.
493 1903 534 1933 Et
558 1903 623 1934 dati
647 1910 735 1933 erant
760 1913 856 1943 super
885 1903 943 1933 hoc
965 1904 1114 1944 deputati.
1141 1904 1203 1934 Sed

291 1953 455 1993 negocium
468 1962 654 1992 suspensum
669 1958 717 1982 est
734 1962 833 1992 usque
854 1953 892 1982 ad
913 1953 1044 1983 reditum
1062 1953 1203 1993 magistri

292 2001 443 2032 Rartwici
469 2002 507 2032 de
529 2001 657 2037 Sundis,
677 2002 758 2041 apud
773 2011 864 2041 quem
889 2007 922 2032 ut
939 2002 1100 2032 dicebatur
1120 2008 1204 2032 esset

289 2061 404 2090 parvus
420 2049 496 2079 liber
509 2052 655 2086 nacionis,
672 2050 704 2080 in
722 2060 784 2090 quo
799 2057 833 2080 ut
851 2051 1011 2081 dicebatur
1028 2051 1122 2081 multa
1139 2058 1203 2081 sta-

292 2105 357 2130 tuta
372 2099 621 2129 continebantur.

333 2147 411 2178 Post
440 2148 719 2188 congregacionem
751 2148 863 2178 dictam
891 2148 1118 2179 deliberacione
1147 2160 1202 2180 seu

291 2196 459 2229 eoncordia
488 2197 707 2237 magistrorum
731 2207 826 2237 super
852 2197 910 2227 hoc
938 2198 1047 2238 previa
1077 2199 1204 2229 intravit

291 2245 381 2276 nscio
405 2246 563 2276 tabernam
585 2246 616 2275 in
643 2246 713 2276 vico
737 2246 894 2282 Satorum,
919 2246 996 2277 alias
1028 2247 1139 2283 Husie,
1159 2249 1203 2277 ad

290 2296 460 2335 ymaginem
472 2302 571 2324 nostre
580 2296 710 2331 domine,
722 2295 774 2326 ubi
791 2295 883 2325 trium
896 2296 1115 2336 magistrorum
1131 2297 1202 2337 qui-

290 2343 378 2379 libet,
409 2343 529 2374 scilicet
558 2344 708 2385 magister
739 2344 885 2374 Nicolaus
910 2344 1022 2381 Suker,
1053 2346 1202 2386 magister

292 2391 447 2423 Henricus
468 2393 606 2432 Spronc,
627 2399 658 2423 et
680 2393 828 2433 magister
855 2393 1039 2425 Guillelmus
1065 2394 1201 2425 Gerland

293 2440 416 2477 scotus,
446 2441 541 2472 solvit
563 2443 578 2472 1
609 2443 744 2472 francum
775 2452 834 2482 pro
855 2441 992 2482 jocundo
1020 2443 1147 2474 introitu
1171 2444 1201 2474 in

292 2489 424 2530 primam
438 2491 728 2531 congregacionem,
747 2491 906 2521 residuum
934 2491 1074 2532 magistri
1098 2492 1202 2522 solve-

292 2544 366 2569 runt
376 2539 415 2569 de
433 2539 539 2570 bursis
554 2540 706 2580 propriis.

333 2586 408 2618 Item
434 2588 511 2618 sacta
534 2589 782 2629 congregacione
802 2589 941 2619 nacionis
959 2588 999 2619 V-
1018 2589 1070 2620 die
1084 2590 1202 2621 mensis

292 2634 366 2666 Maii
376 2637 459 2676 apud
470 2636 615 2668 Sanctum
626 2637 814 2668 Mami-inum
825 2639 862 2668 ad
879 2638 1064 2668 audiendum
1077 2649 1201 2679 compu-

292 2690 356 2715 tum
371 2686 544 2726 receptoris
561 2692 592 2716 et
607 2687 646 2716 ad
659 2686 835 2728 eligendum
851 2693 1096 2727 procuratorem,
1115 2698 1201 2718 com-

293 2733 413 2773 putavit
434 2735 578 2766 dominus
603 2742 764 2776 receptor,
789 2742 820 2766 et
847 2736 960 2767 solutis
983 2736 1068 2767 XXX
1092 2736 1202 2767 solidis

294 2791 352 2822 pro
367 2783 463 2813 scolis
479 2784 597 2815 nostris
609 2785 712 2820 novis,
729 2791 760 2815 et
773 2784 833 2815 1111
852 2785 966 2815 francis
985 2795 1041 2826 pro
1057 2786 1152 2817 scolis
1170 2786 1202 2817 in

293 2830 408 2871 quibus
436 2832 584 2872 magister
613 2833 775 2864 Marcilius
803 2833 857 2864 illo
881 2844 962 2864 anno
985 2834 1118 2875 legebat,
1143 2845 1202 2876 pro

289 2889 374 2910 anno
391 2879 444 2910 illo
459 2886 490 2911 et
505 2881 609 2911 soluto
623 2881 684 2912 sibi
705 2882 911 2914 emolumento
934 2893 991 2914 suo
1008 2883 1068 2914 sibi
1097 2884 1202 2915 debito

325 2981 347 3006 1.
387 2981 442 3005 rid.
452 2988 532 3014 supra
544 2990 572 3014 p.
582 2982 637 3011 821.
654 2986 708 3008 noe.
722 2984 747 3008 Ιι.

1240 971 1275 997 10

1241 1217 1275 1243 15

1240 1463 1275 1490 20

1240 1709 1274 1736 25

1240 1955 1274 1982 30

1239 2200 1274 2227 35

1239 2692 1273 2719 45

1308 527 1433 556 racione
1457 526 1549 555 officii
1569 536 1649 555 anno
1669 533 1741 555 tunc
1761 532 1923 561 currente,
1939 526 2058 556 scilicet
2083 527 2110 556 11
2133 527 2218 563 libr.,

1309 575 1422 605 mansit
1453 575 1575 605 nacioni
1601 574 1757 614 obligatus
1780 575 1812 603 in
1831 574 1903 604 VIII
1929 575 2035 610 libris,
2057 575 2125 605 1111‘
2141 577 2220 606 albis

1309 624 1423 660 minus,
1441 631 1471 654 et
1488 625 1544 654 fuit
1557 630 1719 663 compotus
1736 625 1773 652 ab
1789 624 1934 653 omnibus
1947 625 2148 663 approbatus.

1718 718 1735 746 1
1740 718 1817 747 374

1312 790 1583 820 Procuratoria
1623 789 1795 830 magistri
1831 789 2013 819 Willelmi
2054 790 2220 820 Gerland

1704 838 1822 868 Scoti.

1350 920 1443 950 Anno
1457 919 1582 949 Domini
1598 919 1762 948 millesimo
1773 919 1867 949 CCC‘·
1879 919 2046 954 LXX11110,
2058 921 2135 950 facta
2150 931 2221 950 con-

1311 969 1499 1009 gregacione
1510 969 1650 998 nacionis
1659 968 1830 1008 Anglicane
1838 969 1876 997 ad
1887 968 2063 1008 eligendum
2074 980 2220 1009 procura-

1311 1024 1421 1053 torem,
1432 1024 1462 1047 et
1471 1019 1509 1047 ad
1525 1018 1710 1048 audiendum
1721 1024 1896 1058 compotum
1907 1019 2091 1058 recepturis,
2104 1019 2220 1050 electus

1312 1067 1368 1097 suit
1381 1068 1412 1096 in
1425 1073 1670 1107 procuratorem,
1680 1066 1766 1096 nullo
1780 1067 1905 1106 penitus
1919 1067 2115 1103 reclamante,
2128 1069 2221 1110 magi-

1312 1123 1377 1146 ster
1393 1116 1571 1146 Willelmus
1588 1115 1722 1146 Gerland
1743 1115 1866 1151 Scotus‚
1883 1116 1923 1145 V*
1941 1116 1991 1146 die
2007 1118 2123 1147 mensis
2141 1118 2222 1149 Maii.

1313 1166 1348 1196 In
1357 1164 1444 1206 cujus
1456 1165 1669 1205 procuratoria
1683 1171 1749 1195 acta
1762 1166 1885 1195 suerunt
1895 1165 1950 1195 hec
1965 1176 2024 1205 que
2037 1174 2219 1206 sequuntur.

1353 1215 1393 1244 Et
1409 1214 1549 1254 predicta
1566 1215 1616 1244 die
1638 1214 1746 1254 plures
1766 1215 1906 1254 magistri
1923 1216 2062 1254 predicte
2079 1217 2220 1247 nacionis

1311 1263 1447 1294 unanimi
1475 1273 1631 1294 consensu
1652 1264 1810 1293 tabernam
1836 1265 1988 1304 quandam
2013 1265 2219 1302 intraverunt,

1311 1313 1364 1343 ubi
1379 1313 1551 1352 predictum
1566 1319 1799 1353 procuratorem
1814 1313 1846 1342 in
1861 1323 1922 1343 uno
1935 1314 2050 1349 franco,
2068 1314 2109 1344 VI
2125 1316 2222 1345 dena-

1311 1362 1368 1392 riis
1387 1362 1501 1398 minus,
1526 1363 1743 1402 perpotabant‚
1760 1362 1943 1392 laudabilem
1967 1365 2221 1394 consuetudinem

1312 1417 1438 1442 actenus
1453 1418 1665 1441 conservatam
1688 1411 1845 1441 humiliter
1859 1411 1922 1452 (sic)
1940 1413 2160 1451 approbantes.

1354 1460 1428 1490 Item
1443 1461 1531 1490 X111⁸
1548 1461 1597 1490 die
1619 1460 1735 1490 mensis
1751 1460 1825 1490 Maii
1844 1461 1960 1501 incepit
1977 1468 2007 1491 et
2022 1463 2221 1503 magistratus

1312 1516 1377 1540 erat
1391 1510 1536 1540 dominus
1551 1510 1708 1540 Johannes
1723 1509 1809 1540 Choc
1826 1511 1884 1539 sub
1902 1510 2051 1550 magistro
2067 1511 2220 1548 Mercilio.

1312 1557 1399 1598 cujus
1416 1560 1511 1589 bursa
1525 1559 1552 1589 V
1569 1559 1674 1595 solidi,
1692 1558 1751 1588 llll
1766 1559 1897 1594 denarii,
1911 1570 1970 1599 pro
1987 1560 2101 1600 quibus
2117 1563 2223 1601 posuit

1311 1609 1444 1649 pignora
1461 1608 1627 1648 receptori,
1645 1618 1704 1648 que
1715 1607 1728 1626 ²
1746 1615 1855 1648 postea
1867 1609 2008 1639 redemit.

1353 1658 1428 1687 Item
1453 1658 1561 1687 eodem
1578 1657 1628 1687 die
1653 1658 1762 1694 sabati,
1789 1657 1910 1689 scilicet
1930 1658 2019 1689 xm·
2037 1659 2087 1689 die
2106 1661 2223 1690 mensis

1312 1706 1397 1742 Maii,
1423 1706 1603 1737 licenciatus
1631 1707 1687 1736 suit
1712 1707 1856 1737 dominus
1879 1708 1993 1738 Petrus
2017 1709 2055 1738 de
2078 1709 2220 1740 Trebrun

1313 1755 1436 1791 Scotus‚
1453 1755 1540 1795 cujus
1559 1757 1654 1786 bursa
1670 1755 1711 1785 VI
1728 1756 1833 1786 solidi.

1353 1805 1428 1835 Item
1444 1805 1550 1835 eodem
1562 1805 1611 1834 die
1625 1805 1804 1836 licenciatus
1818 1806 1874 1836 fuit
1889 1805 2082 1847 Ghijskynus
2098 1808 2135 1838 de
2150 1809 2221 1838 Die-

1311 1854 1483 1895 penborch,
1498 1853 1586 1894 cujus
1599 1855 1693 1884 bursa
1708 1854 1749 1884 VI
1766 1855 1869 1885 solidi.

1352 1903 1427 1933 ltem
1442 1903 1525 1933 xvl·
1541 1903 1592 1933 die
1612 1904 1728 1933 mensis
1746 1904 1820 1934 Maii
1841 1905 1957 1945 incepit
1975 1912 2006 1935 et
2021 1906 2220 1946 magistratus

1312 1952 1367 1982 fuit
1376 1952 1568 1992 Ghuskynus
1576 1953 1614 1982 de
1623 1953 1843 1993 Diepenborch
1853 1954 1910 1984 sub
1920 1954 2070 1995 magistro
2079 1955 2220 1986 Gerardo

1313 2001 1438 2037 Kalkar,
1453 2001 1540 2042 cujus
1553 2003 1649 2032 bursa
1663 2002 1703 2032 VI
1721 2002 1824 2032 solidi.

1352 2050 1426 2091 (Vol.
1446 2053 1480 2081 41
1497 2050 1520 2091 b)
1538 2050 1613 2080 Item
1624 2052 1732 2080 eodem
1745 2051 1806 2087 die,
1817 2051 1936 2082 scilicet
1946 2052 2030 2083 XVI*
2041 2054 2091 2083 die
2103 2055 2218 2084 mensis

1311 2099 1397 2136 Maii,
1414 2100 1530 2140 incepit
1548 2106 1579 2130 et
1597 2100 1796 2140 magistratus
1818 2101 1874 2131 suit
1894 2102 2038 2133 dominus
2059 2102 2217 2133 Gerardus

1310 2148 1442 2179 Viskaer
1459 2150 1517 2179 sub
1535 2149 1676 2189 predicto
1694 2150 1859 2190 magistro,
1880 2150 1967 2191 cujus
1987 2152 2082 2182 bursa
2102 2151 2142 2182 VI
2159 2153 2217 2182 sol.

1352 2197 1427 2228 Item
1462 2198 1590 2228 xxvu·
1624 2199 1674 2228 die
1705 2199 1821 2229 mensis
1851 2199 1924 2240 Maij
1953 2201 2132 2231 licenciatus
2166 2202 2222 2232 suit

1312 2247 1428 2287 Symon
1446 2247 1568 2287 Creych
1584 2249 1642 2277 sub
1659 2249 1809 2288 magistro
1823 2248 1983 2279 Willelmo
2003 2251 2040 2280 de
2062 2250 2216 2285 Trebrun,

1311 2295 1398 2336 cujus
1413 2297 1508 2326 bursa
1523 2296 1549 2326 V
1563 2297 1667 2333 solidi,
1684 2297 1726 2327 Vl
1741 2298 1872 2327 denarii.

1351 2345 1426 2376 Item
1449 2346 1556 2375 eodem
1581 2346 1631 2376 die
1657 2346 1837 2377 licenciatus
1864 2347 1920 2377 suit
1941 2348 2084 2378 dominus
2104 2349 2219 2378 Hector

1311 2395 1368 2425 sub
1387 2394 1536 2435 magistro
1555 2395 1673 2425 Thoma
1693 2396 1731 2425 de
1754 2395 1863 2431 Clivis,
1887 2395 1973 2436 cujus
1997 2397 2090 2427 bursa
2112 2398 2218 2431 nichil,

1310 2443 1383 2484 quia
1395 2443 1512 2484 juravit
1527 2450 1671 2474 statutum
1683 2445 1884 2485 paupertatis.

1351 2492 1426 2522 Item
1443 2493 1582 2532 predicto
1593 2493 1643 2522 die
1659 2493 1838 2524 licenciatus
1853 2494 1908 2524 suit
1923 2495 2065 2524 dominus
2081 2496 2219 2525 Conrar-

1310 2542 1369 2571 dus
1394 2542 1432 2571 de
1465 2541 1657 2582 Haghenoya
1689 2543 1746 2572 sub
1772 2543 1913 2583 predicto
1937 2544 2097 2583 magistro,
2127 2543 2215 2584 cujus

1310 2591 1405 2621 bursa
1419 2590 1525 2620 nichil.

1350 2639 1426 2670 Item
1457 2640 1600 2670 dominus
1629 2639 1811 2670 Conrardus
1843 2641 2001 2681 predictus
2032 2642 2082 2671 die
2111 2641 2217 2672 ultima

1311 2689 1427 2719 mensis
1442 2688 1516 2718 Maii
1531 2689 1648 2729 incepit
1663 2696 1693 2720 et
1707 2690 1905 2729 magistratus
1922 2690 1978 2719 suit
1996 2691 2053 2720 sub
2069 2691 2218 2731 magistro

1310 2737 1428 2768 Thoma
1442 2739 1480 2767 de
1496 2738 1607 2774 Clivis,
1626 2738 1713 2779 cujus
1729 2740 1822 2768 bursa
1841 2738 1946 2768 nichil.

1351 2786 1427 2817 Item
1449 2787 1593 2816 dominus
1614 2787 1730 2817 Hector
1749 2787 1813 2817 Vilt
1831 2788 1868 2817 de
1892 2787 2034 2818 Huessen
2057 2788 2172 2829 incepit
2187 2795 2219 2819 et

1310 2835 1509 2876 magistratus
1533 2837 1588 2866 suit
1609 2837 1667 2866 sub
1686 2837 1825 2877 predicto
1847 2837 1996 2877 magistro
2024 2838 2131 2868 eodem
2156 2838 2217 2873 die,

1311 2883 1399 2925 cujus
1416 2885 1511 2915 bursa
1529 2884 1635 2915 nichil.

1343 2987 1367 3010 2.
1402 2986 1458 3015 Que
1472 2990 1531 3015 etc..
1545 2986 1599 3010 alio
1611 2986 1766 3011 charactere.
