2632 3464
432 413 484 439 18³

472 490 548 519 Item
564 490 672 519 eodem
687 488 738 518 die
751 488 900 528 magister
911 488 1067 518 Henricus
1080 489 1118 517 de
1131 487 1270 527 Kempen
1285 497 1343 527 pro

430 538 646 580 procuratoria
661 537 755 568 solvit
769 548 863 568 unum
878 537 1040 567 florenum.

473 588 548 618 ltem
563 588 712 628 magister
722 587 738 617 J
741 587 880 617 ohannes
891 587 928 616 de
944 586 1101 621 Velstede,
1116 595 1176 625 pro
1187 591 1260 615 tunc
1271 594 1343 624 pro-

429 644 565 673 curator,
587 637 681 666 solvit
700 637 779 666 duos
798 636 945 670 florenos,
968 645 1061 664 unum
1079 645 1137 674 pro
1153 634 1281 663 introitu
1294 634 1343 663 vel

429 688 469 717 de
483 686 640 727 principio
658 686 847 726 magisterii3
865 684 1018 724 reliquum
1034 694 1109 713 vero
1124 693 1183 724 pro
1197 693 1343 722 procura-

430 736 521 767 toria.

471 786 547 816 Item
573 785 722 825 magister
748 784 906 813 Johannes
939 784 977 811 de
1010 782 1054 812 W
1055 781 1228 814 anczberch
1258 780 1344 810 dedit

429 845 524 865 unum
545 835 695 863 florenum
713 843 771 873 pro
794 832 922 861 introitu
939 831 988 861 vel
1010 832 1047 860 de
1067 831 1224 871 principio
1243 830 1342 870 magi-

429 884 529 914 sterii.

471 934 549 964 Cum
565 933 679 972 quibus
702 933 812 961 factum
829 932 928 960 suerat
947 940 1040 959 unum
1056 929 1220 969 prandium
1243 928 1342 968 magi-

429 983 504 1013 stris
519 982 660 1011 nacionis
676 981 847 1020 Anglicane
866 981 908 1008 ad
917 981 1088 1018 ymaginem
1101 979 1181 1007 beati
1194 978 1342 1008 ,Iohannis

429 1033 577 1071 Baptiste.

840 1079 858 1106 1
863 1079 937 1107 355

429 1148 506 1187 (Fol.
533 1150 580 1186 26)
599 1146 790 1176 Arnoldus
822 1146 865 1174 de
897 1145 1065 1174 Beveren
1089 1145 1131 1173 de
1160 1143 1337 1173 Embeke.

469 1228 559 1257 Anno
576 1226 699 1256 Domini
716 1206 747 1255 let
764 1206 846 1256 CC&
861 1225 936 1261 LV⁰‚
951 1225 1058 1265 quinta
1071 1225 1120 1254 die
1136 1225 1220 1264 May,
1233 1223 1342 1265 vigilia

427 1277 578 1307 Johannis
591 1283 660 1305 ante
679 1276 817 1310 Portam,
837 1276 918 1315 apud
936 1275 1081 1304 Sanctum
1097 1274 1251 1303 Julianum
1263 1283 1340 1313 pau-

426 1337 533 1367 perem
552 1327 635 1355 'facta
660 1325 903 1365 congregatione
926 1324 1062 1353 nationis
1085 1323 1257 1363 Anglicane
1279 1329 1339 1352 tam

427 1375 607 1416 regencium
624 1385 714 1414 quam
730 1384 792 1403 non
804 1374 982 1414 regencium
996 1383 1091 1413 super
1107 1372 1257 1402 electione
1268 1382 1340 1412 pro-

427 1425 580 1455 curatoris
595 1424 744 1458 facienda,
760 1423 877 1452 electus
894 1423 949 1452 suit
964 1423 996 1451 in
1011 1428 1246 1462 procuratorem
1260 1420 1339 1461 ejus-

426 1475 495 1503 dem
515 1474 656 1503 nacionis
672 1473 757 1503 nullo
772 1473 992 1513 magistrorum
1011 1472 1134 1511 penitus
1155 1471 1339 1500 reclamante

428 1523 577 1563 magister
599 1522 760 1552 Arnoldus
784 1523 822 1551 de
847 1522 987 1551 Beveren
1014 1522 1052 1550 de
1079 1520 1217 1550 Embeke
1245 1520 1337 1555 Saxo,

428 1571 683 1612 Moguntinensis
702 1571 859 1611 dyocesis,
878 1571 909 1600 in
926 1569 1016 1610 cujus·
1033 1569 1249 1610 procuratoria
1262 1570 1340 1599 facta

426 1629 499 1651 sunt
515 1631 574 1661 que
590 1627 772 1660 sequuntur.

467 1671 501 1700 ln
527 1671 632 1699 eadem
657 1670 707 1699 die
733 1669 877 1709 exposuit
896 1669 977 1698 idem
998 1669 1145 1709 magister
1166 1667 1336 1702 ArnolduS,

424 1726 609 1760 procurator
625 1719 869 1759 prenominatus,
887 1719 965 1747 duos
977 1718 1112 1747 florenos
1131 1730 1137 1747 z
1154 1728 1211 1757 pro
1222 1717 1338 1757 princi-

424 1770 477 1809 pio
494 1768 666 1808 magisterii
684 1779 789 1803 unum,
806 1767 898 1797 alium
915 1777 972 1807 pro
990 1766 1216 1806 procuratoria.

466 1819 579 1847 Postea
593 1819 669 1846 facta
683 1817 926 1857 congregatione
941 1816 1075 1846 nationis
1092 1816 1173 1855 apud
1191 1815 1336 1845 Sanctum

424 1868 611 1896 Maturinum
628 1867 669 1896 XI
689 1867 738 1895 die
754 1867 815 1895 Mai
832 1867 869 1896 de
885 1876 1017 1905 vespere
1033 1866 1070 1894 ad
1085 1865 1334 1904 supplicandum,

423 1916 610 1956 supplicavit
621 1916 778 1945 humiliter
789 1916 933 1944 dominus
949 1915 1145 1944 Hermannus
1159 1914 1288 1949 Consul,
1305 1920 1338 1943 ut

424 1966 546 1995 inducie
560 1975 658 2004 usque
670 1966 711 1994 ad·
723 1966 833 1994 festum
844 1964 994 1994 Johannis
1009 1965 1046 1993 de
1060 1964 1165 1993 bursis
1177 1963 1336 1993 solvendis

424 2026 481 2054 pro
511 2014 646 2049 licentia,
673 2024 750 2054 quas
776 2015 814 2043 ad
836 2024 968 2053 presens
992 2013 1105 2042 habere
1129 2023 1190 2041 non
1214 2018 1334 2051 posset,

424 2064 483 2093 sibi
509 2065 771 2099 concederentur,
803 2063 851 2092 cui
880 2063 1079 2092 conformiter
1100 2062 1336 2091 vconcedebatur

424 2113 626 2152 supplicatio,
661 2119 760 2142 stante
795 2119 896 2141 tamen
933 2122 1002 2140 cum
1039 2111 1095 2140 hoc
1133 2112 1216 2150 quod
1256 2111 1336 2139 bona

423 2162 556 2202 pignora
572 2172 628 2201 pro
645 2162 776 2201 pecunia
790 2162 889 2190 danda
901 2161 1054 2200 obligaret
1065 2160 1232 2200 receptori,
1245 2160 1334 2189 etiam

423 2222 491 2240 cum
505 2211 562 2240 hoc
578 2212 662 2250 quod
681 2211 747 2240 sine
763 2211 845 2239 omni
865 2210 1010 2239 evasione
1025 2216 1054 2238 et
1072 2209 1189 2239 cautela
1205 2209 1336 2248 pecunia

422 2261 572 2289 dictarum
586 2261 749 2289 bursarum
765 2260 794 2288 in
810 2261 887 2289 festo
902 2259 1052 2288 Johannis
1067 2265 1150 2288 esset
1163 2258 1333 2298 persoluta.

464 2309 537 2338 ltem
562 2309 741 2338 licenciatus
765 2310 820 2338 fuit
841 2309 986 2338 dominus
1009 2308 1139 2337 Adolfus
1161 2309 1198 2336 de
1217 2308 1335 2337 VVerda

422 2359 480 2387 sub
492 2358 641 2397 magistro
654 2358 783 2387 Hinrico
798 2359 835 2387 de
851 2358 977 2396 Kempe,
993 2356 1079 2397 cujus
1091 2358 1186 2386 bursa
1197 2357 1334 2396 quinque

421 2407 526 2441 solidi,
544 2414 631 2436 scuto
650 2408 771 2436 valente
786 2407 871 2436 XVll
887 2407 1005 2436 solidos
1025 2413 1054 2435 et
1070 2406 1242 2435 dimidium.

463 2457 536 2486 Item
554 2457 732 2485 licenciatus
747 2457 803 2485 suit
816 2456 959 2485 dominus
976 2456 1159 2495 Henningus
1173 2455 1280 2484 Pamin
1297 2456 1335 2483 de

423 2506 614 2545 Stat-gardia,
655 2505 800 2544 dyocesis
843 2504 1051 2539 Caminensis,
1088 2505 1145 2533 sub
1184 2505 1334 2544 magistro

421 2554 580 2590 Wiskino,
602 2554 689 2594 cujus
705 2555 801 2583 bursa
817 2561 886 2583 octo
902 2554 1006 2582 solidi.

464 2604 536 2632 ltem
554 2603 733 2633 licenciatus
751 2603 806 2632 fuit
822 2603 967 2632 dominus
982 2603 1140 2632 ,Iohannes
1163 2603 1259 2632 Wich
1276 2603 1343 2634 sub,

421 2653 570 2692 magistro
589 2653 728 2682 Johanne
745 2654 782 2682 de
799 2652 910 2692 Aquis,
932 2651 1018 2691 cujus
1038 2653 1131 2681 bursa
1153 2662 1207 2681 sex
1226 2651 1330 2681 solidi.

462 2702 536 2731 ltem
556 2702 735 2731 licenciatus
754 2701 809 2731 fuit
826 2701 969 2730 dominus
990 2701 1144 2730 Henricus
1163 2702 1200 2730 de
1218 2701 1333 2730 Essen-

421 2751 482 2785 dia,
511 2751 656 2790 dyocesis
684 2750 896 2785 Coloniensis,
912 2751 969 2779 sub
988 2750 1138 2790 magistro
1161 2750 1332 2785 Themone,

422 2799 508 2839 cujus
523 2801 616 2829 bursa
633 2800 770 2839 quinque
785 2800 888 2829 solidi.

454 2916 475 2938 1.
510 2916 603 2938 Exstat
621 2915 799 2939 tantummodo
816 2914 923 2938 Rutulus
947 2914 1094 2939 nuntiorum
1114 2914 1226 2938 Univers.
1249 2914 1330 2939 Paris.

422 2959 490 2974 anno
504 2951 573 2977 1355,
588 2953 656 2982 Sept.
669 2952 691 2977 2,
706 2951 731 2974 in
746 2951 914 2974 Chartulurio
928 2951 1050 2975 Univers.
1069 2951 1165 2979 Paris„
1182 2951 1228 2979 ΙΙΙ,
1246 2958 1273 2982 p.
1292 2952 1329 2980 37,

977 411 1201 438 AUCTARIUM
1221 408 1482 437 CHARTULARH
1502 398 1677 438 UNIVERS.
1700 410 1818 439 PARIS.

1380 930 1425 959 10*

1379 1178 1412 1205 15

1378 1424 1412 1450 20

1376 1670 1410 1696 25

1374 1915 1409 1941 30

1374 2161 1407 2186 35

1373 2406 1407 2432 40

1373 2653 1406 2679 45

2168 0 2240 24 ·¹>-;,·;13,
2264 0 2315 25 ,ν’-ς,
2339 0 2356 17 τ·

1495 487 1570 517 Item
1587 487 1768 518 licenciatus
1785 488 1843 518 fuit
1857 484 2001 518 dominus
2016 488 2214 519 Hermannus
2231 488 2373 525 (Ἑοιιειιί,ἶ

1453 537 1598 576 dyocesis
1615 537 1826 572 Caminensis‚
1848 538 1906 567 sub
1926 537 2075 578 magistro
2094 537 2256 574 Wiskino,
2268 537 2363 580 ‘cujus

1452 586 1547 615 bursa
1557 592 1676 626 septem
1687 587 1758 622 sol„
1769 587 1887 616 floreno
1895 586 2015 616 valente
2028 588 2063 617 17
2073 587 2211 617 soh-cum
2218 584 2361 618 dimidio.

1494 635 1568 664 Item
1593 635 1710 675 incepit
1727 636 1871 666 dominus
1898 632 2044 666 Nicolaus
2067 635 2180 667 Canuti
2204 637 2243 666 de
2268 637 2364 667 Dacia

1453 685 1511 713 sub
1526 694 1555 713 m
1627 690 1675 714 tro
1692 685 1852 720 Wiskino,
1867 684 1954 725 cujus
1970 686 2065 715 bursa
2078 695 2140 715 sex
2149 682 2259 722 solidi,
2269 686 2360 716 etiam

1453 739 1541 762 scuto
1555 733 1676 764 valente
1691 734 1728 764 18
1743 734 1874 764 solidos.

1468 773 1568 812 Item
1589 783 1667 812 facta
1691 783 1933 824 congregatione
1956 784 2038 823 apud
2065 783 2210 813 Sanctum
2235 783 2362 814 Maturi-

1452 842 1524 861 num
1549 832 1588 861 22
1610 832 1661 862 die
1679 831 1772 872 ‘May‚
1798 832 2055 873 supplicaverunt
2080 833 2100 861 4
2119 833 2262 873 magistri
2282 834 2361 864 infra

1451 880 1612 917 nominati,
1650 881 1770 911 scilicet
1800 882 1951 922 magister
1986 882 2182 922 Eghelingus
2223 883 2287 913 Bos
2323 884 2362 913 de

1452 930 1652 966 Brunswich,
1662 931 1810 971 magister
1817 931 1952 961 Thomas
1960 932 2104 962 Kolarste
2115 933 2153 962 de
2161 932 2359 968 Brunswich,

1452 985 1481 1009 et
1519 980 1668 1020 magister
1702 979 1904 1010 Bernhardus
1940 982 1978 1010 de
2016 981 2127 1016 Dacia,
2159 987 2190 1011 et
2212 981 2362 1022 magister

1450 1028 1607 1058 Johannes
1623 1030 1661 1058 de
1675 1029 1821 1059 Velstede
1839 1030 1876 1059 de
1891 1030 2091 1066 Brunswich,
2109 1037 2142 1060 ut
2155 1031 2182 1060 si
2197 1031 2361 1072 continge-

1450 1083 1498 1107 ret
1515 1088 1627 1108 novum
1646 1078 1784 1108 rotulumv
1797 1079 1834 1108 ad
1850 1078 1966 1108 curi-am
1984 1079 2109 1110 domino
2129 1090 2209 1119 pape
2226 1080 2361 1110 transle-

1450 1127 1529 1167 gari,
1542 1127 1713 1167 supradicti
1726 1128 1878 1168 magistri,
1887 1128 1968 1157 -licet
1977 1129 2121 1158 absentes
2134 1130 2246 1164 forent,
2259 1135 2361 1159 tamen

1450 1182 1594 1216 tanquam
1611 1183 1775 1216 presentes
1792 1177 2027 1217 imponerentur
2047 1177 2149 1207 rotulo
2167 1178 2356 1218 supradicto.

1451 1226 1571 1263 Quibus
1596 1226 1793 1256 concorditer
1814 1232 1963 1256 concesse
1990 1232 2078 1256 erant
2101 1227 2358 1266 supplicationes,

1451 1281 1549 1305 stante
1578 1282 1679 1305 tamen
1708 1276 1792 1315 quod
1826 1285 1933 1305 eorum
1956 1282 2176 1315 procuratores
2210 1276 2359 1316 pecunias

1449 1324 1564 1354 nuncio
1587 1325 1618 1354 in
1639 1324 1690 1354 via
1706 1325 1933 1354 consumendas
1954 1331 2099 1364 tanquam
2124 1324 2150 1354 si
2173 1324 2236 1364 ipsi
2258 1325 2360 1356 forent

1449 1380 1614 1413 presentes
1632 1380 1860 1413 presentarent.

1491 1423 1566 1452 Item
1579 1423 1614 1453 27
1624 1423 1674 1452 die
1685 1422 1748 1452 Mai
1760 1424 1837 1452 facta
1852 1423 2095 1463 congregatione
2105 1423 2240 1453 nationis
2250 1423 2359 1464 Angli-

1448 1482 1535 1508 cane,
1560 1472 1748 1512 supplicavit
1771 1472 1915 1502 dominus
1941 1472 2094 1502 Ernestus
2119 1473 2157 1502 de
2186 1472 2305 1502 Vulven
2326 1478 2360 1503 ut

1448 1522 1543 1551 burse
1559 1531 1637 1561 quas
1647 1532 1706 1561 pro
1718 1522 1895 1561 inceptione
1911 1522 1984 1551 dare
2000 1527 2171 1557 teneretur,
2189 1521 2250 1551 sibi
2260 1521 2360 1552 'mise-

1448 1571 1615 1600 ricorditer
1629 1570 1871 1600 remitterentur.
1886 1569 1983 1611 Cujus
2002 1569 2188 1610 supplicatio
2204 1577 2270 1600 erat
2285 1581 2360 1601 con-

1448 1629 1547 1655 cessa,
1563 1630 1630 1649 cum
1648 1619 1707 1649 hoc
1723 1626 1823 1649 tamen
1840 1620 1924 1660 quod
1943 1619 2017 1660 (Fol.
2046 1622 2085 1649 26
2099 1619 2123 1660 ¹³)
2136 1615 2256 1659 juraret
2275 1621 2367 1660 quod'

1447 1679 1510 1698 non
1528 1668 1655 1698 haberet
1674 1669 1724 1698 hic
1745 1679 1801 1698 nec
1822 1669 1853 1698 in
1874 1669 2026 1708 partibus,
2049 1679 2110 1708 quo
2130 1669 2243 1723 dictam
2260 1674 2359 1709 ‘pecu-

1447 1718 1529 1747 niam
1542 1718 1659 1747 valeret
1672 1727 1859 1758 perpagare‚
1874 1718 1959 1758 quod
1975 1718 2086 1747 factum
2102 1725 2160 1748 est.

1489 1767 1562 1796 ltem
1579 1767 1618 1796 30
1634 1767 1683 1796 die
1698 1764 1770 1806 May
1783 1767 1820 1796 de
1838 1776 1926 1795 mane
1946 1768 2027 1806 apud
2043 1767 2188 1797 Sanctum
2203 1767 2358 1797 ,lulianum

1447 1817 1525 1845 sacta
1547 1816 1788 1856 congregatione
1812 1815 1947 1844 nationis
1969 1815 2140 1855 Anglicane
2161 1827 2257 1856 super
2276 1817 2359 1846 elec-⁴

1447 1866 1530 1894 tione
1546 1865 1645 1894 nuntii
1660 1875 1738 1905 pape
1754 1864 1888 1894 rotulum
1904 1865 2158 1904 transportantis,
2175 1861 2359 1895 electus'fuit

1447 1914 1643 1944 concorditer
1664 1913 1814 1954 magister
1833 1913 1990 1943 Johannes
2013 1913 2119 1944 Peblis
2141 1915 2253 1944 Scotus
2273 1915 2358 1944 nullo

1446 1963 1631 1992 reclamante
1644 1963 1666 1992 ⁴.
1697 1972 1699 1974 “
2161 1988 2162 1991 ,

1488 2012 1562 2042 Item
1588 2012 1695 2042 eodem
1718 2013 1767 2042 die
1788 2013 1826 2042 de
1852 2023 1984 2052 vespere
2015 2013 2093 2042 sacta
2115 2014 2357 2052 congregatione

1446 2060 1583 2098 ejusdem
1604 2058 1739 2091 nationis
1766 2062 1848 2101 apud
1875 2061 2020 2091 Sanctum
2049 2062 2238 2091 Maturinum
2262 2072 2358 2102 super

1446 2111 1595 2140 electione
1611 2111 1859 2146 inrotulatorum‚
1873 2111 1961 2140 electi
1974 2111 2096 2140 suerunt
2109 2108 2257 2150 magister
2271 2111 2358 2141 Mar·-

1445 2160 1565 2189 colinus
1575 2160 1698 2194 Scotus,
1713 2161 1862 2200 magister
1874 2159 2021 2189 Albertus
2035 2161 2072 2189 de
2090 2159 2239 2195 Saxonia,
2257 2155 2361 2200 magi·¹
2374 2173 2376 2176 ·

1445 2216 1510 2238 ster
1524 2210 1719 2239 Hermannus
1738 2210 1798 2248 [de]
1820 2209 1947 2245 Rotwil,
1966 2209 2113 2249 magister
2129 2208 2302 2248 Tydericus
2317 2210 2356 2238 de

1445 2259 1580 2298 Zyttare,
1597 2264 1626 2287 et
1640 2267 1735 2297 super
1748 2258 1802 2287 hec
1813 2257 1988 2297 juramenta
2006 2257 2164 2287 facientes.

1486 2309 1561 2338 ltem
1577 2308 1682 2337 ultima
1695 2307 1745 2336 die
1762 2307 1833 2346 May
1850 2308 1930 2336 >facta
1944 2305 2188 2347 congregatione
2205 2307 2243 2335 ad
2259 2306 2357 2336 Sane-

1445 2365 1507 2387 tum
1537 2357 1737 2390 Maturinum,
1760 2356 1947 2396 supplicavit
1964 2356 2115 2385 vdominus
2141 2356 2295 2387 Henricus
2317 2356 2356 2385 de

1446 2407 1544 2436 Clivis
1562 2413 1595 2435 ut
1607 2407 1701 2435 burse
1716 2415 1772 2444 pro
1789 2405 1977 2445 inceptione,
1991 2414 2067 2444 quas
2083 2400 2121 2433 ad
2134 2414 2266 2444 presens
2282 2401 2357 2434 dare

1445 2467 1507 2485 non
1521 2461 1640 2495 posset,
1662 2455 1721 2484 sibi
1744 2455 1983 2489 dimitterentur,
2002 2454 2064 2483 cui
2071 2453 2261 2493 supplicacio
2280 2463 2357 2483 con·-

1445 2506 1611 2534 cedebatur
1633 2514 1702 2533 cum
1725 2504 1783 2533 hoc
1805 2505 1890 2543 quod
1906 2503 2042 2550 juraret,
2064 2503 2153 2542 quod
2178 2502 2291 2531 habere
2317 2503 2355 2539 ad

1443 2564 1576 2594 presens
1592 2563 1654 2582 non
1670 2559 1778 2592 posset
1795 2553 1843 2581 hic
1862 2563 1918 2582 nec
1934 2553 1965 2581 in
1980 2546 2131 2591 partibus.

1486 2603 1559 2632 ltem
1576 2602 1693 2641 incepit
1708 2601 1852 2631 dominus
1871 2601 2033 2630 Ernestus
2041 2600 2160 2630 Vulven
2180 2601 2238 2630 sub
2259 2600 2355 2640 magi-

1444 2659 1509 2682 stro
1523 2652 1692 2686 Themone,
1707 2649 1793 2690 cujus
1812 2651 1906 2680 bursa
1919 2649 2024 2679 nichil.

1485 2702 1559 2731 Item
1576 2700 1692 2740 incepit
1707 2700 1850 2729 dominus
1872 2698 2060 2729 Wilhelmus
2077 2699 2115 2727 de
2135 2696 2224 2738 spini
2241 2698 2353 2728 Scotus

1444 2751 1500 2780 sub
1514 2750 1663 2790 magistro
1682 2748 1821 2778 Johanne
1841 2748 1946 2777 Peblis
1965 2747 2069 2782 Scoto,
2085 2746 2172 2787 cujus
2189 2748 2283 2777 bursa
2301 2757 2356 2777 sex

1443 2799 1546 2834 solidi,
1562 2805 1649 2828 scuto
1664 2796 1789 2827 valente·
1807 2798 1854 2826 19.

1441 2914 1518 2938 edito.
1545 2913 1640 2937 Ibidem
1669 2922 1724 2936 cum
1752 2912 1812 2936 aliis
1836 2912 1933 2936 nuntiis
1963 2911 2092 2935 Iohannes
2114 2911 2146 2935 de
2172 2910 2256 2935 Peblis
2276 2910 2355 2935 etiam

1443 2950 1598 2974 nominatur.

2311 413 2373 440 184·

2403 0 2446 22 ‘5355
