2632 3464
306 461 359 487 781

320 555 322 557 >
348 537 559 567 Deliberatum
575 537 630 566 suit
647 546 743 576 super
757 535 869 575 primo,
888 536 972 575 quod
988 534 1102 564 vellent
1117 535 1216 564 facere

306 586 388 616 sicut
408 585 467 616 alie
490 586 638 616 naciones
661 585 699 624 (si
725 585 794 615 sine
814 583 989 625 prejudicio
1017 594 1074 614 suo
1094 591 1219 623 possem

304 637 354 665 illi
366 636 404 664 de
420 637 486 664 alia
503 633 710 674 obedienciffl)
728 642 758 663 ee
773 635 878 672 facere
893 635 1019 663 rotulum
1034 640 1063 662 et
1081 633 1214 662 inscribi.

308 684 348 714 Et
369 685 516 724 petebant
535 689 683 724 regentes
702 683 847 723 preponi,
866 682 1058 722 antiquiores
1078 688 1215 717 econtra,

302 743 377 773 ymo
391 733 475 773 quod
492 732 624 772 quilibet
643 742 700 762 suo
722 738 820 762 staret
833 732 955 762 ordine.
974 731 1162 761 Referebant
1183 741 1217 760 se

307 789 408 812 tamen
442 782 531 822 quasi
566 791 674 811 omnes
706 782 746 811 ad
773 780 944 811 laudabiles
976 780 1217 810 consuetudines

306 831 459 861 facultatis
474 831 505 861 in
521 830 576 860 hac
590 837 688 871 parte,
705 836 736 860 et
747 831 900 860 dederunt
913 830 1078 869 deputatos
1088 830 1126 859 ad
1141 829 1218 859 reci-

307 880 454 920 piendum
469 880 594 910 cedulas
609 879 887 920 supplicacionum,
905 879 1000 917 [scil.]
1019 889 1086 908 cum
1103 889 1219 919 procu-

307 936 410 959 ratore
425 939 519 959 unum
533 935 692 969 regentem
709 935 740 958 et
753 934 818 958 tres
831 928 922 957 alios.

349 978 452 1018 Super
469 978 503 1007 2⁰
516 978 622 1008 nichil.

349 1027 421 1067 (Vol.
435 1029 472 1057 42
483 1027 508 1066 Ι>)
519 1027 686 1057 Protestati
698 1027 821 1061 fuerunt
831 1027 971 1066 magistri
980 1033 1124 1066 regentes
1135 1028 1218 1066 quod

307 1076 355 1106 eis
375 1086 438 1105 non
453 1077 578 1106 cederet
596 1075 628 1105 in
647 1075 862 1116 prejudicium,
881 1076 969 1105 sicud
989 1075 1066 1105 alias
1085 1085 1218 1106 consue-

306 1132 370 1155 tum
394 1126 460 1160 fuit,
483 1125 567 1165 quod
585 1125 646 1165 ipsi
671 1125 702 1154 in
726 1125 828 1154 rotulo
849 1125 982 1154 debeant
1002 1125 1134 1165 preponi
1156 1135 1218 1154 non

306 1175 498 1215 regentibus,
511 1174 595 1214 quod
610 1174 701 1204 modo
712 1183 774 1203 non
785 1180 1011 1214 preponuntur.
1023 1174 1097 1204 ltem
1111 1184 1218 1204 omnes

306 1223 352 1253 illi
385 1225 423 1253 de
452 1225 519 1254 alia
541 1223 728 1258 obediencia,
743 1217 745 1219 ¹
753 1225 900 1261 jacientes
929 1225 1074 1260 major-em
1098 1231 1218 1262 partem

303 1274 453 1308 nacionis,
468 1282 525 1312 per
543 1273 667 1302 modum
683 1272 823 1302 nacionis
839 1272 935 1302 eciam
952 1273 1115 1312 protestati
1134 1278 1217 1308 sunt,

305 1323 391 1362 quod
411 1332 468 1362 per
484 1331 520 1351 ea
541 1331 601 1361 que
620 1322 733 1351 fiebant
749 1331 807 1361 per
825 1331 930 1361 regem
949 1327 1002 1351 aut
1023 1321 1219 1352 Universita-

306 1377 379 1407 tem,
391 1382 448 1400 non
465 1371 657 1400 intendebam
674 1381 708 1399 se
722 1381 779 1409 pro
793 1372 900 1409 aliqua
914 1378 1004 1409 parte
1017 1381 1076 1411 per
1095 1372 1218 1400 modum

307 1419 447 1450 nacionis
460 1421 631 1454 declae-are,
650 1420 706 1448 sed
721 1419 863 1448 manebat
878 1421 966 1448 nario
981 1421 1058 1449 sicut
1073 1427 1143 1449 ante
1155 1422 1219 1450 sine

306 1470 559 1499 determinacione
584 1476 667 1498 cerea
690 1478 747 1508 pro
765 1469 871 1507 aliqua
891 1468 1016 1507 ραι-ιε’.
1036 1469 1218 1500 intendebat

308 1525 409 1549 tamen
431 1527 556 1558 semper
578 1527 647 1547 cum
670 1517 880 1547 Universitate
903 1518 1052 1558 prosequi
1073 1519 1217 1548 unionem

305 1567 450 1598 ecclesie.
474 1567 548 1597 ltem
575 1567 805 1596 memorandum
830 1567 914 1606 quod
941 1576 1050 1596 omnes
1078 1568 1219 1608 magistri

307 1616 360 1657 qui
386 1617 419 1646 in
447 1615 550 1646 rotulo
572 1615 669 1656 positi
693 1616 818 1645 suerunt
843 1622 1016 1655 presentes,
1035 1615 1220 1656 juraverunt

305 1665 456 1706 prosequi
467 1665 611 1695 unionem
627 1664 758 1694 ecclesie
774 1674 830 1704 per
841 1665 921 1694 viam
935 1665 1088 1695 cessionis
1103 1673 1133 1696 et
1147 1668 1218 1696 sub-

306 1715 479 1749 tractionis,
496 1724 554 1743 nec
579 1713 612 1744 in
631 1720 790 1754 posterum
810 1713 936 1754 aliquod
963 1721 1102 1754 prestare
1120 1716 1219 1756 impe-

303 1764 477 1794 dimentum
504 1763 621 1793 directe
651 1763 700 1793 vel
732 1763 894 1798 indirecte,
926 1769 956 1792 et
990 1773 1047 1803 pro
1080 1765 1219 1804 quolibet

306 1813 435 1843 absente
441 1811 558 1852 juravit
569 1821 650 1842 unus
664 1812 812 1851 magister
827 1822 970 1852 presens,
982 1813 1035 1852 qui
1051 1811 1118 1853 ejus
1134 1814 1220 1844 novit

305 1861 544 1892 conscienciam.

348 1911 537 1940 Monendum
554 1910 639 1950 quod
651 1910 796 1940 inventus
812 1910 868 1940 suit
882 1921 962 1941 unus
974 1911 1120 1951 antiquus
1135 1919 1218 1942 rotu-

306 1959 356 1990 lus
372 1960 406 1990 in
426 1970 489 1999 quo
504 1959 644 2000 magistri
659 1958 748 1999 juxta
765 1959 905 1989 ordinem
925 1960 1117 2000 antiquitatis
1132 1968 1220 1992 erant

307 2008 463 2048 inscripti,
480 2018 535 2037 nec
550 2014 696 2048 regentes
712 2008 957 2048 preferebantur‚
975 2015 1005 2039 et
1019 2015 1119 2039 tamen
1132 2010 1219 2041 multi

307 2059 431 2088 suerunt
445 2057 478 2087 in
493 2067 530 2087 eo
547 2057 700 2087 notabiles
717 2064 874 2097 regentes,
885 2058 965 2088 sicut
979 2058 1127 2099 magister
1139 2060 1219 2089 Mar-

305 2106 408 2142 silius‚
422 2106 570 2147 magister
579 2106 735 2136 Jordanus
747 2107 786 2136 de
799 2106 910 2142 Clivis,
923 2107 1032 2137 Calcat·
1043 2107 1056 2125 ³
1070 2114 1101 2138 et
1115 2107 1219 2149 hujus-

307 2156 391 2186 modi
402 2154 426 2184 ⁴.

345 2204 465 2235 Juravit
477 2204 656 2234 NVillelmus
673 2204 711 2234 de
730 2203 893 2244 Egmunda
906 2205 1096 2241 licenciatus,
1116 2207 1219 2247 incep-

306 2261 394 2284 turus
412 2254 471 2283 sub
485 2253 635 2293 magistro
651 2252 800 2283 Nicholao
815 2254 853 2283 de
868 2253 1084 2289 Mmekedam,
1104 2255 1133 2285 id
1145 2255 1158 2275 ³
1172 2262 1219 2286 est

307 2302 452 2338 Frisone,
469 2301 558 2342 cujus
574 2303 667 2332 bursa
690 2302 716 2332 ll
733 2302 839 2338 solidi,
858 2303 897 2332 25
912 2302 962 2332 die
979 2303 1123 2344 Augusti.

717 2394 815 2425 1898

348 2468 420 2507 (701.
452 2467 499 2508 43)
529 2466 613 2496 Acta
643 2467 680 2496 in
709 2467 970 2507 procuratoris
1006 2468 1177 2508 magistri

539 2515 686 2546 Nicolai
719 2516 761 2545 de
791 2515 986 2546 Gnmeren.

349 2596 467 2627 indicta
486 2596 734 2637 congregacione
754 2596 893 2626 nacionis
914 2606 970 2636 per
985 2604 1217 2636 procuratorem

307 2644 384 2676 hora
416 2645 584 2686 primarum
618 2646 699 2685 apud
731 2646 875 2675 Sanctum
912 2644 1099 2675 Maturinum
1138 2657 1218 2676 anno

309 2782 379 2806 gera.
390 2773 415 2798 ιε’
425 2773 466 2798 ιἸΙί
473 2773 506 2798 de
515 2773 662 2799 obedientia
676 2774 808 2807 Bonifatii
814 2775 857 2803 IX,
867 2775 988 2807 majorem
995 2777 1095 2807 partem
1104 2775 1219 2799 Μιιίοιιίι

302 2809 495 2838 constituentes,
505 2809 561 2834 uine
568 2809 732 2842 praejudic-io
742 2810 790 2834 hoc
798 2810 886 2841 [αι-ενι-
892 2812 1006 2842 pauent.

339 2845 360 2869 ¹.
395 2844 456 2870 Seu.
466 2845 593 2870 sonte-eii
606 2845 648 2870 ΙΧ.

339 2882 362 2905 2.
396 2882 502 2913 Propter
513 2880 563 2905 Ιιοσ
574 2882 648 2906 nulio
657 2880 801 2913 Angla-aua
814 2882 896 2905 nolui!
910 2890 983 2905 mum
996 2881 1108 2915 tigillum
1119 2890 1132 2906 α
1145 2882 1219 2907 litte-

309 2916 347 2940 ri·
358 2916 547 2941 subtractionis
558 2924 570 2940 s
582 2924 717 2949 apponere.
726 2916 907 2945 Nihilomimn.
918 2917 1000 2941 inuia
1011 2917 1125 2946 natione,
1136 2925 1218 2949 appo-

305 2952 384 2975 situm
396 2954 442 2980 eol,
452 2954 480 2976 ul
490 2954 600 2985 appan!
611 2953 681 2984 inlm
697 2952 733 2976 ad
744 2960 788 2977 on.
802 2953 870 2981 140³.
881 2952 947 2977 Maii
958 2954 996 2982 ³0.
1006 2953 1029 2977 εἰ
1041 2955 1108 2978 nete
1119 2956 1219 2977 nanten-

306 2987 371 3012 tiam
384 2987 479 3012 thidum
489 2987 601 3020 poeitae-
611 2987 786 3020 intelligit-ue.

813 459 928 486 LIBER
947 458 1263 485 PROCURATORUM
1283 457 1463 484 NATIONIS
1482 459 1728 485 ANGLICANAE

1256 980 1290 1006 10

1256 1225 1290 1252 15

1256 1718 1290 1745 25

1255 1963 1290 1990 30

1256 2209 1290 2235 35

1255 2454 1289 2481 40

2185 461 2237 486 782

1326 535 1451 563 Domini
1466 546 1527 574 quo
1539 545 1645 574 supra,
1663 535 1774 564 XXVI-‘¹
1788 536 1838 564 dic
1856 536 1972 565 mensis
1986 536 2131 575 Augusti,
2142 547 2239 576 super

1325 583 1386 612 3b¹¹⁵
1401 583 1550 613 articulis.
1572 584 1696 613 Primus
1712 585 1749 613 ad
1766 584 1941 624 eligendum
1960 596 2072 614 novum
2088 596 2238 624 procura-

1326 639 1422 662 torem
1452 633 1500 662 vel
1523 634 1561 662 ad
1586 634 1825 662 continuandum
1848 634 2017 672 antiquum.
2042 635 2088 663 2¹¹⁹
2112 641 2173 664 erat
2199 635 2237 663 ad

1325 682 1510 711 audiendum
1527 689 1703 721 compotum
1726 683 1908 721 receptoris.
1933 684 1978 712 3¹¹·
2000 694 2095 722 super
2116 684 2238 723 suppli-

1326 731 1505 760 cacionibus
1534 738 1564 760 et
1594 730 1729 770 injuriis.
1759 732 1867 768 Quoad
1904 732 2034 771 primum
2075 733 2235 762 articulum

1326 779 1443 809 electus
1461 786 1526 810 erat
1541 780 1739 810 concorditer
1757 781 1878 810 nemine
1897 781 2126 810 contradicente
2143 781 2237 811 Nico-

1326 829 1394 859 laus
1406 830 1445 858 de
1463 829 1615 858 Gameren
1637 829 1667 858 in
1684 836 1928 869 procuratorem.
1945 831 2052 867 Quoad
2070 832 2237 860 secundum

1327 878 1488 908 articulum
1518 885 1661 917 receptor
1690 889 1751 908 non
1778 880 1966 919 computavit
1993 886 2140 918 protunc,
2166 880 2239 919 quia

1327 934 1400 966 post
1416 927 1553 956 ultimam
1570 926 1636 967 ejus
1651 927 1916 967 computacionem
1935 929 2085 957 modicam
2100 929 2148 958 vel
2168 929 2238 958 nul-

1327 976 1386 1006 lam
1409 976 1480 1006 fecit
1500 976 1619 1006 misiam
1642 977 1691 1006 vel
1710 983 1874 1016 receptam.
1893 978 2001 1014 Quoad
2016 979 2056 1006 3¹¹¹
2076 978 2237 1007 articulum

1327 1025 1515 1065 supplicavit
1530 1026 1679 1065 magister
1692 1025 1836 1055 Galterus
1853 1026 2053 1062 Forestarii⁶,
2071 1027 2123 1066 qui
2140 1027 2238 1056 iturus

1327 1081 1393 1104 erat
1413 1075 1452 1104 ad
1473 1081 1578 1114 partes
1602 1075 1632 1104 in
1656 1075 1742 1104 brevi
1765 1082 1836 1114 post
1858 1075 1915 1105 hoc
1940 1082 2072 1115 tempus,
2094 1077 2238 1115 quatinus

1327 1124 1416 1153 nacio
1438 1124 1470 1152 in
1494 1124 1571 1153 actis
1594 1134 1650 1163 per
1674 1124 1776 1164 ipsum
1792 1131 1930 1164 tempore
1952 1135 2006 1154 sue
2024 1125 2238 1164 procuratoris

1328 1172 1455 1202 haberet
1471 1183 1540 1202 eum
1558 1179 1679 1213 gratum
1699 1180 1729 1203 et
1748 1180 1899 1203 avoatum.
1917 1173 1958 1203 Et
1977 1174 2168 1213 supplic-acio
2183 1185 2239 1204 sua

1328 1222 1383 1252 fuit
1402 1232 1552 1251 concessa
1567 1223 1774 1252 concorditer.

1368 1271 1487 1300 lndicta
1512 1271 1759 1311 congregacione
1787 1273 1926 1302 nacionis
1959 1272 2130 1311 Anglicanc
2157 1273 2238 1312 apud

1328 1320 1474 1350 Sanctum
1491 1320 1679 1350 Maturinum
1699 1321 1728 1350 in
1747 1321 1796 1350 die
1816 1321 1914 1350 sancti
1941 1322 2055 1351 Matliei
2072 1332 2152 1351 anno
2177 1332 2238 1361 qno

1327 1380 1421 1409 supra
1437 1380 1533 1410 super
1550 1370 1611 1399 3¹¹¹*
1626 1370 1776 1399 articulis.
1794 1371 1917 1400 Primus
1929 1377 1995 1400 erat
2009 1372 2047 1400 ad
2062 1371 2238 1410 eligendum

1327 1419 1375 1448 vel
1415 1419 1655 1448 continuandum
1693 1426 1885 1459 receptorem
1925 1419 2064 1449 nacionis
2108 1421 2236 1459 prefate.

1329 1468 1490 1497 Secundus
1508 1475 1574 1498 erat
1590 1468 1628 1497 ad
1650 1468 1897 1498 distribuendum
1920 1469 2021 1498 scolas
2045 1469 2236 1508 regentibus.

1327 1518 1373 1547 3⁸¹·
1395 1527 1491 1557 super
1515 1517 1800 1557 supplicacionibus
1820 1523 1849 1546 et
1869 1517 2001 1556 injuriis.
2021 1518 2122 1557 Super
2139 1518 2239 1557 primo

1328 1566 1524 1596 continuatus
1534 1566 1590 1595 suit
1603 1566 1752 1605 magister
1763 1566 1895 1606 Egidius
1907 1567 1945 1596 de
1959 1567 2075 1596 Jutsaes
2088 1567 2117 1595 in
2133 1577 2238 1606 recep-

1327 1622 1424 1645 torem
1446 1615 1596 1644 nacionis.
1620 1616 1722 1654 Super
1739 1617 1770 1644 2⁰
1787 1622 1931 1655 regentes
1952 1616 2024 1645 anni
2045 1616 2238 1655 precedentis

1328 1675 1400 1695 suas
1418 1665 1531 1699 scolas,
1555 1674 1631 1704 quas
1650 1675 1667 1693 a
1688 1665 1817 1694 nacione
1841 1675 1897 1704 pro
1917 1665 1970 1694 illo
1993 1675 2073 1694 anno
2095 1665 2239 1694 obtinue-

1327 1720 1410 1749 runt,
1425 1714 1457 1743 in
1472 1724 1580 1743 manus
1598 1713 1737 1743 nacionis
1755 1713 1864 1743 iterato
1880 1720 1913 1744 ut
1925 1714 2021 1743 moris
2036 1720 2083 1743 est
2096 1715 2239 1754 resigna-

1326 1769 1448 1799 verunt,
1463 1763 1676 1803 supplicantes
1695 1763 1816 1792 nacioni
1838 1769 1871 1792 ut
1892 1763 1937 1792 eis
1960 1773 2017 1803 pro
2042 1764 2142 1793 futuro
2158 1774 2238 1792 anno

1327 1813 1365 1842 de
1381 1812 1475 1842 scolis
1493 1813 1662 1842 secundum
1683 1812 1866 1842 laudabilem
1889 1813 2142 1842 consuetudinem
2164 1823 2239 1852 pro-

1326 1861 1457 1892 videret.
1481 1861 1539 1891 Cui
1566 1861 1791 1901 supplicacioni
1813 1861 1900 1890 nacio
1929 1871 2068 1890 annuens
2095 1861 2238 1890 omnibus

1326 1921 1437 1951 regere
1461 1910 1636 1940 volentibus
1659 1911 1760 1940 scolas
1781 1910 1941 1940 distribuit
1957 1911 2125 1940 secundum
2151 1910 2237 1939 ordi-

1326 1970 1397 1990 nem
1418 1959 1610 1999 antiquitatis
1642 1959 1800 1999 ipsorum,
1825 1959 1879 1988 hac
1908 1959 2090 1988 condicione
2119 1970 2238 1989 annexa

1327 2010 1411 2050 quod
1435 2009 1566 2049 quilibet
1588 2008 1696 2039 volens
1719 2019 1828 2047 regere
1848 2008 1968 2038 nacioni
1984 2014 2134 2047 prestaret
2148 2008 2237 2047 jura-

1328 2065 1462 2088 mentum
1475 2058 1559 2098 quod
1571 2064 1654 2087 esset
1665 2057 1850 2087 intencionis
1863 2057 1991 2096 regendi
2005 2064 2035 2086 et
2046 2064 2167 2097 regeret
2180 2068 2237 2098 per

1329 2107 1474 2147 majorem
1494 2113 1612 2147 partem
1632 2107 1794 2140 ordinarii,
1814 2106 1875 2135 nisi
1893 2106 2090 2136 racionabilis
2110 2114 2140 2136 et
2157 2106 2236 2147 legi-

1328 2157 1400 2186 tima
1419 2166 1522 2191 causa,
1538 2162 1670 2196 propter
1688 2166 1778 2196 quam
1800 2156 1908 2185 merito
1929 2156 2114 2195 debcrctper
2131 2156 2236 2185 nacio-

1328 2215 1397 2235 nem
1419 2205 1527 2235 haberi
1552 2216 1610 2245 pro
1633 2212 1790 2239 excusate,
1811 2204 2021 2234 intervenerit.
2043 2206 2132 2242 Quod
2147 2204 2236 2244 jura-

1328 2261 1462 2285 mentum
1480 2265 1497 2284 a
1512 2255 1650 2294 quolibet
1668 2254 1699 2283 in
1723 2254 1851 2283 nacione
1874 2253 1930 2284 suit
1948 2254 2120 2293 prestitum.
2135 2254 2237 2294 Super

1327 2305 1359 2333 3⁰
1376 2303 1478 2334 nullus
1496 2303 1692 2343 supplicavit.

1516 2405 1705 2445 Regentes
1737 2415 1802 2444 pro
1835 2405 1909 2434 isto
1937 2415 2045 2434 anno.

1367 2499 1518 2540 Magister
1529 2499 1682 2529 Henricus
1696 2499 1733 2528 de
1747 2498 1883 2528 Arnhem
1896 2498 1918 2527 “·“.

1367 2548 1519 2589 Magister
1533 2548 1691 2577 Arnoldus
1713 2547 1851 2577 wtwiic.

1368 2597 1519 2637 Magister
1532 2596 1678 2627 Nicolaus
1694 2597 1731 2626 de
1748 2597 1910 2626 Cameren.

1368 2646 1518 2686 Magister
1532 2645 1690 2675 Johannes
1706 2646 1855 2675 Boutbur.

1358 2776 1382 2800 3.
1416 2774 1551 2799 Gen-ardus
1566 2774 1598 2798 de
1610 2774 1711 2799 Calcnr.

1357 2811 1381 2835 ἃ.
1415 2812 1499 2842 Supra
1511 2813 1598 2843 agitur
1607 2810 1639 2833 de
1650 2810 1734 2842 quoda
1739 2819 1760 2833 m
1771 2810 1853 2834 rotulo
1863 2810 1909 2833 aab
1921 2810 2042 2843 Gregorio
2052 2811 2095 2839 XI,
2105 2811 2143 2834 vc!
2149 2811 2235 2843 polim

1326 2845 1359 2870 de
1369 2846 1453 2870 rotulo
1463 2854 1513 2870 ηοιι
1523 2846 1626 2878 ugncio
1641 2847 1678 2869 nd
1689 2846 1816 2869 Urbanum
1836 2847 1865 2869 ΙἸ
1877 2846 1961 2869 ma'uo.

1359 2883 1382 2906 5.
1417 2882 1437 2906 Ι.
1449 2890 1472 2905 ο.
1487 2881 1604 2909 Fri-one,
1614 2881 1681 2905 inter
1693 2881 1783 2905 tinem.

1357 2920 1380 2942 ὓ.
1417 2918 1485 2941 Mox.
1500 2916 1552 2940 scil.
1567 2925 1609 2940 an.
1624 2917 1691 2944 1407,
1703 2918 1764 2940 Νυν.
1781 2918 1819 2943 26.
1830 2917 1915 2948 sat-lm
1931 2919 1968 2940 ul
1982 2917 2057 2948 episc.
2071 2917 2234 2943 Brerlu'nrne.

1328 2953 1400 2985 (fleg.
1414 2954 1492 2976 Avcn.
1510 2952 1603 2976 uenat.
1617 2952 1683 2979 xm,
1696 2952 1743 2975 vol.
1755 2953 1794 2978 Μ.
1807 2952 1828 2983 s.
1842 2953 1904 2982 550).

1361 2998 1382 3012 ι.
1417 2989 1468 3012 lata
1486 2987 1589 3011 rubrica
1605 2987 1688 3012 deleta
1707 2990 1751 3015 nt.
1766 2988 1872 3012 ilenrico
1885 2996 1917 3011 τι
1930 2987 2099 3012 eninr-itate
2114 2988 2201 3019 ejerlo.
