2632 3464
1312 8 1319 20 κ
1366 0 1369 2 ’
1406 0 1659 31 Ὺ···’“”ῑ’ῑῖ’““·“,ᾙ;ΐὰ“ἶῖξθ
1672 0 2038 27 “V'ffl‘ffl'sw'bw'y
2062 7 2091 18 ’·
2110 18 2130 32 ,-
2160 22 2173 32 ς,
2186 10 2251 31 ss„
2369 15 2401 34 u·
2423 21 2439 27 .,
2479 24 2481 26 .
2499 24 2510 28 ,,
2524 9 2537 30 ,’,
2574 23 2578 30 ,

1594 38 1595 41 ,
1664 36 1666 39 v
1867 33 1869 35 >
2022 31 2029 37 a
2080 29 2275 39 1·1..--⁴
2311 27 2357 46 ‚yffi
2415 27 2468 45 Τ,
2497 26 2523 38 ·⁴
2580 26 2583 31 ⁴

411 464 462 489 823

412 539 555 569 Sanctum
585 538 771 568 Maturinum
801 538 877 568 hora
903 538 1002 578 prima
1027 538 1141 568 Nostre
1171 537 1316 573 Domine,

409 588 556 618 vicesima
569 588 669 628 prima
683 588 799 617 mensis
813 588 983 621 Februarii,
1005 597 1100 627 super
1117 587 1272 617 instantiis
1288 593 1319 616 et

409 637 565 677 requestis
587 638 780 677 quorundam
800 637 993 666 dominorum
1010 636 1317 666 bachalariandorum

409 686 581 716 volencium
611 686 787 726 supplicare
820 696 878 725 pro
902 685 1107 715 dilacionibus
1141 686 1316 719 bursarum,

409 736 553 765 videlicet
566 735 681 765 domini
697 735 847 764 Johannis
865 736 902 764 de
919 734 1083 770 Alcmaria,
1101 734 1217 763 domini
1233 734 1318 772 Rey-

411 785 494 814 naldi
517 786 554 814 de
580 784 769 824 Argentina,
797 784 914 813 domini
940 784 1064 813 Andree
1087 782 1253 812 Gerechini
1280 783 1318 811 de

412 834 517 869 Dacia,
533 834 648 863 domini
665 833 815 862 Johannis
836 832 1002 862 Gerechini
1019 833 1057 862 de
1078 832 1184 867 Dacia,
1202 832 1318 861 domini

411 883 557 912 Ludovici
593 882 754 922 Eslinger,
787 882 903 911 domini
937 881 1055 911 Nicolai
1089 880 1316 910 Lutzenborch.

412 932 513 971 Super
541 942 601 971 quo
632 931 814 960 deliberavit
840 931 927 960 nacio
955 930 1063 959 volens
1089 940 1225 959 annuere
1252 929 1317 959 suis

411 980 695 1020 supplicacionibus
717 990 815 1019 usque
837 980 875 1008 ad
898 979 1059 1009 terminum
1076 979 1194 1008 Pasche
1215 979 1251 1007 ab
1272 978 1317 1007 eis

412 1031 560 1070 prefixum
571 1029 594 1065 ¹,
611 1029 742 1059 servatis
762 1035 863 1058 tamen
879 1028 1000 1058 statutis
1018 1034 1048 1057 et
1065 1027 1317 1057 ordinacionibus

412 1079 552 1108 nacionis
561 1078 790 1107 continentibus
800 1078 991 1117 posicionem
1010 1077 1172 1117 pignerum
1183 1076 1317 1116 duplicis

411 1127 526 1157 valoris
539 1127 588 1156 vel
599 1128 637 1156 ad
648 1127 749 1156 minus
767 1126 966 1166 sexquialteri
979 1126 1011 1155 in
1023 1132 1167 1165 respectu
1182 1126 1220 1154 ad
1233 1125 1317 1154 debi-

410 1183 486 1212 tum,
503 1183 560 1206 etc.

496 1284 685 1313 Secuntur
719 1283 866 1312 nomina
900 1281 1234 1312 determinancium

696 1332 781 1361 anni
806 1332 1032 1371 supradicti.

450 1423 555 1452 Primo
578 1422 794 1451 determinavit
816 1421 999 1451 GuilIelmus
1014 1420 1071 1450 Bel
1092 1421 1148 1450 sub
1169 1421 1318 1460 magistro

410 1473 548 1502 Johanne
565 1472 694 1507 Botbur‚
715 1470 801 1510 cujus
815 1472 908 1500 bursa
923 1470 963 1499 VI
981 1470 1084 1499 solidi.

452 1522 526 1550 Item
542 1520 758 1550 determinavit
776 1520 919 1549 dominus
938 1519 1094 1548 Johannes
1112 1520 1150 1548 de
1165 1518 1320 1548 Alcmaria

411 1572 468 1600 sub
477 1570 626 1609 magistro
634 1569 772 1598 Johanne
782 1570 819 1598 de
828 1568 1010 1608 Zutphania,
1020 1567 1107 1608 cujus
1121 1569 1215 1598 bursa
1222 1568 1279 1597 VII
1290 1579 1315 1598 s.

453 1620 526 1649 Item
544 1618 759 1648 determinavit
773 1618 917 1647 dominus
929 1617 1087 1647 Johannes
1099 1617 1245 1657 Berghen
1261 1618 1318 1647 sub

412 1669 560 1708 magistro
576 1668 752 1697 Hermanno
764 1668 802 1696 de
813 1667 954 1702 Ummen‚
965 1666 1052 1706 cujus
1063 1668 1156 1696 bursa
1167 1666 1236 1696 XVI
1246 1668 1316 1696 den.

453 1718 527 1747 Item
541 1716 756 1746 determinavit
765 1716 907 1745 dominus
920 1715 1089 1745 Reinaldus
1103 1717 1140 1745 de
1148 1715 1320 1756 Argentina

414 1768 470 1796 sub
494 1766 643 1806 magistro
662 1765 801 1794 Johanne
819 1765 950 1800 Botbur‚
974 1764 1060 1804 cujus
1078 1766 1173 1794 bursa
1194 1765 1234 1794 VI
1259 1765 1318 1795 sol.

454 1816 528 1845 Item
540 1815 755 1844 determinavit
765 1814 908 1843 dominus
922 1814 1089 1843 Bertoldus
1102 1814 1252 1843 Rechbok
1262 1815 1320 1844 sub

413 1865 561 1905 magistro
576 1864 715 1893 Johanne
729 1864 859 1899 Botbur‚
879 1862 965 1903 cujus
983 1864 1077 1892 bursa
1092 1863 1135 1892 III
1155 1863 1258 1893 solidi.

454 1915 529 1944 Item
545 1913 759 1943 determinavit
778 1913 921 1942 dominus
938 1912 1080 1942 Andreas
1099 1912 1264 1942 Gerechini
1283 1914 1320 1942 de

415 1963 509 1993 Dacia
528 1964 584 1992 sub
607 1962 755 2002 magistro
774 1960 940 2002 Ar[noldo]
955 1961 1095 1997 Wtwiic‚
1117 1961 1203 2001 cujus
1226 1963 1321 1991 bursa

413 2012 486 2042 VIII
501 2012 604 2041 solidi.

454 2062 529 2091 Item
545 2060 760 2090 determinavit
773 2060 915 2089 dominus
930 2060 1087 2089 Johannes
1101 2059 1268 2089 Gerechini
1283 2061 1320 2089 de

415 2110 510 2140 Dacia
528 2111 585 2139 sub
599 2110 719 2144 eodem,
736 2108 823 2148 cujus
838 2109 931 2138 bursa
947 2108 1019 2137 VIII
1037 2109 1139 2138 solidi.

456 2160 530 2189 Item
558 2158 773 2188 determinavit
798 2158 941 2187 dominus
969 2157 1145 2187 Ludovieus
1176 2158 1323 2198 Eslinger

415 2210 473 2238 sub
490 2208 639 2247 magistro
654 2207 793 2236 Johanne
813 2207 944 2241 Botbur‚
961 2206 1048 2246 cujus
1063 2208 1157 2236 bursa
1174 2207 1200 2235 V
1217 2207 1320 2236 solidi.

456 2257 531 2286 Item
560 2256 777 2286 determinavit
807 2256 949 2285 dominus
985 2255 1142 2284 Gerardus
1171 2256 1257 2284 Petri
1285 2257 1323 2285 de

415 2306 527 2345 Leydis
550 2306 607 2335 sub
633 2305 781 2344 magistro
803 2305 916 2344 Egidio
940 2305 1056 2333 Jutsaes
1068 2304 1092 2339 ²,
1119 2304 1205 2344 cujus
1229 2306 1324 2334 bursa

415 2355 471 2384 VII
491 2355 594 2390 solidi,
613 2354 673 2383 1111
692 2353 821 2382 denarii.

457 2404 532 2433 Item
551 2403 767 2432 determinavit
784 2402 927 2431 dominus
947 2402 1093 2432 Nicolaus
1108 2401 1323 2431 Lutzenborch

416 2454 473 2482 sub
490 2452 641 2492 magistro
654 2452 789 2481 Henrico
803 2453 840 2480 de
857 2451 1024 2486 Gorichen,
1037 2451 1123 2491 cujus
1139 2453 1231 2480 bursa
1242 2451 1321 2492 Vlzs.

458 2502 531 2531 Item
558 2501 772 2530 determinavit
796 2501 938 2529 dominus
962 2500 1119 2529 Johannes
1142 2501 1325 2530 Durbecker

415 2553 454 2580 de
474 2550 630 2580 Sarburch
650 2551 707 2579 sub
723 2550 842 2584 eodem,
858 2548 945 2588 cujus
961 2550 1055 2579 bursa
1069 2549 1109 2578 VI
1126 2549 1229 2578 solidi.

458 2600 531 2629 Item
548 2599 763 2628 determinavit
778 2599 920 2627 dominus
930 2598 1075 2628 Nicolaus
1087 2599 1124 2627 de
1137 2598 1256 2627 Arluno
1267 2599 1324 2628 sub

418 2649 567 2688 magistro
585 2649 762 2677 Hermanno
780 2647 939 2687 Eslinger,
954 2646 1040 2686 cujus
1056 2648 1149 2676 bursa
1164 2647 1233 2676 XVI
1252 2648 1322 2676 den.

458 2698 528 2737 (Fal.
559 2700 596 2727 57
611 2697 635 2737 ¹³)
662 2697 737 2726 Item
764 2696 979 2726 determinavit
998 2696 1141 2725 dominus
1167 2695 1325 2725 Gerardus

418 2748 455 2775 ‹le
487 2747 626 2775 wasalia
656 2747 714 2775 sub
738 2746 887 2786 magistro
915 2745 1062 2774 Heinrico'
1089 2746 1126 2774 de
1156 2745 1323 2781 Gorichen,

417 2795 505 2834 cujus
527 2797 620 2824 bursa
635 2795 703 2824 XVI
720 2794 850 2824 denarii.

460 2844 532 2873 Item
560 2844 773 2873 determinavit
796 2844 939 2873 dominus
963 2843 1075 2872 Petrus
1101 2842 1262 2872 Wilhelmi
1288 2843 1325 2871 de

452 2924 472 2946 1.
507 2925 553 2947 Ma.
572 2924 719 2954 proflatum.

450 2960 473 2982 2.
507 2959 558 2982 Sed
565 2959 618 2987 jam
627 2968 670 2982 an.
685 2960 753 2987 1399,
767 2959 853 2983 Octob.
866 2959 893 2982 21
901 2958 1037 2990 defunctus
1044 2961 1109 2982 erat.
1124 2958 1178 2982 Vid.
1188 2966 1214 2989 p.
1224 2958 1278 2986 804,
1286 2958 1326 2981 42.

450 2996 473 3018 3.
513 2994 566 3018 Vid.
580 3003 658 3026 supra
673 3003 700 3026 p.
716 2996 769 3023 821,
782 2995 819 3018 21.

947 461 1171 488 AUCTARIUM
1191 460 1451 487 CHARTULARII
1470 461 1644 488 UNIVERS.
1666 461 1783 488 PABIS.

1355 982 1388 1007 10

1355 1227 1388 1252 15

1356 1473 1390 1498 20

1357 1718 1390 1744 25

1358 1964 1391 1989 30

1360 2210 1393 2235 35

1361 2454 1394 2480 40

1362 2699 1395 2724 45

2278 464 2332 490 824

1424 536 1638 567 Aemsterdam
1664 538 1722 567 sub
1751 538 1900 577 magistro
1924 538 2102 568 Hermanno
2128 539 2167 568 de
2189 538 2331 576 Ummen‚

1426 585 1512 626 cujus
1525 587 1620 616 bursa
1633 586 1702 616 XVI
1720 587 1850 616 denarii.

1467 635 1584 665 Indicta
1618 636 1864 675 congregacione
1895 637 2031 665 nacionis
2061 639 2216 666 Alemanie
2251 638 2333 678 apud

1427 684 1571 714 Sanctum
1587 684 1773 714 Maturinum
1789 685 1865 714 hora
1874 685 2042 725 primarum
2056 686 2170 716 Nostre
2189 686 2332 723 Domine,

1425 732 1481 762 Vl·
1499 733 1548 762 die
1570 734 1686 763 mensis
1706 734 1815 763 Marcii
1833 744 1929 774 super
1951 735 2072 764 duobus
2094 735 2244 765 articulis.
2262 735 2334 765 Pri-

1426 791 1493 811 mus
1513 788 1578 811 erat
1598 793 1692 822 super
1710 783 1939 812 confortacione
1958 783 2023 813 sive
2044 783 2161 814 honore
2179 784 2332 815 nacionis.

1425 831 1471 859 2²·
1495 837 1560 860 erat
1584 841 1678 870 super
1703 832 1987 871 supplicacionibus
2014 839 2044 862 et
2069 832 2202 872 injuriis.
2233 833 2336 873 Super

1426 879 1526 919 primo
1553 880 1694 911 recitavit
1715 886 1900 920 procurator
1923 881 2181 911 deliberacionem
2208 882 2283 912 alias
2302 882 2335 912 in

1425 929 1651 958 convocacione
1675 930 1765 958 unica
1785 930 2004 969 magistrorum
2029 931 2137 960 factam
2158 940 2215 970 per
2236 930 2335 971 magi-

1426 984 1523 1007 strum
1539 978 1730 1008 Bernardum
1746 985 1974 1008 antecessorem
1989 989 2087 1009 meum
2104 990 2199 1020 super
2215 981 2335 1010 edifica-

1426 1027 1514 1056 cione
1535 1027 1688 1056 scolarum
1713 1033 1889 1057 nostrarum
1910 1028 1943 1057 in
1961 1029 2031 1058 vico
2053 1028 2252 1064 Straminum‚
2277 1039 2335 1058 nec

1426 1085 1488 1105 non
1503 1076 1541 1104 de
1563 1075 1623 1105 viis
1643 1075 1776 1105 habendi
1793 1077 1941 1116 pecunias
1960 1087 2055 1117 super
2074 1078 2240 1107 earundem
2254 1078 2335 1107 ulte-

1426 1125 1502 1154 riori
1531 1125 1766 1154 continuacione
1777 1124 1801 1154 ³.
1831 1125 1983 1165 Precipue
2017 1133 2118 1156 tamen
2150 1127 2335 1157 relacionem

1427 1174 1498 1203 fecit
1527 1174 1588 1212 [de]
1615 1174 1749 1203 motibus
1773 1174 1889 1203 domini
1913 1174 2054 1215 episcopi
2081 1175 2334 1211 Silvanectensis,

1427 1223 1581 1262 quomodo
1603 1222 1826 1252 instantissime
1842 1223 1924 1252 circa
1943 1224 2055 1254 sactum
2072 1224 2212 1254 nacionis
2228 1231 2335 1254 nostre

1427 1272 1595 1301 secundum
1610 1278 1785 1311 requestam
1803 1272 1879 1302 alias
1898 1272 1958 1302 sibi
1977 1273 2084 1302 factam
2100 1273 2228 1309 insistit,
2254 1273 2336 1303 scri-

1426 1321 1528 1350 bendo
1553 1320 1644 1350 nobis
1669 1321 1802 1360 qualiter
1823 1321 1985 1351 insteterat
2006 1332 2100 1361 super
2125 1323 2203 1351 facto
2227 1328 2336 1352 nostro

1427 1371 1508 1409 apud
1521 1370 1659 1409 reginam
1669 1382 1677 1406 3
1691 1370 1813 1399 tandem
1824 1371 1908 1409 quod
1923 1370 2031 1410 regina
2045 1371 2231 1401 sufficienter
2244 1372 2336 1401 ducta

1428 1429 1484 1458 per
1494 1419 1595 1458 ipsum
1610 1426 1794 1458 preceperat
1809 1429 1862 1448 sue
1879 1419 2072 1456 cancellarie,
2086 1427 2193 1450 vocate
2209 1420 2334 1450 domine

1427 1469 1464 1498 de
1490 1468 1665 1508 Syemieres
1677 1467 1701 1504 ⁴,
1727 1468 1871 1508 quatinus
1896 1468 2054 1498 materiam
2081 1479 2139 1508 per
2163 1469 2336 1508 predictum

1427 1517 1620 1557 episcopum,
1646 1523 1718 1552 etc.,
1745 1517 1936 1557 propositam
1967 1517 2094 1547 haberet
2122 1518 2198 1547 alias
2227 1518 2336 1558 regine

1427 1567 1642 1596 commendare
1666 1566 1823 1595 memorie.
1849 1565 1888 1595 Et
1913 1566 2090 1606 specialiter
2110 1567 2149 1596 ad
2170 1566 2338 1596 consulen-

1427 1616 1498 1645 dum
1525 1621 1662 1644 nostram
1686 1615 1846 1644 nacionem
1871 1612 2037 1655 requisivit
2057 1621 2091 1645 ut
2113 1616 2175 1645 duo
2195 1615 2245 1646 vel
2271 1622 2337 1645 tres

1427 1664 1569 1704 magistri
1584 1665 1622 1693 de
1639 1664 1768 1693 nacione
1783 1664 1900 1703 prefata
1917 1664 2067 1694 haberent
2082 1674 2247 1704 personam
2261 1675 2337 1694 can-

1428 1713 1551 1743 cellarie
1576 1714 1734 1748 accedere,
1762 1713 1823 1742 sibi
1852 1713 1955 1752 [hJanc
1976 1719 2152 1753 requestam
2177 1714 2336 1749 facientes,

1428 1769 1461 1792 ut
1489 1762 1647 1792 materiam
1675 1762 1750 1791 alias
1779 1762 1839 1791 sibi
1870 1762 2065 1792 commissam
2095 1772 2152 1802 per
2179 1763 2337 1792 dominum

1428 1811 1621 1851 episcopum,
1649 1817 1720 1847 etc.,
1745 1811 1820 1841 velit
1841 1812 1963 1841 tradere
1990 1811 2137 1841 memorie
2171 1811 2279 1852 regine
2308 1817 2339 1842 et

1428 1861 1542 1890 habere
1565 1861 1673 1890 factum
1695 1866 1836 1890 nostrum
1858 1861 2149 1890 recommendatum.
2174 1860 2264 1890 Unde
2281 1870 2338 1890 na-

1429 1910 1510 1939 cioni
1526 1916 1614 1939 antea
1625 1908 1812 1939 sufficienter
1825 1909 1965 1939 consulte
1976 1909 2102 1949 placuit,
2113 1916 2147 1939 ut
2161 1909 2230 1949 ipsa
2239 1909 2338 1939 adire-

1429 1965 1489 1994 tur,
1509 1965 1581 1994 etc.‚
1604 1964 1634 1988 et
1653 1959 1691 1987 ad
1713 1958 1772 1987 hoc
1796 1958 1882 1987 dedit
1900 1959 2064 1997 deputatos
2082 1958 2263 1998 magistrum
2282 1958 2338 1988 Jo-

1430 2008 1560 2037 hannem
1577 2008 1615 2036 de
1630 2007 1757 2037 Austria
1772 2007 1967 2042 referentem,
1985 2013 2043 2036 etc.

1471 2057 1572 2096 Super
1584 2056 1615 2085 2⁰
1631 2055 1817 2095 supplicavit
1827 2066 1907 2085 unus
1920 2056 2064 2085 dominus
2075 2056 2159 2095 quod
2169 2056 2238 2086 visa
2251 2056 2338 2096 igno-

1430 2106 1534 2135 rancia
1545 2105 1577 2134 in
1586 2105 1741 2145 principio
1750 2105 1993 2145 Quadragesime
2005 2111 2035 2134 et
2044 2105 2135 2134 etiam
2145 2105 2223 2134 visis
2232 2104 2339 2134 bursis

1429 2165 1486 2194 per
1506 2154 1607 2194 ipsum
1623 2154 1733 2183 dandis
1748 2154 1849 2183 valeat
1863 2154 1980 2183 admitti
1997 2154 2029 2183 in
2043 2154 2144 2183 medio
2160 2154 2339 2193 Quadrage-

1431 2203 1507 2232 sime
1523 2204 1560 2232 ad
1577 2204 1706 2243 gradum
1720 2202 1944 2232 bachalariatus
1960 2202 2199 2242 adimplendum.
2219 2201 2340 2231 Placuit

1431 2251 1564 2288 nacioni,
1579 2252 1743 2281 dummodo
1759 2261 1821 2281 non
1838 2257 2027 2292 repugnaret
2040 2257 2163 2286 statuto,
2183 2261 2239 2280 nec
2255 2251 2339 2290 quod

1432 2301 1463 2331 in
1480 2301 1739 2341 consequenciam
1753 2301 1790 2330 de
1808 2307 1912 2330 cetero
1929 2300 2114 2336 retrahatur,
2132 2306 2189 2329 etc.

1839 2395 1933 2424 1401

1434 2469 1504 2509 (Fol.
1525 2468 1573 2507 58)
1595 2469 1811 2508 Sequuntur
1840 2478 1878 2497 ea
1906 2477 1975 2507 que
2003 2467 2097 2496 facta
2125 2467 2273 2496 fuerunt
2302 2466 2340 2495 in

1473 2518 1736 2557 procuratoria
1757 2516 1931 2557 magistri
1947 2515 2106 2545 Gerardi
2121 2514 2338 2550 Doemheer,

1472 2567 1565 2596 alias
1588 2567 1629 2595 de
1653 2564 1950 2600 Lucembourch,
1970 2563 2082 2593 electi
2105 2564 2141 2593 in
2163 2573 2340 2603 procura-

1472 2623 1589 2645 torem
1616 2616 1783 2644 nacionis
1805 2615 2022 2643 Alamannie
2048 2613 2106 2642 die
2127 2611 2244 2652 jovis,
2271 2621 2341 2652 que

1474 2665 1543 2694 suit
1575 2664 1717 2694 decima
1745 2663 1884 2692 mensis
1912 2662 2042 2692 Marcii
2070 2662 2155 2691 anni
2187 2661 2338 2690 Domini

1473 2713 1662 2742 millesimi
1693 2711 1881 2742 CCCC¹¹¹¹⁸.

1474 2793 1579 2823 Primo
1604 2792 1780 2822 convocatis
1806 2790 1995 2831 generaliter
2022 2790 2180 2830 magistris
2209 2790 2341 2819 nacionis

1434 2843 1612 2872 Alamannie
1628 2842 1665 2870 ad
1684 2839 1960 2880 congregacionem
1979 2840 2059 2878 apud
2076 2839 2220 2868 Sanctum
2238 2838 2342 2867 Matu-

1465 2922 1486 2944 4.
1522 2920 1677 2944 Chimieres.

1466 2958 1490 2981 5.
1524 2958 1578 2980 Sec.
1593 2955 1680 2979 stilum
1689 2954 1858 2987 gallicanum.
