2632 3464
0 2459 10 2551 φηγ,

0 2717 18 3464 W-m—-fflrrw-W-w

285 446 335 474 581
786 445 901 471 LIBER
922 442 1235 470 PROCURATORUM
1262 442 1443 468 NATIONIS
1462 442 1710 468 ANGLICANAE
2157 444 2208 470 582

285 523 344 552 dus
363 523 402 551 de
427 521 522 557 Delrt,
540 527 571 551 et
593 520 798 551 Gwilhelmus
819 520 857 549 de
888 519 973 549 Narn
997 518 1192 553 licenciandi,

283 571 404 612 primus
420 577 451 600 et
464 571 511 600 2¹·-
525 571 583 600 sub
602 569 752 610 magistro
769 569 905 598 Henrico
925 567 1025 598 Cicoti
1038 566 1065 603 4,,
1078 567 1194 596 tercius

285 621 344 650 sub
357 620 373 650 J
377 620 498 650 ohanne
508 620 546 649 de
558 619 731 649 Pei-tusone
742 617 768 654 ²,
781 624 812 648 et
831 623 959 658 quartus
974 618 1031 647 sub
1044 616 1194 656 magistro

285 668 448 699 Gerhardo
465 668 587 704 Kalcar,
603 677 735 708 quorum
751 668 846 696 burae
860 666 955 706 primi
968 665 995 694 V
1011 665 1104 695 solidi
1120 665 1193 694 vlu

285 718 416 754 denarii,
439 724 469 748 et
493 717 659 758 cujuslibet
675 716 836 756 sequentis
861 715 888 744 V
906 715 1010 745 solidi.
1027 714 1195 745 Solverunt

285 776 405 796 omnes.

690 857 788 888 13⁷9

345 930 596 962 Continuacio
630 929 839 970 prescripti
869 928 1132 969 procuratoris

388 979 564 1020 magistri
590 978 774 1009 Johannis
802 979 844 1008 de
868 977 1083 1018 Maguncia.

322 1061 417 1092 Anno
444 1060 571 1091 Domini
597 1070 660 1100 quo
692 1069 800 1099 supra,
829 1059 966 1088 secunda
993 1058 1043 1088 die
1076 1057 1193 1087 mensis

281 1109 377 1144 lunii,
394 1109 473 1140 facta
496 1109 743 1150 congregacione
769 1109 807 1138 ad
835 1107 980 1138 Sanctum
1004 1106 1192 1136 Maturinum

282 1158 360 1189 bora
373 1159 541 1199 primarum
552 1158 666 1189 Nostre
679 1157 811 1188 Domine
822 1167 918 1197 super
926 1156 1026 1186 tribus
1039 1155 1190 1191 articulis,

282 1207 402 1237 scilicet
425 1207 526 1247 primo
550 1208 589 1237 ad
617 1207 802 1237 audiendum
819 1212 994 1246 compotum
1019 1204 1192 1245 recepturis

282 1263 313 1287 et
324 1257 529 1287 ordinandum
547 1257 585 1286 de
599 1255 731 1296 pecunia
743 1255 901 1291 nacionis;
919 1256 950 1284 2⁰
962 1255 1000 1284 ad
1015 1254 1192 1294 supplican-

282 1306 366 1342 dum,
387 1312 418 1335 et
433 1307 465 1335 3⁰
487 1306 525 1335 ad
542 1305 720 1346 eligendum
746 1314 860 1335 novum
888 1310 1120 1344 procuratorem
1141 1303 1191 1334 vel

282 1355 522 1385 continuandum
539 1354 710 1394 antiquum,
726 1353 783 1383 suit
801 1354 903 1394 quoad
926 1353 1060 1393 primum
1080 1353 1190 1382 articu-

281 1403 343 1434 lum
365 1403 488 1434 auditus
505 1409 668 1443 compotus
691 1403 877 1442 receptoris‚
901 1402 954 1442 qui
975 1402 1092 1442 placuit
1115 1412 1192 1432 con-

281 1453 418 1483 corditer
434 1452 595 1493 magistris
610 1452 750 1482 nacionis
763 1458 792 1482 et
805 1452 837 1481 in
852 1457 996 1491 compoto
1013 1451 1079 1486 illo,
1099 1461 1191 1491 expo·

281 1501 351 1532 sitis
365 1511 384 1531 a
395 1511 513 1532 summa
523 1508 719 1542 receptorum
734 1500 904 1536 desalcafis,
924 1506 1139 1530 remanserunt
1152 1500 1191 1529 de

281 1551 411 1591 pecunia
426 1550 566 1580 nacionis
582 1551 620 1580 71
638 1549 718 1579 libre
735 1560 804 1579 cum
822 1549 965 1579 undecim
980 1549 1128 1579 denariis.

322 1599 431 1638 Quoad
465 1600 634 1630 secundum
670 1605 770 1629 autem
804 1598 966 1628 articulum
1001 1598 1189 1638 supplicavit

280 1648 438 1678 lohannes
456 1648 597 1678 bedellus
614 1648 754 1678 nacionis
771 1648 922 1683 referens,
947 1648 1030 1687 quod
1049 1657 1191 1687 pronunc

281 1698 486 1728 necessitatus
514 1703 614 1733 esset,
642 1707 679 1727 eo
713 1697 795 1737 quod
824 1697 916 1726 filiam
949 1707 1035 1726 suam
1070 1696 1190 1726 cuidam

280 1747 524 1787 desponsaverat
547 1746 813 1776 matrimonialiter
829 1745 1048 1786 copulandam,
1073 1756 1134 1785 quo
1161 1752 1191 1775 et

280 1795 350 1826 aliis
364 1805 423 1836 per
440 1795 606 1836 magistros
622 1795 762 1824 nacionis
774 1795 911 1830 attentis,
927 1795 982 1824 fuit
994 1795 1191 1824 concorditer

280 1844 481 1875 deliberatum
497 1850 648 1884 quatenus
655 1844 738 1874 dicto
748 1843 880 1873 Johanni
894 1845 999 1873 decem
1016 1844 1094 1873 libre
1110 1843 1189 1883 pari-

280 1893 376 1924 siens.
397 1894 559 1928 darentur,
580 1899 611 1923 et
631 1893 692 1923 filie
715 1903 770 1923 sue
784 1893 922 1927 totidem,
949 1893 1068 1923 scilicet
1084 1894 1190 1923 decem

279 1941 370 1978 libre,
401 1942 447 1972 sic
473 1943 557 1982 quod
587 1941 648 1972 filie
682 1942 764 1972 dicta
791 1942 923 1982 pecunia
951 1942 1074 1982 publice
1103 1948 1133 1972 et
1159 1942 1190 1972 in

279 1991 442 2032 presencia
462 1991 580 2031 populi,
609 1991 662 2021 ubi
683 1991 782 2031 magis
806 1991 995 2021 conveniens
1019 1991 1188 2027 videretur,

279 2050 336 2080 per
355 2046 587 2080 procuratorem
610 2046 641 2070 et
666 2046 858 2080 receptorem
880 2039 1064 2080 quibusdam
1090 2040 1190 2080 magi-

279 2089 354 2119 stris
372 2089 543 2119 associatos
559 2089 720 2119 manifeste
734 2089 923 2119 traderetur.

319 2138 428 2175 Quoad
456 2138 583 2168 tercium
612 2148 687 2168 vero
717 2138 879 2168 articulum
908 2139 1103 2168 continuatus
1136 2139 1191 2169 suit

278 2187 424 2227 antiquus
453 2193 652 2227 procurator,
678 2187 731 2227 qui
764 2187 899 2227 receptis
931 2197 948 2217 a
979 2187 1107 2217 nacione
1134 2198 1189 2218 seu

278 2242 440 2276 receptore
465 2235 602 2276 ejusdem
629 2235 683 2266 XX
709 2235 820 2266 solidis
842 2246 901 2276 pro
925 2247 959 2266 se
983 2242 1013 2266 et
1037 2237 1077 2266 ad
1100 2246 1189 2266 usum

279 2294 368 2315 suum
383 2285 550 2325 deputatis,
566 2285 786 2315 nichilominus
801 2295 856 2315 eos
871 2285 1029 2325 magistris
1045 2296 1103 2325 pro
1117 2291 1190 2316 tunc

279 2343 383 2364 secum
400 2334 438 2364 ad
458 2335 580 2364 domum
601 2344 687 2364 suam
706 2334 774 2363 loco
792 2334 919 2364 taberne
936 2334 1132 2364 venientibus
1151 2335 1190 2364 ad

280 2383 443 2423 prandium
459 2389 488 2413 et
505 2384 543 2413 de
558 2389 648 2413 nocte
665 2383 703 2412 ad
719 2393 823 2412 cenam
840 2382 1009 2413 liberaliter
1024 2383 1187 2413 tribuebat.

322 2431 396 2463 ltem
438 2432 508 2472 ipso
547 2432 596 2462 die
634 2432 794 2462 Trinitatis
806 2431 818 2450 ³
853 2431 1037 2472 juraverunt
1073 2433 1190 2462 domini

311 2543 334 2567 1.
367 2543 388 2567 1.
401 2551 423 2567 e.
437 2542 548 2571 Chicoti,
565 2545 620 2567 nae.
633 2543 768 2567 franciae.

310 2578 335 2602 2.
368 2579 428 2602 Nat.
443 2578 628 2603 Normanniae.

310 2614 334 2638 ³.
366 2615 382 2638 ὅ
393 2613 474 2638 Iunii.

310 2649 335 2674 fl.
365 2648 469 2681 Insolici
479 2657 541 2674 canu
554 2649 636 2673 evenit
648 2651 676 2672 ut
693 2649 719 2673 in
736 2649 783 2673 hoc
795 2649 861 2673 libro
873 2649 925 2672 duo
935 2648 1010 2681 solia,
1029 2658 1095 2682 quoe
1107 2650 1190 2674 conti-

280 2684 374 2709 nabau
384 2687 444 2708 aeto
451 2685 565 2709 nationis
574 2684 804 2709 lunii-Decembris
815 2693 858 2708 an.
868 2685 937 2713 1379,
947 2685 1040 2714 desint,
1051 2688 1075 2709 et
1083 2685 1191 2710 deerant

274 2719 332 2753 jam
345 2727 414 2744 uase.
423 2727 489 2750 xvn,
501 2723 530 2744 ut
542 2720 686 2745 numer-utto
697 2720 819 2753 soliorum
833 2720 941 2745 indicat.
954 2721 1012 2745 letis
1024 2720 1151 2745 mentibu-
1163 2721 1190 2746 ιἰι

282 2755 451 2780 veniret-niueo
469 2756 552 2780 Parin.
571 2756 698 2788 agebatur
719 2755 752 2779 de
775 2755 894 2780 minione
920 2756 1000 2781 rotuli
1026 2756 1063 2779 ad
1081 2756 1191 2781 Clemen-

280 2793 329 2815 cem
348 2791 399 2819 m.
412 2790 459 2823 qua'
464 2794 488 2815 et
499 2799 583 2815 meme
594 2790 710 2816 Octobris
720 2791 832 2824 ejusdem
842 2791 1064 2816 anntAoenioum
1072 2794 1191 2824 portatus

279 2828 318 2850 cut
330 2825 394 2859 (vid.
404 2826 621 2851 Introdudionem
634 2827 670 2851 ad
687 2834 741 2851 num
752 2827 823 2856 142⁸,
836 2827 862 2852 in
873 2827 1002 2857 Chai-tul..
1015 2828 1069 2860 ΙΙΙ).
1081 2828 1191 2852 Nuntia·

278 2870 312 2886 a·
330 2865 407 2894 parce
426 2861 540 2886 unuani·
557 2863 597 2887 Aa
615 2862 726 2891 licant.
743 2871 810 2895 quae
829 2871 878 2895 pro
897 2862 992 2896 majori
1003 2866 1080 2896 parte
1101 2864 1193 2889 incerti

280 2896 363 2921 animi
381 2899 451 2926 erat,
469 2897 520 2929 suit
539 2897 599 2923 oui!
612 2897 697 2922 elmu·
716 2898 748 2923 de
764 2899 892 2923 Trebi-on.
920 2899 974 2923 rid.
993 2899 1122 2928 cantui..
1143 2899 1189 2927 ΙΙΙ,

280 2937 309 2956 n·
319 2933 388 2957 ¹⁴26.
401 2934 462 2957 Cum
477 2933 503 2957 Ῐιι
513 2932 561 2956 hoc
573 2933 641 2958 libro
650 2937 783 2966 procurat.
792 2943 824 2958 ea·
834 2943 912 2958 cauea
920 2935 1056 2967 praedicta
1067 2942 1116 2959 non
1129 2943 1190 2968 aga-

280 2970 323 2992 tur
337 2967 369 2991 de
383 2968 503 2993 ηιῐηίοιισ
524 2968 609 2998 rotuli,
629 2972 654 2993 ot
661 2972 754 3002 postca
765 2977 863 3002 comper
881 2978 962 2994 nermo
978 2970 1027 3002 fiat
1045 2970 1078 2994 de
1089 2969 1188 3001 rotulo5

1249 720 1266 746 5

1230 965 1265 991 10

1229 1210 1264 1237 15

1228 1457 1262 1483 20

1227 1948 1262 1974 30

1227 2193 1261 2220 35

1227 2438 1262 2465 40

1303 517 1506 547 Gevehardus
1519 519 1556 546 de
1567 517 1699 547 Zelbach
1710 524 1740 547 et
1752 517 1885 547 Alardus
1896 519 1934 547 de
1949 519 2042 554 Delfi,
2055 520 2212 559 incepturi

1303 567 1361 596 sub
1375 566 1522 606 magistro
1536 566 1630 596 Petro
1643 567 1681 596 de
1696 566 1939 602 Aemsterdame‚
1959 578 2088 607 quorum
2104 569 2209 605 burse,

1303 616 1395 655 primi
1408 615 1436 644 V
1450 615 1553 650 solidi,
1568 615 1640 644 Vlll
1659 616 1789 650 denarii,
1805 616 1933 645 secundi
1946 616 1972 644 V
1986 617 2088 646 solidi.
2107 617 2212 647 Solve-

1302 671 1386 694 runt.

1710 758 1806 788 1379

1303 828 1375 869 (Fol.
1412 828 1485 869 24)⁴
1517 829 1785 859 Procuratoria
1822 830 1992 869 magistri
2026 830 2209 860 Johannis

1566 878 1774 908 Forestarii
1802 879 1937 908 Scotti.

1342 958 1434 988 Anno
1463 959 1589 988 Domini
1618 959 1684 988 ΜΝ
1713 959 1829 990 CCC-”⁰
1857 961 2087 999 septuagesimo
2114 972 2212 998 nono,

1302 1007 1422 1037 decimo
1438 1014 1525 1038 sexto
1539 1008 1588 1037 die
1605 1009 1721 1038 mensis
1738 1009 1932 1044 Decembris,
1949 1010 2025 1039 facta
2038 1020 2213 1051 congrega-

1302 1056 1389 1086 cione
1397 1057 1537 1087 nacionis
1548 1057 1628 1087 dicte
1638 1057 1808 1097 Anglicane
1817 1059 1898 1098 apud
1908 1058 2212 1089 SanctumJulianum

1300 1106 1339 1135 ad
1354 1105 1530 1146 eligendum
1547 1113 1779 1146 procuratorem
1795 1114 1825 1136 et
1839 1108 1877 1136 ad
1891 1108 2075 1137 audiendum
2085 1119 2214 1148 compo-

1301 1161 1363 1184 tum
1395 1155 1568 1195 receptoris
1593 1155 1669 1185 hora
1698 1156 1809 1195 prime,
1836 1163 1928 1195 prout
1949 1163 1997 1186 est
2020 1164 2211 1193 consuetum,

1300 1204 1417 1234 electus
1428 1205 1483 1234 fuit
1491 1205 1639 1244 magister
1652 1205 1810 1235 lohannes
1827 1205 2001 1245 Forstar[ii]
2018 1208 2213 1237 concorditer

1299 1254 1338 1283 ab
1351 1254 1505 1283 omnibus.
1522 1253 1584 1283 Sed
1601 1254 1639 1283 de
1656 1264 1811 1284 consensu
1828 1254 2029 1294 plurimorum
2044 1257 2211 1296 magistro-

1300 1312 1367 1332 rum
1388 1302 1420 1331 in
1444 1303 1549 1332 eadem
1571 1303 1819 1343 congregacione
1839 1311 2028 1344 prorogatus
2050 1305 2106 1334 suit
2126 1315 2211 1335 com-

1299 1360 1392 1391 potus
1413 1362 1513 1391 usque
1539 1353 1577 1381 ad
1600 1352 1772 1391 proximum
1797 1353 1889 1389 diem,
1915 1354 1945 1382 in
1967 1364 2028 1393 quo
2051 1355 2210 1394 magistris

1300 1401 1338 1430 de
1354 1401 1482 1430 nacione
1495 1401 1630 1440 placeret
1639 1407 1814 1441 compotum
1827 1402 1933 1432 audire
1946 1404 2168 1442 supradictum.

1706 1495 1804 1526 1380

1346 1565 1436 1596 Acta
1474 1573 1638 1607 tempore
1679 1568 1940 1607 procuratoris
1984 1569 2158 1608 magistri

1469 1616 1668 1646 Hermanni
1695 1618 1737 1646 de
1764 1616 2038 1657 Warendorpe.

1339 1696 1430 1726 Anno
1440 1697 1565 1726 Domini
1576 1697 1621 1726 Μο
1636 1697 1900 1727 CCC⁰LXX1X¹¹¹⁰
1911 1697 1934 1732 ⁵,
1947 1697 2020 1727 xlll
2032 1698 2082 1728 die
2094 1699 2209 1728 mensis

1299 1745 1472 1781 Januarii⁶‚
1496 1747 1572 1775 facta
1597 1747 1844 1786 congregacione
1874 1747 2013 1776 nacionis
2038 1747 2209 1787 Anglicane

1300 1794 1331 1824 in
1357 1794 1469 1825 Sancto
1496 1795 1650 1825 Maturino
1676 1802 1746 1835 post
1771 1806 1943 1825 sermonem
1970 1797 2007 1826 ad
2037 1797 2209 1836 eligendum

1299 1850 1531 1883 procuratorem
1547 1846 1623 1874 etad
1637 1845 1820 1874 audiendum
1833 1851 2008 1885 computum
2025 1847 2207 1886 receptoris.

1299 1893 1412 1923 dilatus
1445 1900 1510 1923 erat
1543 1900 1704 1933 computus
1733 1894 1922 1934 receptoriS,
1953 1901 1983 1923 et
2012 1896 2210 1925 concorditer

1299 1942 1416 1972 electus
1442 1943 1473 1972 in
1503 1950 1734 1983 procuratorem
1766 1944 1915 1984 magister
1946 1944 2142 1974 Heruiannus
2171 1946 2208 1973 de

1299 1991 1528 2031 Warendorpe.
1545 1992 1579 2021 ln
1595 1991 1682 2032 cujus
1697 1993 1911 2032 procurator-ia
1931 2000 1996 2022 acta
2013 2000 2084 2022 sunt
2101 2004 2135 2022 ea
2149 2004 2208 2033 que

1299 2047 1483 2080 sequuntur.

1339 2089 1444 2120 Primo
1467 2090 1561 2120 solvit
1581 2091 1682 2120 dictus
1703 2098 1889 2131 procurator
1910 2091 2053 2120 xxnllw
2075 2092 2206 2126 solidos.

1298 2149 1391 2169 unum
1415 2140 1550 2170 francum
1574 2151 1633 2180 pro
1654 2141 1755 2180 prima
1778 2141 2006 2180 procuratoria,
2033 2141 2110 2170 alios
2135 2140 2206 2170 Vlll

1299 2188 1418 2218 solidos
1434 2199 1493 2229 pro
1510 2189 1716 2219 emolumento
1734 2190 1846 2219 futuro.

1340 2237 1415 2267 Item
1437 2239 1567 2278 quadam
1589 2239 1638 2268 die
1661 2239 1802 2278 sequenti
1822 2245 2011 2278 congregata
2034 2239 2161 2268 nacione
2178 2239 2206 2267 in

1299 2286 1413 2316 Sancto
1433 2287 1588 2317 Maturino
1607 2287 1683 2317 hora
1703 2288 1870 2327 primarum
1891 2287 2004 2317 Nostro
2026 2288 2154 2316 Domine
2170 2289 2207 2316 ad

1299 2335 1552 2376 supplicandum,
1586 2337 1772 2377 supplicavit
1804 2337 1950 2376 magister
1988 2336 2142 2376 Nycolaus
2169 2337 2207 2365 de

1300 2384 1395 2414 Dacia
1403 2395 1461 2425 pro
1469 2385 1558 2415 litera
1568 2386 1862 2415 recommendatoria
1870 2386 1907 2415 ad
1917 2386 2095 2425 episcopum
2106 2396 2205 2420 sunm,

1299 2432 1386 2474 cujus
1399 2434 1590 2474 supplicacio
1605 2441 1670 2464 erat
1685 2445 1844 2464 concessa.

1299 2555 1355 2570 cum
1365 2549 1501 2578 praeterea
1514 2555 1546 2570 ex
1561 2547 1725 2579 nequeuntibus
1744 2549 1871 2579 appareat
1888 2546 2016 2570 nationem
2027 2545 2206 2576 Anglicanam,

1298 2582 1388 2606 saltem
1401 2591 1450 2614 pro
1465 2582 1644 2615 major-ipone
1659 2591 1756 2614 temper
1773 2582 1854 2615 magia
1872 2591 1903 2605 αι·
1915 2582 1996 2613 magis
2012 2581 2111 2612 firmius
2127 2589 2207 2613 usque

1299 2626 1384 2642 ventu
1394 2618 1510 2642 Novemb.
1528 2626 1572 2642 an.
1592 2619 1652 2642 1382
1671 2618 1772 2642 Urbano
1794 2619 1823 2641 V!
1839 2617 1988 2642 adhaesisse
2000 2616 2060 2646 (vid.
2083 2615 2207 2647 imprimit

1299 2653 1369 2686 infra
1377 2653 1533 2678 adan.1380
1541 2654 1631 2678 Martii
1642 2654 1664 2680 (ι,
1676 2653 1733 2678 1381
1748 2653 1838 2677 Martii
1847 2654 1869 2679 7.
1880 2653 1940 2676 1382
1953 2652 2033 2683 April.
2048 2652 2084 2682 l);
2097 2651 2207 2683 denique

1299 2697 1355 2713 cum
1370 2689 1485 2713 dicerent
1501 2698 1513 2713 α
1527 2689 1549 2713 si
1561 2689 1622 2713 unio
1634 2690 1660 2713 in
1676 2689 1784 2713 ccclesia
1800 2689 1872 2712 fieret
1888 2691 1913 2711 rt
1924 2688 2024 2711 rotulus
2036 2687 2183 2711 mitteretur
2193 2697 2206 2708 a

1298 2725 1371 2757 (1380
1386 2725 1477 2749 Martia·
1491 2726 1514 2753 1¹,
1530 2725 1588 2749 1381
1607 2724 1671 2749 Maii
1687 2726 1720 2756 8),
1735 2733 1785 2756 quo
1805 2723 1949 2756 nignificari
1966 2723 2066 2746 videtur
2077 2722 2205 2746 nationem

1298 2760 1468 2793 Anglii-anum
1485 2759 1594 2784 rotulum
1615 2761 1683 2785 mitti
1702 2760 1822 2788 noluisse,
1841 2758 1893 2782 nisi
1909 2758 2044 2782 schismate
2064 2758 2205 2782 dissoluto:

1299 2796 1417 2820 materici
1424 2796 1552 2828 hucusque
1561 2796 1586 2820 in
1599 2804 1628 2820 eo
1637 2795 1824 2820 inducebantur
1837 2796 2000 2826 alluderent,
2013 2794 2123 2818 rotulum
2139 2802 2205 2818 non-

1298 2831 1359 2856 dum
1369 2831 1405 2855 ad
1413 2840 1509 2863 papam
1520 2831 1622 2855 minum
1633 2840 1694 2859 ene,
1704 2831 1750 2855 ned
1758 2830 1838 2854 nolum
1848 2839 1891 2855 an.
1907 2830 1974 2858 1³83,
1987 2838 2036 2862 quo
2043 2829 2075 2853 de
2087 2829 2206 2854 misniam.-

1298 2867 1377 2892 rotuli
1385 2868 1423 2891 ad
1435 2867 1585 2891 Clementem
1597 2867 1690 2898 agitur.

1329 2905 1353 2927 5.
1387 2905 1441 2927 Sec.
1454 2902 1539 2926 aulum
1549 2902 1715 2935 gallicanum.

1329 2941 1354 2964 6.
1388 2941 1486 2963 Festum
1499 2940 1524 2962 S.
1539 2938 1653 2962 Firmim.
