2632 3464
249 430 286 457 61

252 506 337 537 navit
364 507 422 536 sub
449 506 598 546 magistro
623 504 772 535 Nicholao
800 502 950 532 Drukken
981 501 1019 530 de
1047 499 1158 534 Dacia,

250 554 340 595 cujus
358 556 452 585 bursa
468 555 526 584 ΧΠ
544 554 647 584 solidi.

294 604 369 634 ltem
406 602 569 634 dominus⁴
583 625 644 632 .....
686 602 755 640 [sub
793 600 942 639 magistro
982 598 1160 628 Hermanno

253 644 414 683 Buc]chel,
432 643 520 684 cujus
538 644 632 673 bursa
649 641 690 672 lx
705 640 810 671 solidi.

294 693 367 733 (Ποῖ.
391 695 428 724 45
442 693 466 733 ¹‘J
492 693 566 722 ltem
589 691 734 721 dominus
759 689 948 719 Benedictus
974 689 1012 717 de
1040 687 1160 717 Swecia

253 742 470 772 determinavit
483 743 541 772 sub
559 741 708 780 magistro
724 739 849 769 Sunone
864 738 902 767 de
918 737 1054 772 Swecia‚
1073 734 1160 775 cujus

252 792 349 822 bursa
362 791 420 821 XII
438 790 541 820 solidi.

294 840 369 870 Item
385 839 528 870 dominus
547 838 660 868 Petrus
678 837 809 867 Arnoldi
825 837 863 866 de
881 835 1001 866 Swecia
1018 834 1161 864 determi-

253 889 338 918 navit
357 889 415 919 sub
431 888 581 928 magistro
601 886 726 916 Sunone
744 886 782 915 de
800 885 936 920 Swecia‚
957 883 1045 924 cujus
1067 885 1162 913 bursa

252 938 312 968 xtl
332 937 436 967 solidi.

295 986 370 1016 Item
385 986 528 1016 dominus
541 985 654 1015 Petrus
667 984 782 1014 Mathie
795 984 833 1012 de
847 982 967 1013 Swecia
979 981 1162 1012 determina-

253 1035 298 1066 vit
325 1036 384 1066 sub
408 1035 557 1075 magistro
585 1034 710 1064 Sunone
737 1034 775 1063 de
803 1033 935 1068 Swecia,
956 1031 1044 1071 cujus
1068 1031 1163 1060 bursa

253 1084 362 1114 nichil.

295 1134 371 1164 ltem
391 1133 533 1163 dominus
552 1132 691 1172 Sygerus
711 1133 749 1161 de
768 1130 933 1171 Gri’isberg
949 1129 1164 1160 determinavit

253 1184 312 1213 sub
327 1182 476 1223 magistro
494 1182 672 1212 Hermanno
689 1180 816 1216 Bochel,
833 1179 921 1220 cujus
937 1180 1031 1209 bursa
1045 1179 1087 1208 lx
1103 1178 1161 1208 sol.

298 1232 373 1262 Item
395 1232 540 1261 dominus
559 1231 715 1260 Henricus
735 1231 773 1259 de
792 1229 849 1265 Os,
868 1228 1085 1259 determinavit
1105 1228 1164 1257 sub

254 1281 404 1321 magistro
425 1281 603 1310 Hermanno
623 1279 756 1315 Bochel,
777 1277 864 1319 cujus
882 1279 976 1308 bursa
995 1277 1036 1307 XI
1057 1276 1161 1306 solidi.

295 1330 372 1360 Item
395 1330 539 1360 dominus
566 1329 723 1359 Robertus
748 1329 786 1358 de
810 1327 950 1367 Drungle
975 1326 1164 1366 lycenciatus

254 1379 312 1411 fuit
328 1380 386 1410 sub
403 1379 552 1420 magistro
568 1378 717 1414 Roricho,
734 1376 821 1417 cujus
836 1378 931 1406 bursa
944 1375 1002 1406 ΧΠ
1018 1375 1121 1405 solidi.

662 1471 760 1500 1348

253 1544 419 1584 Tempus
440 1543 731 1584 procuracionis
752 1542 914 1572 Walteri
936 1542 977 1570 de
998 1541 1164 1570 Grinlaw

651 1592 768 1622 Scoti.

298 1672 390 1703 Anno
411 1671 535 1702 Domini
556 1670 720 1701 millesimo
735 1670 970 1700 trecentessimo
987 1669 1041 1698 XL
1056 1669 1163 1704 tertio,

255 1722 358 1762 primo
374 1721 424 1751 die
439 1721 556 1751 mensis
570 1719 679 1750 Marcii
696 1719 875 1749 convocatis
892 1718 1036 1748 omnibus
1050 1717 1166 1758 magis-

257 1771 316 1802 tris
335 1770 477 1800 nacionis
494 1769 666 1810 Anglicane
684 1775 752 1798 actu
770 1768 951 1808 regentibus
966 1768 1004 1797 ad
1021 1767 1166 1797 Sanctum

258 1820 414 1851 ,lulianum
430 1829 610 1860 pauperem,
627 1818 744 1848 electus
757 1818 812 1847 suit
824 1817 972 1857 magister
990 1816 1165 1846 Willelmus

256 1870 296 1900 de
316 1869 457 1900 Grinlaw
475 1868 602 1904 Scotus‚
623 1868 655 1896 in
671 1866 758 1907 cujus
775 1866 999 1906 procuracione
1018 1872 1084 1895 acta
1101 1867 1166 1895 fue-

254 1925 329 1949 runt
344 1918 396 1948 illa
411 1928 471 1958 que
486 1923 642 1947 secuntur.

299 1967 405 1998 Primo
425 1966 543 2007 incepit
561 1966 592 1996 in
611 1966 730 1996 artibus
755 1965 897 1994 dominus
918 1964 1108 1994 Wilhelmus
1127 1965 1166 1993 de

259 2016 500 2056 Dunfermelyne
516 2016 574 2046 sub
590 2014 730 2055 predicto
744 2020 958 2055 procuratore,
971 2013 1059 2054 cujus
1073 2014 1167 2043 bursa

257 2065 299 2096 VI
318 2065 422 2096 solidi.

299 2115 373 2145 ltem
389 2114 569 2144 licenciatus
585 2114 641 2143 suit
654 2113 798 2143 dominus
814 2112 956 2143 Curadus
972 2113 1010 2141 de
1025 2112 1166 2151 Seynen-

258 2164 356 2194 husen
385 2164 574 2194 Alemannus
599 2163 681 2202 apud
710 2161 852 2192 Sanctam
884 2161 1081 2191 Genewesam
1108 2162 1166 2190 sub

257 2214 407 2254 magistro
427 2212 553 2242 Galtero
574 2213 613 2241 de
632 2211 812 2241 Wardelaw
833 2211 940 2246 Scoto,
962 2210 1049 2251 cujus
1072 2211 1166 2240 bursa

257 2262 364 2293 nichil.

662 2353 761 2383 1843

279 2426 440 2466 Tempus
470 2425 758 2466 procuracionis
789 2424 959 2465 magistri
989 2424 1147 2454 Gerardi

506 2475 548 2504 de
581 2474 682 2503 Gore
716 2473 924 2504 Alamanni.

299 2561 391 2590 Anno
408 2559 530 2590 Domini
547 2559 711 2590 millesimo
724 2558 842 2590 CCC¹¹²⁰
856 2558 980 2594 xmldo,
997 2559 1047 2588 die
1059 2565 1168 2589 octavo

262 2609 394 2650 Aprilis,
414 2615 484 2649 post
501 2609 779 2639 Annunciationem
797 2608 980 2638 dominicam
991 2631 998 2643 ,
1016 2618 1169 2638 convoca-

261 2659 302 2688 tis
335 2658 479 2688 omnibus
513 2658 670 2699 magistris
705 2664 772 2687 actu
812 2658 992 2698 regentibus
1029 2658 1169 2687 nacionis

262 2707 434 2748 Anglicane
463 2708 547 2747 apud
577 2707 721 2737 Sanctum
745 2707 944 2742 Maturinum,
972 2707 1089 2736 electus
1122 2713 1170 2736 est

293 2811 316 2835 1.
351 2810 447 2835 Folium
460 2810 600 2836 laceratum
611 2810 637 2834 in
650 2809 766 2842 margine
776 2810 905 2843 inferiore.

293 2847 317 2870 2.
352 2847 411 2870 Tru
418 2845 502 2870 lineae
508 2845 647 2870 laceratae.
654 2847 772 2870 Fortunae
779 2846 906 2878 agebatur
913 2845 945 2869 de
955 2853 1022 2877 mag.
1029 2845 1170 2870 Guillelmo

263 2882 295 2907 de
310 2882 443 2910 Lumbi-in,
458 2890 525 2915 mag.
539 2881 566 2906 in
583 2881 721 2914 theologia,
735 2881 847 2913 quierat
862 2881 966 2905 nuntiae
984 2880 1169 2910 Univenitato,

262 2920 288 2942 el
309 2917 352 2942 οιαὶ
373 2917 529 2942 Universum
552 2919 657 2949 propter
671 2917 879 2949 procurationem
901 2917 927 2940 in
950 2917 1022 2940 curia
1040 2916 1170 2942 molestiae

260 2953 399 2985 inserebat.
412 2953 452 2984 Cs-
463 2952 582 2977 chartul.
594 2952 671 2977 Univ.
683 2953 777 2981 Paris..
790 2953 822 2982 ll,
834 2956 862 2976 ιι·
872 2952 941 2977 1080.

757 427 871 454 LtBER
891 421 1204 452 PROCURATORUM
1224 420 1404 446 NATIONIS
1423 418 1669 444 ANGLICANAE

1202 942 1234 968 to

1201 1186 1235 1212 15

1202 1432 1235 1458 20

1202 1677 1236 1703 25

1203 1922 1237 1948 30

1203 2167 1238 2194 35

1204 2412 1238 2439 40

1206 2667 1240 2693 45

2143 416 2177 441 62

1268 495 1417 536 magister
1445 494 1604 524 Gerardus
1633 495 1671 522 de
1701 493 1783 522 Gore
1813 493 1897 522 nullo
1928 493 2053 532 penitus
2080 492 2179 521 recla-

1269 551 1369 574 mante
1385 544 1416 573 in
1431 550 1665 583 procuratorem
1684 543 1765 571 dicte
1783 542 1934 576 nacionis,
1949 542 1979 570 in
1999 540 2086 580 cujus
2103 551 2178 580 pro-

1269 594 1443 623 curacionis
1463 599 1603 632 tempore
1623 598 1748 632 peracta
1768 592 1891 620 fuerunt
1913 590 1969 619 hec
1989 600 2048 629 que
2072 589 2180 618 imme-

1269 643 1350 672 diate
1365 647 1546 682 sequuntur.

1309 692 1415 721 Primo
1436 691 1551 730 incepit
1573 690 1716 718 dominus
1735 689 1896 718 Donaldus
1918 690 1956 718 de
1977 689 2046 718 Mor
2069 690 2181 720 Scotus

1270 742 1328 770 sub
1346 741 1495 780 magistro
1515 739 1661 778 Philippo
1681 738 1785 773 Sento,
1808 737 1895 777 cujus
1918 739 2012 767 bursa
2030 745 2100 767 octo
2121 740 2179 769 sol.

1678 831 1775 860 1343

1291 906 1447 945 Tempus
1479 904 1769 945 procuracionis
1800 903 1974 943 magistri
2007 903 2161 933 Henrici

1606 955 1648 983 de
1679 952 1844 992 Ghoyre.

1311 1035 1402 1065 Anno
1427 1035 1553 1065 Domini
1581 1019 1841 1068 Mcccxmsl,
1869 1033 1918 1062 die
1945 1033 2016 1062 lune
2040 1033 2185 1063 videncet

1271 1085 1379 1125 quinta
1395 1085 1446 1114 die
1466 1084 1584 1114 mensis
1602 1083 1692 1118 Maii,
1712 1083 1890 1112 convocatis
1908 1083 2052 1112 omnibus
2069 1089 2098 1112 et
2118 1083 2185 1112 sin-

1272 1134 1354 1174 gulis
1375 1134 1532 1174 magistris
1550 1132 1691 1162 nacionis
1712 1132 1883 1172 Anglicane
1903 1138 1972 1161 actu
1990 1132 2183 1172 regentibus,

1273 1183 1325 1223 qui
1356 1183 1516 1212 commode
1548 1182 1701 1211 interesse
1734 1187 1894 1220 poterant,
1924 1182 2005 1220 apud
2040 1181 2185 1210 Sanctum

1271 1233 1424 1262 Julianum
1458 1241 1625 1272 pauperem
1663 1231 1701 1260 ad
1731 1230 1907 1270 eligendum
1939 1237 2184 1269 procuratorem,

1272 1282 1388 1311 electus
1408 1287 1456 1310 est
1475 1291 1512 1310 ex
1534 1280 1671 1310 unanimi
1691 1289 1847 1309 consensu
1867 1279 2002 1308 omnium
2024 1286 2096 1308 tunc
2117 1289 2185 1318 pre-

1273 1331 1406 1360 sentium
1434 1330 1467 1359 in
1495 1335 1729 1370 procuratorem
1756 1329 1837 1358 dicte
1866 1328 2007 1357 nacionis
2038 1328 2187 1367 magister

1274 1380 1429 1409 Henricus
1449 1380 1487 1408 de
1510 1379 1614 1408 Ghore
1639 1378 1840 1407 Alamannus.
1862 1377 1896 1406 ln
1921 1377 2008 1417 cujus
2035 1387 2185 1416 procura-

1273 1429 1362 1459 cione
1379 1435 1445 1458 acta
1460 1429 1583 1458 suerunt
1598 1438 1634 1457 ea
1649 1437 1708 1467 que
1725 1433 1882 1456 secuntur.

1314 1478 1403 1516 l[tem
1427 1478 1504 1507 sacta
1530 1476 1788 1517 cong]regatione
1794 1498 1855 1505 .....
1869 1475 1881 1493 ²
1906 1476 1936 1504 in
1960 1476 2096 1504 crastino
2101 1498 2164 1504 .....
2173 1474 2186 1493 ³

1273 1527 1489 1567 theologorum
1495 1549 1554 1555 .....
1585 1535 1681 1565 super
1712 1525 1780 1563 (fol.
1823 1525 1874 1563 46)
1909 1525 2004 1554 certis
2044 1524 2186 1554 articulis

1273 1576 1486 1606 criminalibus
1504 1585 1567 1605 non
1584 1574 1772 1604 sufficienter
1790 1584 1892 1603 coram
1916 1574 2072 1613 deputatis
2093 1583 2188 1612 super

1273 1625 1332 1655 hoc
1348 1625 1498 1664 probatis,
1519 1624 1579 1654 sibi
1597 1623 1727 1663 objectis
1746 1633 1838 1652 causa
1854 1623 1934 1652 dicte
1951 1622 2186 1662 procuracionis

1275 1675 1307 1704 in
1326 1675 1412 1704 curia
1433 1675 1571 1703 Romana
1591 1683 1649 1712 per
1669 1674 1748 1702 duos
1768 1673 1936 1711 magistros
1957 1682 2012 1702 sue
2028 1671 2185 1706 nacionis,

1274 1723 1393 1753 scilicet
1406 1723 1572 1762 mag-istros
1588 1723 1782 1752 Lambertum
1798 1721 1990 1761 Flamingum
2005 1727 2035 1750 et
2048 1721 2185 1755 Petrum,

1274 1773 1381 1802 nescio
1396 1773 1488 1802 unde.

1316 1821 1413 1851 ltem⁴
1429 1821 1548 1851 exstitit
1567 1820 1682 1850 ibidem
1700 1821 1922 1849 concordatum
1941 1829 2000 1859 pro
2021 1825 2134 1848 statuto
2158 1825 2187 1847 et

1275 1871 1480 1900 instrumento
1493 1870 1619 1910 publico
1631 1869 1775 1898 vallatum
1793 1879 1848 1908 per
1861 1875 1926 1898 tres
1942 1867 2102 1898 facultates
2115 1878 2187 1897 con-

1275 1920 1412 1950 corditer
1431 1925 1461 1949 et
1477 1918 1585 1959 majori
1605 1925 1690 1958 parte
1711 1925 1820 1958 quarte
1842 1918 2012 1952 facultatis,
2030 1924 2063 1947 ut
2079 1927 2187 1946 omnes

1275 1969 1426 2009 religiosi,
1455 1968 1666 2009 cujuscunque
1686 1968 1801 1998 fuerint
1829 1967 2003 2007 religionis,
2031 1967 2084 2006 qui
2110 1966 2187 1995 alios

1270 2018 1391 2059 juratos
1430 2018 1478 2048 vel
1512 2028 1574 2047 non
1606 2017 1727 2057 juratos
1762 2016 1983 2047 Universitatis
2020 2015 2187 2045 convenire

1274 2067 1382 2098 volunt
1414 2077 1517 2097 coram
1550 2073 1671 2096 rectore
1701 2073 1731 2095 et
1764 2072 1897 2106 quatuor
1931 2065 2187 2105 procuratoribus

1275 2127 1370 2157 super
1383 2115 1506 2155 injuriis
1519 2116 1579 2145 sibi
1595 2115 1694 2150 factis,
1712 2125 1843 2155 quorum
1860 2115 1997 2154 cognitio
2013 2115 2050 2143 ad
2068 2114 2187 2153 predic-

1275 2174 1324 2197 tos
1336 2173 1488 2196 rectorem
1502 2172 1531 2195 et
1544 2171 1764 2205 procuratores
1779 2170 1920 2204 spectare
1933 2164 2068 2197 videtur,
2084 2170 2114 2192 et
2127 2162 2186 2192 sibi

1274 2221 1499 2255 competentem
1517 2215 1676 2244 emendam
1693 2214 1758 2242 fieri
1775 2214 1812 2242 de
1835 2213 1979 2242 omnibus
1998 2212 2185 2252 petentibus,

1275 2275 1343 2295 cum
1370 2271 1470 2294 tamen
1492 2264 1553 2303 ipsi
1577 2273 1672 2303 super
1694 2262 1910 2292 consimilibus
1935 2261 2058 2301 injuriis
2083 2271 2186 2290 coram

1275 2314 1425 2354 predictis
1438 2319 1559 2343 rectore
1576 2319 1606 2342 et
1621 2312 1876 2352 procuratoribus
1893 2311 2064 2345 trahantur,
2082 2311 2189 2339 dicunt

1276 2374 1309 2393 se
1332 2362 1546 2403 jurisdictioni
1572 2372 1679 2392 eorum
1707 2371 1769 2390 non
1795 2360 1972 2400 subjacere,
2001 2370 2056 2389 ncc
2083 2359 2190 2388 volunt

1276 2413 1467 2452 respondere
1487 2421 1590 2441 coram
1611 2410 1760 2450 predictis
1781 2423 1787 2439 :
1808 2410 1884 2439 tales
1904 2410 2043 2449 inquam,
2064 2415 2095 2438 ut
2113 2419 2187 2437 con-

1276 2462 1435 2491 cordatum
1451 2461 1521 2495 suit,
1539 2471 1576 2490 ex
1594 2470 1675 2489 nunc
1694 2466 1787 2499 prout
1801 2470 1838 2488 ex
1854 2466 1925 2488 tunc
1943 2458 2113 2487 habeantur
2129 2467 2187 2497 pro

1277 2511 1426 2541 resecatis
1444 2509 1495 2539 et⁵
1520 2509 1666 2549 privatis,
1687 2509 1713 2538 si
1738 2509 1851 2538 fuerint
1869 2507 1976 2547 jurati.
1996 2507 2064 2536 Alia
2087 2513 2187 2535 autem

1276 2570 1350 2600 pars
1365 2566 1474 2599 quarte
1491 2559 1641 2588 facultatis
1656 2558 1744 2592 dixit,
1762 2564 1792 2587 ut
1809 2564 1911 2586 rector
1926 2567 1992 2585 cum
2010 2561 2188 2595 procurato-

1278 2610 1365 2639 ribus
1383 2615 1413 2639 et
1427 2609 1582 2647 aliquibus
1601 2608 1757 2647 deputatis
1777 2607 1876 2636 adiret
1896 2606 2018 2645 priores
2035 2605 2187 2633 dictorum

1278 2658 1508 2698 religiosorum,
1527 2657 1671 2697 quatinus
1689 2657 1749 2696 ipsi
1767 2667 1840 2685 suos
1854 2656 2027 2683 confratres
2041 2659 2189 2692 cogerent

1278 2714 1311 2737 ut
1328 2706 1544 2737 consuetudini
1566 2706 1714 2735 hactenus
1734 2707 1912 2738 observate,
1934 2702 2021 2742 cujus
2043 2701 2190 2731 memoria

1309 2811 1333 2833 3.
1369 2809 1461 2841 Utique
1471 2808 1585 2841 'appleri
1593 2808 1667 2832 debet
1677 2814 1686 2830 :
1697 2807 1879 2831 translationis
1890 2815 1911 2830 υ.
1923 2805 2031 2830 Nicolai.
2046 2804 2100 2829 Vid.
2115 2804 2188 2836 infra

1278 2854 1303 2878 p.
1318 2847 1358 2874 ⁶³,
1370 2846 1423 2870 5-7.
1436 2847 1463 2869 ln
1475 2845 1626 2869 crastinoeet
1644 2846 1670 2867 10
1683 2843 1756 2867 Maii.

1309 2882 1333 2905 ¹0.
1367 2883 1396 2905 ln
1406 2881 1522 2914 margine
1533 2889 1538 2904 :
1552 2881 1686 2904 Statutum
1699 2878 1896 2903 universitatis.

1309 2918 1333 2941 5.
1367 2920 1422 2941 et...
1434 2916 1515 2948 jurati
1529 2916 1595 2940 inter
1607 2915 1699 2939 lineae.
