2632 3464
317 472 369 498 825

315 547 419 578 rinum
431 547 585 577 celebrata
598 547 649 576 die
665 545 766 576 xvll·
779 545 896 575 mensis
913 543 1024 575 Marcii
1038 554 1095 584 per
1109 543 1223 573 dictum

318 602 554 637 procuratorem
581 595 663 625 dicte
686 595 826 625 nacionis
847 594 1002 635 propositi
1030 594 1153 623 fuerunt
1181 594 1224 622 3·-

315 644 448 675 articuli.
478 645 602 675 Primus
624 644 680 675 fuit
707 645 745 674 ad
769 643 942 674 babendum
967 643 1142 683 deputatos,
1170 641 1224 681 qui

316 704 377 724 una
394 704 462 724 cum
483 694 566 724 dicto
588 699 789 734 procuratore
804 692 867 722 sint
885 691 1011 722 solliciti
1031 701 1106 732 erga
1124 690 1225 720 domi-

315 753 385 772 nam
399 743 539 783 reginam
554 742 684 772 Francie
699 749 730 772 et
747 741 904 772 dominum
923 741 1104 781 episcopum
1123 739 1225 770 Silva-

315 798 493 822 nectensem
503 798 534 822 et
547 791 701 821 dominam
715 791 826 821 dictam
838 791 877 820 de
890 790 1073 830 bemieres
1089 795 1119 819 et
1133 788 1222 823 alios,

315 851 446 881 quorum
468 841 620 871 interesse
646 840 762 881 poterit
784 840 822 869 de
847 839 990 869 habendo
1020 838 1182 879 pecuniam
1208 848 1226 867 a

316 890 456 930 predicta
476 890 586 930 regina
606 899 666 930 pro
689 889 908 919 hedificacione
929 887 1082 918 scolarum
1102 887 1134 916 in
1154 887 1224 917 vico

317 938 514 969 straminum.
533 939 580 968 2²·-
591 938 740 968 articulus
762 937 820 968 fuit
836 947 932 977 super
947 936 1224 967 distribuoionibus

316 988 467 1017 mensium
478 998 535 1028 pro
545 987 807 1017 examinatoribus
816 986 1061 1016 bachalariorum
1070 986 1102 1015 in
1113 985 1226 1015 Sancta

317 1035 484 1066 Genovel’a.
501 1037 549 1066 3--
563 1046 658 1076 super
672 1035 960 1076 supplicacionibus
975 1041 1006 1065 et
1019 1034 1152 1075 injuriis.

356 1085 458 1125 Super
484 1085 586 1125 primo
610 1084 741 1115 articulo
764 1084 902 1125 deputati
927 1085 1050 1114 fuerunt
1077 1083 1226 1124 magister

314 1133 472 1164 lohannes
494 1134 532 1164 de
550 1133 678 1164 Austria
698 1143 889 1174 proponens,
906 1133 1047 1173 magistri
1066 1132 1224 1162 Arnoldus

314 1182 467 1219 Witwiic,
491 1182 650 1213 Johannes
671 1182 770 1223 Dorp,
791 1183 905 1212 Petrus
929 1181 1082 1217 Prendre,
1102 1181 1152 1211 vel
1173 1181 1225 1211 alii

315 1232 347 1262 in
372 1242 445 1262 casu
465 1242 528 1272 quo
546 1231 680 1272 predicti
703 1231 752 1262 vel
772 1231 885 1272 aliquis
905 1241 1010 1261 eorum
1032 1230 1138 1260 haberi
1162 1240 1225 1260 non

315 1287 435 1322 posset,
449 1287 480 1311 et
499 1291 561 1321 quo
577 1282 615 1310 ad
636 1281 729 1311 istum
749 1280 910 1310 articulum
925 1280 1027 1310 dictus
1041 1285 1226 1320 procurator

316 1330 388 1360 fecit
404 1339 498 1370 posse
512 1339 602 1360 suum
622 1329 742 1370 pluries
756 1330 795 1359 ad
810 1329 955 1359 Sanctum
973 1327 1121 1358 Paulum⁴
1141 1334 1171 1358 et
1186 1329 1225 1358 ad

315 1380 438 1409 domum
450 1378 653 1408 habitationis
670 1379 794 1408 domine
806 1378 916 1419 regine
933 1378 1045 1413 eundo,
1061 1383 1092 1407 et
1104 1378 1142 1407 de
1160 1377 1225 1407 sol-

315 1428 462 1458 licitando
484 1427 642 1457 dominum
672 1427 852 1468 episcopum
882 1427 1144 1457 Silvanectensem
1169 1436 1226 1466 per

315 1476 522 1513 Bomundum,
541 1482 571 1506 et
588 1477 643 1506 suit
662 1476 826 1516 negocium
847 1475 980 1506 finaliter
1002 1476 1171 1506 resolutum
1186 1476 1225 1505 ad

317 1525 374 1555 hoc
391 1526 475 1566 quod
491 1525 614 1555 domina
629 1525 738 1566 regina
752 1525 884 1554 debebat
899 1524 1062 1565 precipere
1080 1530 1225 1564 argenta-

315 1573 388 1604 rio'
413 1584 470 1604 suo
492 1574 574 1604 dicto
592 1574 755 1610 Hamonet,
775 1574 919 1614 quatinus
938 1573 1030 1603 nobis
1051 1574 1139 1604 daret
1159 1583 1224 1603 cer-

315 1630 375 1654 tam
395 1633 543 1653 summam
561 1623 703 1663 pecunie.

355 1672 458 1712 Super
481 1673 513 1701 2⁰
540 1671 670 1702 articulo
689 1678 719 1702 et
747 1673 779 1702 3⁰
802 1671 894 1702 simul
919 1671 1105 1711 supplicavit
1126 1671 1225 1712 magi-

315 1727 381 1752 ster
407 1721 589 1751 Bernardus
617 1720 776 1762 [Ummen]
798 1730 856 1760 pro
882 1721 1025 1750 omnibus
1052 1721 1221 1750 mensibus.

314 1769 412 1810 Cujus
429 1769 652 1810 supplicacioni
671 1770 760 1799 nacio
780 1770 951 1804 consensit,
968 1776 998 1799 et
1011 1769 1101 1810 hujus
1120 1769 1225 1810 gracia

314 1820 416 1850 dictus
453 1819 603 1859 magister
640 1819 820 1849 Bernardus
857 1819 1035 1859 propinavit
1072 1819 1224 1849 interesse

313 1868 490 1899 volentibus
504 1868 610 1898 decem
626 1867 757 1898 solidos.

355 1917 431 1947 ltem
441 1917 473 1947 in
488 1917 571 1946 dicta
580 1917 793 1957 procuratoria
805 1917 1146 1947 subdeterminaverunt
1159 1923 1224 1947 tres

316 1965 454 1996 scolares
470 1965 501 1995 in
517 1966 646 2001 artibus,
664 1975 796 2006 quorum
813 1966 936 1995 nomina
951 1972 1134 2006 sequuntur.

356 2014 462 2044 Primo
477 2014 754 2045 subdeterminavit
765 2015 908 2045 dominus
920 2014 935 2045 J
939 2014 1076 2044 ohannes
1095 2014 1223 2055 Spenlin

315 2064 354 2094 de
376 2063 582 2104 Rotemburg‚
594 2063 740 2104 dyocesis
756 2063 989 2099 Constancien.‚
1004 2065 1062 2093 sub
1075 2063 1223 2104 magistro

314 2112 454 2143 Johanne
468 2111 640 2152 Bautpour,
654 2113 712 2142 sub
727 2112 891 2152 principali
905 2113 1154 2148 determinatore,
1165 2113 1223 2142 sci-

315 2161 424 2191 licet...
442 2161 517 2201 (sic),
532 2160 619 2201 cujus
633 2162 728 2191 bursa
741 2161 768 2190 ll
783 2161 841 2191 sol.

355 2210 430 2240 ltem
446 2209 590 2239 domiuus
604 2210 668 2250 (nic)
680 2209 704 2240 ⁸.

356 2258 430 2288 Item
443 2258 455 2277 ⁴
471 2259 502 2288 in
521 2259 603 2289 dicta
620 2259 835 2299 procuratoris
849 2258 1002 2289 licenciati
1022 2260 1143 2289 fuerunt
1161 2260 1223 2289 duo

314 2308 481 2338 bacbalarii
498 2307 528 2337 in
543 2308 674 2343 artibus,
690 2317 821 2348 quorum
834 2308 958 2337 nomina
973 2314 1155 2348 sequuntur.

355 2356 461 2386 Primo
472 2356 651 2386 licenciatus
666 2356 723 2386 fuit
734 2357 877 2386 dominus
891 2356 1049 2387 Gerardus
1064 2357 1102 2387 de
1119 2357 1223 2387 Meke-

315 2415 370 2436 ren
386 2405 440 2445 [in]
460 2405 573 2435 Sancta
590 2405 747 2436 Genovefa
766 2406 823 2435 sub
839 2405 1025 2446 magistro...
1042 2405 1117 2446 (sic),
1135 2404 1223 2446 cujus

315 2455 410 2484 bursa
426 2454 482 2484 v11
503 2454 562 2484 sol.

356 2502 431 2533 Item
455 2504 487 2532 2⁰
513 2503 693 2533 licenciatus
717 2503 773 2533 suit
795 2503 938 2533 dominus
958 2502 1115 2534 lohannes
1139 2503 1223 2533 Kern

315 2552 347 2582 in
369 2552 482 2582 Nostra
499 2552 631 2582 Domina
647 2553 705 2582 sub
722 2552 910 2593 magistro...
927 2552 1003 2593 (sic),
1020 2551 1107 2593 cujus
1129 2553 1223 2583 bursa

318 2600 362 2630 lll
379 2600 437 2630 sol.
472 2597 475 2602 ’

718 2653 814 2683 1401

355 2719 428 2759 (Fal.
452 2719 529 2761 58⁵)
549 2720 818 2750 Procurator-ia
835 2719 1006 2760 magistri
1026 2719 1182 2750 Jordani

613 2769 656 2799 de
691 2768 921 2799 Derthesen.

355 2842 445 2873 Facta
457 2844 705 2884 congregacione
718 2844 857 2874 nacionis
871 2845 951 2884 apud
966 2843 1111 2874 Sanctum
1124 2843 1222 2874 Matu-

347 2923 369 2947 l.
401 2924 421 2947 1.
437 2931 459 2946 a.
480 2922 574 2947 l'lloul
595 2923 708 2952 S.-Panl‚
726 2924 759 2947 de
776 2932 826 2956 quo
843 2924 966 2953 «ΙΑιιιοτ,
985 2923 1154 2953 nach-reboo,
1175 2923 1221 2953 ΙΙΙ,

314 2958 436 2990 Quarti„
444 2959 470 2982 S.
487 2957 560 2986 Paul.
578 2966 602 2990 p.
620 2959 660 2983 112.

345 2994 367 3018 2.
401 2995 450 3018 Seu
467 2993 643 3018 thesaurario.

818 469 933 496 LIBER
952 467 1266 496 PROCURATORUM
1286 467 1466 494 NATIONIS
1485 467 1731 494 ANGLICANAE

1262 989 1295 1015 10

1262 1233 1296 1259 15

1261 1478 1296 1504 20

1261 1723 1295 1750 25

1259 2212 1294 2239 35

1259 2457 1294 2484 40

1259 2702 1293 2728 45

2183 468 2236 495 826

1331 544 1433 573 rinum
1451 553 1531 573 anno
1553 543 1724 579 MCCCCI,
1746 544 1876 583 septima
1897 544 1947 573 die
1965 545 2080 574 mensis
2104 545 2235 585 Aprilis,

1332 593 1364 622 in
1390 592 1502 632 primis
1526 593 1640 622 Nostre
1666 593 1796 622 Domine
1822 603 1917 633 super
1939 594 2060 623 duobus
2086 594 2234 623 articulis.

1333 641 1457 671 Primus
1477 647 1542 671 erat
1560 642 1599 670 ad
1613 641 1789 681 eligendum
1810 649 2057 681 procuratorem;
2082 644 2237 672 secundus

1333 700 1429 730 super
1445 690 1741 730 supplicacionibuS‚
1756 697 1813 720 etc.
1828 691 1929 730 Super
1942 691 2043 730 primo
2058 692 2173 721 electus
2191 697 2238 721 est

1333 739 1365 768 in
1393 745 1626 779 procuratorem
1646 739 1794 779 magister
1812 739 1967 769 Jordanus
1990 741 2029 769 de
2050 740 2235 770 Derthesen.

1334 788 1436 828 Super
1452 788 1484 817 2⁰
1506 788 1606 828 primo
1621 788 1808 828 supplicavit
1827 795 2011 828 procurator
2030 789 2186 828 antiquus,
2205 796 2239 819 ut

1333 837 1421 867 nacio
1436 837 1538 877 ipsum
1553 837 1585 867 in
1603 837 1737 877 peractis
1750 838 1782 867 in
1798 844 1937 877 tempore
1951 839 2163 878 procuratorie
2183 849 2238 868 sue

1331 886 1425 916 vellet
1448 896 1516 916 eum
1542 886 1656 916 habere
1678 893 1817 917 avoatum
1842 893 1914 923 etc.‚
1938 887 1987 916 cui
2013 887 2238 927 supplicacioni

1333 936 1451 965 favebat
1471 935 1570 965 nacio.
1592 936 1624 964 2⁰
1648 936 1835 976 supplicavit
1854 936 1935 965 idem
1953 943 2148 976 procurator,
2170 947 2237 966 cum

1333 985 1400 1024 ipse
1415 984 1546 1024 legisset
1561 995 1617 1024 per
1633 986 1712 1014 duos
1727 995 1824 1014 annos
1842 985 1986 1015 continue
2001 985 2099 1015 libros
2114 985 2239 1015 Ethico·

1332 1043 1411 1069 rum,
1419 1040 1449 1063 et
1459 1040 1542 1063 esset
1552 1034 1583 1063 in
1593 1040 1662 1063 actu
1670 1033 1794 1074 legendi
1802 1034 1912 1069 adbuc,
1920 1041 2071 1074 quatenus
2079 1035 2168 1064 nacio
2179 1035 2239 1064 sibi

1333 1083 1420 1112 sicud
1435 1088 1466 1112 et
1479 1082 1549 1112 aliis
1565 1083 1674 1112 factum
1693 1084 1791 1112 suerat
1804 1083 1878 1112 dare
1895 1083 1988 1113 vellet
2008 1094 2098 1113 unam
2115 1090 2238 1123 quotam

1333 1131 1474 1171 pecunie,
1491 1131 1629 1171 allegans
1645 1132 1682 1160 ad
1699 1131 1756 1161 hoc
1776 1132 1966 1172 singularum
1981 1133 2143 1162 nacionum
2163 1143 2240 1162 con·

1333 1180 1539 1210 suetudinem.
1557 1181 1603 1210 De
1621 1181 1679 1210 ista
1691 1181 1923 1220 supplicacione
1936 1181 2051 1221 placuit
2063 1182 2196 1217 nacioni,
2213 1182 2240 1212 si

1333 1236 1417 1259 esset
1431 1230 1664 1259 consuetudinis
1676 1230 1761 1265 dare,
1773 1230 1857 1269 quod
1872 1231 1949 1259 bene
1966 1230 2058 1260 vellet
2074 1232 2157 1270 quod
2171 1231 2239 1271 ipse

1333 1277 1461 1308 haberet
1475 1285 1589 1308 certam
1607 1285 1748 1318 quotam;
1765 1279 1879 1308 nullam
1892 1285 1992 1308 tamen
2007 1280 2185 1309 nominavit.
2205 1280 2238 1310 ln

1333 1327 1476 1367 pluribus
1493 1328 1607 1357 bonum
1627 1327 1790 1357 videbatur
1805 1329 1887 1367 quod
1909 1328 2049 1368 magistri
2069 1339 2164 1368 super
2181 1329 2239 1359 hoc

1333 1376 1443 1406 melius
1458 1383 1713 1406 convocarentur.
1732 1376 1806 1406 ltem
1827 1377 2013 1417 supplicavit
2026 1378 2169 1407 dominus
2184 1378 2239 1407 Jo-

1333 1425 1451 1455 hannes
1469 1426 1554 1455 Kern
1569 1426 1601 1455 in
1614 1425 1732 1455 artibus
1746 1426 1883 1466 incipere
1895 1426 2014 1462 volens,
2027 1433 2060 1456 ut
2075 1427 2162 1456 nacio
2177 1427 2239 1456 vel-

1333 1475 1375 1504 let
1395 1485 1465 1504 esse
1485 1481 1628 1504 contenta
1649 1475 1687 1504 de
1707 1475 1865 1504 solucione
1884 1475 2046 1505 bursarum
2064 1486 2122 1515 pro
2142 1476 2240 1516 magi-

1333 1523 1430 1554 sterio
1446 1524 1484 1553 ad
1502 1530 1618 1553 certum
1633 1530 1754 1563 tempus
1768 1524 1944 1560 deferenda,
1956 1524 1993 1554 de
2011 1524 2124 1564 quibus
2140 1525 2239 1555 solum

1333 1573 1512 1602 crederetur
1530 1583 1587 1602 suo
1601 1572 1787 1613 juramento.
1806 1573 1908 1613 Super
1929 1572 1987 1603 ista
2008 1574 2239 1614 supplicacione

1332 1622 1421 1652 nacio
1442 1621 1540 1652 voluit
1561 1628 1643 1652 stare
1665 1622 1696 1651 in
1719 1627 1832 1652 statuto
1851 1627 1882 1651 et
1899 1623 2122 1652 consuetudine
2145 1633 2240 1662 super

1331 1670 1390 1700 hoc
1407 1671 1532 1707 habitis,
1549 1678 1607 1701 etc.

1433 1778 1647 1818 Sequuntur
1678 1778 1822 1807 nomina
1857 1777 2138 1807 licenciatorum

1662 1827 1773 1856 istius
1808 1827 1909 1856 anni.

1373 1916 1479 1947 Primo
1511 1916 1691 1946 licenciatus
1721 1922 1769 1946 est
1806 1916 1949 1946 dominus
1988 1915 2168 1946 Gherardus
2199 1918 2237 1947 de

1332 1965 1480 1996 Mekeren
1502 1966 1560 1995 sub
1582 1965 1731 2006 magistro
1752 1965 1891 1995 Johanne
1915 1966 1954 1995 de
1976 1965 2125 2001 Suffania,
2150 1965 2238 2006 cujus

1332 2015 1426 2045 bursa
1441 2014 1499 2044 Vll
1513 2014 1616 2044 solidi.

1372 2063 1447 2093 Item
1466 2063 1645 2093 licenciatus
1667 2069 1714 2092 est
1735 2062 1879 2093 dominus
1901 2062 2058 2092 Johannes
2078 2063 2162 2092 Kern
2179 2064 2237 2093 sub

1332 2113 1481 2152 magistro
1503 2112 1643 2142 Johanne
1661 2111 1828 2147 Burbuert,
1851 2110 1937 2152 cujus
1957 2112 2050 2141 bursa
2069 2111 2112 2141 lll
2131 2112 2234 2142 solidi.

1373 2161 1447 2191 Item
1462 2161 1642 2191 licenciatus
1660 2167 1707 2190 est
1721 2161 1864 2190 dominus
1882 2160 2047 2190 Heinricus
2066 2161 2237 2191 Dintheren

1331 2211 1389 2240 sub
1405 2210 1553 2250 magistro
1569 2210 1708 2240 Arnoldo
1723 2209 1863 2245 Wtwiic‚
1880 2209 1967 2249 cujus
1980 2210 2074 2239 bursa
2089 2209 2114 2238 V
2131 2210 2235 2240 solidi.

1371 2259 1446 2288 ltem
1473 2259 1652 2289 licenciatus
1679 2265 1726 2288 est
1749 2258 1892 2288 dominus
1915 2258 2110 2287 Bernaerdus
2140 2259 2241 2288 Echof

1332 2309 1389 2338 sub
1404 2308 1554 2348 magistro
1576 2307 1737 2337 Bernardo
1757 2307 1953 2347 Flogbeling,
1972 2306 2058 2347 cujus
2074 2308 2164 2337 bursa
2179 2307 2235 2338 Vll

1331 2356 1435 2386 solidi.

1371 2405 1447 2436 ltem
1478 2405 1657 2435 licenciatus
1685 2405 1828 2434 dominus
1853 2404 1987 2434 Jacobus
2018 2405 2055 2434 de
2090 2405 2235 2435 Treveris

1331 2455 1388 2484 sub
1406 2454 1556 2494 magistro
1570 2453 1710 2483 Johanne
1731 2454 1897 2489 Burbuert,
1914 2454 2000 2493 cujus
2018 2455 2112 2483 bursa
2129 2453 2184 2484 Vll
2206 2464 2232 2484 s.

1371 2503 1446 2532 Item
1462 2502 1641 2532 licenciatus
1656 2509 1704 2532 est
1718 2503 1860 2532 dominus
1877 2502 2064 2532 Wilhelmus
2083 2503 2121 2532 de
2141 2502 2235 2532 Aem-

1331 2552 1464 2582 sterdam
1479 2552 1536 2582 sub
1554 2551 1703 2591 magistro
1722 2551 1880 2581 Aernoldo
1890 2551 2030 2586 Wtwiic,
2040 2550 2126 2591 cujus
2142 2552 2235 2582 bursa

1332 2600 1359 2630 ll
1370 2601 1473 2630 solidi.

1371 2649 1446 2679 ltem
1470 2649 1650 2679 licenciams
1671 2655 1720 2679 est
1743 2649 1886 2678 dominus
1911 2649 2128 2679 Coenraerdus
2152 2649 2228 2679 Drie

1331 2699 1389 2728 sub
1407 2698 1556 2738 magistro
1572 2697 1711 2727 Arnoldo
1726 2698 1868 2733 Wtwiic‚
1884 2696 1970 2737 cujus
1986 2698 2079 2727 bursa
2098 2697 2156 2727 llll
2174 2698 2232 2728 sol.

1371 2747 1446 2776 ltem
1471 2746 1650 2776 licenciatus
1672 2753 1720 2776 est
1742 2746 1885 2776 dominus
1907 2746 2066 2776 Arnuldus
2089 2747 2127 2776 de
2152 2746 2236 2777 Dor-

1330 2796 1424 2825 draco
1442 2796 1500 2825 sub
1516 2796 1665 2835 magistro
1686 2795 1826 2824 Arnuldo
1841 2794 2022 2834 Wytwykc‚
2038 2794 2126 2834 cujus
2141 2795 2235 2826 bursa

1330 2843 1386 2874 Vll
1404 2844 1508 2874 solidi.

1360 2924 1383 2948 3.
1417 2924 1507 2948 Postea
1520 2923 1629 2955 epatium
1643 2926 1754 2955 quatuor
1764 2922 1898 2947 linearum.

1360 2959 1382 2982 b.
1417 2960 1484 2982 Haec
1504 2961 1528 2982 et
1548 2961 1679 2990 aequente·
1695 2957 1762 2981 duae
1779 2958 1897 2981 rubricae
1913 2956 2014 2982 deletu
2036 2962 2104 2987 cunt.
2125 2958 2187 2990 qui·
2208 2959 2236 2984 in

1329 2994 1447 3026 aequanti
1451 2994 1632 3026 procuratorio
1643 2993 1771 3017 licenciati
1783 2993 1900 3025 inncripti
1910 2996 1978 3017 auat.
