2632 3464
426 452 476 478 503

422 527 560 557 nacionis
575 525 726 555 facultatis
744 525 858 554 arcium
876 524 1007 554 nuncius
1029 522 1164 557 habebit,
1182 522 1327 551 videlicet

423 577 447 606 C
464 577 594 605 francos.

462 625 533 665 (Fol.
561 623 616 663 2¹³)
637 623 712 652 Item
739 623 815 652 facta
845 621 1089 662 congregacione
1118 620 1257 649 nacionis
1288 620 1326 648 ad

424 674 567 704 Sanctum
583 672 769 702 Maturinum
788 671 855 700 ΧΧξι
870 671 919 700 die
939 669 1129 709 Septembris
1149 670 1187 698 ad
1204 668 1327 708 suppli-

423 724 563 757 candum,
579 721 766 761 supplicavit
777 721 924 760 magister
938 719 1053 748 Hector
1070 719 1153 758 quod
1167 718 1193 747 si
1208 718 1327 747 contin-

422 778 509 812 geret
527 771 593 800 fieri
617 770 761 805 rotulum,
779 770 860 808 quod
883 769 927 797 illi
953 769 1174 807 imponeretur.
1197 766 1327 796 Volebat

424 821 503 850 enim
519 827 591 850 tunc
610 819 654 848 ire
669 819 705 848 ad
725 819 838 848 curiam
864 828 921 857 pro
945 817 1129 857 quibusdam
1149 816 1236 845 sactis
1260 816 1326 845 suis

425 868 626 909 expediendis
643 867 815 897 intencione
830 866 979 896 redeundi
995 865 1136 895 Parisius
1153 865 1233 894 infra
1247 865 1326 894 duos

424 928 558 953 menses,
573 923 602 946 et
617 917 671 946 suit
687 915 752 956 ejus
768 915 958 955 supplicacio
973 924 1132 944 concessa.

462 967 536 996 Item
563 967 639 995 facta
672 965 915 1005 congregacione
946 963 1085 993 nacionis
1114 964 1150 992 ad
1181 963 1326 992 Sanctum

425 1016 609 1046 Maturinum
625 1015 708 1043 XXIa
723 1014 771 1042 die
782 1014 819 1042 ad
835 1013 1019 1042 audiendum
1033 1018 1207 1051 compotum
1220 1022 1325 1051 recep-

427 1065 515 1099 toris,
536 1065 657 1093 fuerunt
672 1069 795 1102 recepta
817 1069 847 1091 et
866 1062 1007 1102 exposita
1021 1061 1123 1090 omnia
1140 1067 1324 1100 computata,

425 1121 454 1143 et
482 1113 624 1142 omnibus
656 1111 838 1150 computatis
871 1110 1019 1140 remansit
1049 1120 1167 1140 summa
1195 1109 1325 1139 XXVIII

426 1163 587 1196 librarum,
601 1161 641 1190 lX
659 1160 839 1196 solidorum,
857 1159 901 1189 111
917 1160 1123 1189 denariorum.

461 1212 534 1240 Item
552 1211 581 1239 in
600 1211 704 1239 eadem
721 1209 966 1249 congregacione
981 1215 1053 1248 post
1067 1209 1178 1237 dictam
1197 1218 1326 1247 compu-

420 1261 569 1289 tacionem
586 1259 677 1288 solvit
689 1259 836 1298 magister
847 1258 1012 1297 Philippus
1024 1257 1126 1297 Pingh
1139 1267 1232 1286 unum
1246 1258 1325 1286 fran-

421 1320 487 1338 cum
507 1319 564 1348 pro
585 1308 798 1347 procuratoria
817 1317 882 1342 sua,
907 1307 979 1346 quia
996 1313 1067 1336 tunc
1089 1306 1326 1346 promittebatur

421 1359 479 1387 sibi
493 1357 622 1386 officium
635 1357 858 1396 procuratorie,
873 1363 903 1385 et
913 1356 1004 1385 istum
1015 1356 1151 1384 francum
1162 1365 1325 1395 consump-

420 1407 460 1436 sit
472 1407 559 1435 nacio
576 1407 619 1435 ad
630 1407 704 1434 duos
716 1407 836 1445 gladios
849 1415 916 1434 cum
928 1405 1070 1444 pecunia,
1088 1415 1177 1444 quam
1193 1405 1230 1433 ad
1245 1404 1326 1433 hunc

420 1455 563 1495 exposuit
577 1461 729 1494 receptor.

459 1505 534 1534 Item
564 1505 668 1533 eadem
697 1503 942 1543 congregacione
972 1504 1049 1532 facta
1077 1503 1114 1531 ad
1141 1502 1324 1541 elegendum

421 1560 624 1592 receptorem,
652 1553 707 1582 suit
728 1552 807 1581 idem
830 1552 988 1592 magister,
1007 1551 1151 1581 videlicet
1164 1551 1325 1581 Walterus

422 1602 502 1638 Delf,
520 1602 550 1631 in
566 1608 755 1641 receptorem
768 1601 964 1630 concorditer
976 1601 1102 1630 electus.

825 1694 922 1723 1376

419 1768 512 1797 Acta
534 1767 796 1806 procuratorie
820 1767 991 1806 magistri
1011 1766 1183 1806 Philippi
1205 1766 1326 1807 Pingh

725 1817 768 1845 de
799 1816 1021 1854 Embr[ica].

459 1897 549 1926 Anno
566 1896 689 1925 Domini
707 1906 768 1935 quo
791 1906 895 1935 supra,
912 1896 1028 1925 XXllla
1046 1896 1096 1925 die
1112 1895 1228 1925 mensis
1245 1895 1325 1935 Sep-

420 1946 559 1980 tembris,
580 1946 655 1974 facta
672 1945 917 1985 congregacione
942 1945 1080 1974 nacionis
1099 1945 1269 1984 Anglicane
1286 1945 1324 1974 ad

421 1995 563 2024 Sanctum
601 1994 753 2023 Julianum
783 2004 949 2034 pauperem
981 1994 1057 2023 hora
1086 1994 1256 2034 primarum
1286 1994 1324 2023 ad

420 2044 603 2073 audiendum
629 2050 803 2082 computum
825 2043 996 2082 receptoris
1026 2050 1055 2072 et
1085 2043 1123 2071 ad
1148 2043 1323 2082 eligendum

422 2099 663 2131 procuratorem,
691 2092 806 2121 electus
835 2092 890 2121 suit
916 2092 947 2120 in
977 2098 1208 2131 procuratorem
1243 2092 1324 2121 dicte

421 2142 558 2170 nacionis
574 2141 721 2181 magister
733 2141 898 2180 Philippus
912 2140 1013 2180 Pingh
1027 2141 1225 2170 concorditer
1240 2140 1324 2170 nullo

421 2191 614 2219 reclamante.
633 2190 666 2218 In
685 2189 770 2229 cujus
792 2190 1005 2229 procuratoria
1023 2196 1089 2219 acta
1107 2196 1179 2219 sunt
1195 2189 1250 2218 hec
1265 2200 1323 2229 que

421 2240 661 2278 subsequuntur.

462 2288 507 2317 De
524 2294 667 2327 computo
684 2288 854 2327 receptoris
870 2298 931 2317 non
947 2294 1012 2317 erat
1021 2287 1140 2317 mencio
1153 2288 1240 2323 facta,
1253 2287 1325 2327 quia

422 2347 477 2376 per
493 2343 557 2366 tres
575 2336 641 2365 dies
659 2343 739 2371 ante,
756 2343 827 2375 puta
848 2337 878 2365 in
895 2337 943 2365 die
959 2336 1039 2366 beati
1062 2336 1175 2366 Mathei
1191 2336 1324 2376 apostoli

420 2392 450 2414 et
460 2385 670 2425 ewangeliste,
680 2386 761 2425 apud
772 2385 915 2414 Sanctum
929 2386 1114 2415 Maturinum
1126 2386 1322 2425 computavit.

461 2435 535 2463 Item
556 2435 632 2463 facta
655 2435 899 2474 congregacione
916 2435 1055 2464 nacionis
1077 2435 1247 2475 Anglicane
1269 2444 1326 2474 per

416 2483 621 2522 juramentum
642 2483 745 2512 ultima
765 2484 813 2512 die
833 2483 948 2512 mensis
968 2483 1171 2522 Septembris,
1189 2494 1248 2523 que
1271 2484 1326 2513 suit

422 2532 488 2561 dies
507 2532 603 2560 sancti
618 2531 782 2567 Jeronimi,
798 2532 828 2560 in
844 2532 953 2570 primis
968 2532 1080 2561 Nostre
1098 2532 1229 2561 Domine
1244 2533 1325 2572 apud

425 2581 566 2610 Sanctum
586 2580 770 2610 Maturinum
786 2581 817 2609 in
835 2582 924 2610 domo
947 2581 1106 2620 capitulari
1125 2582 1161 2610 ad
1178 2582 1326 2610 ordinan-

423 2630 493 2658 dum
510 2631 546 2658 de
563 2629 656 2658 scolis
673 2636 702 2659 et
717 2630 893 2659 avirandam
906 2631 1057 2668 quandam
1071 2630 1189 2659 literam
1205 2630 1326 2670 obliga-

423 2678 541 2713 toriam,
570 2679 600 2707 in
626 2689 684 2717 qua
710 2679 798 2707 nacio
822 2679 938 2718 prefata
964 2679 1154 2718 obligaretur
1177 2679 1326 2719 magistro

425 2727 564 2756 Mercilio
580 2728 616 2756 de
636 2727 752 2768 lnghen
770 2728 808 2756 ad
828 2727 1057 2756 restitucionem
1075 2728 1215 2767 pecunie,
1236 2738 1325 2767 quam

426 2782 584 2805 consumet
599 2777 629 2805 in
645 2776 802 2816 legacione
820 2787 885 2811 sua,
899 2776 929 2805 in
946 2786 1017 2805 casu
1036 2777 1067 2805 in
1085 2787 1145 2816 quo
1163 2787 1225 2806 non
1240 2777 1327 2806 fieret

427 2823 619 2853 contribucio
639 2825 777 2864 capitalis
795 2835 851 2864 per
874 2825 1112 2854 Universitatem
1133 2826 1283 2854 ordinata.

453 2938 475 2959 1.
511 2939 537 2960 ln
552 2939 665 2969 margine
675 2939 800 2970 superiori
812 2948 819 2962 :
830 2940 1013 2963 Procuratoria
1028 2948 1097 2971 meg.
1110 2939 1226 2972 Philippi
1240 2939 1325 2971 t'ingh

964 446 1186 472 AUCTARIUM
1207 445 1465 472 CHARTULARII
1486 446 1660 473 UNIVERS.
1683 447 1800 474 PARIS.

1382 718 1398 744 5

1364 964 1398 989 10

1363 1209 1396 1236 15

1363 1455 1396 1482 20

1362 1702 1396 1729 25

1362 1948 1395 1974 30

1361 2193 1395 2219 35

1362 2438 1396 2464 40

1363 2683 1396 2708 45

1500 0 1506 7 '
1530 0 1653 27 “’“““”(’“““’.’ἱ“
1661 0 1908 30 ἓ-’ΨΞὟΨἫ
1925 21 1931 28 ,

2294 449 2346 475 504

1476 523 1515 552 Et
1525 529 1613 552 erant
1620 524 1726 552 decem
1737 524 1878 564 magistri
1893 534 1949 563 per
1959 534 2072 553 annum
2083 533 2193 564 regere
2204 524 2346 555 veientes

1434 581 1452 600 a
1461 572 1617 612 principio
1631 572 1734 612 magni
1742 572 1892 602 ordinarii
1907 573 2050 613 proxime
2062 573 2185 602 venturi
2198 583 2297 613 usque
2313 573 2345 603 in

1435 621 1525 650 finem
1547 621 1619 650 anni
1641 622 1852 661 supplicantes
1868 632 1925 662 pro
1949 621 2054 651 scolis.
2073 621 2179 651 Primo
2198 622 2346 662 magister

1434 669 1449 698 J
1453 670 1589 700 ordanus
1600 671 1638 700 de
1646 669 1744 700 Clivis
1752 671 1940 711 supplicavit
1947 681 2006 710 pro
2017 670 2112 700 scolis
2122 671 2213 700 novis
2221 671 2344 701 Alman-

1434 728 1544 748 norum
1568 719 1785 756 inferioribus,
1813 721 1845 749 2⁰
1871 720 2020 760 magister
2044 719 2204 750 Gerardus
2232 720 2346 750 Kalker

1434 777 1493 806 pro
1520 767 1615 797 scolis
1642 776 1754 807 septem
1778 770 1888 798 artium
1917 779 2013 808 super
2035 775 2165 804 terram,
2188 769 2220 798 3⁰
2246 769 2346 809 magi-

1435 822 1500 845 ster
1513 815 1605 856 Hugo
1620 817 1658 846 de
1674 817 1828 847 Hervorst
1838 828 1895 857 pro
1906 818 2001 847 scolis
2018 818 2107 848 novis
2122 817 2345 847 Almannorum

1435 865 1663 905 superioribus.
1679 866 1793 896 Postea
1813 867 2068 907 supplicaverunt
2083 877 2142 907 pro
2160 866 2255 896 scolis
2271 876 2345 906 par-

1434 914 1482 943 vis
1496 914 1716 944 Almannorum
1729 925 1840 945 versus
1850 916 1998 945 Secanam
2012 926 2107 955 super
2118 922 2231 945 terram
2246 915 2345 956 magi-

1435 968 1500 992 ster
1510 963 1666 992 Johannes
1683 964 1721 993 de
1730 963 1910 1000 Hockelem,
1925 965 2075 1004 magister
2086 964 2243 994 Johannes
2260 963 2343 994 Stra·

1435 1011 1497 1047 len,
1518 1012 1666 1052 magister
1692 1012 1881 1052 Meynardus
1909 1014 1947 1043 de
1976 1013 2072 1049 Tiela,
2095 1013 2242 1053 magister
2262 1013 2344 1043 Hen-

1435 1061 1518 1090 ricus
1539 1062 1576 1090 de
1594 1061 1739 1097 Rossem,
1757 1062 1905 1102 magister
1921 1062 2078 1092 Johannes
2102 1062 2178 1098 Coc,
2198 1062 2346 1102 magister

1435 1110 1450 1140 J
1455 1110 1592 1139 ohannes
1608 1111 1646 1140 de
1662 1110 1778 1140 Marcia
1793 1117 1824 1141 et
1838 1111 1987 1151 magister
2003 1111 2160 1141 Johannes
2175 1110 2345 1141 Mfinchse-

1435 1169 1565 1188 mannus
1581 1159 1619 1188 de
1637 1159 1812 1199 Maguncia.
1830 1159 1944 1190 Tribus
1964 1160 2091 1199 primis,
2114 1160 2234 1190 scilicet
2250 1160 2345 1200 magi-

1435 1214 1500 1237 stro
1515 1208 1664 1244 Jordano,
1679 1209 1828 1249 magistro
1845 1208 1985 1238 Gerardo
2009 1209 2123 1239 Calker
2148 1215 2178 1239 et
2195 1209 2345 1249 magistro

1435 1256 1561 1297 Hugoni
1588 1258 1626 1287 de
1653 1257 1843 1296 Hervo[r]st,
1870 1258 1958 1287 nacio
1986 1258 2142 1288 concessit
2164 1258 2265 1288 scolas
2290 1257 2345 1287 has

1435 1306 1507 1345 (Fol.
1531 1306 1580 1346 3)Ι
1602 1317 1659 1346 pro
1681 1307 1794 1346 quibus
1815 1306 2080 1346 supplicaverunt,
2097 1308 2155 1337 sub
2175 1307 2231 1336 hac
2249 1307 2347 1336 forma

1434 1356 1518 1395 quod
1545 1365 1602 1395 pro
1628 1355 1821 1395 temporibus
1848 1362 1878 1385 et
1906 1355 1993 1385 horis
2020 1356 2134 1395 quibus
2163 1366 2225 1386 non
2255 1365 2346 1386 exer-

1434 1411 1540 1434 cerent
1559 1405 1601 1434 ibi
1619 1411 1705 1434 actus
1723 1404 1917 1440 scolasticos,
1936 1405 2014 1434 alter
2035 1405 2185 1445 magister
2205 1404 2346 1435 nacionis

1434 1454 1573 1493 predicte
1594 1460 1703 1493 posset
1721 1454 1764 1483 ibi
1782 1463 1904 1494 regere,
1923 1454 2088 1484 dummodo
2114 1464 2177 1483 non
2198 1460 2282 1484 esset
2302 1453 2346 1484 ibi
2371 1488 2373 1490 q

1429 1502 1537 1543 junior
1548 1503 1598 1532 vel
1614 1503 1720 1532 senior
1734 1513 1859 1543 regens.
1882 1502 1958 1532 Item
1974 1503 2130 1533 concessit
2144 1503 2234 1533 nacio
2246 1503 2346 1543 magi-

1434 1559 1500 1582 stro
1529 1552 1544 1581 J
1549 1551 1662 1581 ohanni
1695 1551 1818 1581 Stralen
1846 1551 1948 1582 scolas
1975 1562 2088 1592 parvas
2123 1551 2345 1582 Almannorum

1433 1611 1544 1631 versus
1571 1601 1736 1637 Secanam,
1766 1601 1838 1630 dum
1867 1607 1969 1631 tamen
1999 1601 2032 1630 in
2064 1601 2258 1631 consciencia
2286 1611 2342 1631 sua

1433 1650 1630 1690 promitteret
1641 1650 1726 1690 quod
1739 1660 1797 1690 per
1811 1656 1907 1680 totum
1927 1660 2040 1680 annum
2055 1650 2200 1680 continue
2218 1651 2347 1681 deberet

1433 1709 1543 1739 regere
1559 1706 1590 1729 et
1604 1699 1702 1728 libros
1718 1699 1859 1739 inceptos
1879 1700 2071 1729 continuare.
2093 1698 2232 1729 Ulterius
2247 1698 2346 1739 major

1435 1759 1508 1788 pars
1525 1748 1665 1777 nacionis
1679 1748 1847 1777 secundum
1862 1747 2068 1788 pluralitatem
2084 1758 2193 1778 vocum
2206 1748 2346 1778 mittebat

1433 1797 1601 1837 magistros
1622 1796 1790 1826 Johannem
1804 1797 1842 1826 de
1865 1796 2034 1826 Hockelem
2049 1802 2079 1826 et
2090 1796 2260 1826 Johannem
2280 1796 2344 1827 Coc

1433 1847 1471 1876 ad
1490 1852 1604 1876 sortem
1629 1856 1687 1885 pro
1712 1845 1807 1875 scolis
1827 1845 1932 1885 parvis
1954 1845 2177 1875 Almannorum
2204 1845 2344 1886 superio·

1434 1895 1521 1925 ribus
1535 1905 1646 1925 versus
1663 1894 1821 1930 Secanam,
1836 1901 1867 1924 et
1882 1900 1965 1924 sorte
1980 1895 2061 1924 inter
2076 1905 2130 1924 eos
2145 1894 2249 1924 habita
2261 1894 2344 1924 ceci-

1433 1945 1478 1974 dit
1498 1954 1568 1974 sors
1586 1954 1681 1984 super
1699 1944 1881 1983 magistrum
1902 1943 2072 1973 Johannem
2091 1944 2155 1974 Coc
2162 1956 2170 1980 3
2191 1954 2251 1984 pro
2273 1943 2343 1974 aliis

1433 1993 1592 2033 magistris
1612 1993 1666 2032 qui
1685 2003 1743 2032 pro
1763 1992 1857 2022 scolis
1875 1999 1948 2022 tunc
1968 1992 2222 2032 supplicaverunt
2239 1998 2272 2022 ut
2296 1992 2343 2023 eis

1433 2043 1471 2071 de
1493 2041 1587 2071 scolis
1613 2041 1672 2070 sibi
1689 2041 1945 2071 convenientibus
1966 2041 2186 2081 provideretur
2209 2047 2239 2070 et
2253 2041 2343 2071 nacio

1433 2090 1579 2125 solveret,
1593 2090 1682 2119 nacio
1699 2090 1892 2119 deliberavit.

1473 2139 1536 2169 Pro
1560 2139 1649 2168 Iitera
1673 2139 1811 2178 predicta
1833 2139 1896 2169 dati
1926 2145 2013 2168 erant
2035 2139 2172 2178 deputati
2195 2138 2343 2179 magister

1433 2188 1583 2218 Ricoldus
1606 2188 1644 2217 de
1664 2186 1818 2227 Trajecto‚
1836 2187 1986 2227 magister
2001 2187 2157 2217 Jordanus
2172 2188 2210 2216 de
2231 2186 2342 2223 Clivis,

1433 2237 1580 2277 magister
1620 2236 1800 2266 Gherardus
1836 2236 1960 2272 Pillich,
1997 2236 2145 2276 magister
2184 2235 2342 2266 Gerardus

1434 2286 1548 2316 Kalker
1572 2292 1602 2315 et
1627 2286 1775 2325 magister
1798 2285 1911 2325 Hugho
1930 2286 1968 2315 de
1991 2285 2154 2321 Hei-voret,
2175 2285 2259 2324 quod
2281 2285 2342 2324 ipsi

1433 2335 1613 2365 ordinarent
1623 2334 1742 2364 literam
1759 2334 1974 2375 obligatoriam
1982 2344 2040 2374 pro
2050 2334 2190 2374 profectu
2201 2333 2343 2373 magistri

1434 2383 1566 2414 Mercilii
1583 2390 1614 2414 et
1628 2383 1780 2413 nacionis.

1474 2434 1548 2463 Item
1565 2433 1673 2463 eodem
1691 2433 1741 2462 die
1762 2433 1794 2461 in
1819 2433 1924 2462 eadem
1950 2431 2197 2471 congregacione
2220 2431 2342 2471 suppli-

1433 2482 1512 2512 cavit
1531 2482 1679 2522 magister
1697 2481 1852 2511 Henricus
1871 2482 1909 2510 de
1934 2480 2103 2520 Angheren
2129 2481 2168 2509 de
2195 2479 2340 2516 Saxonia,

1433 2532 1505 2571 quia
1528 2531 1596 2570 ipse
1614 2537 1740 2570 propter
1761 2540 1870 2560 causas
1894 2529 2046 2569 speciales
2071 2535 2154 2559 esset
2175 2529 2213 2558 ad
2237 2535 2341 2568 partes

1433 2581 1533 2610 iturus
1546 2586 1576 2609 et
1595 2580 1627 2609 in
1640 2579 1728 2609 brevi
1748 2579 1888 2608 Parisius
1902 2588 2098 2613 reversurus,
2118 2578 2201 2618 quod
2219 2578 2246 2607 si
2265 2587 2342 2607 con-

1433 2629 1568 2669 tingeret
1579 2635 1717 2667 tempore
1729 2628 1872 2658 absencie
1881 2637 1935 2657 sue
1943 2627 2011 2656 fieri
2021 2626 2166 2662 rotulum,
2178 2627 2261 2666 quod
2270 2636 2341 2666 pos-

1435 2684 1482 2708 set
1490 2678 1651 2708 inrotulari
1660 2687 1697 2707 eo
1706 2677 1810 2712 modo,
1820 2686 1881 2716 quo
1892 2675 1950 2705 hoc
1959 2676 2140 2705 conceditur
2147 2676 2339 2705 absentibus.

1475 2727 1550 2757 Item
1561 2727 1611 2756 die
1628 2727 1660 2755 2·
1677 2725 1793 2755 mensis
1809 2725 1956 2755 Octobris
1973 2724 2090 2764 incepit
2102 2725 2245 2754 dominus
2261 2724 2341 2754 Tiel-

1434 2786 1563 2805 mannus
1600 2776 1637 2804 de
1675 2773 1889 2804 Lutzenborch
1923 2774 1981 2803 sub
2020 2773 2169 2813 magistro
2201 2773 2341 2803 Gerardo

1435 2825 1558 2859 Pillich,
1576 2823 1663 2863 cujus
1679 2825 1771 2853 bursa
1786 2823 1842 2852 Vll
1858 2822 1961 2852 solidi.
1978 2822 2086 2852 Solvit.

1434 2939 1466 2963 de
1482 2939 1612 2966 Embrica,
1632 2938 1703 2969 Traj.
1721 2937 1799 2966 dioc..
1817 2937 1888 2969 quod
1903 2937 2025 2968 repetitur
2039 2937 2063 2960 in
2083 2936 2198 2970 margine
2214 2935 2341 2968 eupen'ori

1433 2974 1480 3006 sol.
1496 2973 1532 3002 3¹2,
1545 2975 1559 2997 4
1576 2973 1646 2997 ειωι.
