2632 3464
305 453 360 480 8⁶1

309 528 556 565 restitucionis⁸‚
577 530 633 559 sed
657 529 738 559 sicut
760 533 886 558 actenus
909 528 948 557 de
971 527 1076 567 gracia
1098 527 1215 557 domini

310 579 397 619 regis
427 578 513 609 stetit
546 577 687 608 Parisius
721 576 917 617 privilegiata
949 576 1006 606 sub
1035 576 1216 605 obediencia

311 627 429 658 domini
454 627 618 663 Bonisacii,
642 627 686 657 ita
716 625 816 656 adhuc
847 625 1026 656 intendebat
1055 632 1147 655 stare.
1177 625 1217 655 Et

309 686 408 717 super
425 677 486 706 ista
500 675 700 706 conclusione
717 685 776 716 ego
795 674 920 705 nomine
934 674 1074 704 nacionis
1092 674 1123 704 in
1142 684 1217 714 pre-

310 725 417 756 sencia
445 725 586 755 nacionis
615 724 711 764 petivi
737 724 975 755 instrumentum
1004 732 1022 752 a
1055 723 1217 753 Bomondo

308 774 433 804 bedesso
450 773 602 804 nacionis.

352 822 426 863 (Fol.
444 822 492 863 70)
507 822 600 852 Facta
612 822 859 863 congregacione
872 821 1012 851 nacionis
1029 822 1110 861 apud
1124 820 1217 851 Sanc-

311 878 376 902 tum
399 872 587 902 Maturinum
611 881 692 902 anno
717 881 780 911 quo
801 880 907 911 supra,
929 871 1036 910 quinta
1057 870 1108 900 die
1130 870 1216 905 Julii,

312 921 389 952 bora
413 921 469 957 8'0,
496 930 592 960 super
618 920 718 950 tribus
741 919 892 950 articulis.
920 919 1045 949 Primus
1070 919 1218 949 articulus

311 969 445 1000 habebat
468 970 531 1000 duo
555 975 679 1010 puncta.
708 969 846 999 Primum
874 975 940 999 erat
967 970 1005 998 ad
1033 969 1218 998 audiendum

313 1019 499 1049 relacionem
519 1028 625 1048 eorum
648 1028 708 1058 que
727 1019 803 1047 facta
824 1024 913 1048 erant
934 1028 992 1058 per
1009 1018 1173 1057 deputatos
1189 1024 1220 1047 et

310 1077 360 1098 me
386 1067 471 1098 circa
501 1073 675 1107 compotum
705 1067 815 1097 domus
847 1067 891 1096 ad
921 1068 1091 1106 ymaginem
1121 1074 1219 1096 nostre

310 1118 437 1147 Domine
451 1123 482 1146 et
491 1117 574 1146 circa
588 1116 851 1146 reedificacionem
862 1116 942 1145 muri
956 1116 1066 1146 domus
1075 1116 1120 1144 ad
1128 1126 1219 1144 cornu

307 1167 400 1195 cervi.
416 1165 506 1196 Unde
518 1165 611 1195 retuli
625 1175 662 1195 ea
671 1175 731 1205 que
743 1165 822 1194 sacta
835 1170 922 1194 erant
934 1165 1016 1194 circa
1031 1170 1217 1204 compotum,

313 1213 434 1245 scilicet
451 1215 536 1254 quod
550 1214 694 1244 omnibus¹
714 1214 825 1244 solutis
839 1220 870 1244 et
888 1213 1046 1243 decalcatis
1061 1223 1219 1244 remanse-

311 1269 387 1294 runt
397 1263 502 1293 domui
521 1262 619 1293 libere
635 1262 737 1293 xvlll
757 1263 853 1292 franci
873 1263 904 1292 in
921 1263 1062 1292 manibus
1078 1262 1218 1302 magistri

308 1312 420 1342 Jacobi
444 1313 483 1342 de
506 1311 650 1342 Haerlem
674 1318 706 1342 et
734 1312 811 1342 socii
842 1312 891 1342 sui
918 1311 1036 1342 domini
1057 1311 1219 1341 Michaelis

310 1361 352 1391 de
374 1361 480 1391 Dacia.
505 1360 655 1391 Similiter
678 1360 770 1391 retuli
796 1361 952 1401 quomodo
978 1360 1219 1401 supplicavimus

314 1410 464 1450 magistro
478 1410 611 1440 Johanni
620 1410 762 1440 Piccardi
775 1416 926 1450 quatenus
937 1410 1031 1440 vellet
1043 1410 1219 1440 satisfacere

312 1459 436 1489 nacioni
450 1459 489 1489 de
504 1459 646 1499 pecuniis
662 1458 776 1489 debitis
789 1459 914 1489 racione
930 1458 1042 1499 locagii
1053 1459 1163 1488 domus
1177 1459 1222 1487 ad

308 1518 404 1538 cornu
426 1509 516 1544 cervi,
539 1514 570 1538 et
589 1507 796 1538 mediantibus
819 1507 883 1537 illis
901 1517 1007 1538 murus
1029 1507 1061 1537 in
1081 1507 1220 1547 predicta

310 1557 405 1587 domo
422 1562 532 1597 posset
549 1556 733 1592 reedificari,
750 1563 780 1586 et
797 1556 929 1596 qualiter
946 1557 1105 1596 predictus
1121 1557 1220 1597 magi-

315 1612 380 1636 ster
402 1605 560 1636 «lohannes
583 1605 674 1636 nobis
701 1605 876 1645 respondit,
899 1605 1018 1636 scilicet
1038 1606 1123 1645 quod
1150 1616 1220 1646 pro—

312 1661 387 1685 tunc
412 1665 475 1685 non
503 1661 569 1684 erat
598 1655 800 1694 pecuniosus,
832 1655 888 1684 sed
915 1654 1102 1694 supplicavit
1128 1655 1220 1685 nobis

313 1704 482 1744 deputatis,
499 1710 533 1734 ut
546 1703 635 1733 nacio
649 1703 742 1734 vellet
757 1705 856 1734 facere
873 1704 971 1734 forum
991 1704 1029 1733 de
1045 1714 1132 1734 muro
1151 1714 1220 1734 cum

316 1752 450 1782 lathamo
465 1762 534 1787 suo,
553 1758 583 1782 et
597 1752 665 1792 ipse
679 1752 871 1782 satisfaceret
887 1752 1030 1788 lathamo‚
1049 1758 1079 1782 et
1095 1758 1167 1782 ωηο
1182 1753 1220 1782 de

311 1801 384 1832 aliis
419 1801 559 1841 pecuniis
590 1801 780 1831 restantibus
814 1801 927 1831 faceret
960 1801 1156 1841 diligenciam
1188 1808 1221 1831 ut

315 1850 413 1880 cicius
433 1850 568 1880 solveret
585 1859 648 1890 quo
664 1857 781 1890 posset.
804 1850 979 1880 Secundum
995 1857 1141 1890 punctum
1156 1857 1221 1880 erat

312 1909 411 1939 super
435 1899 594 1929 taxacione
620 1900 796 1935 bursarum,
823 1900 895 1939 quia
918 1899 1006 1939 tetigi
1032 1899 1063 1929 in
1092 1899 1220 1929 nacione

314 1948 471 1988 quomodo
502 1947 564 1978 isto
599 1958 680 1978 anuo
712 1947 807 1988 aliqui
840 1948 942 1978 minus
970 1947 1153 1988 juraverunt
1189 1948 1221 1978 in

315 1996 444 2027 licencia
461 2006 552 2037 quam
570 1996 602 2026 in
622 1995 840 2032 bachalariatu,
857 2007 919 2027 non
935 1997 1076 2027 obstante
1091 1998 1175 2037 quod
1189 1997 1221 2027 in

315 2045 446 2075 licencia
459 2045 572 2075 suerint
588 2045 619 2075 in
634 2045 750 2075 eisdem
761 2045 919 2086 expensis,
930 2046 961 2076 in
974 2046 1087 2086 quibus
1100 2046 1222 2076 suerunt

316 2095 348 2124 in
365 2094 584 2124 bachalariatu.

358 2143 520 2174 Secundus
534 2142 683 2173 articulus
700 2149 766 2173 erat
780 2153 875 2184 super
891 2143 1047 2184 aliquibus
1066 2144 1222 2184 tangenti-

317 2193 375 2223 bus
391 2192 539 2222 bonorem
552 2192 704 2227 nacionis,
717 2198 748 2222 et
757 2192 863 2222 habuit
877 2193 938 2223 duo
950 2199 1072 2233 puncta.
1084 2193 1220 2223 Primum

311 2247 382 2272 erat
421 2251 516 2281 super
549 2241 806 2271 reconsiliacione
842 2242 983 2282 magistri
1019 2241 1147 2271 Henrici
1183 2242 1221 2271 de

314 2290 430 2320 Arnem
442 2289 466 2325 ²,
481 2290 508 2319 si
526 2290 618 2320 fuerit
632 2290 780 2330 privatus.
803 2290 977 2320 Secundum
994 2297 1140 2330 punctum
1157 2297 1223 2320 crat

314 2349 411 2379 super
441 2339 532 2368 modo
563 2338 731 2368 excusandi
762 2339 922 2369 nacionem
954 2340 993 2368 de
1022 2339 1222 2379 apposicione

315 2387 412 2428 sigilli
437 2387 575 2418 nacionis
597 2387 696 2418 literis
721 2388 940 2418 subtractionis
951 2387 976 2423 ⁸,
1001 2394 1116 2418 attento
1139 2388 1223 2428 quod

315 2437 405 2467 nacio
430 2447 492 2466 non
514 2436 580 2467 vult
603 2436 741 2476 sigillare
761 2436 867 2467 literas
891 2437 1114 2472 restitucionis,
1135 2437 1223 2467 sicud

313 2485 496 2516 conclusum
512 2491 578 2515 erat
591 2495 648 2525 per
659 2485 819 2515 nacionem
834 2485 865 2515 in
881 2485 1127 2526 congregacione
1144 2485 1224 2516 Uni-

315 2534 474 2564 versitatis
488 2534 593 2564 ultima
608 2534 658 2564 die
669 2533 686 2564 J
690 2534 764 2564 unii.

360 2582 490 2613 Tercius
513 2582 662 2613 articulus
683 2589 749 2613 erat
769 2593 864 2623 super
887 2582 1171 2623 supplicacionibus
1194 2590 1225 2614 et

317 2629 452 2671 injuriis.
470 2631 510 2662 Et
529 2631 716 2672 supplicavit
737 2631 886 2672 magister
905 2631 1063 2662 Johannes
1085 2632 1172 2672 Dorp
1192 2638 1224 2662 ut

318 2679 408 2710 nacio
420 2679 513 2710 vellet
525 2690 719 2711 reassumere
736 2681 915 2720 magistrum
934 2680 1101 2711 Henricum
1115 2679 1224 2721 [Poel-

349 2835 371 2860 1.
406 2835 540 2869 mumma
552 2844 614 2861 cum
627 2837 715 2869 sigillo
725 2837 851 2861 nacionis.
866 2836 922 2863 Non
932 2837 1013 2861 solum
1026 2845 1079 2866 reat,
1090 2837 1136 2861 ned
1147 2837 1224 2862 seu’nrn

318 2870 476 2913 flninrsiuu
498 2872 580 2896 Paris.
600 2872 684 2897 emisit
698 2872 797 2897 litteras
813 2872 991 2901 raatieaetonia.
1011 2873 1081 2905 quod
1097 2871 1226 2905 bucetaque

316 2905 577 3002 Ἵξζέἷῖτιῧεηήοἰ
589 2943 721 2972 Poeta-n,
732 2943 831 2968 seclusi
837 2943 872 2967 ab
887 2943 1064 2967 onim-nitate.
1080 2943 1132 2968 Ve‘d.
1147 2952 1225 2976 supra

321 2985 349 3009 p.
421 2986 460 3010 sq.

812 451 926 478 LIBER
946 451 1259 477 PROCURATORUM
1279 451 1458 478 NATIONIS
1480 452 1726 480 ANGLICANAE

1256 972 1290 998 10

1256 1217 1290 1243 15

1256 1462 1291 1488 20

1257 1706 1291 1732 25

1257 1950 1292 1976 30

1258 2195 1292 2221 35

1260 2438 1294 2465 4⁰

1261 2683 1295 2710 45

2176 457 2228 483 862

1324 528 1405 566 man]
1419 527 1570 563 absolute,
1587 528 1676 558 sicud
1692 529 1750 558 alie
1770 530 1828 559 due
1851 531 1996 560 naciones
2015 542 2230 572 reassumpse-

1325 582 1398 606 runt
1413 576 1514 616 ipsum
1526 577 1677 613 absolute,
1694 584 1724 607 et
1736 580 1819 617 quod
1834 579 1923 608 nacio
1934 580 2026 610 vellet
2038 581 2228 611 intercedere

1325 635 1384 664 pro
1402 626 1543 664 predicto
1557 626 1706 666 magistro
1726 627 1757 656 in
1777 627 1995 659 Universitate.
2014 629 2088 658 ltem
2109 631 2229 670 suppli-

1326 681 1473 704 caverunt
1491 675 1604 704 bedelli
1619 681 1652 704 ut
1670 676 1758 705 nacio
1773 676 1853 716 ipsis
1867 677 1960 707 vellet
1980 678 2077 707 facere
2095 680 2229 718 graciam

1325 723 1414 753 sicud
1430 730 1610 753 consuetum
1623 731 1699 754 erat.

1367 771 1468 811 Super
1482 773 1582 812 primo
1599 779 1714 812 puncto
1731 774 1823 813 primi
1843 774 1963 804 articuli
1978 775 2092 814 placuit
2109 777 2229 806 nacioni

1327 827 1489 861 compotus
1522 822 1618 851 factus
1655 823 1693 851 de
1723 823 1814 852 domo
1854 824 1898 852 ad
1926 826 2097 863 ymaginem
2133 834 2231 854 noser-e

1327 872 1462 899 Domine.
1497 870 1644 900 Similiter
1678 871 1794 911 placuit
1823 873 1944 902 nacioni
1981 874 2063 913 quod
2092 874 2230 904 officiarii

1326 919 1466 949 nacionis
1504 920 1639 950 facerent
1681 920 1779 950 forum
1819 931 1886 951 cum
1920 921 2051 951 lathamo
2090 923 2230 963 magistri

1326 967 1477 998 Johannis
1496 969 1636 998 Piccardi
1656 970 1694 999 de
1713 979 1802 999 muro
1819 971 1863 999 ad
1881 981 1973 1000 cornu
1991 973 2080 1006 cervi,
2100 978 2131 1001 et
2148 974 2230 1012 quod

1327 1018 1475 1057 magister
1493 1018 1650 1048 Johannes
1667 1018 1727 1048 sibi
1746 1019 1947 1055 satisfaceret.
1962 1026 1992 1050 et
2008 1020 2065 1050 hoc
2084 1021 2109 1050 si
2126 1028 2232 1060 posset

1327 1066 1433 1096 haberi
1455 1066 1487 1095 in
1509 1068 1587 1102 foro,
1613 1068 1643 1096 in
1666 1078 1728 1107 quo
1751 1068 1829 1098 alter
1849 1076 2042 1109 quereretur.
2073 1069 2173 1109 Super
2201 1072 2232 1100 2⁰

1327 1121 1443 1155 puncto
1464 1115 1557 1156 primi
1576 1117 1713 1152 articuli,
1736 1117 1854 1147 scilicet
1874 1119 2033 1148 taxacione
2050 1119 2229 1155 bursarum,

1328 1164 1416 1194 nacio
1439 1165 1560 1195 remisit
1579 1165 1638 1195 hoc
1659 1166 1697 1195 ad
1716 1166 1842 1206 antiqua
1859 1173 1971 1196 statuta
1987 1167 2127 1197 nacionis
2145 1174 2175 1198 et
2193 1169 2231 1198 ad

1327 1213 1551 1243 discrecionem
1579 1215 1806 1253 procuratoris,
1832 1215 1885 1255 qui
1913 1215 2080 1256 diligenter
2106 1216 2232 1247 baberet

1327 1261 1486 1301 inquirere
1514 1263 1552 1292 de
1578 1269 1658 1293 statu
1685 1263 1861 1300 scolarium,
1889 1271 2051 1304 antequam
2079 1265 2233 1306 reciperet

1323 1309 1496 1351 juramenta
1513 1322 1629 1341 eorum.

1368 1360 1469 1400 Super
1480 1361 1582 1400 primo
1595 1367 1708 1400 puncto
1718 1361 1745 1390 2¹
1761 1361 1893 1398 articuli,
1908 1362 2027 1392 scilicet
2043 1373 2138 1403 super
2153 1364 2232 1394 sacto

1326 1409 1467 1449 magistri
1487 1409 1630 1446 Henrici,
1651 1411 1739 1440 nacio
1759 1421 1796 1440 ex
1815 1417 1887 1440 tunc
1909 1413 2112 1452 reassumpsit
2133 1413 2232 1452 magi-

1327 1464 1425 1488 strum
1445 1458 1613 1488 Henricum
1633 1460 1670 1488 ad
1688 1459 1847 1489 nacionem
1866 1466 2018 1500 tamquam
2036 1462 2231 1501 suppositum

1327 1507 1479 1542 nacionis,
1497 1507 1525 1536 si
1542 1508 1640 1537 fuerat
1656 1508 1796 1548 privatus
1813 1509 1851 1538 ab
1871 1509 1950 1548 ipsa,
1967 1516 1997 1539 et
2008 1510 2130 1540 volebat
2144 1511 2231 1540 nacio

1329 1556 1520 1586 intercedere
1537 1566 1596 1596 pro
1613 1557 1683 1596 ipso
1701 1557 1732 1586 in
1750 1557 1958 1587 Universitate
1977 1568 2033 1598 pro
2051 1559 2232 1588 reconsilia-

1327 1605 1416 1635 cione
1431 1604 1497 1645 ejus
1515 1606 1553 1634 ad
1568 1605 1817 1636 Universitatem.
1836 1606 1949 1636 Verum
1965 1613 2013 1637 est
2027 1609 2109 1647 quod
2123 1608 2232 1648 aliqui·

1328 1655 1386 1684 bus
1402 1654 1480 1684 bene
1501 1654 1680 1694 placuisset,
1698 1656 1781 1694 quod
1796 1656 1943 1695 magister
1961 1655 2114 1687 Henricus
2132 1657 2232 1697 primo

1329 1703 1537 1743 supplicasset
1558 1703 1589 1733 in
1613 1704 1756 1739 nacione,
1780 1711 1810 1733 et
1832 1705 1914 1744 quod
1936 1711 2042 1744 postea
2062 1706 2150 1735 nacio
2172 1707 2231 1736 sibi

1327 1752 1478 1782 astitisset
1495 1762 1551 1792 pro
1569 1752 1823 1783 reconsiliacione
1838 1752 1904 1793 ejus
1921 1755 1959 1783 ad
1980 1754 2229 1784 Universitatem.

1329 1801 1430 1840 Super
1439 1802 1471 1830 2⁰
1484 1808 1597 1841 puncto
1610 1802 1636 1831 2¹
1650 1801 1781 1836 articuli,
1796 1802 1915 1832 scilicet
1927 1813 2022 1842 super
2035 1804 2125 1833 modo
2137 1813 2232 1834 excu-

1329 1850 1417 1880 sandi
1439 1850 1610 1885 nacionem,
1627 1851 1716 1880 nacio
1733 1851 1916 1881 deliberavit
1936 1853 2019 1892 quod
2039 1852 2098 1882 sibi
2120 1853 2232 1892 displi-

1328 1899 1417 1928 cebat
1437 1900 1521 1939 quod
1541 1899 1676 1939 sigillum
1702 1900 1840 1929 nacionis
1863 1900 1917 1930 fuit
1939 1901 2113 1940 appositum
2133 1902 2232 1931 literis

1330 1948 1580 1983 substractionis,
1603 1954 1633 1977 et
1655 1948 1788 1978 nescivit
1808 1949 1895 1978 naeio
1920 1959 1976 1988 per
1997 1959 2086 1989 quem
2109 1951 2230 1980 modum

1330 1996 1466 2037 sigillum
1478 1997 1534 2027 suit
1543 1998 1728 2036 appositum.
1748 1998 1786 2027 Et
1798 1997 1894 2037 igitur
1907 1998 1934 2027 si
1946 2008 2008 2028 non
2023 2005 2131 2038 posset
2140 2009 2232 2039 repe-

1330 2045 1386 2075 riri
1405 2045 1513 2075 melior
1535 2047 1644 2075 modus
1662 2046 1828 2075 excusandi
1854 2046 2024 2082 nacionem,
2048 2053 2120 2077 tunc
2144 2048 2231 2077 nacio

1329 2094 1421 2124 vellet
1442 2093 1500 2124 hoc
1520 2095 1670 2134 imputare
1690 2095 1783 2124 certis
1803 2095 1986 2134 suppositis,
2004 2106 2063 2135 que
2085 2095 2142 2125 hoc
2165 2097 2231 2126 sine

1329 2142 1554 2172 deliberacione
1574 2143 1712 2173 nacionis
1730 2143 1877 2173 fecerunt.
1900 2143 2038 2174 Ulterius
2052 2144 2232 2175 deliberavit

1330 2191 1417 2221 nacio
1430 2193 1513 2231 quod
1524 2202 1585 2221 non
1596 2191 1718 2222 volebat
1732 2203 1765 2222 se
1777 2192 1979 2222 intromittere
1992 2193 2030 2222 de
2041 2193 2232 2233 sigillacione

1330 2241 1486 2271 literarum
1504 2241 1725 2270 restitucionis.
1746 2241 1807 2270 Sed
1825 2241 1852 2270 si
1867 2242 1955 2271 nacio
1970 2243 2180 2282 requireretur
2193 2244 2231 2272 ad

1330 2289 1527 2330 sigillandum
1549 2289 1654 2319 literas
1678 2290 1904 2326 restitucionis‚
1933 2296 2004 2320 tunc
2029 2291 2116 2320 nacio
2142 2291 2232 2321 vellet

1331 2348 1445 2379 negare
1465 2338 1600 2379 sigillum
1619 2339 1850 2378 requirentibus
1867 2339 1980 2379 ipsum,
1995 2346 2024 2369 et
2039 2340 2123 2370 nullo
2141 2341 2232 2371 modo

1331 2387 1480 2427 sigillare.

1372 2436 1473 2475 Super
1492 2437 1524 2465 3·
1539 2436 1668 2466 articulo
1685 2437 1841 2466 concessit
1862 2437 1950 2467 nacio
1971 2437 2231 2477 supplicacionem

1332 2484 1471 2525 magistri
1488 2484 1638 2514 Johannis
1651 2485 1749 2524 Dorp.
1767 2485 1915 2515 Similiter
1932 2492 1962 2515 et
1974 2486 2128 2516 concessit
2144 2487 2231 2517 nacio

1332 2533 1592 2574 supplicacionem
1606 2533 1808 2564 bedellorum.

1371 2583 1443 2622 (Ful.
1473 2585 1510 2613 70
1523 2582 1546 2621 b)
1566 2582 1737 2613 Notandum
1758 2584 1841 2622 quod
1862 2583 1936 2613 facta
1956 2583 2011 2613 suit
2027 2584 2232 2624 congregacio

1331 2630 1550 2662 Universitatis
1574 2632 1655 2671 apud
1682 2631 1825 2661 Sanctum
1850 2632 2038 2662 Bernardum
2067 2642 2146 2662 anno
2171 2643 2232 2673 quo

1332 2690 1436 2720 supra,
1455 2680 1510 2710 xt-
1527 2680 1576 2710 die
1595 2680 1681 2716 Julii,
1705 2680 1779 2710 hora
1795 2682 1841 2710 8¹·
1858 2691 1953 2720 super
1968 2681 2066 2711 tribus
2082 2681 2230 2711 articulis.

1362 2836 1386 2860 8.
1420 2836 1461 2860 δἐἰ·
1471 2836 1497 2860 In
1506 2838 1571 2863 ms'0,
1585 2838 1610 2859 el
1620 2835 1755 2868 opponitur
1767 2835 1858 2859 linaria
1869 2835 2045 2860 restitutionis.
2056 2835 2166 2859 Litterae
2178 2837 2235 2860 sub-

1331 2871 1466 2897 tractionis
1481 2879 1524 2895 an.
1546 2872 1606 2895 1898
1622 2870 1752 2904 uigili-tae
1766 2874 1823 2895 nune
1843 2872 1857 2894 8
1873 2870 1974 2903 sigillis,
1991 2871 2057 2895 inm
2074 2879 2140 2903 quse
2156 2872 2233 2895 etiarn

1332 2907 1445 2940 sigillum
1462 2910 1514 2931 not.
1529 2906 1637 2939 Angliuo
1652 2907 1711 2936 (vid.
1726 2914 1803 2938 supra
1817 2914 1842 2938 p.
1859 2907 1912 2934 77⁹,
1929 2909 1981 2931 noe.
1996 2906 2029 2938 2).
2046 2906 2096 2931 Sed
2112 2906 2159 2931 hoo
2175 2908 2234 2939 sac-

1332 2946 1386 2967 tum
1407 2951 1461 2966 esse
1474 2941 1574 2966 videtur
1591 2942 1761 2966 consentiente
1778 2942 1890 2969 natione.
1914 2950 1980 2973 quae
1997 2950 2044 2974 pro
2062 2942 2236 2967 subtractione

1335 2979 1437 3011 agebat.
1452 2977 1525 3002 Alias
1541 2977 1642 3001 liturae
1657 2976 1839 3002 subtractionis
1853 2977 1926 3001 nubis
1940 2984 1989 3001 non
2002 2980 2062 3002 sunl
2071 2980 2154 3002 naas.

1927 8 1934 23 ’-
1976 18 1979 23 =
2006 19 2011 23 ε
2039 12 2086 27 „st
2224 15 2242 27 ,·
2294 14 2382 28 tumst<
2417 7 2466 23 '⁴⁴²
2492 7 2498 11 ’
2540 7 2568 26 ’π
2590 18 2625 28 οη

1903 30 1915 38 ιι
1996 20 2211 57 -bb
2223 29 2260 51 :v
2288 20 2396 50 iz‘:¹;¹;.
2415 25 2470 46 ''s“
2494 26 2509 32 w
2561 35 2565 38 .

2238 64 2242 72 ι
