2632 3464
443 418 525 434 xxxvi
1275 411 1538 438 INTRODUCTIO

487 486 520 536 Ξ
547 487 552 497 ’
572 482 647 518 Joh.
671 485 859 526 Gerichini,
877 498 931 530 ep.
954 486 1132 530 Upsalens.
1149 487 1172 526 ¹,

487 541 519 585 (ᾖ
572 545 684 576 Navno
704 544 878 583 Johannis,
897 556 950 588 ep.
969 545 1141 577 Arosiens.
1156 545 1180 584 2,

1451 489 1664 522 Christianus
1695 490 1940 535 (Christernus)
1970 491 2179 538 Hemmingi,
2216 505 2270 538 ep.
2308 494 2372 528 Ri-

1505 547 1639 590 peus.³.

491 643 761 680 Verisimiliter
788 644 904 679 etiam
938 643 1118 680 Nicolaus
1148 643 1348 685 Johannis,
1379 656 1440 679 an.
1478 644 1568 680 1361
1601 657 1663 694 ep.
1704 645 1914 689 Lundens.,
1950 647 2129 684 Matthias
2155 649 2367 692 Laurentii,

441 725 503 748 an.
530 713 622 749 1372
641 725 700 762 ep.
719 714 933 757 Arosiens.‚
952 720 991 749 et
1011 712 1190 748 Nicolaus
1211 711 1424 756 Michaelis,
1449 725 1508 748 an.
1542 713 1634 749 1395
1660 726 1721 763 ep.
1748 715 1945 752 Arosiens.
1977 716 2159 766 praefatis
2189 730 2371 755 annume-

442 781 551 818 randi
568 789 668 818 sunt.

491 851 599 887 Multi
629 851 692 887 alii
723 851 895 900 magistri
926 858 1004 886 nat.
1033 850 1186 900 Anglic.
1220 851 1260 886 in
1287 850 1422 887 ultimo
1448 852 1550 888 vitae
1573 864 1665 888 suae
1693 852 1837 896 stadio,
1867 855 1984 891 immo
2007 855 2086 904 jam
2116 863 2227 892 antea
2254 863 2296 892 ut
2323 869 2370 892 ex

441 920 625 956 Aac-tario
644 920 778 970 liquet,
802 921 840 955 in
861 919 1022 956 diversis
1044 919 1220 956 ecclesiis
1241 919 1440 957 beneficiis
1461 928 1500 957 et
1520 920 1752 970 praebendis
1772 921 2008 969 fruebantur,
2033 932 2072 961 et
2093 925 2140 961 ad
2160 925 2370 975 dignitates

441 990 581 1027 eccles.
605 990 899 1039 pervenerunt⁴.

255 1065 420 1092 Aurelianis

321 1111 338 1135 d
491 1059 630 1096 Schola
647 1072 796 1107 magna,
813 1072 927 1108 quam
949 1059 1151 1108 supposita
1170 1066 1249 1095 nat.
1269 1058 1520 1108 Anglicanae,
1539 1059 1726 1096 absolutis
1749 1060 1887 1097 studiis
1907 1062 2045 1098 artium
2062 1063 2230 1107 Parisiis,
2246 1077 2370 1113 quan-

272 1115 318 1136 ntu
341 1115 421 1136 entes

441 1129 569 1178 doque
598 1136 722 1172 antea,
753 1129 980 1178 saepissime
1009 1128 1314 1177 frequentarunt,
1341 1127 1412 1164 fuit
1444 1128 1674 1165 [smum-sitas
1695 1129 1980 1173 Aurelianus„
2002 1131 2068 1167 uhi
2089 1131 2256 1181 legibus,
2282 1146 2368 1170 raro

436 1200 512 1248 juri
547 1211 630 1234 can.
670 1197 912 1234 studuerunt.
947 1199 1041 1234 Cum
1078 1198 1233 1233 Parisiis
1269 1197 1417 1234 lectura
1456 1197 1586 1247 legum
1617 1197 1810 1247 prohibita
1839 1205 1955 1243 esset,
1986 1201 2222 1237 Universitas
2246 1202 2370 1239 Aure-

440 1269 601 1304 lianens.
625 1268 733 1317 quasi
753 1267 914 1303 facultas
934 1267 1062 1316 legum
1078 1267 1348 1303 Universitatis
1367 1268 1485 1303 Paris.
1505 1266 1822 1304 considerabatur
1842 1274 1881 1304 et
1901 1268 1947 1304 ab
1969 1269 2226 1307 Universitate
2246 1271 2366 1308 Paris.

438 1338 677 1379 alimentum,
709 1338 732 1372 i.
764 1349 798 1373 e.
831 1337 1033 1386 supposita
1062 1335 1254 1385 ejusdem,
1290 1337 1450 1385 recepit.
1492 1336 1602 1373 Multi
1635 1337 1824 1386 imprimis
1852 1337 2054 1374 Alemanni
2086 1338 2229 1375 ibidem
2261 1353 2370 1376 com-

439 1402 575 1437 morati
602 1407 707 1444 sunt;
733 1415 750 1435 ((
773 1399 933 1450 clangor
956 1400 1111 1449 linguae
1128 1400 1388 1448 germanicae,
1411 1399 1725 1449 confragantibus
1746 1399 1982 1437 tumultuose
2002 1402 2126 1445 sonis,
2145 1414 2215 1451 per
2233 1415 2369 1440 omnes

438 1470 707 1521 perstrepebat
740 1471 863 1512 vicos,
907 1469 1072 1505 mediam
1109 1469 1266 1518 pulsans
1303 1469 1403 1504 aeris
1442 1469 1657 1518 regionem.
1698 1477 1740 1505 ut
1781 1476 1959 1518 putasses
1992 1477 2032 1506 te
2065 1471 2188 1519 patrie
2229 1471 2369 1508 natalis

438 1540 563 1576 solum
581 1538 855 1575 inhabitasse5.
878 1553 895 1573 »
919 1539 1031 1575 Natio
1044 1538 1294 1575 Alemanniae
1313 1537 1579 1574 Aurelianens.
1597 1537 1778 1587 sperabat
1802 1551 1843 1574 se
1866 1538 2100 1582 duraturam,
2123 1553 2139 1574 c(
2164 1540 2370 1589 quamdiu⁶

438 1609 503 1645 illa
522 1610 743 1651 Parisiens,
763 1609 933 1644 omnium
963 1608 1264 1644 Universitatum
1292 1608 1399 1657 regia
1415 1614 1537 1644 mater
1554 1615 1592 1643 et
1607 1607 1818 1657 imperialis
1840 1606 2009 1651 domina,
2035 1621 2230 1645 sacrorum
2255 1609 2369 1647 fuerit

437 1679 577 1715 vallata
592 1692 782 1715 canonum
802 1678 944 1721 studio,
962 1686 1001 1714 et
1017 1677 1198 1727 quamdiu
1214 1677 1383 1714 vernulis
1402 1685 1441 1714 et
1457 1677 1606 1713 ancillis
1621 1677 1700 1713 suis
1719 1676 1915 1713 dominata
1930 1677 2044 1714 fuerit
2062 1685 2101 1714 et
2116 1691 2181 1714 eas
2201 1678 2262 1715 vel
2282 1679 2369 1728 opi-

438 1749 511 1785 bus
543 1755 725 1785 evacuata
751 1748 812 1784 vel
839 1748 1022 1797 pauperie
1048 1755 1279 1796 compuncta
1306 1759 1383 1783 non
1406 1746 1683 1790 manumiserit,
1713 1752 1814 1781 artes
1844 1745 1927 1782 scil.
1965 1746 2159 1790 liberales,
2189 1747 2369 1784 omnibus

438 1819 611 1855 scientiis
630 1817 677 1854 ad
700 1817 923 1853 famulatum
946 1824 984 1853 et
1008 1816 1194 1865 obsequia
1214 1815 1423 1864 delegatas.
1450 1817 1548 1851 Dum
1571 1815 1672 1851 enim
1689 1814 1766 1851 illic
1786 1816 1967 1862 (Parisiis)
1992 1815 2230 1853 studentium
2248 1825 2370 1854 restat

437 1887 650 1938 pluralitas,
678 1899 873 1936 nunquam
896 1887 986 1922 istic
1010 1885 1250 1932 (Aurelianis)
1279 1897 1530 1935 personarum
1562 1885 1634 1921 erit
1662 1884 1832 1934 eclipsis,
1858 1886 2018 1935 penuria
2042 1885 2103 1922 vel
2131 1887 2322 1936 egestas7.
2347 1900 2366 1922 »

437 1959 533 1995 Cum
560 1957 797 1994 Universitas
828 1955 1093 1992 Aurelianens.
1127 1967 1204 1990 non
1231 1955 1344 1990 nimis
1367 1954 1529 1990 distaret
1548 1953 1595 1989 ab
1620 1955 1876 1990 Universitate
1902 1955 2038 1998 Paris,
2065 1968 2242 2005 magnam
2267 1969 2370 1992 com·

438 2027 663 2063 moditatem
681 2024 865 2062 afferebat
886 2024 1132 2061 studentibus
1151 2023 1445 2067 Parisiensibus,
1468 2023 1591 2059 facilis
1607 2030 1689 2059 erat
1703 2025 1922 2060 communio
1944 2025 2043 2060 inter
2062 2024 2193 2061 ambas
2214 2026 2370 2062 Univer-

438 2099 586 2139 sitates,
616 2103 655 2132 et
680 2103 885 2145 postquam
917 2107 986 2143 per
1011 2093 1166 2143 aliquod
1194 2094 1380 2143 temporis
1407 2093 1574 2142 spatium
1598 2092 1815 2129 Aurelianis
1844 2093 2010 2135 fuerant,
2042 2095 2179 2130 iterum
2204 2095 2369 2131 Parisios

439 2166 670 2216 quandoque
691 2164 982 2201 revertebantur
1001 2171 1039 2200 et
1060 2165 1098 2198 in
1120 2164 1276 2199 natione
1291 2162 1518 2212 Anglicana,
1540 2161 1587 2198 ad
1604 2175 1718 2211 quam
1738 2175 1891 2212 semper
1905 2163 2186 2211 pertinuerunt,
2209 2176 2370 2213 appare—

438 2236 569 2272 bantss.
594 2238 727 2278 Immo,
746 2235 920 2284 quamvis
937 2233 1119 2270 absentes
1136 2247 1156 2269 a
1174 2234 1330 2269 Parisiis
1355 2239 1394 2268 et
1411 2231 1628 2268 Aurelianis
1649 2238 1952 2275 commorantes,
1974 2245 2248 2282 nonnunquam
2265 2233 2372 2269 Pari-

437 2307 506 2341 siis
530 2304 850 2344 inrotulabantur,
873 2305 963 2353 quia
984 2302 1178 2339 scholares
1195 2303 1314 2338 Paris.
1338 2314 1379 2338 se
1402 2300 1601 2350 putabant.
1630 2301 1875 2337 caeterarum
1897 2302 2012 2337 etiam
2034 2302 2232 2345 nationum
2253 2303 2371 2352 magi-

436 2376 507 2411 stri
532 2375 669 2410 artium
689 2373 791 2410 idem
808 2373 994 2415 fecerunt,
1012 2380 1053 2409 ut
1077 2385 1154 2408 non
1185 2370 1303 2408 semel
1320 2383 1341 2407 e
1359 2370 1507 2407 Rotulis
1528 2371 1566 2406 in
1589 2370 1761 2406 Cleartal.
1780 2372 1830 2406 III
1852 2370 1966 2407 editis
1981 2370 2114 2420 liquet.
2140 2371 2370 2424 Plerumque

438 2446 595 2493 insuper
613 2442 830 2479 Aurelianis
854 2442 1005 2490 legibus
1025 2454 1182 2490 operam
1199 2440 1355 2483 dabant,
1373 2441 1528 2476 Parisiis
1545 2440 1620 2488 juri
1641 2441 1867 2476 canonicoss.

481 2549 507 2576 1.
551 2548 612 2576 An.
631 2547 719 2582 1410,
733 2546 795 2576 Jul.
810 2546 860 2580 28,
874 2556 941 2574 cum
958 2551 1041 2574 esset
1052 2544 1253 2573 cancellarius
1265 2544 1349 2583 regis

439 2597 581 2626 Sueciae.
598 2596 693 2626 Arch.
710 2595 791 2630 Vat.,
811 2605 887 2624 arm.
908 2595 979 2630 Xll,
999 2594 1067 2629 121,
1082 2604 1113 2633 p.
1132 2594 1182 2623 34.

477 2646 508 2675 2.
554 2645 647 2680 Infra,
665 2655 696 2684 p.
716 2646 785 2680 799,
803 2650 866 2673 not.
885 2644 918 2674 3.

478 2696 507 2724 3.
552 2694 612 2724 An.
636 2695 724 2729 1418,
754 2694 866 2723 Octob.
895 2694 924 2728 7,
951 2703 1018 2721 cum
1045 2698 1129 2721 esset
1152 2692 1350 2731 praepositus

438 2744 640 2773 Roskildens.
658 2742 753 2772 Arch.
770 2743 852 2780 Vat.‚
869 2752 944 2771 arm.
962 2742 1032 2776 Xll,
1052 2743 1120 2776 121,
1139 2751 1171 2780 p.
1193 2742 1260 2770 109.

478 2794 507 2822 4.
554 2793 587 2822 In
606 2792 716 2822 rotulis
741 2799 771 2821 et
795 2792 826 2821 in
851 2792 931 2831 Reg.
954 2791 1022 2820 Vat.
1053 2797 1083 2820 et
1105 2791 1183 2819 infra
1205 2796 1351 2819 notantur

438 2842 620 2882 praepositi,
634 2842 753 2878 decani,
766 2840 917 2875 canonici,
932 2846 989 2869 etc.
1006 2840 1075 2869 Non
1089 2849 1202 2879 operae
1215 2838 1348 2878 pretium

437 2898 485 2920 est
502 2891 550 2920 his
569 2898 640 2920 tunc
656 2890 870 2920 communibus
888 2889 1058 2919 immorari.

479 2942 507 2969 5.
552 2941 643 2980 Apud
667 2940 843 2975 FOURMER,
865 2941 978 2968 Statuts
997 2946 1026 2967 ee
1039 2939 1213 2977 privileges,
1237 2936 1260 2973 1,
1281 2937 1348 2972 145,

1458 2544 1496 2573 ad
1512 2554 1560 2573 an.
1579 2544 1667 2573 1382.

1498 2594 1527 2622 6.
1571 2592 1663 2632 Apud
1682 2593 1859 2629 FounNmn,
1877 2595 1898 2622 l.
1917 2603 1956 2629 c.,
1972 2592 1996 2630 1,
2013 2593 2081 2629 138,
2100 2604 2115 2620 α
2130 2593 2253 2632 quando
2269 2592 2333 2629 diu;
2353 2604 2368 2620 n

1459 2641 1508 2671 hic
1524 2647 1553 2671 et
1567 2648 1686 2681 postea.

1499 2692 1528 2720 7.
1572 2694 1607 2720 L.
1624 2702 1664 2726 c.,
1682 2701 1731 2720 an.
1751 2691 1840 2721 1378.

1498 2741 1528 2769 8.
1571 2739 1642 2768 Vid.
1659 2750 1689 2769 v.
1706 2750 1737 2780 g.
1758 2740 1848 2775 infra,
1872 2750 1908 2780 p.
1929 2741 1999 2776 370,
2018 2741 2072 2775 25;
2093 2740 2162 2776 540,
2177 2741 2206 2775 3,
2226 2740 2280 2776 27;
2296 2739 2367 2775 567,

1458 2789 1512 2825 22;
1532 2790 1602 2824 628,
1621 2789 1671 2817 44.

1498 2839 1528 2867 9.
1574 2838 1672 2877 Saepe
1701 2837 1759 2866 hoc
1788 2838 1820 2866 in
1842 2837 1954 2867 rotulis
1980 2838 2144 2867 indicatur.
2169 2837 2221 2867 Sic
2244 2837 2369 2877 Grego-

1459 2887 1524 2916 rius
1536 2887 1577 2916 XI
1590 2888 1627 2916 de
1638 2886 1803 2916 Guillelmo
1815 2887 1853 2916 de
1863 2887 2026 2917 Wardlaw
2041 2886 2084 2926 (in
2093 2889 2217 2916 Auctar.
2234 2893 2371 2925 praeter-

1459 2935 1566 2976 misso)
1585 2936 1623 2965 ad
1644 2935 1770 2965 cancell.
1791 2935 1893 2966 Paris.
1915 2935 2024 2965 scribit
2046 2947 2052 2965 ε
2079 2947 2092 2963 α
2115 2935 2175 2974 Qui
2192 2935 2369 2965 Aurelianis
