2632 3464
49 1814 76 1862 ἐξ

19 1865 79 1886 ⁴2⁴:

278 447 336 474 889
786 447 898 474 LtBER
919 446 1232 473 PROCURATORUM
1252 446 1432 473 NATIONlS
1451 446 1695 472 ANGLICANAE
2149 448 2202 474 390

283 524 367 564 quod
390 524 449 553 alia
464 523 671 564 congregacio
691 522 846 564 generalis
867 523 955 552 fieret
977 532 1035 562 pro
1056 522 1186 552 eisdem.

324 572 399 602 ltem
415 573 546 603 scolaris
563 572 648 602 Scoti
664 572 801 612 spoliati,
820 571 873 611 qui
888 571 1010 611 rogavit
1022 570 1187 601 Universi-

281 627 374 652 tatem
386 627 417 651 et
431 621 590 651 nacionem
603 627 636 652 ut
645 619 807 661 juvaretur
819 621 856 650 ad
868 620 1078 650 rehabendum
1089 620 1190 649 ablata

283 670 356 706 sibi,
386 669 649 711 supplicacionem
678 669 835 700 concessit
867 675 898 699 et
919 669 1074 709 reputavit
1099 669 1188 698 nacio

282 718 469 759 rigorosam.

325 767 399 798 ltem
420 767 603 798 deliberavit
620 768 707 798 nacio
725 767 770 797 ire
789 773 983 807 perpotatum
1004 773 1189 807 procurato-

276 826 358 851 rem,
382 817 436 856 qui
457 817 545 857 prius
566 817 598 846 in
622 816 723 847 officio
744 816 958 857 procuratoris
981 826 1044 846 non
1070 817 1136 851 fuit,
1160 822 1191 846 et

276 865 409 895 -intravit
423 866 579 896 tabernam
594 866 626 895 in
641 875 702 906 qua
716 866 910 906 expendebat
923 866 941 895 2
958 865 1092 900 francos,
1115 875 1190 905 quo·

283 925 350 944 rum
368 916 382 944 1
401 914 495 944 solvit
508 915 589 944 idem
607 924 708 944 novus
724 921 920 954 procurator,
940 914 1094 954 reliquum
1115 923 1190 944 vero

283 970 427 1003 receptor
441 963 598 994 concessit
610 963 745 1004 singulis
765 963 909 1003 personis
929 964 971 993 ibi
991 964 1190 1004 presentibus

282 1013 321 1042 de
328 1012 459 1052 pecunia
466 1011 607 1043 nacionis
613 1013 782 1043 secundum
788 1013 1047 1043 deliberacionem
1055 1013 1190 1042 omnium

282 1061 396 1090 ibidem
410 1061 606 1101 presencium
621 1062 850 1102 magistrorum.
870 1061 1108 1102 verumptamen
1126 1072 1192 1092 ma-

281 1110 373 1150 gistri
387 1116 550 1150 presentes
565 1111 762 1141 concorditer
776 1111 955 1146 voluerunt,
973 1112 1056 1151 quod
1072 1111 1191 1151 primus

282 1159 405 1188 francus
430 1158 461 1189 in
489 1159 618 1189 nacione
643 1161 854 1199 perpotandus
884 1160 952 1190 loco
987 1160 1061 1190 dicti
1094 1161 1191 1190 franci

281 1207 415 1248 expositi
430 1209 615 1238 redderetur
628 1209 794 1249 receptori.

323 1257 398 1287 ltem
418 1257 468 1286 17ί
486 1257 537 1287 die
557 1258 673 1287 mensis
691 1257 778 1298 cujus
794 1268 900 1298 supra,
925 1259 1001 1288 facta
1018 1269 1191 1299 congrega-

282 1305 372 1336 cione
396 1305 616 1337 Universitatis
636 1313 667 1336 et
685 1306 781 1337 eciam
801 1307 940 1337 nacionis
960 1307 1137 1347 specialiter
1153 1309 1191 1338 ad

283 1355 458 1395 eligendum
473 1356 698 1386 examinatores
717 1356 991 1386 determinancium
1011 1362 1041 1386 et
1054 1358 1091 1386 ad
1113 1366 1190 1397 sup-

282 1403 459 1444 plicandum
474 1405 556 1444 apud
572 1404 716 1435 Sanctum
736 1405 941 1440 Bernardum,
962 1406 1110 1445 magister
1123 1406 1191 1436 Jor-

281 1454 381 1483 danus
405 1453 444 1483 de
467 1453 587 1493 Clyvis,
612 1453 761 1494 magister
789 1453 970 1484 Gherardus
997 1454 1130 1484 Kalkard
1162 1462 1192 1485 et

283 1502 432 1542 magister
466 1502 642 1532 Hartwicus
679 1503 718 1532 de
750 1503 865 1533 Sundis
903 1503 935 1532 in
966 1504 1191 1534 examinatores

282 1551 557 1582 deterruinancium
586 1551 675 1582 electi
715 1553 848 1582 luerunt.
890 1552 966 1582 Item
1000 1553 1192 1593 supplicavit

283 1600 432 1640 magister
442 1600 606 1634 ‚lohannes
623 1600 714 1630 Uden
733 1608 884 1641 quatenus
900 1602 988 1631 nacio
1007 1603 1192 1632 concederet

283 1649 356 1684 sibi,
385 1650 469 1689 quod
500 1649 532 1679 in
559 1659 754 1690 quocumque
781 1650 882 1680 rotulo
909 1650 962 1691 qui
979 1651 1031 1681 flet
1052 1658 1190 1692 tempore

280 1707 362 1738 pape
376 1708 457 1728 nunc
474 1697 645 1739 regentis·,
662 1698 712 1728 vel
728 1698 948 1740 cujuscumque
963 1700 1090 1730 alterius
1111 1711 1191 1741 pape

282 1746 342 1776 sibi
357 1748 545 1783 successuri,
562 1754 671 1788 posset
684 1748 800 1788 imponi
812 1754 955 1788 tanquam
969 1759 1112 1789 presens,
1130 1759 1190 1779 non

282 1796 424 1827 obstante
439 1797 523 1836 quod
537 1803 669 1836 protunc
684 1807 745 1827 non
760 1797 820 1826 erit
833 1798 910 1827 forte
926 1808 1057 1837 presens
1071 1799 1102 1828 in
1116 1799 1191 1828 Uni·

282 1844 428 1875 versitate
446 1844 630 1875 parisiensi.
650 1844 748 1886 Cujus
761 1846 956 1886 supplicacio
970 1847 1025 1876 fuit
1041 1858 1191 1878 concessa

283 1894 341 1924 sub
356 1894 464 1929 forma,
482 1904 543 1934 qua
557 1894 647 1924 nacio
661 1894 730 1924 aliis
748 1895 993 1935 supplicationes
1013 1897 1190 1927 consimiles

283 1943 482 1973 concedebat.
735 1983 737 1985 η

325 1991 399 2022 ltem
417 2001 513 2032 super
529 1992 702 2032 propositis
719 1993 750 2022 in
769 1992 990 2029 Universitate‚
1007 1994 1095 2024 nacio
1115 1995 1190 2024 dcli-

283 2041 403 2071 beravit
417 2041 500 2081 quod
519 2051 576 2070 nec
593 2041 758 2081 privilegia
776 2041 996 2072 Universitatis
1013 2044 1188 2083 originalia,

282 2098 340 2120 nec
356 2090 445 2130 copie
458 2091 625 2120 eorundem
641 2090 732 2120 alicui
749 2091 980 2127 exhiberentur,
999 2093 1054 2122 sed
1073 2092 1099 2122 si
1117 2093 1190 2123 Uni-

282 2138 439 2169 versitatis
463 2139 540 2169 sacta
562 2149 622 2169 non
641 2146 771 2179 possent
786 2141 925 2180 expediri
943 2151 1046 2171 coram
1066 2142 1190 2172 dommo

271 2198 357 2228 rege
380 2188 430 2218 vel
454 2189 520 2218 suis
544 2188 734 2219 consiliariis
755 2189 816 2219 nisi
841 2191 923 2230 quod
949 2190 1009 2230 ipsi
1036 2191 1190 2221 informati

283 2243 389 2267 essent
401 2237 484 2277 quod
503 2236 700 2267 Universitas
718 2237 810 2268 habet
827 2239 898 2268 talia
908 2239 1071 2280 privilegia
1087 2240 1190 2279 qualia

283 2295 342 2326 pro
359 2296 393 2316 se
407 2285 565 2326 allegavit,
586 2286 702 2326 placuit
718 2287 839 2317 nacioni
855 2289 937 2327 quod
955 2288 1076 2318 articuli
1092 2289 1190 2328 privi-

290 2335 442 2375 legiorum
464 2336 540 2365 sacta
557 2334 776 2366 Universitatis
798 2337 992 2367 continentes
1009 2338 1191 2377 redigantur

283 2384 320 2414 ad
334 2383 448 2422 scripta
462 2385 520 2414 sub
537 2394 626 2414 manu
642 2384 778 2425 puplica,
793 2391 823 2415 et
837 2395 940 2415 coram
956 2386 1048 2416 dictis
1065 2387 1190 2416 domino

283 2443 357 2474 rege
370 2439 400 2463 et
417 2433 482 2463 suis
498 2433 687 2463 consiliariis
701 2434 913 2474 perlegantur.

324 2481 399 2512 ltem
424 2482 507 2522 quod
528 2482 578 2512 flat
602 2482 695 2512 missu
720 2492 776 2522 pro
798 2484 924 2514 domino
950 2494 1045 2524 papa,
1077 2491 1107 2515 et
1129 2485 1189 2515 sibi

283 2536 480 2571 presentetur
502 2541 562 2561 una
584 2530 679 2561 missa
697 2532 736 2561 de
759 2538 865 2562 sancto
885 2533 997 2572 spiritu
1022 2543 1078 2573 per
1105 2544 1188 2563 suam

282 2579 386 2610 vitam.

323 2627 398 2658 ltem
424 2629 508 2669 quod
531 2629 671 2669 pecunia,
698 2630 774 2660 alias
799 2629 1000 2661 Universitati
1033 2631 1131 2672 legata
1160 2633 1190 2662 in

283 2677 415 2717 quodam
443 2683 637 2713 testamento,
666 2679 811 2709 fundetur
835 2680 866 2709 in
897 2680 1055 2710 Cardinali
1085 2681 1189 2711 Mona-

284 2725 342 2756 cbo
350 2724 375 2761 ¹,
391 2726 463 2756 dum
478 2732 579 2756 tamen
599 2727 739 2768 magistri
762 2729 800 2758 de
816 2728 869 2758 illo
884 2729 1016 2769 collegio
1034 2739 1190 2770 exponere

283 2773 380 2804 velint
411 2774 560 2814 pecunias
594 2777 787 2807 necessarias
820 2778 858 2807 ad
894 2779 1046 2818 agendum
1084 2785 1190 2808 contra

284 2821 417 2863 injustos
435 2822 517 2854 dicte
531 2825 663 2864 pecunie
680 2835 895 2865 possessores.

325 2870 400 2901 ltem
415 2872 628 2903 determinavit
643 2874 700 2904 sub
716 2875 864 2915 magistro
881 2875 1010 2906 llinrico
1025 2876 1062 2906 de
1079 2876 1189 2906 Hassis

315 2946 339 2970 1.
374 2946 494 2980 Gregori’e‘
507 2948 551 2977 11,
563 2948 596 2973 el.
610 2949 680 2977 1870.
692 2949 808 2974 oeae-b.
822 2951 861 2975 ³0.

315 2982 339 3006 ².
372 2982 404 3006 ld
414 2985 452 3006 ul
464 2982 490 3007 in
499 2982 607 3016 collegio
617 2983 766 3009 Cardia-ali·
779 2985 908 3011 Moaaelu'.

1229 967 1263 992 10

1230 1212 1263 1238 15

1229 1456 1263 1482 20

1229 1701 1262 1727 25

1228 1946 1262 1973 30

1227 2190 1261 2217 35

1227 2436 1262 2462 40

1228 2680 1262 2707 45

1296 522 1439 552 dominus
1457 522 1648 551 Godscalcus
1662 524 1699 551 de
1718 522 1867 561 Lyvonia,
1884 522 1971 561 cujus
1989 523 2082 552 bursa
2101 523 2156 552 vn
2175 534 2201 552 s.

1338 571 1412 600 ltern
1430 571 1480 600 die
1498 572 1549 600 26·
1568 572 1684 600 mensis
1702 570 1789 610 cujus
1808 581 1913 610 supra,
1933 572 2008 600 sacta
2031 582 2205 612 congrega-

1296 620 1386 649 cione
1413 619 1554 649 nacionis
1581 621 1663 659 apud
1691 620 1836 649 Sanctum
1860 620 2012 649 Julianum
2039 621 2070 649 in
2095 621 2204 660 primis

1298 668 1412 698 Nostre
1433 669 1565 698 Domine
1584 669 1622 698 ad
1645 669 1882 708 supplicandum
1901 675 1930 698 et
1945 669 2149 698 ordinandum
2167 671 2204 699 de

1297 718 1429 758 pecunia
1450 717 1602 753 nacionis,
1621 718 1807 758 supplicavit
1824 718 1967 747 dominus
1986 717 2148 747 Conradus
2167 720 2204 748 de

1299 766 1546 801 Rfietershoven,
1570 773 1722 806 quatenus
1738 766 1825 796 nacio
1844 767 1971 796 haberet
1986 777 2052 796 eum
2070 777 2206 807 suppor-

1298 822 1393 846 tatum
1415 816 1453 845 de
1476 815 1635 845 solucione
1658 816 1786 854 pecunie
1807 825 1897 855 quam
1921 816 2064 845 bacelarii
2087 816 2118 845 in
2139 816 2204 845 suis

1299 865 1548 894 determinanciis
1563 864 1684 894 solvere
1698 871 1936 899 consueverunt,
1954 874 2022 894 cum
2035 871 2118 894 esset
2133 876 2205 904 pau-

1298 924 1356 954 per
1372 920 1402 943 et
1420 924 1481 943 non
1500 914 1616 943 habens
1639 914 1720 942 unde
1739 913 1870 943 solvere.
1895 912 1992 953 Cujus
2015 914 2205 953 supplicacio

1300 963 1356 993 fuit
1375 963 1519 998 admissa,
1537 963 1608 992 dum
1624 969 1724 992 tamen
1741 962 1843 991 statim
1857 962 1977 1002 juraret
1992 963 2022 992 in
2043 963 2205 1002 presencia

1300 1012 1439 1042 nacionis
1452 1011 1658 1052 juramentum
1673 1011 1875 1051 paupertatis.
1892 1011 1983 1049 Quod
2000 1018 2029 1041 et
2048 1012 2129 1041 fecit.

1341 1061 1416 1091 ltem
1434 1061 1620 1101 supplicavit
1636 1061 1779 1090 dominus
1801 1060 1958 1090 Johannes
1978 1061 2206 1101 Myldeubergh

1299 1111 1383 1150 quod
1397 1109 1484 1139 nacio
1498 1110 1585 1139 daret
1600 1110 1659 1139 sibi
1681 1109 1863 1139 dilacionem
1883 1119 1939 1149 pro
1957 1110 2116 1139 solucione
2132 1111 2207 1140 bur-

1300 1169 1402 1189 sarum
1416 1169 1471 1189 sue
1483 1158 1734 1188 determinancie.
1749 1157 1845 1198 Cujus
1855 1159 2046 1198 supplicacio
2059 1169 2207 1189 concessa

1300 1215 1376 1244 erat,
1403 1219 1440 1238 eo
1460 1209 1551 1238 modo
1574 1218 1636 1247 quo
1654 1207 1741 1237 nacio
1763 1207 1941 1237 consimiles
1959 1208 2208 1248 supplicaciones

1300 1258 1470 1287 concedere
1491 1257 1660 1291 consuevit,
1684 1257 1850 1286 dummodo
1873 1263 2002 1296 poneret
2021 1256 2126 1286 literas
2150 1258 2208 1287 do-

1300 1307 1373 1336 mini
1383 1306 1534 1341 officialis,
1545 1306 1575 1335 in
1582 1306 1696 1345 quibus
1704 1316 1737 1335 se
1745 1305 1912 1345 obligatum
1922 1306 2043 1335 nacioni
2051 1307 2206 1336 fateretur.

1341 1356 1415 1386 ltem
1436 1355 1690 1394 supplicaverunt
1706 1355 1854 1394 magister
1869 1355 2023 1384 Jordanus
2043 1356 2081 1384 de
2100 1355 2208 1395 Clyvis

1299 1411 1329 1434 et
1346 1405 1492 1445 magister
1508 1403 1688 1433 Gherardus
1707 1403 1841 1433 Kalkard
1861 1410 2011 1443 quatenus
2027 1404 2115 1433 nacio
2134 1415 2208 1434 con-

1299 1455 1423 1483 cederet
1433 1453 1478 1483 eis
1490 1453 1602 1488 scolas,
1616 1453 1647 1482 in
1658 1453 1771 1492 quibus
1783 1453 1886 1492 legere
1898 1453 2010 1487 solent,
2025 1463 2082 1493 per
2094 1463 2206 1482 annum

1300 1504 1444 1538 futurum,
1472 1502 1616 1532 videlicet
1642 1512 1659 1531 a
1681 1503 1758 1531 festo
1779 1501 1913 1541 Remigii
1934 1503 2036 1531 futuro
2059 1503 2097 1531 ad
2117 1503 2207 1531 linem

1300 1552 1402 1592 magni
1417 1551 1579 1581 ordinarii.
1595 1551 1733 1589 Quorum
1750 1550 1914 1591 cujuslibet
1929 1550 2120 1591 supplicacio
2142 1558 2207 1581 erat

1299 1611 1459 1630 concessa.

1340 1650 1410 1691 (Fal.
1427 1649 1485 1680 23¹²
1495 1652 1513 1691 )
1529 1649 1604 1679 ltem
1618 1649 1804 1689 supplicavit
1819 1649 1968 1688 magister
1981 1649 2156 1678 Hartwicus
2170 1650 2208 1678 de

1300 1699 1416 1729 Sundis
1423 1699 1507 1739 quod
1516 1699 1603 1728 nacio
1615 1698 1708 1728 vellet
1722 1698 1893 1727 contentari
1911 1698 1942 1727 in
1953 1698 2022 1733 hoc,
2040 1699 2123 1737 quod
2140 1699 2208 1737 ipse

1300 1748 1435 1778 solveret
1450 1748 1510 1777 sibi
1525 1749 1544 1777 3
1557 1748 1680 1777 francos
1695 1748 1733 1776 de
1746 1747 1809 1776 illis
1823 1747 1936 1776 francis
1951 1747 1981 1776 in
1997 1747 2110 1786 quibus
2127 1747 2208 1776 idem

1298 1803 1421 1827 tenetur
1437 1796 1558 1826 nacioni
1576 1807 1614 1826 ex
1629 1803 1716 1836 parte
1736 1795 2050 1836 cujusdammagistri
2067 1796 2205 1826 absentis

1300 1846 1474 1881 inrotulati‚
1500 1852 1529 1875 et
1549 1846 1604 1875 4¹¹³·
1627 1847 1762 1875 francum
1786 1845 1968 1875 solvendum
1992 1845 2052 1875 sibi
2072 1845 2209 1875 dimitte-

1300 1902 1347 1926 ret
1363 1896 1515 1930 absolute,
1531 1905 1600 1924 cum
1620 1895 1670 1924 ille
1691 1894 1840 1934 magister
1851 1895 1966 1923 absens
1983 1894 2037 1924 fuit
2050 1901 2209 1934 reputatus

1299 1951 1442 1984 tanquam
1455 1954 1598 1984 presens,
1615 1950 1648 1974 ut
1663 1944 1764 1973 dictus
1780 1943 1929 1983 magister
1942 1943 2095 1983 allegavit.
2112 1942 2208 1982 Cujus

1299 1994 1490 2034 supplicacio
1505 1993 1560 2023 suit
1569 2003 1728 2027 concessa,
1745 1993 1788 2022 sic
1803 1993 1885 2032 quod
1898 1993 2033 2022 solveret
2046 1994 2064 2021 3
2074 1993 2207 2027 francos,

1299 2050 1329 2073 et
1343 2043 1526 2072 dilacionem
1546 2049 1723 2072 consuetam
1740 2042 1866 2071 haberet
1880 2052 1937 2081 pro
1953 2048 2071 2081 quarto.

1340 2093 1414 2122 ltem
1437 2091 1622 2132 supplicavit
1644 2091 1792 2131 magister
1809 2090 1990 2130 Radolphus
2010 2091 2048 2119 de
2070 2090 2207 2125 Lubeke,

1299 2152 1366 2171 cum
1382 2148 1521 2181 tempore
1536 2140 1771 2170 inrotulacionis
1788 2140 2005 2179 magistrorum
2020 2139 2207 2169 ambulasset

1298 2191 1335 2220 ad
1352 2190 1560 2220 rehabendum
1576 2199 1627 2219 res
1641 2189 1700 2219 sibi
1714 2188 1864 2224 ablatas³,
1883 2199 1960 2228 quas
1979 2199 2081 2218 secum
2100 2188 2210 2218 detulit

1299 2249 1356 2280 pro
1371 2239 1579 2269 continuando
1592 2238 1725 2268 studium
1742 2248 1830 2267 suum
1850 2237 2005 2274 Parisius;
2025 2248 2093 2267 cum
2113 2238 2206 2266 eciam

1298 2288 1393 2318 nichil
1409 2289 1447 2318 de
1462 2288 1579 2318 eisdem
1596 2288 1689 2317 rebus
1701 2287 1850 2316 rehabere
1866 2287 2017 2326 potuerim
2034 2297 2100 2315 cuin
2112 2287 2207 2315 eciam

1299 2338 1390 2368 fuerit
1405 2337 1436 2366 in
1448 2337 1509 2367 alio
1525 2337 1637 2371 rotulo,
1650 2337 1687 2365 de
1699 2347 1761 2376 quo
1778 2336 1880 2365 nullus
1897 2336 2002 2365 habuit
2018 2336 2206 2374 prosectu1n;

1298 2397 1366 2417 cum
1378 2386 1474 2416 eciam
1487 2387 1595 2415 eodem
1606 2392 1744 2425 tempore
1756 2384 1988 2414 inrotulacionis
2002 2385 2076 2413 alias
2090 2384 2207 2424 suppli-

1298 2437 1425 2466 cabatur
1453 2445 1511 2475 pro
1542 2445 1579 2464 eo
1601 2434 1735 2469 nacioni,
1763 2440 1794 2464 ut
1820 2439 1928 2474 posset
1953 2434 2067 2473 imponi
2094 2433 2206 2467 rotulo,

1298 2485 1386 2514 nscio
1409 2484 1565 2514 concessit
1588 2483 1773 2513 unanimiter
1799 2484 1881 2523 quod
1912 2483 2086 2522 rigorosum
2111 2489 2205 2516 esset,

1299 2534 1382 2574 quod
1397 2533 1609 2573 imponeretur
1623 2538 1775 2572 tamquam
1792 2542 1935 2572 prosena,
1952 2538 1984 2560 ut
2000 2531 2030 2560 in
2044 2531 2119 2560 actis
2136 2541 2207 2570 pro-

1299 2583 1451 2613 curatoris
1473 2582 1613 2622 magistri
1635 2581 1764 2611 Arnoldi
1785 2582 1823 2610 de
1844 2580 1971 2620 Trycht,
1995 2586 2024 2609 ct
2047 2590 2113 2609 curn
2139 2580 2207 2609 istis

1298 2631 1442 2662 omnibus
1458 2631 1558 2671 ipsum
1575 2641 1635 2660 non
1651 2629 1840 2671 juvantibus.
1858 2630 1932 2669 quin
1952 2630 2114 2668 oportebat
2133 2639 2207 2658 suos

1299 2687 1518 2721 procuratores
1541 2680 1662 2709 solvere
1685 2689 1721 2708 ex
1745 2685 1831 2719 parte
1855 2678 1901 2707 sui
1924 2688 1981 2717 pro
1999 2676 2065 2717 ejus
2087 2677 2207 2707 inrotu-

1299 2729 1417 2759 lacione
1435 2728 1454 2769 ij
1473 2730 1596 2759 francos
1614 2735 1643 2758 et
1663 2730 1681 2757 3
1698 2728 1816 2758 solidos
1829 2751 1835 2763 ,
1855 2737 1921 2756 cuin
1938 2726 2032 2755 eciam
2051 2725 2131 2760 aliis,
2153 2726 2207 2766 qui

1298 2779 1450 2808 dederunt
1467 2777 1486 2817 ij
1499 2779 1633 2811 francos,
1649 2787 1728 2807 unus
1743 2778 1866 2806 francus
1880 2775 1970 2805 fucrit
1986 2775 2158 2809 restitutus,
2175 2781 2207 2804 ut

1299 2828 1329 2857 in
1347 2827 1424 2857 actis
1445 2826 1657 2867 procuratoris
1678 2825 1818 2865 magistri
1837 2824 1987 2854 lobannis
2010 2824 2047 2853 de
2073 2824 2177 2853 Duren
2198 2836 2204 2853 :

1299 2882 1450 2917 quatenus
1464 2875 1584 2905 nacioni
1596 2875 1731 2915 placeret
1747 2874 1828 2914 quod
1850 2873 1909 2903 sibi
1924 2883 2003 2903 unus
2022 2874 2144 2902 francus
2160 2882 2207 2902 re-

1330 2953 1354 2975 ³.
1387 2953 1470 2983 Supra
1483 2959 1509 2983 p.
1525 2951 1580 2977 373,
1599 2951 1637 2974 2¹1.
