2632 3464
277 431 332 458 2⁰5

273 509 345 538 dam
368 508 535 538 cardinalis
557 508 787 549 supplicabant,
805 517 937 547 quorum
956 507 1184 547 suplicaciones

275 568 340 588 non
355 558 475 588 fuerant
489 558 635 588 admisse.

317 607 392 636 Item
407 607 458 636 die
473 605 619 636 Fabiani'
636 606 784 646 magister
796 605 908 635 Petrus
926 606 964 635 de
987 605 1082 635 Dacia
1096 606 1183 635 rede-

276 655 332 686 mit
343 656 497 696 quendam
509 654 783 695 librumjacentem
796 654 828 684 in
843 654 921 684 cista
937 655 1020 694 apud
1039 654 1183 684 Sanctum

275 705 480 740 Maturinum,
505 704 558 744 qui
578 703 753 744 pertinebat
772 703 897 733 domino
919 703 1077 733 Machario
1098 704 1184 733 socio

274 763 332 784 suo
346 764 403 793 pro
415 753 499 784 XXX
514 753 635 783 solidis.

315 803 390 833 Item
407 803 458 832 die
477 801 605 832 martis²
619 801 761 842 proxima
775 807 844 831 ante
857 801 967 831 festum
982 801 1184 831 Purificacio-

274 852 324 882 nis
342 851 530 892 computavit
545 857 649 881 rector
663 850 808 891 antiquus
824 851 938 880 rectori
956 860 1053 886 novo,
1076 857 1106 880 et
1127 850 1184 880 fuit

272 907 436 941 compotus
451 899 517 941 ejus
531 900 737 940 approbatus,
752 900 918 929 dummodo
934 899 1127 929 satisfaceret
1144 900 1183 930 de

271 950 374 980 tribus
395 950 503 984 scutis,
528 959 589 989 que
611 949 729 989 recepit
751 959 770 978 a
790 949 931 978 facultate
949 954 1088 989 tempore
1114 958 1182 978 rec-

273 999 354 1029 torie
371 1009 437 1029 sue.

314 1049 389 1078 Item
410 1047 460 1077 die
485 1046 613 1077 martis⁸
641 1047 780 1087 proxima
803 1053 876 1087 post
898 1048 1008 1077 festum
1032 1047 1182 1077 Purifica-

271 1097 372 1128 cionis
389 1097 471 1136 apud
489 1096 634 1126 Sanctum
651 1096 666 1126 J
671 1095 805 1126 ulianum
824 1106 991 1136 pauperem
1010 1097 1089 1126 facta
1106 1106 1182 1126 con-

270 1145 458 1187 gregacione
494 1144 634 1174 nacionis
667 1145 705 1174 ad
739 1144 986 1184 supplicandum,
1018 1145 1183 1185 suplicavit

270 1194 415 1225 dominus
430 1193 594 1224 Cfinradus
611 1193 743 1233 Schapel
761 1194 798 1223 de
817 1193 934 1223 Rotwil
951 1194 1131 1234 incepturus
1148 1194 1181 1223 in

269 1244 388 1274 artibus
404 1249 555 1283 quatenus
570 1243 680 1278 burse,
698 1253 776 1283 quas
793 1243 916 1272 nacioni
931 1249 1060 1283 propter
1073 1243 1182 1283 incep-

269 1293 391 1323 cionem
407 1298 576 1327 teneretur,
595 1291 656 1322 sibi
676 1292 922 1322 misericorditer
938 1293 1179 1328 remitterentur,

270 1352 339 1372 cum
358 1351 414 1371 nec
430 1341 479 1371 bic
497 1351 554 1371 nec
571 1341 643 1371 alibi
660 1339 788 1371 haberet
806 1341 888 1371 unde
906 1341 1056 1377 solveret,
1075 1347 1106 1371 et
1125 1341 1181 1371 fuit

270 1390 441 1431 suplicacio
457 1389 523 1430 ejus
538 1400 695 1420 concessa.

311 1439 387 1470 Item
411 1439 462 1469 die
486 1438 590 1478 jovis⁴
614 1439 716 1469 statim
739 1446 887 1479 sequente
907 1439 984 1469 facta
1005 1449 1179 1480 congrega-

269 1489 360 1519 cione
375 1489 456 1518 dicte
474 1488 615 1518 nacionis
629 1489 712 1528 apud
731 1487 875 1518 Sanctum
891 1488 1077 1518 Maturinum
1094 1499 1180 1518 com-

269 1538 389 1578 putavit
402 1543 557 1577 receptor,
576 1543 606 1567 et
622 1537 711 1567 nacio
730 1537 900 1577 permansit
917 1537 978 1567 sibi
997 1538 1131 1578 obligata
1147 1538 1178 1567 in

269 1597 325 1617 sex
346 1587 443 1616 scutis
465 1585 567 1616 minus
589 1586 710 1616 duobus
736 1586 861 1621 solidis,
883 1593 914 1616 et
935 1586 991 1616 fuit
1016 1593 1178 1627 compotus

269 1635 336 1676 ejus
350 1636 389 1665 ab
404 1635 547 1665 omnibus
561 1636 763 1675 approbatus.

308 1685 383 1715 Item
407 1684 520 1714 ibidem
540 1684 596 1714 fuit
614 1684 812 1714 concorditer
832 1684 949 1714 electus
969 1685 1000 1714 in
1021 1685 1178 1715 examina-

266 1741 366 1764 torem
379 1733 490 1764 Sancte
506 1733 661 1763 Genofeve
675 1733 823 1774 magister
836 1734 1016 1772 H[enricus]
1033 1735 1071 1763 de
1089 1734 1176 1764 Kem-

267 1783 330 1824 pis.

309 1832 383 1862 ltem
402 1832 521 1862 fuerant
539 1831 629 1861 electi
650 1831 764 1861 ibidem
782 1832 815 1861 in
830 1832 1056 1862 examinatores
1072 1833 1177 1862 deter-

267 1881 453 1911 minancium
474 1880 623 1921 magister
644 1880 760 1912 Themo
782 1881 898 1911 Judeus
921 1882 958 1911 de
980 1881 1177 1922 Westphalia

267 1941 328 1961 una
341 1940 410 1960 cum
425 1930 575 1970 magistro
589 1929 749 1969 H[enrico]
767 1931 805 1960 de
821 1930 970 1965 Embeke,
988 1937 1018 1960 et
1033 1937 1103 1970 post
1119 1931 1177 1961 hoc

266 1980 368 2009 dictus
387 1979 535 2019 magister
552 1978 593 2008 H.
611 1979 650 2008 de
669 1979 796 2019 Kempis
817 1979 910 2010 solvit
926 1990 1019 2010 unum
1039 1986 1174 2016 scutum,

267 2029 305 2058 de
323 2038 385 2068 quo
402 2028 493 2058 fiebat
507 2027 655 2058 solacium
669 2029 829 2069 magistris
844 2028 876 2058 in
891 2030 1019 2059 taberna
1029 2030 1074 2058 ad
1086 2040 1175 2067 yma-

264 2079 363 2118 ginem
378 2084 476 2106 nostre
490 2078 615 2106 Domine
630 2077 662 2106 in
680 2077 748 2107 vico
765 2077 870 2107 Sancti
885 2078 1004 2108 Jacobi.

307 2126 379 2167 (Fal.
397 2128 435 2156 33
450 2126 473 2166 ¹²)
485 2125 559 2156 ltem
569 2126 733 2166 suplicavit
740 2127 890 2167 magister
897 2127 1014 2157 Themo
1023 2134 1175 2168 quatenus

265 2175 354 2205 nacio
374 2175 434 2205 sibi
454 2175 632 2205 restitueret
648 2186 741 2205 unum
757 2182 893 2212 scutum,
910 2177 993 2216 quod
1013 2177 1081 2217 ipse
1099 2187 1175 2206 con—

264 2223 360 2254 cessit
373 2224 404 2253 in
417 2225 547 2264 quadam
561 2224 707 2254 societate
723 2225 953 2265 magistrorum,
965 2231 996 2255 et
1011 2225 1067 2255 fuit
1079 2226 1174 2266 supli-

263 2274 349 2303 cacio
384 2272 451 2313 ejus
489 2283 653 2309 concessa,
688 2274 852 2303 dummodo
890 2274 958 2314 ipse
996 2274 1175 2305 informaret

264 2322 436 2358 nacionem,
451 2322 534 2362 quod
552 2332 590 2352 ex
601 2321 691 2363 jussu
708 2323 927 2363 magistrorum
947 2323 1024 2354 illud
1044 2334 1174 2354 conces-

264 2371 370 2402 sisset.

304 2419 380 2450 ltem
392 2419 508 2460 juravit
522 2421 665 2451 dominus
682 2421 846 2451 Cflnradus
862 2421 994 2462 Schapel
1010 2422 1040 2452 in
1055 2423 1172 2452 artibus

263 2469 456 2509 incepturus.

672 2524 770 2554 1³5⁷

479 2590 683 2629 [Johannes
716 2592 758 2621 de
790 2591 958 2631 Mynda.]

302 2664 393 2695 Anno
427 2665 551 2696 Domini
584 2666 862 2703 M⁰.CCC⁰.LVII⁰,
889 2667 940 2697 die
977 2668 1028 2698 10·
1055 2668 1171 2698 mensis

263 2713 436 2750 Februarii,
459 2715 536 2745 facta
559 2716 800 2756 congregatione
826 2717 1044 2757 magistrorum
1066 2717 1172 2747 nacio-

262 2762 312 2792 nis
339 2762 511 2803 Anglicane
535 2765 617 2804 apud
642 2764 786 2795 Sanctum
813 2765 967 2796 Julianum
990 2777 1169 2807 pauperem,

260 2811 377 2842 electus
407 2812 463 2842 fuit
490 2812 521 2842 in
546 2820 779 2854 procuratorem
802 2814 999 2845 concorditer
1024 2816 1172 2857 magister

293 2890 316 2913 ¹.
350 2890 381 2914 20
392 2891 523 2915 Ianuarii.

293 2926 315 2949 ἵ.
351 2925 377 2950 31
392 2926 521 2950 Ianuarii.

293 2961 316 2984 ³.
351 2961 364 2984 7
379 2961 520 2986 Februarii.

779 432 893 459 LIBER
917 430 1232 458 PROCURATORUM
1258 431 1439 459 NATIONIS
1459 432 1704 459 ANGLICANAE

1221 955 1254 981 10

1219 1201 1252 1228 15

1217 1448 1251 1474 20

1215 1694 1249 1720 25

1213 1939 1248 1966 30

1211 2185 1246 2211 35

1210 2431 1244 2458 40

1209 2677 1243 2703 45

562 0 571 5 '
593 0 934 19 ἯἾ-*Πςῇῗ-ῑνᾷῐσΨ--Ὶυσῑ
952 0 987 21 '7'-
1027 0 1091 15 --ηζν-
1099 0 1112 6 v
1120 0 1301 16 '⁴-721‘1-‘⁴*74.‘⁸³
1315 0 1341 17 «ς-
1369 0 1395 9 ιν
1415 0 1478 10 urm
1494 0 1531 5 -ffn
1543 0 1556 4 ··

632 15 665 24 -2'
709 14 721 19 ¹*
749 19 752 25 ι
783 14 824 29 3„v
867 19 881 26 ιἸ
1001 15 1004 18 ·
1051 27 1054 29 Δ
1126 14 1142 22 ι.

2152 437 2208 463 206

1292 507 1449 538 Johannes
1467 510 1506 538 de
1523 509 1654 549 Mynda,
1674 510 1705 539 in
1721 509 1808 550 cujus
1823 512 2036 550 procuratoria
2050 518 2115 541 acta
2131 519 2204 542 sunt

1293 556 1350 586 hec
1365 567 1424 596 que
1443 564 1623 597 sequentur.

1333 606 1439 636 Primo
1453 607 1553 636 dictus
1567 607 1715 647 magister
1729 607 1778 637 die
1792 609 1977 647 precedente
1991 610 2114 639 nomine
2127 620 2203 649 pro-

1292 655 1445 684 curatoris
1463 656 1556 685 solvit
1577 667 1671 686 unum
1694 663 1829 692 scutum,
1847 658 1884 686 de
1903 668 1964 697 quo
1981 668 2049 687 cum
2070 660 2202 698 quodam

1291 703 1352 733 alio
1365 705 1436 734 dato
1446 715 1505 744 per
1516 705 1697 745 magistrum
1711 705 1872 735 Hinricum
1886 707 1924 736 de
1939 707 2066 746 Kempis
2080 708 2203 737 nomine

1292 753 1533 783 examinatorum
1560 755 1598 783 ad
1626 754 1768 784 Sanctam
1796 754 1995 791 Genovefam,
2022 756 2060 785 de
2090 757 2203 795 quibus

1292 802 1402 831 sactum
1418 809 1483 832 erat
1498 813 1591 833 unum
1605 804 1769 843 prandium
1783 804 1942 844 magistris
1955 805 2036 834 dicte
2050 806 2201 835 nacionis.

1332 851 1407 881 Item
1425 853 1474 881 19·
1484 853 1533 882 die
1549 852 1687 892 ejusdem
1702 853 1819 883 mensis
1833 854 1910 883 facta
1919 861 1985 883 erat
1995 855 2203 894 congregacio

1291 901 1373 940 apud
1401 901 1546 931 Sanctum
1570 901 1724 932 sulianum
1754 913 1921 942 pauperem
1947 913 2042 942 super
2068 905 2201 943 quodam

1291 949 1456 985 bacalario,
1474 951 1596 980 nomine
1609 951 1760 981 Johannis
1774 951 1865 986 Mast,
1883 951 2078 982 Leodiensis.
2095 953 2199 992 dyoc.,

1291 998 1344 1038 qui
1364 1000 1436 1028 dum
1449 999 1587 1039 incipere
1606 1000 1729 1030 volebat
1745 1007 1774 1030 et
1791 1001 1968 1030 transiisset
1983 1011 2051 1031 cum
2069 1002 2201 1031 bedellis

1290 1048 1430 1078 nacionis
1446 1048 1598 1088 Pycardie
1613 1059 1670 1089 per
1682 1050 1783 1079 vicum
1799 1050 1965 1079 Straminis
1983 1051 2021 1080 ad
2033 1051 2200 1090 petendum

1290 1096 1450 1126 licenciam
1468 1108 1485 1126 a
1502 1098 1659 1138 magistris
1676 1098 1827 1128 facultatis
1843 1099 1965 1135 artium,
1983 1106 2015 1129 ut
2030 1100 2126 1129 moris
2142 1107 2200 1135 est,

1290 1145 1318 1175 si
1354 1146 1494 1186 incepcio
1531 1157 1585 1176 sua
1618 1147 1650 1176 in
1685 1148 1768 1177 dicta
1801 1148 1941 1178 facultate
1977 1149 2022 1178 eis
2051 1149 2200 1188 placeret,

1290 1196 1453 1235 respondit
1480 1196 1627 1236 magister
1654 1196 1770 1226 Themo
1793 1197 1910 1227 «iudeus
1934 1197 2075 1227 nacionis
2093 1197 2201 1238 Angli-

1290 1254 1380 1279 cane,
1409 1247 1492 1285 quod
1521 1255 1599 1281 non,
1625 1256 1661 1276 eo
1688 1247 1771 1286 quod
1805 1246 1879 1276 alias
1909 1247 2119 1277 determinans
2145 1248 2201 1277 fuit

1290 1293 1321 1322 in
1340 1303 1395 1323 sua
1419 1293 1560 1330 nacione,
1586 1301 1616 1324 et
1639 1304 1734 1334 super
1761 1294 1818 1324 hoc
1843 1301 1910 1325 orta
1933 1296 2041 1326 fuisset
2059 1296 2098 1325 lis
2119 1296 2202 1326 inter

1290 1342 1456 1382 magistros
1479 1343 1619 1373 nacionis
1635 1343 1788 1383 Pycardie
1812 1350 1842 1374 et
1865 1345 2004 1374 nacionis
2029 1344 2200 1385 Anglicane

1288 1391 1495 1431 predictarum
1506 1391 1530 1428 ³,
1550 1403 1587 1422 ex
1603 1402 1639 1422 eo
1657 1394 1741 1432 quod
1765 1393 1902 1433 quelibet
1922 1394 2011 1423 nacio
2029 1404 2097 1423 eum
2117 1394 2199 1424 dice-

1288 1441 1340 1470 bat
1356 1441 1512 1480 pertinere
1534 1442 1572 1471 ad
1596 1451 1681 1471 suam
1700 1442 1872 1479 nacionem,
1893 1449 1923 1472 et
1946 1452 2041 1483 super
2058 1443 2117 1472 hoc
2136 1443 2199 1473 dis-

1287 1499 1412 1519 cussum
1427 1490 1535 1520 fuisset
1552 1491 1583 1520 in
1603 1491 1744 1520 facultate
1755 1491 1906 1531 predicta,
1924 1492 2008 1532 quod
2024 1502 2080 1521 nec
2098 1493 2198 1532 magis

1289 1548 1322 1568 se
1339 1545 1445 1568 tenere
1463 1540 1590 1569 deberet
1604 1540 1641 1569 ad
1657 1550 1747 1570 unam
1761 1540 1920 1570 nacionem
1936 1551 2026 1580 quam
2043 1542 2080 1570 ad
2096 1541 2196 1577 aliam,

1287 1597 1344 1617 nec
1366 1588 1486 1618 solvere
1512 1590 1622 1618 bursas
1640 1589 1692 1618 uni
1718 1589 1839 1619 nacioni
1863 1590 1961 1630 magis
1985 1600 2075 1629 quam
2096 1590 2196 1626 alteri,

1287 1647 1344 1667 nec
1357 1636 1464 1677 jurare
1483 1637 1554 1678 plus
1574 1638 1626 1668 uni
1642 1648 1732 1678 quam
1754 1638 1854 1674 alteri,
1876 1649 1979 1678 ymmo
1996 1649 2068 1668 suas
2086 1640 2198 1669 bursas

1286 1685 1452 1716 solvendas
1471 1697 1587 1726 ponere
1603 1688 1730 1717 deberet
1746 1687 1777 1716 in
1793 1698 1883 1717 manu
1902 1694 2074 1727 sequestra,
2091 1689 2198 1718 videli-

1286 1741 1334 1764 cet
1349 1736 1466 1765 domini
1483 1737 1626 1772 rectoris,
1644 1743 1677 1766 ut
1693 1742 1780 1776 puto,
1801 1738 1900 1766 donec
1920 1737 2082 1767 diffinitum
2098 1745 2196 1773 esset,

1285 1785 1323 1813 ad
1337 1795 1427 1824 quam
1441 1785 1601 1815 nacionem
1614 1785 1771 1825 pertinere
1789 1786 1918 1816 deberet
1934 1786 2094 1826 predictus
2110 1788 2197 1816 baca-

1286 1833 1381 1863 larius
1402 1840 1431 1864 et
1452 1834 1500 1864 sui
1520 1834 1711 1870 consimiles,
1734 1841 1764 1864 et
1783 1834 1841 1864 hoc
1861 1844 1923 1864 non
1946 1835 2071 1865 fecisset
2086 1842 2118 1865 ut
2137 1836 2197 1866 sibi

1284 1883 1457 1919 videbatur,
1493 1889 1659 1924 propterea
1695 1883 1766 1923 quia
1795 1894 1861 1913 cum
1895 1884 2026 1914 bedellis
2056 1885 2197 1914 nacionis

1286 1931 1498 1971 Pycardorum
1515 1933 1551 1962 ad
1565 1933 1730 1972 petendum
1742 1933 1913 1968 licenciam,
1926 1939 1959 1963 ut
1974 1933 2119 1973 superius
2134 1934 2196 1963 dic—

1285 1987 1347 2010 tum
1359 1987 1416 2016 est,
1430 1981 1527 2021 magis
1539 1981 1716 2011 transiisset
1730 1992 1820 2021 quam
1830 1993 1884 2012 sue
1893 1983 2045 2017 nacionis,
2057 1983 2126 2012 ideo
2137 1983 2196 2012 sibi

1284 2029 1442 2060 licenciam
1457 2031 1530 2060 dare
1541 2041 1603 2060 non
1615 2031 1720 2061 voluit.
1737 2031 1828 2061 Facta
1839 2032 2085 2072 congregacione
2100 2043 2195 2072 super

1284 2077 1354 2115 hoc,
1371 2085 1403 2108 ut
1423 2079 1596 2118 predictum
1619 2086 1678 2115 est,
1697 2080 1771 2119 quid
1789 2081 1867 2110 foret
1887 2081 2058 2120 agendum;
2076 2087 2105 2110 et
2124 2082 2195 2110 dum

1284 2128 1423 2168 magistri
1442 2129 1581 2168 predicte
1602 2129 1741 2158 nacionis
1759 2129 1931 2169 Anglicane
1947 2136 2053 2159 essent
2070 2130 2100 2159 in
2120 2141 2196 2160 con-

1284 2177 1354 2207 silio
1397 2188 1492 2217 super
1524 2178 1593 2213 hoc,
1631 2185 1831 2208 accesserunt
1867 2180 1905 2207 ad
1945 2189 1999 2208 eos
2046 2180 2196 2219 magister

1282 2226 1440 2256 ,lohannes
1462 2227 1630 2266 Burydam,
1653 2227 1801 2267 magister
1821 2227 1956 2257 Jacobus
1977 2228 2106 2258 Juvenis
2127 2235 2195 2258 tan·-

1283 2285 1373 2317 quam
1387 2276 1435 2305 sui
1453 2276 1542 2305 amici
1558 2277 1705 2306 duntaxat
1720 2283 1750 2306 et
1768 2286 1829 2306 non
1845 2277 1934 2306 sicud
1952 2277 2039 2307 nacio
2054 2277 2103 2307 vel
2117 2288 2194 2318 sup-

1283 2325 1385 2364 posita
1408 2325 1548 2355 nacionis
1574 2325 1779 2365 supplicando
1801 2325 1859 2362 eis,
1885 2326 2029 2366 quatinus
2059 2327 2194 2366 inceptio

1283 2374 1415 2414 predicti
1435 2373 1581 2404 bacalarii
1602 2374 1632 2404 in
1651 2375 1791 2414 predicta
1812 2375 1953 2405 facultate
1973 2376 2018 2405 eis
2042 2376 2189 2415 placeret.

1282 2422 1456 2452 Traxerunt
1473 2433 1507 2453 se
1526 2424 1564 2453 ad
1581 2430 1697 2463 partem
1715 2430 1788 2463 post
1802 2424 1970 2464 paululum,
1991 2431 2021 2453 et
2039 2425 2113 2454 satis
2130 2425 2191 2454 cito

1282 2472 1414 2502 consilio
1433 2472 1537 2502 habito
1555 2473 1600 2502 eis
1621 2473 1773 2503 dederunt
1788 2483 1973 2512 responsum
1990 2473 2194 2503 amicabiliter

1281 2521 1370 2551 sicud
1392 2521 1656 2561 supplicaverunt,
1674 2522 1758 2562 quod
1779 2522 1837 2551 hoc
1857 2532 2049 2562 nequaquam
2067 2523 2191 2562 permit-

1280 2577 1345 2600 tere
1362 2577 1492 2610 possent
1509 2570 1568 2600 nisi
1588 2571 1739 2611 inciperet
1751 2581 1788 2601 eo
1804 2572 1894 2601 modo
1912 2578 1942 2600 et
1955 2571 2061 2606 forma,
2079 2571 2192 2610 quibus

1280 2619 1355 2649 alias
1370 2619 1530 2649 diffinitum
1549 2626 1615 2649 erat
1631 2630 1688 2659 per
1700 2620 1869 2660 predictam
1887 2620 2069 2654 facultatem,
2084 2620 2192 2649 videli-

1280 2674 1328 2698 cet
1343 2669 1426 2708 quod
1442 2679 1498 2698 nec
1511 2668 1562 2698 uni
1577 2668 1698 2699 nacioni
1712 2669 1783 2709 plus
1799 2679 1889 2708 quarn
1903 2669 1989 2698 alteri
2003 2667 2110 2708 jurare
2125 2669 2191 2698 sive

1281 2717 1402 2747 solvere
1431 2718 1542 2747 bursas
1573 2728 1644 2747 suas
1674 2719 1712 2747 de
1739 2718 1889 2758 predictis
1914 2718 2033 2747 actibus
2063 2718 2192 2747 deberet

1280 2777 1405 2807 quoquo
1426 2768 1528 2802 mod0,
1548 2777 1603 2796 nec
1621 2767 1691 2807 plus
1711 2777 1743 2796 se
1762 2766 1883 2796 trahere
1904 2767 2031 2796 deberet
2047 2767 2084 2796 ad
2101 2777 2189 2796 unam

1279 2826 1370 2856 quam
1386 2816 1486 2851 aliam,
1507 2822 1536 2845 et
1549 2816 1725 2856 oppositum
1738 2814 1828 2855 hujus
1840 2822 2019 2856 attemptare
2033 2826 2191 2856 presume-

1310 2896 1333 2919 11.
1367 2897 1382 2919 9
1396 2895 1539 2919 Februarii.

1310 2933 1333 2955 5.
1372 2931 1427 2955 Vid.
1444 2939 1531 2963 supra,
1547 2939 1571 2963 p.
1588 2932 1624 2955 35.
