<?xml version="1.0" encoding="UTF-8"?>
<!DOCTYPE html PUBLIC "-//W3C//DTD XHTML 1.0 Transitional//EN"
    "http://www.w3.org/TR/xhtml1/DTD/xhtml1-transitional.dtd">
<html xmlns="http://www.w3.org/1999/xhtml" xml:lang="en" lang="en">
 <head>
  <title>
</title>
<meta http-equiv="Content-Type" content="text/html;charset=utf-8" />
  <meta name='ocr-system' content='tesseract 3.04.00' />
  <meta name='ocr-capabilities' content='ocr_page ocr_carea ocr_par ocr_line ocrx_word'/>
</head>
<body>
  <div class='ocr_page' id='page_1' title='image "auctariumchartul01univuoft_0216.png"; bbox 0 0 2632 3464; ppageno 0'>
   <div class='ocr_carea' id='block_1_1' title="bbox 450 395 503 421">
    <p class='ocr_par' dir='ltr' id='par_1_1' title="bbox 450 395 503 421">
     <span class='ocr_line' id='line_1_1' title="bbox 450 395 503 421; baseline 0 -1"><span class='ocrx_word' id='word_1_1' title='bbox 450 395 503 421; x_wconf 83' lang='lat'><strong>255</strong></span> 
     </span>
    </p>
   </div>
   <div class='ocr_carea' id='block_1_2' title="bbox 441 464 1354 2846">
    <p class='ocr_par' dir='ltr' id='par_1_2' title="bbox 450 464 1354 655">
     <span class='ocr_line' id='line_1_2' title="bbox 492 464 1352 499; baseline -0.007 0"><span class='ocrx_word' id='word_1_2' title='bbox 492 470 566 499; x_wconf 89' lang='lat' dir='ltr'><strong>Item</strong></span> <span class='ocrx_word' id='word_1_3' title='bbox 581 468 753 498; x_wconf 83' lang='lat' dir='ltr'><strong>licentiatus</strong></span> <span class='ocrx_word' id='word_1_4' title='bbox 765 467 821 498; x_wconf 88' lang='lat' dir='ltr'><strong>fuit</strong></span> <span class='ocrx_word' id='word_1_5' title='bbox 832 467 974 497; x_wconf 87' lang='lat' dir='ltr'><strong>dominus</strong></span> <span class='ocrx_word' id='word_1_6' title='bbox 990 466 1152 496; x_wconf 82' lang='lat' dir='ltr'><strong>conradus</strong></span> <span class='ocrx_word' id='word_1_7' title='bbox 1167 465 1301 494; x_wconf 88' lang='lat' dir='ltr'><strong>Klokere</strong></span> <span class='ocrx_word' id='word_1_8' title='bbox 1314 464 1352 493; x_wconf 90' lang='lat' dir='ltr'><strong>ad</strong></span> 
     </span>
     <span class='ocr_line' id='line_1_3' title="bbox 452 513 1354 556; baseline -0.008 -8"><span class='ocrx_word' id='word_1_9' title='bbox 452 519 592 548; x_wconf 90' lang='lat' dir='ltr'><strong>Sanctam</strong></span> <span class='ocrx_word' id='word_1_10' title='bbox 606 517 782 547; x_wconf 90' lang='lat' dir='ltr'><strong>Genofefam</strong></span> <span class='ocrx_word' id='word_1_11' title='bbox 800 517 857 546; x_wconf 88' lang='lat' dir='ltr'><strong>sub</strong></span> <span class='ocrx_word' id='word_1_12' title='bbox 873 516 1021 556; x_wconf 86' lang='lat' dir='ltr'><strong>magistro</strong></span> <span class='ocrx_word' id='word_1_13' title='bbox 1038 514 1205 549; x_wconf 88' lang='lat' dir='ltr'><strong>Themone,</strong></span> <span class='ocrx_word' id='word_1_14' title='bbox 1225 519 1255 542; x_wconf 90' lang='lat' dir='ltr'><strong>et</strong></span> <span class='ocrx_word' id='word_1_15' title='bbox 1269 513 1354 542; x_wconf 86' lang='lat' dir='ltr'><strong>dedit</strong></span> 
     </span>
     <span class='ocr_line' id='line_1_4' title="bbox 450 562 1353 605; baseline -0.008 -8"><span class='ocrx_word' id='word_1_16' title='bbox 450 567 581 597; x_wconf 78' lang='lat' dir='ltr'><strong>litteram</strong></span> <span class='ocrx_word' id='word_1_17' title='bbox 596 566 733 596; x_wconf 85' lang='lat' dir='ltr'><strong>officialis</strong></span> <span class='ocrx_word' id='word_1_18' title='bbox 747 575 805 605; x_wconf 90' lang='lat' dir='ltr'><strong>pro</strong></span> <span class='ocrx_word' id='word_1_19' title='bbox 818 566 854 595; x_wconf 90' lang='lat'><strong>12</strong></span> <span class='ocrx_word' id='word_1_20' title='bbox 867 564 1001 605; x_wconf 83' lang='lat' dir='ltr'>grossis,</span> <span class='ocrx_word' id='word_1_21' title='bbox 1015 563 1047 593; x_wconf 94' lang='lat' dir='ltr'><strong>in</strong></span> <span class='ocrx_word' id='word_1_22' title='bbox 1063 563 1176 603; x_wconf 89' lang='lat' dir='ltr'><strong>quibus</strong></span> <span class='ocrx_word' id='word_1_23' title='bbox 1192 562 1353 591; x_wconf 89' lang='lat' dir='ltr'><strong>tenebatur</strong></span> 
     </span>
     <span class='ocr_line' id='line_1_5' title="bbox 450 614 776 655; baseline -0.006 -10"><span class='ocrx_word' id='word_1_24' title='bbox 450 616 572 645; x_wconf 91' lang='lat' dir='ltr'><strong>nacioni</strong></span> <span class='ocrx_word' id='word_1_25' title='bbox 589 625 646 655; x_wconf 89' lang='lat' dir='ltr'><strong>pro</strong></span> <span class='ocrx_word' id='word_1_26' title='bbox 661 614 776 644; x_wconf 90' lang='lat' dir='ltr'><strong>bursis.</strong></span> 
     </span>
    </p>

    <p class='ocr_par' dir='ltr' id='par_1_3' title="bbox 448 659 1352 1045">
     <span class='ocr_line' id='line_1_6' title="bbox 491 659 1352 702; baseline -0.008 -8"><span class='ocrx_word' id='word_1_27' title='bbox 491 665 566 694; x_wconf 88' lang='lat' dir='ltr'><strong>Item</strong></span> <span class='ocrx_word' id='word_1_28' title='bbox 582 664 631 693; x_wconf 91' lang='lat' dir='ltr'><strong>die</strong></span> <span class='ocrx_word' id='word_1_29' title='bbox 643 664 694 692; x_wconf 74' lang='grc' dir='ltr'><strong>24ο</strong></span> <span class='ocrx_word' id='word_1_30' title='bbox 706 662 842 702; x_wconf 89' lang='lat' dir='ltr'><strong>ejusdem</strong></span> <span class='ocrx_word' id='word_1_31' title='bbox 861 663 937 692; x_wconf 90' lang='lat' dir='ltr'><strong>sacta</strong></span> <span class='ocrx_word' id='word_1_32' title='bbox 950 660 1197 701; x_wconf 80' lang='lat' dir='ltr'>congregacione</span> <span class='ocrx_word' id='word_1_33' title='bbox 1214 659 1352 688; x_wconf 84' lang='lat' dir='ltr'>nacionis</span> 
     </span>
     <span class='ocr_line' id='line_1_7' title="bbox 450 707 1351 752; baseline -0.008 -9"><span class='ocrx_word' id='word_1_34' title='bbox 450 714 488 743; x_wconf 89' lang='lat' dir='ltr'><strong>ad</strong></span> <span class='ocrx_word' id='word_1_35' title='bbox 525 713 758 752; x_wconf 88' lang='lat' dir='ltr'><strong>supplicandum</strong></span> <span class='ocrx_word' id='word_1_36' title='bbox 792 712 872 751; x_wconf 92' lang='lat' dir='ltr'><strong>apud</strong></span> <span class='ocrx_word' id='word_1_37' title='bbox 911 711 1054 740; x_wconf 87' lang='lat' dir='ltr'><strong>Sanctum</strong></span> <span class='ocrx_word' id='word_1_38' title='bbox 1089 708 1243 738; x_wconf 85' lang='lat' dir='ltr'><strong>Julianum</strong></span> <span class='ocrx_word' id='word_1_39' title='bbox 1277 707 1351 737; x_wconf 90' lang='lat' dir='ltr'><strong>hora</strong></span> 
     </span>
     <span class='ocr_line' id='line_1_8' title="bbox 449 757 1352 801; baseline -0.008 -9"><span class='ocrx_word' id='word_1_40' title='bbox 449 762 559 801; x_wconf 90' lang='lat' dir='ltr'><strong>prime,</strong></span> <span class='ocrx_word' id='word_1_41' title='bbox 582 762 637 791; x_wconf 89' lang='lat' dir='ltr'><strong>fuit</strong></span> <span class='ocrx_word' id='word_1_42' title='bbox 658 770 837 790; x_wconf 90' lang='lat' dir='ltr'><strong>concessum</strong></span> <span class='ocrx_word' id='word_1_43' title='bbox 865 759 989 788; x_wconf 91' lang='lat' dir='ltr'><strong>domino</strong></span> <span class='ocrx_word' id='word_1_44' title='bbox 1013 757 1173 797; x_wconf 86' lang='lat' dir='ltr'><strong>Rotghero</strong></span> <span class='ocrx_word' id='word_1_45' title='bbox 1196 757 1233 786; x_wconf 93' lang='lat' dir='ltr'><strong>de</strong></span> <span class='ocrx_word' id='word_1_46' title='bbox 1254 757 1352 786; x_wconf 91' lang='lat' dir='ltr'><strong>Lune-</strong></span> 
     </span>
     <span class='ocr_line' id='line_1_9' title="bbox 449 805 1351 847; baseline -0.008 -7"><span class='ocrx_word' id='word_1_47' title='bbox 449 810 566 840; x_wconf 90' lang='lat' dir='ltr'><strong>bourch</strong></span> <span class='ocrx_word' id='word_1_48' title='bbox 580 816 612 839; x_wconf 94' lang='lat' dir='ltr'><strong>ut</strong></span> <span class='ocrx_word' id='word_1_49' title='bbox 630 810 820 839; x_wconf 87' lang='lat' dir='ltr'><strong>medietatem</strong></span> <span class='ocrx_word' id='word_1_50' title='bbox 837 808 977 847; x_wconf 86' lang='lat' dir='ltr'>pecunie,</span> <span class='ocrx_word' id='word_1_51' title='bbox 991 817 1080 846; x_wconf 90' lang='lat' dir='ltr'><strong>quam</strong></span> <span class='ocrx_word' id='word_1_52' title='bbox 1092 806 1223 835; x_wconf 90' lang='lat' dir='ltr'><strong>debebat</strong></span> <span class='ocrx_word' id='word_1_53' title='bbox 1235 805 1351 834; x_wconf 89' lang='lat' dir='ltr'><strong>nationi</strong></span> 
     </span>
     <span class='ocr_line' id='line_1_10' title="bbox 450 854 1349 894; baseline -0.007 -5"><span class='ocrx_word' id='word_1_54' title='bbox 450 860 486 889; x_wconf 92' lang='lat' dir='ltr'><strong>de</strong></span> <span class='ocrx_word' id='word_1_55' title='bbox 515 858 753 888; x_wconf 89' lang='lat' dir='ltr'><strong>determinancia</strong></span> <span class='ocrx_word' id='word_1_56' title='bbox 782 864 811 886; x_wconf 88' lang='lat' dir='ltr'><strong>et</strong></span> <span class='ocrx_word' id='word_1_57' title='bbox 838 857 981 891; x_wconf 86' lang='lat' dir='ltr'>licencia,</span> <span class='ocrx_word' id='word_1_58' title='bbox 1010 855 1144 885; x_wconf 87' lang='lat' dir='ltr'><strong>solveret</strong></span> <span class='ocrx_word' id='word_1_59' title='bbox 1170 854 1201 883; x_wconf 89' lang='lat' dir='ltr'><strong>in</strong></span> <span class='ocrx_word' id='word_1_60' title='bbox 1231 860 1349 894; x_wconf 88' lang='lat' dir='ltr'><strong>parato,</strong></span> 
     </span>
     <span class='ocr_line' id='line_1_11' title="bbox 449 904 1352 948; baseline -0.007 -11"><span class='ocrx_word' id='word_1_61' title='bbox 449 915 479 937; x_wconf 92' lang='lat' dir='ltr'><strong>et</strong></span> <span class='ocrx_word' id='word_1_62' title='bbox 499 918 557 948; x_wconf 89' lang='lat' dir='ltr'><strong>pro</strong></span> <span class='ocrx_word' id='word_1_63' title='bbox 582 908 705 937; x_wconf 86' lang='lat' dir='ltr'><strong>residua</strong></span> <span class='ocrx_word' id='word_1_64' title='bbox 725 906 886 935; x_wconf 86' lang='lat' dir='ltr'><strong>medietate</strong></span> <span class='ocrx_word' id='word_1_65' title='bbox 908 906 1042 934; x_wconf 86' lang='lat' dir='ltr'><strong>traderet</strong></span> <span class='ocrx_word' id='word_1_66' title='bbox 1064 905 1144 932; x_wconf 90' lang='lat' dir='ltr'><strong>bona</strong></span> <span class='ocrx_word' id='word_1_67' title='bbox 1168 904 1299 943; x_wconf 86' lang='lat' dir='ltr'><strong>pignora</strong></span> <span class='ocrx_word' id='word_1_68' title='bbox 1322 909 1352 932; x_wconf 91' lang='lat' dir='ltr'><strong>et</strong></span> 
     </span>
     <span class='ocr_line' id='line_1_12' title="bbox 448 952 1350 996; baseline -0.007 -10"><span class='ocrx_word' id='word_1_69' title='bbox 448 957 641 996; x_wconf 88' lang='lat' dir='ltr'><strong>promitteret</strong></span> <span class='ocrx_word' id='word_1_70' title='bbox 675 956 772 984; x_wconf 87' lang='lat' dir='ltr'><strong>facere</strong></span> <span class='ocrx_word' id='word_1_71' title='bbox 808 954 1004 994; x_wconf 84' lang='lat' dir='ltr'>diligenciam</span> <span class='ocrx_word' id='word_1_72' title='bbox 1037 954 1075 982; x_wconf 89' lang='lat' dir='ltr'><strong>ad</strong></span> <span class='ocrx_word' id='word_1_73' title='bbox 1112 952 1350 992; x_wconf 87' lang='lat' dir='ltr'><strong>persolvendum</strong></span> 
     </span>
     <span class='ocr_line' id='line_1_13' title="bbox 449 1005 807 1045; baseline -0.008 -10"><span class='ocrx_word' id='word_1_74' title='bbox 449 1012 561 1045; x_wconf 91' lang='lat' dir='ltr'><strong>quanto</strong></span> <span class='ocrx_word' id='word_1_75' title='bbox 575 1005 671 1034; x_wconf 92' lang='lat' dir='ltr'><strong>cicius</strong></span> <span class='ocrx_word' id='word_1_76' title='bbox 690 1009 807 1043; x_wconf 87' lang='lat' dir='ltr'><strong>posset.</strong></span> 
     </span>
    </p>

    <p class='ocr_par' dir='ltr' id='par_1_4' title="bbox 446 1049 1351 1385">
     <span class='ocr_line' id='line_1_14' title="bbox 489 1049 1351 1083; baseline -0.006 0"><span class='ocrx_word' id='word_1_77' title='bbox 489 1054 562 1083; x_wconf 88' lang='lat' dir='ltr'><strong>Item</strong></span> <span class='ocrx_word' id='word_1_78' title='bbox 583 1054 637 1082; x_wconf 86' lang='lat' dir='ltr'><strong>fuit</strong></span> <span class='ocrx_word' id='word_1_79' title='bbox 656 1062 836 1082; x_wconf 90' lang='lat' dir='ltr'><strong>concessum</strong></span> <span class='ocrx_word' id='word_1_80' title='bbox 862 1051 986 1080; x_wconf 89' lang='lat' dir='ltr'><strong>domino</strong></span> <span class='ocrx_word' id='word_1_81' title='bbox 1009 1050 1141 1079; x_wconf 86' lang='lat' dir='ltr'><strong>Johanni</strong></span> <span class='ocrx_word' id='word_1_82' title='bbox 1170 1050 1207 1079; x_wconf 91' lang='lat' dir='ltr'><strong>de</strong></span> <span class='ocrx_word' id='word_1_83' title='bbox 1230 1049 1351 1078; x_wconf 88' lang='lat' dir='ltr'><strong>Rostok</strong></span> 
     </span>
     <span class='ocr_line' id='line_1_15' title="bbox 448 1100 1350 1142; baseline -0.006 -10"><span class='ocrx_word' id='word_1_84' title='bbox 448 1103 530 1142; x_wconf 84' lang='lat' dir='ltr'><strong>quod</strong></span> <span class='ocrx_word' id='word_1_85' title='bbox 543 1107 755 1141; x_wconf 78' lang='lat' dir='ltr'><strong>expectaretur</strong></span> <span class='ocrx_word' id='word_1_86' title='bbox 771 1101 829 1130; x_wconf 89' lang='lat' dir='ltr'><strong>sibi</strong></span> <span class='ocrx_word' id='word_1_87' title='bbox 844 1100 961 1129; x_wconf 91' lang='lat' dir='ltr'><strong>solucio</strong></span> <span class='ocrx_word' id='word_1_88' title='bbox 976 1100 1150 1134; x_wconf 84' lang='lat' dir='ltr'><strong>bursarum,</strong></span> <span class='ocrx_word' id='word_1_89' title='bbox 1169 1108 1245 1138; x_wconf 90' lang='lat' dir='ltr'><strong>quas</strong></span> <span class='ocrx_word' id='word_1_90' title='bbox 1262 1104 1350 1127; x_wconf 90' lang='lat' dir='ltr'><strong>tene-</strong></span> 
     </span>
     <span class='ocr_line' id='line_1_16' title="bbox 447 1147 1348 1183; baseline -0.004 -3"><span class='ocrx_word' id='word_1_91' title='bbox 447 1152 536 1180; x_wconf 87' lang='lat' dir='ltr'><strong>batur</strong></span> <span class='ocrx_word' id='word_1_92' title='bbox 568 1150 688 1179; x_wconf 89' lang='lat' dir='ltr'><strong>nacioni</strong></span> <span class='ocrx_word' id='word_1_93' title='bbox 723 1151 760 1178; x_wconf 90' lang='lat' dir='ltr'><strong>de</strong></span> <span class='ocrx_word' id='word_1_94' title='bbox 789 1148 1027 1178; x_wconf 89' lang='lat' dir='ltr'><strong>determinancia</strong></span> <span class='ocrx_word' id='word_1_95' title='bbox 1059 1158 1115 1177; x_wconf 89' lang='lat' dir='ltr'><strong>sua</strong></span> <span class='ocrx_word' id='word_1_96' title='bbox 1145 1154 1174 1177; x_wconf 95' lang='lat' dir='ltr'><strong>et</strong></span> <span class='ocrx_word' id='word_1_97' title='bbox 1203 1147 1348 1183; x_wconf 87' lang='lat' dir='ltr'><strong>licencia,</strong></span> 
     </span>
     <span class='ocr_line' id='line_1_17' title="bbox 449 1196 1348 1237; baseline -0.006 -8"><span class='ocrx_word' id='word_1_98' title='bbox 449 1200 611 1229; x_wconf 89' lang='lat' dir='ltr'><strong>dummodo</strong></span> <span class='ocrx_word' id='word_1_99' title='bbox 627 1200 738 1228; x_wconf 82' lang='lat' dir='ltr'><strong>faceret</strong></span> <span class='ocrx_word' id='word_1_100' title='bbox 751 1198 924 1227; x_wconf 89' lang='lat' dir='ltr'><strong>caucionem</strong></span> <span class='ocrx_word' id='word_1_101' title='bbox 939 1207 996 1237; x_wconf 87' lang='lat' dir='ltr'><strong>per</strong></span> <span class='ocrx_word' id='word_1_102' title='bbox 1011 1197 1128 1226; x_wconf 85' lang='lat' dir='ltr'><strong>litteras</strong></span> <span class='ocrx_word' id='word_1_103' title='bbox 1142 1196 1280 1225; x_wconf 85' lang='lat' dir='ltr'><strong>officialis</strong></span> <span class='ocrx_word' id='word_1_104' title='bbox 1292 1197 1348 1225; x_wconf 88' lang='lat' dir='ltr'><strong>sub</strong></span> 
     </span>
     <span class='ocr_line' id='line_1_18' title="bbox 448 1245 1349 1288; baseline -0.003 -11"><span class='ocrx_word' id='word_1_105' title='bbox 448 1259 525 1288; x_wconf 91' lang='lat' dir='ltr'><strong>pena</strong></span> <span class='ocrx_word' id='word_1_106' title='bbox 543 1247 880 1282; x_wconf 82' lang='lat' dir='ltr'><strong>excommunicacionis,</strong></span> <span class='ocrx_word' id='word_1_107' title='bbox 894 1247 976 1285; x_wconf 92' lang='lat' dir='ltr'><strong>quod</strong></span> <span class='ocrx_word' id='word_1_108' title='bbox 990 1246 1179 1275; x_wconf 86' lang='lat' dir='ltr'><strong>satisfaceret</strong></span> <span class='ocrx_word' id='word_1_109' title='bbox 1194 1245 1273 1274; x_wconf 86' lang='lat' dir='ltr'><strong>infra</strong></span> <span class='ocrx_word' id='word_1_110' title='bbox 1285 1251 1349 1274; x_wconf 89' lang='lat' dir='ltr'><strong>tres</strong></span> 
     </span>
     <span class='ocr_line' id='line_1_19' title="bbox 448 1293 1348 1335; baseline -0.003 -9"><span class='ocrx_word' id='word_1_111' title='bbox 448 1308 555 1332; x_wconf 83' lang='lat' dir='ltr'><strong>annOS‚</strong></span> <span class='ocrx_word' id='word_1_112' title='bbox 573 1303 602 1326; x_wconf 90' lang='lat' dir='ltr'><strong>et</strong></span> <span class='ocrx_word' id='word_1_113' title='bbox 613 1295 732 1335; x_wconf 87' lang='lat' dir='ltr'><strong>juraret</strong></span> <span class='ocrx_word' id='word_1_114' title='bbox 742 1297 840 1325; x_wconf 86' lang='lat' dir='ltr'><strong>facere</strong></span> <span class='ocrx_word' id='word_1_115' title='bbox 855 1295 1049 1335; x_wconf 85' lang='lat' dir='ltr'><strong>diligenciam</strong></span> <span class='ocrx_word' id='word_1_116' title='bbox 1061 1294 1200 1324; x_wconf 86' lang='lat' dir='ltr'><strong>solvendi</strong></span> <span class='ocrx_word' id='word_1_117' title='bbox 1218 1294 1305 1333; x_wconf 90' lang='lat' dir='ltr'><strong>prius</strong></span> <span class='ocrx_word' id='word_1_118' title='bbox 1321 1293 1348 1323; x_wconf 94' lang='lat' dir='ltr'><strong>si</strong></span> 
     </span>
     <span class='ocr_line' id='line_1_20' title="bbox 446 1352 562 1385; baseline -0.009 -10"><span class='ocrx_word' id='word_1_119' title='bbox 446 1352 562 1385; x_wconf 88' lang='lat' dir='ltr'><strong>posset.</strong></span> 
     </span>
    </p>

    <p class='ocr_par' dir='ltr' id='par_1_5' title="bbox 445 1392 1348 1677">
     <span class='ocr_line' id='line_1_21' title="bbox 487 1392 1347 1424; baseline -0.005 0"><span class='ocrx_word' id='word_1_120' title='bbox 487 1395 561 1424; x_wconf 87' lang='lat' dir='ltr'><strong>Item</strong></span> <span class='ocrx_word' id='word_1_121' title='bbox 596 1394 651 1424; x_wconf 85' lang='lat' dir='ltr'><strong>fuit</strong></span> <span class='ocrx_word' id='word_1_122' title='bbox 684 1403 865 1423; x_wconf 87' lang='lat' dir='ltr'><strong>concessum</strong></span> <span class='ocrx_word' id='word_1_123' title='bbox 899 1392 1023 1422; x_wconf 91' lang='lat' dir='ltr'><strong>domino</strong></span> <span class='ocrx_word' id='word_1_124' title='bbox 1062 1392 1274 1421; x_wconf 87' lang='lat' dir='ltr'><strong>Fredemanno</strong></span> <span class='ocrx_word' id='word_1_125' title='bbox 1310 1392 1347 1421; x_wconf 92' lang='lat' dir='ltr'><strong>de</strong></span> 
     </span>
     <span class='ocr_line' id='line_1_22' title="bbox 447 1441 1348 1482; baseline -0.004 -9"><span class='ocrx_word' id='word_1_126' title='bbox 447 1444 571 1473; x_wconf 88' lang='lat' dir='ltr'><strong>Boemia</strong></span> <span class='ocrx_word' id='word_1_127' title='bbox 585 1450 616 1472; x_wconf 92' lang='lat' dir='ltr'><strong>ut</strong></span> <span class='ocrx_word' id='word_1_128' title='bbox 633 1449 845 1482; x_wconf 89' lang='lat' dir='ltr'><strong>expectaretur</strong></span> <span class='ocrx_word' id='word_1_129' title='bbox 862 1442 899 1470; x_wconf 92' lang='lat' dir='ltr'><strong>de</strong></span> <span class='ocrx_word' id='word_1_130' title='bbox 914 1441 1019 1470; x_wconf 88' lang='lat' dir='ltr'><strong>bursis</strong></span> <span class='ocrx_word' id='word_1_131' title='bbox 1033 1441 1110 1476; x_wconf 89' lang='lat' dir='ltr'><strong>suis,</strong></span> <span class='ocrx_word' id='word_1_132' title='bbox 1127 1451 1203 1480; x_wconf 92' lang='lat' dir='ltr'><strong>quas</strong></span> <span class='ocrx_word' id='word_1_133' title='bbox 1220 1441 1348 1470; x_wconf 87' lang='lat' dir='ltr'><strong>teneba-</strong></span> 
     </span>
     <span class='ocr_line' id='line_1_23' title="bbox 446 1490 1348 1529; baseline -0.004 -7"><span class='ocrx_word' id='word_1_134' title='bbox 446 1500 495 1522; x_wconf 88' lang='lat' dir='ltr'><strong>tur</strong></span> <span class='ocrx_word' id='word_1_135' title='bbox 509 1492 630 1521; x_wconf 86' lang='lat' dir='ltr'><strong>nacioni</strong></span> <span class='ocrx_word' id='word_1_136' title='bbox 646 1493 683 1521; x_wconf 90' lang='lat' dir='ltr'><strong>de</strong></span> <span class='ocrx_word' id='word_1_137' title='bbox 698 1491 826 1520; x_wconf 89' lang='lat' dir='ltr'><strong>licencia</strong></span> <span class='ocrx_word' id='word_1_138' title='bbox 843 1501 898 1520; x_wconf 91' lang='lat' dir='ltr'><strong>sua</strong></span> <span class='ocrx_word' id='word_1_139' title='bbox 913 1491 950 1519; x_wconf 90' lang='lat' dir='ltr'><strong>ad</strong></span> <span class='ocrx_word' id='word_1_140' title='bbox 962 1491 1040 1519; x_wconf 91' lang='lat' dir='ltr'><strong>duos</strong></span> <span class='ocrx_word' id='word_1_141' title='bbox 1055 1500 1163 1525; x_wconf 90' lang='lat' dir='ltr'><strong>annos,</strong></span> <span class='ocrx_word' id='word_1_142' title='bbox 1181 1496 1210 1519; x_wconf 89' lang='lat' dir='ltr'><strong>et</strong></span> <span class='ocrx_word' id='word_1_143' title='bbox 1227 1490 1348 1529; x_wconf 88' lang='lat' dir='ltr'><strong>obliga-</strong></span> 
     </span>
     <span class='ocr_line' id='line_1_24' title="bbox 445 1538 1347 1578; baseline -0.003 -8"><span class='ocrx_word' id='word_1_144' title='bbox 445 1548 493 1570; x_wconf 89' lang='lat' dir='ltr'><strong>ret</strong></span> <span class='ocrx_word' id='word_1_145' title='bbox 515 1552 547 1570; x_wconf 88' lang='lat' dir='ltr'><strong>se</strong></span> <span class='ocrx_word' id='word_1_146' title='bbox 569 1541 793 1570; x_wconf 88' lang='lat' dir='ltr'><strong>satisfacturum</strong></span> <span class='ocrx_word' id='word_1_147' title='bbox 815 1539 894 1568; x_wconf 86' lang='lat' dir='ltr'><strong>infra</strong></span> <span class='ocrx_word' id='word_1_148' title='bbox 915 1549 972 1578; x_wconf 90' lang='lat' dir='ltr'><strong>per</strong></span> <span class='ocrx_word' id='word_1_149' title='bbox 993 1539 1110 1568; x_wconf 86' lang='lat' dir='ltr'><strong>litteras</strong></span> <span class='ocrx_word' id='word_1_150' title='bbox 1134 1538 1271 1568; x_wconf 84' lang='lat' dir='ltr'><strong>officialis</strong></span> <span class='ocrx_word' id='word_1_151' title='bbox 1290 1539 1347 1568; x_wconf 93' lang='lat' dir='ltr'><strong>sub</strong></span> 
     </span>
     <span class='ocr_line' id='line_1_25' title="bbox 445 1587 1347 1630; baseline -0.003 -11"><span class='ocrx_word' id='word_1_152' title='bbox 445 1600 523 1630; x_wconf 91' lang='lat' dir='ltr'><strong>pena</strong></span> <span class='ocrx_word' id='word_1_153' title='bbox 542 1589 870 1619; x_wconf 84' lang='lat' dir='ltr'><strong>excommunicacionis</strong></span> <span class='ocrx_word' id='word_1_154' title='bbox 890 1595 919 1617; x_wconf 93' lang='lat' dir='ltr'><strong>et</strong></span> <span class='ocrx_word' id='word_1_155' title='bbox 941 1588 1039 1617; x_wconf 87' lang='lat' dir='ltr'><strong>facere</strong></span> <span class='ocrx_word' id='word_1_156' title='bbox 1060 1587 1248 1627; x_wconf 86' lang='lat' dir='ltr'><strong>diligentiam</strong></span> <span class='ocrx_word' id='word_1_157' title='bbox 1274 1598 1347 1627; x_wconf 89' lang='lat' dir='ltr'><strong>per-</strong></span> 
     </span>
     <span class='ocr_line' id='line_1_26' title="bbox 447 1638 860 1677; baseline -0.005 -9"><span class='ocrx_word' id='word_1_158' title='bbox 447 1639 585 1668; x_wconf 87' lang='lat' dir='ltr'><strong>solvendi</strong></span> <span class='ocrx_word' id='word_1_159' title='bbox 600 1638 688 1677; x_wconf 88' lang='lat' dir='ltr'><strong>prius</strong></span> <span class='ocrx_word' id='word_1_160' title='bbox 704 1638 730 1666; x_wconf 90' lang='lat' dir='ltr'><strong>si</strong></span> <span class='ocrx_word' id='word_1_161' title='bbox 744 1643 860 1676; x_wconf 88' lang='lat' dir='ltr'><strong>posset.</strong></span> 
     </span>
    </p>

    <p class='ocr_par' dir='ltr' id='par_1_6' title="bbox 446 1685 1347 1776">
     <span class='ocr_line' id='line_1_27' title="bbox 487 1685 1347 1717; baseline -0.002 0"><span class='ocrx_word' id='word_1_162' title='bbox 487 1688 561 1717; x_wconf 87' lang='lat' dir='ltr'><strong>Item</strong></span> <span class='ocrx_word' id='word_1_163' title='bbox 577 1687 754 1716; x_wconf 91' lang='lat' dir='ltr'><strong>licenciatus</strong></span> <span class='ocrx_word' id='word_1_164' title='bbox 771 1686 826 1715; x_wconf 88' lang='lat' dir='ltr'><strong>fuit</strong></span> <span class='ocrx_word' id='word_1_165' title='bbox 843 1686 984 1715; x_wconf 91' lang='lat' dir='ltr'><strong>dominus</strong></span> <span class='ocrx_word' id='word_1_166' title='bbox 998 1685 1154 1715; x_wconf 88' lang='lat' dir='ltr'><strong>Johannes</strong></span> <span class='ocrx_word' id='word_1_167' title='bbox 1170 1686 1207 1715; x_wconf 96' lang='lat' dir='ltr'><strong>de</strong></span> <span class='ocrx_word' id='word_1_168' title='bbox 1225 1686 1347 1715; x_wconf 91' lang='lat' dir='ltr'><strong>Rostok</strong></span> 
     </span>
     <span class='ocr_line' id='line_1_28' title="bbox 446 1734 1020 1776; baseline -0.005 -10"><span class='ocrx_word' id='word_1_169' title='bbox 446 1737 502 1766; x_wconf 85' lang='lat' dir='ltr'><strong>sub</strong></span> <span class='ocrx_word' id='word_1_170' title='bbox 519 1737 665 1776; x_wconf 88' lang='lat' dir='ltr'><strong>magistro</strong></span> <span class='ocrx_word' id='word_1_171' title='bbox 681 1735 809 1765; x_wconf 89' lang='lat' dir='ltr'><strong>Alberto</strong></span> <span class='ocrx_word' id='word_1_172' title='bbox 825 1736 862 1764; x_wconf 89' lang='lat' dir='ltr'><strong>de</strong></span> <span class='ocrx_word' id='word_1_173' title='bbox 878 1734 1020 1764; x_wconf 86' lang='lat' dir='ltr'><strong>Saxonia.</strong></span> 
     </span>
    </p>

    <p class='ocr_par' dir='ltr' id='par_1_7' title="bbox 445 1783 1346 2009">
     <span class='ocr_line' id='line_1_29' title="bbox 486 1783 1346 1814; baseline -0.001 0"><span class='ocrx_word' id='word_1_174' title='bbox 486 1785 560 1814; x_wconf 90' lang='lat' dir='ltr'><strong>Item</strong></span> <span class='ocrx_word' id='word_1_175' title='bbox 587 1784 800 1814; x_wconf 76' lang='lat' dir='ltr'><strong>determinavit</strong></span> <span class='ocrx_word' id='word_1_176' title='bbox 833 1784 912 1813; x_wconf 89' lang='lat' dir='ltr'><strong>idem</strong></span> <span class='ocrx_word' id='word_1_177' title='bbox 944 1784 1086 1812; x_wconf 90' lang='lat' dir='ltr'><strong>dominus</strong></span> <span class='ocrx_word' id='word_1_178' title='bbox 1117 1783 1272 1812; x_wconf 86' lang='lat' dir='ltr'><strong>Johannes</strong></span> <span class='ocrx_word' id='word_1_179' title='bbox 1308 1784 1346 1813; x_wconf 90' lang='lat' dir='ltr'><strong>de</strong></span> 
     </span>
     <span class='ocr_line' id='line_1_30' title="bbox 446 1831 1346 1873; baseline -0.002 -10"><span class='ocrx_word' id='word_1_180' title='bbox 446 1834 565 1863; x_wconf 87' lang='lat' dir='ltr'><strong>Rostok</strong></span> <span class='ocrx_word' id='word_1_181' title='bbox 577 1835 633 1863; x_wconf 92' lang='lat' dir='ltr'><strong>sub</strong></span> <span class='ocrx_word' id='word_1_182' title='bbox 645 1834 791 1873; x_wconf 90' lang='lat' dir='ltr'><strong>magistro</strong></span> <span class='ocrx_word' id='word_1_183' title='bbox 803 1832 937 1862; x_wconf 87' lang='lat' dir='ltr'><strong>Henrico</strong></span> <span class='ocrx_word' id='word_1_184' title='bbox 951 1833 988 1861; x_wconf 90' lang='lat' dir='ltr'><strong>de</strong></span> <span class='ocrx_word' id='word_1_185' title='bbox 1000 1833 1138 1871; x_wconf 90' lang='lat' dir='ltr'><strong>Kempis,</strong></span> <span class='ocrx_word' id='word_1_186' title='bbox 1154 1831 1240 1871; x_wconf 89' lang='lat' dir='ltr'><strong>cujus</strong></span> <span class='ocrx_word' id='word_1_187' title='bbox 1253 1833 1346 1862; x_wconf 89' lang='lat' dir='ltr'><strong>bursa</strong></span> 
     </span>
     <span class='ocr_line' id='line_1_31' title="bbox 446 1882 1345 1921; baseline 0 -10"><span class='ocrx_word' id='word_1_188' title='bbox 446 1883 657 1912; x_wconf 88' lang='lat' dir='ltr'><strong>semiflorenus</strong></span> <span class='ocrx_word' id='word_1_189' title='bbox 682 1883 719 1911; x_wconf 94' lang='lat' dir='ltr'><strong>de</strong></span> <span class='ocrx_word' id='word_1_190' title='bbox 746 1882 911 1917; x_wconf 80' lang='lat' dir='ltr'><strong>Florentia,</strong></span> <span class='ocrx_word' id='word_1_191' title='bbox 942 1887 972 1910; x_wconf 89' lang='lat' dir='ltr'><strong>et</strong></span> <span class='ocrx_word' id='word_1_192' title='bbox 999 1891 1056 1920; x_wconf 91' lang='lat' dir='ltr'><strong>pro</strong></span> <span class='ocrx_word' id='word_1_193' title='bbox 1083 1887 1168 1920; x_wconf 88' lang='lat' dir='ltr'><strong>parte</strong></span> <span class='ocrx_word' id='word_1_194' title='bbox 1202 1887 1345 1921; x_wconf 87' lang='lat' dir='ltr'><strong>tangente</strong></span> 
     </span>
     <span class='ocr_line' id='line_1_32' title="bbox 445 1930 1345 1969; baseline 0 -9"><span class='ocrx_word' id='word_1_195' title='bbox 445 1932 603 1960; x_wconf 87' lang='lat' dir='ltr'><strong>nacionem</strong></span> <span class='ocrx_word' id='word_1_196' title='bbox 629 1931 713 1960; x_wconf 89' lang='lat' dir='ltr'><strong>dedit</strong></span> <span class='ocrx_word' id='word_1_197' title='bbox 739 1931 869 1960; x_wconf 85' lang='lat' dir='ltr'><strong>litteram</strong></span> <span class='ocrx_word' id='word_1_198' title='bbox 892 1930 1041 1965; x_wconf 87' lang='lat' dir='ltr'><strong>officialis,</strong></span> <span class='ocrx_word' id='word_1_199' title='bbox 1075 1936 1105 1959; x_wconf 93' lang='lat' dir='ltr'><strong>et</strong></span> <span class='ocrx_word' id='word_1_200' title='bbox 1132 1940 1189 1969; x_wconf 93' lang='lat' dir='ltr'><strong>pro</strong></span> <span class='ocrx_word' id='word_1_201' title='bbox 1221 1930 1345 1960; x_wconf 90' lang='lat' dir='ltr'><strong>residuo</strong></span> 
     </span>
     <span class='ocr_line' id='line_1_33' title="bbox 445 1981 602 2009; baseline 0 0"><span class='ocrx_word' id='word_1_202' title='bbox 445 1981 602 2009; x_wconf 82' lang='lat' dir='ltr'><strong>satisfecit.</strong></span> 
     </span>
    </p>

    <p class='ocr_par' dir='ltr' id='par_1_8' title="bbox 444 2028 1345 2214">
     <span class='ocr_line' id='line_1_34' title="bbox 485 2028 1344 2058; baseline -0.001 0"><span class='ocrx_word' id='word_1_203' title='bbox 485 2029 558 2058; x_wconf 89' lang='lat' dir='ltr'><strong>Item</strong></span> <span class='ocrx_word' id='word_1_204' title='bbox 587 2029 759 2057; x_wconf 89' lang='lat' dir='ltr'><strong>licentiatus</strong></span> <span class='ocrx_word' id='word_1_205' title='bbox 787 2028 842 2057; x_wconf 90' lang='lat' dir='ltr'><strong>fuit</strong></span> <span class='ocrx_word' id='word_1_206' title='bbox 872 2028 1013 2057; x_wconf 91' lang='lat' dir='ltr'><strong>dominus</strong></span> <span class='ocrx_word' id='word_1_207' title='bbox 1046 2028 1274 2057; x_wconf 86' lang='lat' dir='ltr'><strong>Fredemannus</strong></span> <span class='ocrx_word' id='word_1_208' title='bbox 1307 2029 1344 2057; x_wconf 92' lang='lat' dir='ltr'><strong>de</strong></span> 
     </span>
     <span class='ocr_line' id='line_1_35' title="bbox 445 2076 1345 2117; baseline 0 -11"><span class='ocrx_word' id='word_1_209' title='bbox 445 2078 544 2117; x_wconf 86' lang='lat' dir='ltr'><strong>Praga</strong></span> <span class='ocrx_word' id='word_1_210' title='bbox 558 2077 711 2106; x_wconf 89' lang='lat' dir='ltr'><strong>Bohemus</strong></span> <span class='ocrx_word' id='word_1_211' title='bbox 727 2078 784 2106; x_wconf 89' lang='lat' dir='ltr'><strong>sub</strong></span> <span class='ocrx_word' id='word_1_212' title='bbox 799 2077 946 2116; x_wconf 86' lang='lat' dir='ltr'><strong>magistro</strong></span> <span class='ocrx_word' id='word_1_213' title='bbox 962 2076 1089 2105; x_wconf 92' lang='lat' dir='ltr'><strong>Alberto</strong></span> <span class='ocrx_word' id='word_1_214' title='bbox 1105 2078 1142 2105; x_wconf 91' lang='lat' dir='ltr'><strong>de</strong></span> <span class='ocrx_word' id='word_1_215' title='bbox 1157 2077 1300 2112; x_wconf 82' lang='lat' dir='ltr'><strong>Saxonia,</strong></span> <span class='ocrx_word' id='word_1_216' title='bbox 1316 2083 1345 2106; x_wconf 86' lang='lat' dir='ltr'><strong>et</strong></span> 
     </span>
     <span class='ocr_line' id='line_1_36' title="bbox 444 2125 1344 2166; baseline 0.001 -11"><span class='ocrx_word' id='word_1_217' title='bbox 444 2127 528 2155; x_wconf 87' lang='lat' dir='ltr'><strong>dedit</strong></span> <span class='ocrx_word' id='word_1_218' title='bbox 542 2127 662 2155; x_wconf 88' lang='lat' dir='ltr'><strong>nacioni</strong></span> <span class='ocrx_word' id='word_1_219' title='bbox 675 2127 792 2155; x_wconf 89' lang='lat' dir='ltr'><strong>literam</strong></span> <span class='ocrx_word' id='word_1_220' title='bbox 808 2125 944 2155; x_wconf 86' lang='lat' dir='ltr'><strong>officialis</strong></span> <span class='ocrx_word' id='word_1_221' title='bbox 960 2126 1166 2154; x_wconf 89' lang='lat' dir='ltr'><strong>continentem</strong></span> <span class='ocrx_word' id='word_1_222' title='bbox 1182 2127 1200 2154; x_wconf 90' lang='lat'>8</span> <span class='ocrx_word' id='word_1_223' title='bbox 1213 2136 1344 2166; x_wconf 87' lang='lat' dir='ltr'><strong>grossos</strong></span> 
     </span>
     <span class='ocr_line' id='line_1_37' title="bbox 444 2174 1341 2214; baseline 0 -10"><span class='ocrx_word' id='word_1_224' title='bbox 444 2185 501 2214; x_wconf 88' lang='lat' dir='ltr'><strong>pro</strong></span> <span class='ocrx_word' id='word_1_225' title='bbox 523 2176 626 2204; x_wconf 88' lang='lat' dir='ltr'><strong>bursis</strong></span> <span class='ocrx_word' id='word_1_226' title='bbox 646 2175 841 2214; x_wconf 86' lang='lat' dir='ltr'><strong>tangentibus</strong></span> <span class='ocrx_word' id='word_1_227' title='bbox 856 2174 1026 2209; x_wconf 86' lang='lat' dir='ltr'><strong>nacionem‚</strong></span> <span class='ocrx_word' id='word_1_228' title='bbox 1043 2175 1081 2203; x_wconf 92' lang='lat' dir='ltr'><strong>de</strong></span> <span class='ocrx_word' id='word_1_229' title='bbox 1096 2175 1165 2204; x_wconf 85' lang='lat' dir='ltr'><strong>aliis</strong></span> <span class='ocrx_word' id='word_1_230' title='bbox 1182 2175 1341 2205; x_wconf 86' lang='lat' dir='ltr'><strong>satisfecit.</strong></span> 
     </span>
    </p>

    <p class='ocr_par' dir='ltr' id='par_1_9' title="bbox 442 2223 1344 2604">
     <span class='ocr_line' id='line_1_38' title="bbox 484 2223 1343 2262; baseline 0.001 -10"><span class='ocrx_word' id='word_1_231' title='bbox 484 2224 558 2253; x_wconf 89' lang='lat' dir='ltr'><strong>Item</strong></span> <span class='ocrx_word' id='word_1_232' title='bbox 586 2224 635 2252; x_wconf 91' lang='lat' dir='ltr'><strong>die</strong></span> <span class='ocrx_word' id='word_1_233' title='bbox 666 2225 696 2252; x_wconf 89' lang='lat'><strong>2⁰</strong></span> <span class='ocrx_word' id='word_1_234' title='bbox 731 2223 845 2252; x_wconf 90' lang='lat' dir='ltr'><strong>mensis</strong></span> <span class='ocrx_word' id='word_1_235' title='bbox 875 2223 977 2252; x_wconf 87' lang='lat' dir='ltr'><strong>Martii</strong></span> <span class='ocrx_word' id='word_1_236' title='bbox 1006 2223 1082 2252; x_wconf 83' lang='lat' dir='ltr'><strong>hora</strong></span> <span class='ocrx_word' id='word_1_237' title='bbox 1108 2223 1206 2262; x_wconf 89' lang='lat' dir='ltr'><strong>prime</strong></span> <span class='ocrx_word' id='word_1_238' title='bbox 1231 2224 1343 2253; x_wconf 89' lang='lat' dir='ltr'><strong>Nostre</strong></span> 
     </span>
     <span class='ocr_line' id='line_1_39' title="bbox 444 2272 1343 2312; baseline 0 -11"><span class='ocrx_word' id='word_1_239' title='bbox 444 2273 574 2302; x_wconf 91' lang='lat' dir='ltr'><strong>Domine</strong></span> <span class='ocrx_word' id='word_1_240' title='bbox 597 2273 671 2301; x_wconf 87' lang='lat' dir='ltr'><strong>facta</strong></span> <span class='ocrx_word' id='word_1_241' title='bbox 691 2272 934 2311; x_wconf 86' lang='lat' dir='ltr'><strong>congregacione</strong></span> <span class='ocrx_word' id='word_1_242' title='bbox 951 2272 1088 2301; x_wconf 88' lang='lat' dir='ltr'><strong>nacionis</strong></span> <span class='ocrx_word' id='word_1_243' title='bbox 1107 2273 1145 2300; x_wconf 90' lang='lat' dir='ltr'><strong>ad</strong></span> <span class='ocrx_word' id='word_1_244' title='bbox 1167 2272 1343 2312; x_wconf 89' lang='lat' dir='ltr'><strong>supplican-</strong></span> 
     </span>
     <span class='ocr_line' id='line_1_40' title="bbox 443 2321 1342 2355; baseline 0 -5"><span class='ocrx_word' id='word_1_245' title='bbox 443 2322 513 2350; x_wconf 88' lang='lat' dir='ltr'><strong>dum</strong></span> <span class='ocrx_word' id='word_1_246' title='bbox 536 2322 573 2350; x_wconf 90' lang='lat' dir='ltr'><strong>ad</strong></span> <span class='ocrx_word' id='word_1_247' title='bbox 593 2321 735 2350; x_wconf 85' lang='lat' dir='ltr'><strong>Sanctum</strong></span> <span class='ocrx_word' id='word_1_248' title='bbox 755 2321 918 2355; x_wconf 85' lang='lat' dir='ltr'><strong>Julianum,</strong></span> <span class='ocrx_word' id='word_1_249' title='bbox 943 2331 1123 2350; x_wconf 89' lang='lat' dir='ltr'><strong>concessum</strong></span> <span class='ocrx_word' id='word_1_250' title='bbox 1147 2321 1201 2350; x_wconf 90' lang='lat' dir='ltr'><strong>fuit</strong></span> <span class='ocrx_word' id='word_1_251' title='bbox 1219 2322 1342 2350; x_wconf 91' lang='lat' dir='ltr'><strong>domino</strong></span> 
     </span>
     <span class='ocr_line' id='line_1_41' title="bbox 442 2369 1342 2408; baseline 0.001 -10"><span class='ocrx_word' id='word_1_252' title='bbox 442 2370 572 2399; x_wconf 88' lang='lat' dir='ltr'><strong>Johanni</strong></span> <span class='ocrx_word' id='word_1_253' title='bbox 592 2369 693 2408; x_wconf 87' lang='lat' dir='ltr'><strong>Scalpi</strong></span> <span class='ocrx_word' id='word_1_254' title='bbox 708 2370 745 2398; x_wconf 94' lang='lat' dir='ltr'><strong>de</strong></span> <span class='ocrx_word' id='word_1_255' title='bbox 762 2370 868 2398; x_wconf 83' lang='lat' dir='ltr'><strong>Scocia</strong></span> <span class='ocrx_word' id='word_1_256' title='bbox 881 2376 914 2398; x_wconf 91' lang='lat' dir='ltr'><strong>ut</strong></span> <span class='ocrx_word' id='word_1_257' title='bbox 929 2376 1140 2408; x_wconf 87' lang='lat' dir='ltr'><strong>expectaretur</strong></span> <span class='ocrx_word' id='word_1_258' title='bbox 1154 2370 1213 2399; x_wconf 91' lang='lat' dir='ltr'><strong>sibi</strong></span> <span class='ocrx_word' id='word_1_259' title='bbox 1225 2371 1342 2400; x_wconf 91' lang='lat' dir='ltr'><strong>solucio</strong></span> 
     </span>
     <span class='ocr_line' id='line_1_42' title="bbox 442 2419 1344 2458; baseline 0.001 -11"><span class='ocrx_word' id='word_1_260' title='bbox 442 2420 603 2447; x_wconf 87' lang='lat' dir='ltr'><strong>bursarum</strong></span> <span class='ocrx_word' id='word_1_261' title='bbox 619 2419 812 2458; x_wconf 86' lang='lat' dir='ltr'><strong>tangencium</strong></span> <span class='ocrx_word' id='word_1_262' title='bbox 826 2419 995 2452; x_wconf 89' lang='lat' dir='ltr'><strong>nacionem‚</strong></span> <span class='ocrx_word' id='word_1_263' title='bbox 1013 2419 1177 2447; x_wconf 90' lang='lat' dir='ltr'><strong>dummodo</strong></span> <span class='ocrx_word' id='word_1_264' title='bbox 1190 2419 1344 2458; x_wconf 83' lang='lat' dir='ltr'><strong>obligaret</strong></span> 
     </span>
     <span class='ocr_line' id='line_1_43' title="bbox 443 2467 1341 2506; baseline 0.001 -10"><span class='ocrx_word' id='word_1_265' title='bbox 443 2477 475 2496; x_wconf 90' lang='lat' dir='ltr'><strong>se</strong></span> <span class='ocrx_word' id='word_1_266' title='bbox 486 2478 541 2506; x_wconf 85' lang='lat' dir='ltr'><strong>per</strong></span> <span class='ocrx_word' id='word_1_267' title='bbox 552 2467 683 2496; x_wconf 87' lang='lat' dir='ltr'><strong>litteram</strong></span> <span class='ocrx_word' id='word_1_268' title='bbox 695 2467 832 2496; x_wconf 87' lang='lat' dir='ltr'><strong>officialis</strong></span> <span class='ocrx_word' id='word_1_269' title='bbox 847 2468 903 2496; x_wconf 91' lang='lat' dir='ltr'><strong>sub</strong></span> <span class='ocrx_word' id='word_1_270' title='bbox 919 2477 997 2506; x_wconf 90' lang='lat' dir='ltr'><strong>pena</strong></span> <span class='ocrx_word' id='word_1_271' title='bbox 1013 2468 1341 2498; x_wconf 88' lang='lat' dir='ltr'><strong>excommunicacionis</strong></span> 
     </span>
     <span class='ocr_line' id='line_1_44' title="bbox 443 2515 1341 2554; baseline 0.002 -10"><span class='ocrx_word' id='word_1_272' title='bbox 443 2516 617 2545; x_wconf 84' lang='lat' dir='ltr'><strong>satisfacere</strong></span> <span class='ocrx_word' id='word_1_273' title='bbox 640 2516 671 2544; x_wconf 92' lang='lat' dir='ltr'><strong>in</strong></span> <span class='ocrx_word' id='word_1_274' title='bbox 694 2516 794 2544; x_wconf 88' lang='lat' dir='ltr'><strong>tribus</strong></span> <span class='ocrx_word' id='word_1_275' title='bbox 819 2516 919 2550; x_wconf 85' lang='lat' dir='ltr'><strong>annis,</strong></span> <span class='ocrx_word' id='word_1_276' title='bbox 947 2522 977 2544; x_wconf 91' lang='lat' dir='ltr'><strong>et</strong></span> <span class='ocrx_word' id='word_1_277' title='bbox 996 2515 1114 2554; x_wconf 85' lang='lat' dir='ltr'><strong>juraret</strong></span> <span class='ocrx_word' id='word_1_278' title='bbox 1137 2526 1169 2545; x_wconf 91' lang='lat' dir='ltr'><strong>se</strong></span> <span class='ocrx_word' id='word_1_279' title='bbox 1194 2517 1341 2546; x_wconf 87' lang='lat' dir='ltr'><strong>facturum</strong></span> 
     </span>
     <span class='ocr_line' id='line_1_45' title="bbox 442 2564 1254 2604; baseline 0.001 -11"><span class='ocrx_word' id='word_1_280' title='bbox 442 2564 636 2604; x_wconf 87' lang='lat' dir='ltr'><strong>diligenciam</strong></span> <span class='ocrx_word' id='word_1_281' title='bbox 653 2566 690 2593; x_wconf 94' lang='lat' dir='ltr'><strong>ad</strong></span> <span class='ocrx_word' id='word_1_282' title='bbox 707 2564 886 2594; x_wconf 86' lang='lat' dir='ltr'><strong>solvendum</strong></span> <span class='ocrx_word' id='word_1_283' title='bbox 903 2571 1016 2603; x_wconf 87' lang='lat' dir='ltr'><strong>quanto</strong></span> <span class='ocrx_word' id='word_1_284' title='bbox 1030 2565 1124 2593; x_wconf 90' lang='lat' dir='ltr'><strong>cicius</strong></span> <span class='ocrx_word' id='word_1_285' title='bbox 1139 2572 1254 2603; x_wconf 89' lang='lat' dir='ltr'><strong>posset.</strong></span> 
     </span>
    </p>

    <p class='ocr_par' dir='ltr' id='par_1_10' title="bbox 441 2613 1342 2846">
     <span class='ocr_line' id='line_1_46' title="bbox 483 2613 1342 2652; baseline 0.002 -10"><span class='ocrx_word' id='word_1_286' title='bbox 483 2614 555 2642; x_wconf 88' lang='lat' dir='ltr'><strong>ltem</strong></span> <span class='ocrx_word' id='word_1_287' title='bbox 578 2623 757 2642; x_wconf 87' lang='lat' dir='ltr'><strong>concessum</strong></span> <span class='ocrx_word' id='word_1_288' title='bbox 780 2613 835 2642; x_wconf 91' lang='lat' dir='ltr'><strong>fuit</strong></span> <span class='ocrx_word' id='word_1_289' title='bbox 854 2613 978 2642; x_wconf 92' lang='lat' dir='ltr'><strong>domino</strong></span> <span class='ocrx_word' id='word_1_290' title='bbox 1002 2613 1160 2652; x_wconf 88' lang='lat' dir='ltr'><strong>Rotghero</strong></span> <span class='ocrx_word' id='word_1_291' title='bbox 1183 2615 1220 2642; x_wconf 91' lang='lat' dir='ltr'><strong>de</strong></span> <span class='ocrx_word' id='word_1_292' title='bbox 1244 2614 1342 2644; x_wconf 88' lang='lat' dir='ltr'><strong>Lune-</strong></span> 
     </span>
     <span class='ocr_line' id='line_1_47' title="bbox 441 2662 1342 2702; baseline 0.002 -12"><span class='ocrx_word' id='word_1_293' title='bbox 441 2662 541 2700; x_wconf 88' lang='lat' dir='ltr'><strong>borgh</strong></span> <span class='ocrx_word' id='word_1_294' title='bbox 560 2668 593 2691; x_wconf 91' lang='lat' dir='ltr'><strong>ut</strong></span> <span class='ocrx_word' id='word_1_295' title='bbox 617 2672 672 2701; x_wconf 90' lang='lat' dir='ltr'><strong>pro</strong></span> <span class='ocrx_word' id='word_1_296' title='bbox 692 2662 852 2691; x_wconf 89' lang='lat' dir='ltr'><strong>medietate</strong></span> <span class='ocrx_word' id='word_1_297' title='bbox 874 2662 1015 2701; x_wconf 85' lang='lat' dir='ltr'><strong>pecunie,</strong></span> <span class='ocrx_word' id='word_1_298' title='bbox 1037 2672 1126 2700; x_wconf 89' lang='lat' dir='ltr'><strong>quam</strong></span> <span class='ocrx_word' id='word_1_299' title='bbox 1149 2662 1179 2690; x_wconf 94' lang='lat' dir='ltr'><strong>in</strong></span> <span class='ocrx_word' id='word_1_300' title='bbox 1200 2670 1342 2702; x_wconf 91' lang='lat' dir='ltr'><strong>prompto</strong></span> 
     </span>
     <span class='ocr_line' id='line_1_48' title="bbox 442 2710 1342 2750; baseline 0.002 -11"><span class='ocrx_word' id='word_1_301' title='bbox 442 2710 561 2739; x_wconf 79' lang='lat' dir='ltr'><strong>solvere</strong></span> <span class='ocrx_word' id='word_1_302' title='bbox 584 2711 713 2739; x_wconf 89' lang='lat' dir='ltr'><strong>debebat</strong></span> <span class='ocrx_word' id='word_1_303' title='bbox 733 2717 766 2739; x_wconf 90' lang='lat' dir='ltr'><strong>ut</strong></span> <span class='ocrx_word' id='word_1_304' title='bbox 786 2717 999 2749; x_wconf 86' lang='lat' dir='ltr'><strong>prenarratur,</strong></span> <span class='ocrx_word' id='word_1_305' title='bbox 1027 2711 1239 2750; x_wconf 84' lang='lat' dir='ltr'><strong>reciperentur</strong></span> <span class='ocrx_word' id='word_1_306' title='bbox 1262 2713 1342 2741; x_wconf 91' lang='lat' dir='ltr'><strong>bona</strong></span> 
     </span>
     <span class='ocr_line' id='line_1_49' title="bbox 442 2759 1339 2798; baseline 0.002 -11"><span class='ocrx_word' id='word_1_307' title='bbox 442 2759 573 2797; x_wconf 88' lang='lat' dir='ltr'><strong>pignora</strong></span> <span class='ocrx_word' id='word_1_308' title='bbox 610 2769 667 2798; x_wconf 88' lang='lat' dir='ltr'><strong>que</strong></span> <span class='ocrx_word' id='word_1_309' title='bbox 702 2759 852 2788; x_wconf 90' lang='lat' dir='ltr'><strong>redimere</strong></span> <span class='ocrx_word' id='word_1_310' title='bbox 883 2760 1008 2788; x_wconf 86' lang='lat' dir='ltr'><strong>deberet</strong></span> <span class='ocrx_word' id='word_1_311' title='bbox 1037 2759 1115 2788; x_wconf 89' lang='lat' dir='ltr'><strong>infra</strong></span> <span class='ocrx_word' id='word_1_312' title='bbox 1144 2760 1339 2798; x_wconf 89' lang='lat' dir='ltr'><strong>quindenam,</strong></span> 
     </span>
     <span class='ocr_line' id='line_1_50' title="bbox 441 2807 1341 2846; baseline 0.003 -11"><span class='ocrx_word' id='word_1_313' title='bbox 441 2807 576 2846; x_wconf 87' lang='lat' dir='ltr'><strong>alioquin</strong></span> <span class='ocrx_word' id='word_1_314' title='bbox 593 2808 661 2846; x_wconf 89' lang='lat' dir='ltr'><strong>ipso</strong></span> <span class='ocrx_word' id='word_1_315' title='bbox 676 2807 806 2837; x_wconf 90' lang='lat' dir='ltr'><strong>termino</strong></span> <span class='ocrx_word' id='word_1_316' title='bbox 818 2808 986 2837; x_wconf 88' lang='lat' dir='ltr'><strong>solucionis</strong></span> <span class='ocrx_word' id='word_1_317' title='bbox 998 2808 1102 2846; x_wconf 87' lang='lat' dir='ltr'><strong>elapso</strong></span> <span class='ocrx_word' id='word_1_318' title='bbox 1114 2809 1180 2837; x_wconf 84' lang='lat' dir='ltr'><strong>sine</strong></span> <span class='ocrx_word' id='word_1_319' title='bbox 1196 2809 1341 2838; x_wconf 84' lang='lat' dir='ltr'><strong>dilatione</strong></span> 
     </span>
    </p>
   </div>
   <div class='ocr_carea' id='block_1_3' title="bbox 472 2913 1144 2945">
    <p class='ocr_par' dir='ltr' id='par_1_11' title="bbox 472 2913 1144 2945">
     <span class='ocr_line' id='line_1_51' title="bbox 472 2913 1144 2945; baseline 0.001 -9"><span class='ocrx_word' id='word_1_320' title='bbox 472 2913 495 2936; x_wconf 85' lang='lat'><strong>1.</strong></span> <span class='ocrx_word' id='word_1_321' title='bbox 533 2913 587 2936; x_wconf 82' lang='lat' dir='ltr'><strong>Vid.</strong></span> <span class='ocrx_word' id='word_1_322' title='bbox 599 2913 667 2944; x_wconf 83' lang='lat' dir='ltr'><strong>infra</strong></span> <span class='ocrx_word' id='word_1_323' title='bbox 680 2922 706 2945; x_wconf 88' lang='lat' dir='ltr'><strong>p.</strong></span> <span class='ocrx_word' id='word_1_324' title='bbox 721 2915 773 2943; x_wconf 83' lang='lat'><strong>265,</strong></span> <span class='ocrx_word' id='word_1_325' title='bbox 788 2916 839 2937; x_wconf 83' lang='lat' dir='ltr'><strong>not.</strong></span> <span class='ocrx_word' id='word_1_326' title='bbox 856 2914 878 2942; x_wconf 84' lang='lat'><strong>2,</strong></span> <span class='ocrx_word' id='word_1_327' title='bbox 893 2914 1007 2937; x_wconf 64' lang='lat' dir='ltr'><strong>instrum.</strong></span> <span class='ocrx_word' id='word_1_328' title='bbox 1020 2914 1144 2944; x_wconf 70' lang='lat' dir='ltr'><strong>officialis.</strong></span> 
     </span>
    </p>
   </div>
   <div class='ocr_carea' id='block_1_4' title="bbox 998 386 1830 417">
    <p class='ocr_par' dir='ltr' id='par_1_12' title="bbox 998 386 1830 417">
     <span class='ocr_line' id='line_1_52' title="bbox 998 386 1830 417; baseline -0.005 0"><span class='ocrx_word' id='word_1_329' title='bbox 998 389 1219 417; x_wconf 85' lang='lat' dir='ltr'><strong>AUCTARIUM</strong></span> <span class='ocrx_word' id='word_1_330' title='bbox 1240 387 1498 415; x_wconf 77' lang='lat' dir='ltr'><strong>CHARTULARII</strong></span> <span class='ocrx_word' id='word_1_331' title='bbox 1517 387 1691 415; x_wconf 80' lang='lat' dir='ltr'><strong>UNIVERS.</strong></span> <span class='ocrx_word' id='word_1_332' title='bbox 1712 386 1830 414; x_wconf 76' lang='lat' dir='ltr'><strong>PARIS.</strong></span> 
     </span>
    </p>
   </div>
   <div class='ocr_carea' id='block_1_5' title="bbox 1388 907 1422 933">
    <p class='ocr_par' dir='ltr' id='par_1_13' title="bbox 1388 907 1422 933">
     <span class='ocr_line' id='line_1_53' title="bbox 1388 907 1422 933; baseline 0.029 -1"><span class='ocrx_word' id='word_1_333' title='bbox 1388 907 1422 933; x_wconf 89' lang='lat'><strong>10</strong></span> 
     </span>
    </p>
   </div>
   <div class='ocr_carea' id='block_1_6' title="bbox 1387 1151 1421 1178">
    <p class='ocr_par' dir='ltr' id='par_1_14' title="bbox 1387 1151 1421 1178">
     <span class='ocr_line' id='line_1_54' title="bbox 1387 1151 1421 1178; baseline 0.029 -1"><span class='ocrx_word' id='word_1_334' title='bbox 1387 1151 1421 1178; x_wconf 87' lang='lat'><strong>15</strong></span> 
     </span>
    </p>
   </div>
   <div class='ocr_carea' id='block_1_7' title="bbox 1385 1397 1419 1423">
    <p class='ocr_par' dir='ltr' id='par_1_15' title="bbox 1385 1397 1419 1423">
     <span class='ocr_line' id='line_1_55' title="bbox 1385 1397 1419 1423; baseline 0.029 -1"><span class='ocrx_word' id='word_1_335' title='bbox 1385 1397 1419 1423; x_wconf 87' lang='lat'><strong>20</strong></span> 
     </span>
    </p>
   </div>
   <div class='ocr_carea' id='block_1_8' title="bbox 1384 1641 1418 1668">
    <p class='ocr_par' dir='ltr' id='par_1_16' title="bbox 1384 1641 1418 1668">
     <span class='ocr_line' id='line_1_56' title="bbox 1384 1641 1418 1668; baseline 0.029 -1"><span class='ocrx_word' id='word_1_336' title='bbox 1384 1641 1418 1668; x_wconf 89' lang='lat'><strong>25</strong></span> 
     </span>
    </p>
   </div>
   <div class='ocr_carea' id='block_1_9' title="bbox 1383 1887 1416 1913">
    <p class='ocr_par' dir='ltr' id='par_1_17' title="bbox 1383 1887 1416 1913">
     <span class='ocr_line' id='line_1_57' title="bbox 1383 1887 1416 1913; baseline 0.03 -1"><span class='ocrx_word' id='word_1_337' title='bbox 1383 1887 1416 1913; x_wconf 88' lang='lat'><strong>30</strong></span> 
     </span>
    </p>
   </div>
   <div class='ocr_carea' id='block_1_10' title="bbox 1381 2132 1414 2158">
    <p class='ocr_par' dir='ltr' id='par_1_18' title="bbox 1381 2132 1414 2158">
     <span class='ocr_line' id='line_1_58' title="bbox 1381 2132 1414 2158; baseline 0 0"><span class='ocrx_word' id='word_1_338' title='bbox 1381 2132 1414 2158; x_wconf 88' lang='lat'><strong>35</strong></span> 
     </span>
    </p>
   </div>
   <div class='ocr_carea' id='block_1_11' title="bbox 1380 2378 1413 2404">
    <p class='ocr_par' dir='ltr' id='par_1_19' title="bbox 1380 2378 1413 2404">
     <span class='ocr_line' id='line_1_59' title="bbox 1380 2378 1413 2404; baseline 0.03 -1"><span class='ocrx_word' id='word_1_339' title='bbox 1380 2378 1413 2404; x_wconf 89' lang='grc'><strong>40</strong></span> 
     </span>
    </p>
   </div>
   <div class='ocr_carea' id='block_1_12' title="bbox 1379 2622 1413 2648">
    <p class='ocr_par' dir='ltr' id='par_1_20' title="bbox 1379 2622 1413 2648">
     <span class='ocr_line' id='line_1_60' title="bbox 1379 2622 1413 2648; baseline 0.029 -1"><span class='ocrx_word' id='word_1_340' title='bbox 1379 2622 1413 2648; x_wconf 82' lang='grc'><strong>45</strong></span> 
     </span>
    </p>
   </div>
   <div class='ocr_carea' id='block_1_13' title="bbox 2318 0 2632 183">
    <p class='ocr_par' dir='ltr' id='par_1_21' title="bbox 2318 0 2632 183">
     <span class='ocr_line' id='line_1_61' title="bbox 2318 0 2632 183; baseline 0.15 -177"><span class='ocrx_word' id='word_1_341' title='bbox 2318 2 2319 6; x_wconf 71' lang='grc'>,</span> <span class='ocrx_word' id='word_1_342' title='bbox 2328 0 2330 2; x_wconf 39' lang='lat' dir='ltr'>v</span> <span class='ocrx_word' id='word_1_343' title='bbox 2357 0 2632 183; x_wconf 27' lang='lat' dir='ltr'><strong>„px-2555}</strong></span> 
     </span>
    </p>
   </div>
   <div class='ocr_carea' id='block_1_14' title="bbox 2315 389 2370 417">
    <p class='ocr_par' dir='ltr' id='par_1_22' title="bbox 2315 389 2370 417">
     <span class='ocr_line' id='line_1_62' title="bbox 2315 389 2370 417; baseline 0.036 -2"><span class='ocrx_word' id='word_1_344' title='bbox 2315 389 2370 417; x_wconf 76' lang='lat'><strong>256</strong></span> 
     </span>
    </p>
   </div>
   <div class='ocr_carea' id='block_1_15' title="bbox 1457 462 2370 1237">
    <p class='ocr_par' dir='ltr' id='par_1_23' title="bbox 1461 462 2370 552">
     <span class='ocr_line' id='line_1_63' title="bbox 1461 462 2370 503; baseline 0.003 -11"><span class='ocrx_word' id='word_1_345' title='bbox 1461 464 1518 493; x_wconf 89' lang='lat' dir='ltr'><strong>sub</strong></span> <span class='ocrx_word' id='word_1_346' title='bbox 1537 463 1676 503; x_wconf 87' lang='lat' dir='ltr'><strong>propriis</strong></span> <span class='ocrx_word' id='word_1_347' title='bbox 1695 462 1854 492; x_wconf 89' lang='lat' dir='ltr'><strong>laboribus</strong></span> <span class='ocrx_word' id='word_1_348' title='bbox 1872 469 1902 492; x_wconf 88' lang='lat' dir='ltr'><strong>et</strong></span> <span class='ocrx_word' id='word_1_349' title='bbox 1922 462 2068 502; x_wconf 83' lang='lat' dir='ltr'><strong>expensis</strong></span> <span class='ocrx_word' id='word_1_350' title='bbox 2087 463 2216 493; x_wconf 83' lang='lat' dir='ltr'><strong>deberet</strong></span> <span class='ocrx_word' id='word_1_351' title='bbox 2232 464 2370 495; x_wconf 86' lang='lat' dir='ltr'><strong>vendere</strong></span> 
     </span>
     <span class='ocr_line' id='line_1_64' title="bbox 1461 511 2006 552; baseline -0.002 -10"><span class='ocrx_word' id='word_1_352' title='bbox 1461 519 1491 542; x_wconf 91' lang='lat' dir='ltr'><strong>et</strong></span> <span class='ocrx_word' id='word_1_353' title='bbox 1505 512 1685 552; x_wconf 87' lang='lat' dir='ltr'><strong>persolvere</strong></span> <span class='ocrx_word' id='word_1_354' title='bbox 1699 511 1859 551; x_wconf 86' lang='lat' dir='ltr'><strong>pecuniam</strong></span> <span class='ocrx_word' id='word_1_355' title='bbox 1873 511 2006 541; x_wconf 85' lang='lat' dir='ltr'><strong>nacioni.</strong></span> 
     </span>
    </p>

    <p class='ocr_par' dir='ltr' id='par_1_24' title="bbox 1460 559 2370 743">
     <span class='ocr_line' id='line_1_65' title="bbox 1501 559 2367 601; baseline 0.001 -11"><span class='ocrx_word' id='word_1_356' title='bbox 1501 561 1576 591; x_wconf 90' lang='lat' dir='ltr'><strong>Item</strong></span> <span class='ocrx_word' id='word_1_357' title='bbox 1605 560 1784 590; x_wconf 87' lang='lat' dir='ltr'><strong>licenciatus</strong></span> <span class='ocrx_word' id='word_1_358' title='bbox 1814 560 1870 590; x_wconf 85' lang='lat' dir='ltr'><strong>fuit</strong></span> <span class='ocrx_word' id='word_1_359' title='bbox 1904 560 2047 590; x_wconf 91' lang='lat' dir='ltr'><strong>dominus</strong></span> <span class='ocrx_word' id='word_1_360' title='bbox 2073 559 2230 591; x_wconf 84' lang='lat' dir='ltr'><strong>Johannes</strong></span> <span class='ocrx_word' id='word_1_361' title='bbox 2262 560 2367 601; x_wconf 85' lang='lat' dir='ltr'><strong>Scalpi</strong></span> 
     </span>
     <span class='ocr_line' id='line_1_66' title="bbox 1461 608 2369 650; baseline 0.002 -11"><span class='ocrx_word' id='word_1_362' title='bbox 1461 609 1573 640; x_wconf 89' lang='lat' dir='ltr'><strong>Scotus</strong></span> <span class='ocrx_word' id='word_1_363' title='bbox 1600 610 1658 639; x_wconf 89' lang='lat' dir='ltr'><strong>sub</strong></span> <span class='ocrx_word' id='word_1_364' title='bbox 1690 609 1839 650; x_wconf 88' lang='lat' dir='ltr'><strong>magistro</strong></span> <span class='ocrx_word' id='word_1_365' title='bbox 1868 608 1998 639; x_wconf 89' lang='lat' dir='ltr'><strong>Alberto</strong></span> <span class='ocrx_word' id='word_1_366' title='bbox 2027 610 2066 639; x_wconf 89' lang='lat' dir='ltr'><strong>de</strong></span> <span class='ocrx_word' id='word_1_367' title='bbox 2099 609 2245 646; x_wconf 84' lang='lat' dir='ltr'><strong>saxonia,</strong></span> <span class='ocrx_word' id='word_1_368' title='bbox 2279 609 2369 650; x_wconf 86' lang='lat' dir='ltr'><strong>cujus</strong></span> 
     </span>
     <span class='ocr_line' id='line_1_67' title="bbox 1460 657 2370 698; baseline 0.001 -10"><span class='ocrx_word' id='word_1_369' title='bbox 1460 659 1555 688; x_wconf 88' lang='lat' dir='ltr'><strong>bursa</strong></span> <span class='ocrx_word' id='word_1_370' title='bbox 1570 659 1588 688; x_wconf 90' lang='lat'>3</span> <span class='ocrx_word' id='word_1_371' title='bbox 1607 664 1760 694; x_wconf 83' lang='lat' dir='ltr'><strong>mutones,</strong></span> <span class='ocrx_word' id='word_1_372' title='bbox 1779 665 1810 688; x_wconf 89' lang='lat' dir='ltr'><strong>et</strong></span> <span class='ocrx_word' id='word_1_373' title='bbox 1822 668 1881 698; x_wconf 86' lang='lat' dir='ltr'><strong>pro</strong></span> <span class='ocrx_word' id='word_1_374' title='bbox 1900 658 1918 687; x_wconf 93' lang='lat'>3</span> <span class='ocrx_word' id='word_1_375' title='bbox 1933 657 2039 688; x_wconf 88' lang='lat' dir='ltr'><strong>bursis</strong></span> <span class='ocrx_word' id='word_1_376' title='bbox 2057 668 2124 688; x_wconf 89' lang='lat' dir='ltr'><strong>cum</strong></span> <span class='ocrx_word' id='word_1_377' title='bbox 2142 658 2269 688; x_wconf 86' lang='lat' dir='ltr'><strong>dimidia</strong></span> <span class='ocrx_word' id='word_1_378' title='bbox 2283 659 2370 689; x_wconf 89' lang='lat' dir='ltr'><strong>dedit</strong></span> 
     </span>
     <span class='ocr_line' id='line_1_68' title="bbox 1460 706 2078 743; baseline -0.002 -6"><span class='ocrx_word' id='word_1_379' title='bbox 1460 708 1593 737; x_wconf 90' lang='lat' dir='ltr'><strong>litteram</strong></span> <span class='ocrx_word' id='word_1_380' title='bbox 1611 707 1761 743; x_wconf 86' lang='lat' dir='ltr'><strong>officialis,</strong></span> <span class='ocrx_word' id='word_1_381' title='bbox 1775 708 1813 737; x_wconf 92' lang='lat' dir='ltr'><strong>de</strong></span> <span class='ocrx_word' id='word_1_382' title='bbox 1828 706 1898 736; x_wconf 90' lang='lat' dir='ltr'><strong>aliis</strong></span> <span class='ocrx_word' id='word_1_383' title='bbox 1917 707 2078 737; x_wconf 83' lang='lat' dir='ltr'><strong>satisfecit.</strong></span> 
     </span>
    </p>

    <p class='ocr_par' dir='ltr' id='par_1_25' title="bbox 1458 755 2369 991">
     <span class='ocr_line' id='line_1_69' title="bbox 1500 755 2369 796; baseline 0.002 -11"><span class='ocrx_word' id='word_1_384' title='bbox 1500 756 1576 786; x_wconf 90' lang='lat' dir='ltr'><strong>Item</strong></span> <span class='ocrx_word' id='word_1_385' title='bbox 1588 756 1769 786; x_wconf 89' lang='lat' dir='ltr'><strong>licenciatus</strong></span> <span class='ocrx_word' id='word_1_386' title='bbox 1786 756 1842 786; x_wconf 85' lang='lat' dir='ltr'><strong>fuit</strong></span> <span class='ocrx_word' id='word_1_387' title='bbox 1856 756 1999 786; x_wconf 92' lang='lat' dir='ltr'><strong>dominus</strong></span> <span class='ocrx_word' id='word_1_388' title='bbox 2014 755 2194 796; x_wconf 90' lang='lat' dir='ltr'><strong>Rotgherus</strong></span> <span class='ocrx_word' id='word_1_389' title='bbox 2210 757 2248 786; x_wconf 84' lang='lat' dir='ltr'><strong>de</strong></span> <span class='ocrx_word' id='word_1_390' title='bbox 2263 756 2369 787; x_wconf 89' lang='lat' dir='ltr'><strong>Lune-</strong></span> 
     </span>
     <span class='ocr_line' id='line_1_70' title="bbox 1459 804 2367 845; baseline 0.002 -11"><span class='ocrx_word' id='word_1_391' title='bbox 1459 805 1557 835; x_wconf 90' lang='lat' dir='ltr'><strong>borch</strong></span> <span class='ocrx_word' id='word_1_392' title='bbox 1579 806 1636 834; x_wconf 91' lang='lat' dir='ltr'><strong>sub</strong></span> <span class='ocrx_word' id='word_1_393' title='bbox 1652 805 1801 845; x_wconf 86' lang='lat' dir='ltr'><strong>magistro</strong></span> <span class='ocrx_word' id='word_1_394' title='bbox 1815 804 1945 834; x_wconf 90' lang='lat' dir='ltr'><strong>Alberto</strong></span> <span class='ocrx_word' id='word_1_395' title='bbox 1960 806 1998 834; x_wconf 92' lang='lat' dir='ltr'><strong>de</strong></span> <span class='ocrx_word' id='word_1_396' title='bbox 2013 805 2157 840; x_wconf 87' lang='lat' dir='ltr'><strong>Saxonia,</strong></span> <span class='ocrx_word' id='word_1_397' title='bbox 2170 804 2257 845; x_wconf 85' lang='lat' dir='ltr'><strong>cujus</strong></span> <span class='ocrx_word' id='word_1_398' title='bbox 2272 805 2367 836; x_wconf 79' lang='lat' dir='ltr'><strong>bursa</strong></span> 
     </span>
     <span class='ocr_line' id='line_1_71' title="bbox 1458 853 2365 890; baseline 0.001 -7"><span class='ocrx_word' id='word_1_399' title='bbox 1458 855 1498 884; x_wconf 83' lang='lat'><strong>44</strong></span> <span class='ocrx_word' id='word_1_400' title='bbox 1520 854 1623 890; x_wconf 89' lang='lat' dir='ltr'><strong>solidi,</strong></span> <span class='ocrx_word' id='word_1_401' title='bbox 1651 860 1775 883; x_wconf 91' lang='lat' dir='ltr'><strong>mutone</strong></span> <span class='ocrx_word' id='word_1_402' title='bbox 1798 854 1919 883; x_wconf 87' lang='lat' dir='ltr'><strong>valente</strong></span> <span class='ocrx_word' id='word_1_403' title='bbox 1944 855 1962 884; x_wconf 92' lang='lat'><strong>7</strong></span> <span class='ocrx_word' id='word_1_404' title='bbox 1988 853 2085 883; x_wconf 90' lang='lat' dir='ltr'><strong>libras</strong></span> <span class='ocrx_word' id='word_1_405' title='bbox 2110 860 2140 883; x_wconf 90' lang='lat' dir='ltr'><strong>et</strong></span> <span class='ocrx_word' id='word_1_406' title='bbox 2166 854 2203 883; x_wconf 87' lang='lat'><strong>14</strong></span> <span class='ocrx_word' id='word_1_407' title='bbox 2234 854 2365 884; x_wconf 87' lang='lat' dir='ltr'><strong>solidos.</strong></span> 
     </span>
     <span class='ocr_line' id='line_1_72' title="bbox 1459 903 2366 943; baseline 0 -10"><span class='ocrx_word' id='word_1_408' title='bbox 1459 903 1522 933; x_wconf 90' lang='lat' dir='ltr'><strong>Pro</strong></span> <span class='ocrx_word' id='word_1_409' title='bbox 1539 909 1627 943; x_wconf 88' lang='lat' dir='ltr'><strong>parte</strong></span> <span class='ocrx_word' id='word_1_410' title='bbox 1640 909 1784 943; x_wconf 86' lang='lat' dir='ltr'><strong>tangente</strong></span> <span class='ocrx_word' id='word_1_411' title='bbox 1802 903 1961 932; x_wconf 90' lang='lat' dir='ltr'><strong>nacionem</strong></span> <span class='ocrx_word' id='word_1_412' title='bbox 1982 903 2132 932; x_wconf 85' lang='lat' dir='ltr'><strong>satisfecit</strong></span> <span class='ocrx_word' id='word_1_413' title='bbox 2149 913 2205 942; x_wconf 90' lang='lat' dir='ltr'><strong>per</strong></span> <span class='ocrx_word' id='word_1_414' title='bbox 2221 903 2366 943; x_wconf 83' lang='lat' dir='ltr'><strong>pignora,</strong></span> 
     </span>
     <span class='ocr_line' id='line_1_73' title="bbox 1459 952 1838 991; baseline -0.003 -10"><span class='ocrx_word' id='word_1_415' title='bbox 1459 953 1496 982; x_wconf 93' lang='lat' dir='ltr'><strong>de</strong></span> <span class='ocrx_word' id='word_1_416' title='bbox 1510 952 1579 981; x_wconf 90' lang='lat' dir='ltr'><strong>aliis</strong></span> <span class='ocrx_word' id='word_1_417' title='bbox 1594 962 1651 991; x_wconf 89' lang='lat' dir='ltr'><strong>per</strong></span> <span class='ocrx_word' id='word_1_418' title='bbox 1665 952 1838 991; x_wconf 85' lang='lat' dir='ltr'><strong>pecuniam.</strong></span> 
     </span>
    </p>

    <p class='ocr_par' dir='ltr' id='par_1_26' title="bbox 1457 1000 2366 1237">
     <span class='ocr_line' id='line_1_74' title="bbox 1499 1000 2365 1041; baseline 0.001 -11"><span class='ocrx_word' id='word_1_419' title='bbox 1499 1001 1575 1030; x_wconf 90' lang='lat' dir='ltr'><strong>Item</strong></span> <span class='ocrx_word' id='word_1_420' title='bbox 1590 1001 1640 1030; x_wconf 91' lang='lat' dir='ltr'><strong>die</strong></span> <span class='ocrx_word' id='word_1_421' title='bbox 1656 1002 1688 1030; x_wconf 81' lang='lat'><strong>9⁰</strong></span> <span class='ocrx_word' id='word_1_422' title='bbox 1701 1000 1804 1030; x_wconf 86' lang='lat' dir='ltr'><strong>Martii</strong></span> <span class='ocrx_word' id='word_1_423' title='bbox 1821 1001 1898 1030; x_wconf 87' lang='lat' dir='ltr'><strong>facta</strong></span> <span class='ocrx_word' id='word_1_424' title='bbox 1912 1001 2154 1041; x_wconf 81' lang='lat' dir='ltr'><strong>congregatione</strong></span> <span class='ocrx_word' id='word_1_425' title='bbox 2171 1001 2312 1031; x_wconf 88' lang='lat' dir='ltr'><strong>nacionis</strong></span> <span class='ocrx_word' id='word_1_426' title='bbox 2326 1001 2365 1031; x_wconf 88' lang='lat' dir='ltr'><strong>ad</strong></span> 
     </span>
     <span class='ocr_line' id='line_1_75' title="bbox 1459 1049 2366 1089; baseline -0.001 -9"><span class='ocrx_word' id='word_1_427' title='bbox 1459 1050 1604 1080; x_wconf 89' lang='lat' dir='ltr'><strong>Sanctum</strong></span> <span class='ocrx_word' id='word_1_428' title='bbox 1621 1049 1775 1079; x_wconf 91' lang='lat' dir='ltr'><strong>Julianum</strong></span> <span class='ocrx_word' id='word_1_429' title='bbox 1792 1050 1830 1079; x_wconf 86' lang='lat' dir='ltr'><strong>ad</strong></span> <span class='ocrx_word' id='word_1_430' title='bbox 1847 1050 2086 1089; x_wconf 88' lang='lat' dir='ltr'><strong>computandum</strong></span> <span class='ocrx_word' id='word_1_431' title='bbox 2106 1049 2249 1080; x_wconf 87' lang='lat' dir='ltr'><strong>omnibus</strong></span> <span class='ocrx_word' id='word_1_432' title='bbox 2267 1050 2366 1080; x_wconf 82' lang='lat' dir='ltr'><strong>defal-</strong></span> 
     </span>
     <span class='ocr_line' id='line_1_76' title="bbox 1458 1099 2364 1138; baseline 0.001 -10"><span class='ocrx_word' id='word_1_433' title='bbox 1458 1099 1534 1129; x_wconf 91' lang='lat' dir='ltr'><strong>catis</strong></span> <span class='ocrx_word' id='word_1_434' title='bbox 1565 1106 1595 1128; x_wconf 93' lang='lat' dir='ltr'><strong>et</strong></span> <span class='ocrx_word' id='word_1_435' title='bbox 1625 1099 1776 1138; x_wconf 88' lang='lat' dir='ltr'><strong>expositis</strong></span> <span class='ocrx_word' id='word_1_436' title='bbox 1801 1105 1947 1138; x_wconf 91' lang='lat' dir='ltr'><strong>quantum</strong></span> <span class='ocrx_word' id='word_1_437' title='bbox 1974 1099 2011 1127; x_wconf 90' lang='lat' dir='ltr'><strong>ad</strong></span> <span class='ocrx_word' id='word_1_438' title='bbox 2037 1105 2174 1138; x_wconf 88' lang='lat' dir='ltr'><strong>paratam</strong></span> <span class='ocrx_word' id='word_1_439' title='bbox 2203 1099 2364 1138; x_wconf 88' lang='lat' dir='ltr'><strong>pecuniam</strong></span> 
     </span>
     <span class='ocr_line' id='line_1_77' title="bbox 1457 1147 2366 1188; baseline 0 -11"><span class='ocrx_word' id='word_1_440' title='bbox 1457 1148 1545 1178; x_wconf 91' lang='lat' dir='ltr'><strong>nacio</strong></span> <span class='ocrx_word' id='word_1_441' title='bbox 1556 1148 1705 1178; x_wconf 86' lang='lat' dir='ltr'><strong>remansit</strong></span> <span class='ocrx_word' id='word_1_442' title='bbox 1716 1148 1851 1187; x_wconf 86' lang='lat' dir='ltr'><strong>obligata</strong></span> <span class='ocrx_word' id='word_1_443' title='bbox 1859 1147 2015 1188; x_wconf 84' lang='lat' dir='ltr'><strong>receptori</strong></span> <span class='ocrx_word' id='word_1_444' title='bbox 2024 1147 2056 1176; x_wconf 90' lang='lat' dir='ltr'><strong>iu</strong></span> <span class='ocrx_word' id='word_1_445' title='bbox 2068 1147 2095 1177; x_wconf 90' lang='grc' dir='ltr'><strong>ΙΙ</strong></span> <span class='ocrx_word' id='word_1_446' title='bbox 2108 1148 2203 1178; x_wconf 90' lang='lat' dir='ltr'><strong>scutis</strong></span> <span class='ocrx_word' id='word_1_447' title='bbox 2213 1148 2229 1178; x_wconf 87' lang='lat' dir='ltr'>J</span> <span class='ocrx_word' id='word_1_448' title='bbox 2233 1147 2366 1178; x_wconf 83' lang='lat' dir='ltr'><strong>ohannis</strong></span> 
     </span>
     <span class='ocr_line' id='line_1_78' title="bbox 1458 1196 1916 1237; baseline -0.002 -10"><span class='ocrx_word' id='word_1_449' title='bbox 1458 1204 1488 1227; x_wconf 89' lang='lat' dir='ltr'><strong>et</strong></span> <span class='ocrx_word' id='word_1_450' title='bbox 1502 1197 1587 1227; x_wconf 89' lang='lat' dir='ltr'><strong>dedit</strong></span> <span class='ocrx_word' id='word_1_451' title='bbox 1602 1207 1747 1237; x_wconf 88' lang='lat' dir='ltr'><strong>grossum</strong></span> <span class='ocrx_word' id='word_1_452' title='bbox 1765 1196 1916 1236; x_wconf 86' lang='lat' dir='ltr'><strong>Philippi.</strong></span> 
     </span>
    </p>
   </div>
   <div class='ocr_carea' id='block_1_16' title="bbox 1453 1294 2365 1924">
    <p class='ocr_par' dir='ltr' id='par_1_27' title="bbox 1455 1294 2365 1579">
     <span class='ocr_line' id='line_1_79' title="bbox 1496 1294 2365 1335; baseline -0.001 -10"><span class='ocrx_word' id='word_1_453' title='bbox 1496 1295 1587 1325; x_wconf 92' lang='lat' dir='ltr'><strong>Anno</strong></span> <span class='ocrx_word' id='word_1_454' title='bbox 1605 1301 1638 1324; x_wconf 89' lang='lat' dir='ltr'><strong>ut</strong></span> <span class='ocrx_word' id='word_1_455' title='bbox 1653 1305 1758 1335; x_wconf 89' lang='lat' dir='ltr'><strong>supra,</strong></span> <span class='ocrx_word' id='word_1_456' title='bbox 1776 1294 1826 1324; x_wconf 90' lang='lat' dir='ltr'><strong>die</strong></span> <span class='ocrx_word' id='word_1_457' title='bbox 1836 1295 1868 1324; x_wconf 87' lang='lat'><strong>9⁰</strong></span> <span class='ocrx_word' id='word_1_458' title='bbox 1882 1294 1999 1324; x_wconf 86' lang='lat' dir='ltr'><strong>mensis</strong></span> <span class='ocrx_word' id='word_1_459' title='bbox 2015 1294 2130 1330; x_wconf 87' lang='lat' dir='ltr'><strong>Martii,</strong></span> <span class='ocrx_word' id='word_1_460' title='bbox 2144 1295 2222 1324; x_wconf 86' lang='lat' dir='ltr'><strong>facta</strong></span> <span class='ocrx_word' id='word_1_461' title='bbox 2235 1304 2365 1335; x_wconf 87' lang='lat' dir='ltr'><strong>congre—</strong></span> 
     </span>
     <span class='ocr_line' id='line_1_80' title="bbox 1456 1343 2363 1385; baseline -0.001 -11"><span class='ocrx_word' id='word_1_462' title='bbox 1456 1345 1585 1385; x_wconf 87' lang='lat' dir='ltr'><strong>gacione</strong></span> <span class='ocrx_word' id='word_1_463' title='bbox 1601 1344 1741 1373; x_wconf 87' lang='lat' dir='ltr'><strong>nacionis</strong></span> <span class='ocrx_word' id='word_1_464' title='bbox 1760 1343 1930 1384; x_wconf 85' lang='lat' dir='ltr'><strong>Anglicane</strong></span> <span class='ocrx_word' id='word_1_465' title='bbox 1949 1344 2031 1383; x_wconf 91' lang='lat' dir='ltr'><strong>apud</strong></span> <span class='ocrx_word' id='word_1_466' title='bbox 2050 1343 2195 1373; x_wconf 80' lang='lat' dir='ltr'><strong>Sanctum</strong></span> <span class='ocrx_word' id='word_1_467' title='bbox 2209 1343 2363 1373; x_wconf 82' lang='lat' dir='ltr'><strong>Julianum</strong></span> 
     </span>
     <span class='ocr_line' id='line_1_81' title="bbox 1456 1392 2363 1436; baseline 0 -13"><span class='ocrx_word' id='word_1_468' title='bbox 1456 1394 1532 1423; x_wconf 90' lang='lat' dir='ltr'><strong>hora</strong></span> <span class='ocrx_word' id='word_1_469' title='bbox 1552 1394 1651 1433; x_wconf 91' lang='lat' dir='ltr'><strong>prime</strong></span> <span class='ocrx_word' id='word_1_470' title='bbox 1674 1394 1711 1422; x_wconf 89' lang='lat' dir='ltr'><strong>ad</strong></span> <span class='ocrx_word' id='word_1_471' title='bbox 1735 1392 1911 1432; x_wconf 89' lang='lat' dir='ltr'><strong>eligendum</strong></span> <span class='ocrx_word' id='word_1_472' title='bbox 1927 1392 1977 1422; x_wconf 95' lang='lat' dir='ltr'><strong>vel</strong></span> <span class='ocrx_word' id='word_1_473' title='bbox 1993 1392 2233 1422; x_wconf 89' lang='lat' dir='ltr'><strong>continuandum</strong></span> <span class='ocrx_word' id='word_1_474' title='bbox 2252 1402 2363 1436; x_wconf 89' lang='lat' dir='ltr'><strong>procu—</strong></span> 
     </span>
     <span class='ocr_line' id='line_1_82' title="bbox 1456 1441 2365 1481; baseline -0.002 -9"><span class='ocrx_word' id='word_1_475' title='bbox 1456 1449 1600 1478; x_wconf 86' lang='lat' dir='ltr'><strong>ratorem,</strong></span> <span class='ocrx_word' id='word_1_476' title='bbox 1627 1442 1820 1471; x_wconf 90' lang='lat' dir='ltr'><strong>continuatus</strong></span> <span class='ocrx_word' id='word_1_477' title='bbox 1851 1442 1906 1471; x_wconf 91' lang='lat' dir='ltr'><strong>fuit</strong></span> <span class='ocrx_word' id='word_1_478' title='bbox 1932 1451 1998 1471; x_wconf 86' lang='lat' dir='ltr'><strong>cum</strong></span> <span class='ocrx_word' id='word_1_479' title='bbox 2026 1441 2193 1471; x_wconf 89' lang='lat' dir='ltr'><strong>concordia</strong></span> <span class='ocrx_word' id='word_1_480' title='bbox 2215 1441 2365 1481; x_wconf 79' lang='lat' dir='ltr'><strong>magister</strong></span> 
     </span>
     <span class='ocr_line' id='line_1_83' title="bbox 1455 1489 2364 1530; baseline -0.001 -9"><span class='ocrx_word' id='word_1_481' title='bbox 1455 1491 1666 1521; x_wconf 89' lang='lat' dir='ltr'><strong>Theodericus</strong></span> <span class='ocrx_word' id='word_1_482' title='bbox 1684 1491 1783 1520; x_wconf 89' lang='lat' dir='ltr'><strong>dictus</strong></span> <span class='ocrx_word' id='word_1_483' title='bbox 1801 1490 1912 1530; x_wconf 89' lang='lat' dir='ltr'><strong>Dystel</strong></span> <span class='ocrx_word' id='word_1_484' title='bbox 1929 1490 2112 1520; x_wconf 89' lang='lat' dir='ltr'><strong>antedictus.</strong></span> <span class='ocrx_word' id='word_1_485' title='bbox 2132 1490 2168 1519; x_wconf 89' lang='lat' dir='ltr'><strong>In</strong></span> <span class='ocrx_word' id='word_1_486' title='bbox 2185 1489 2271 1530; x_wconf 88' lang='lat' dir='ltr'><strong>cujus</strong></span> <span class='ocrx_word' id='word_1_487' title='bbox 2290 1500 2364 1530; x_wconf 88' lang='lat' dir='ltr'><strong>pro-</strong></span> 
     </span>
     <span class='ocr_line' id='line_1_84' title="bbox 1456 1539 2292 1579; baseline -0.002 -9"><span class='ocrx_word' id='word_1_488' title='bbox 1456 1541 1618 1570; x_wconf 88' lang='lat' dir='ltr'><strong>curacione</strong></span> <span class='ocrx_word' id='word_1_489' title='bbox 1634 1541 1756 1570; x_wconf 87' lang='lat' dir='ltr'><strong>fuerunt</strong></span> <span class='ocrx_word' id='word_1_490' title='bbox 1770 1546 1836 1569; x_wconf 87' lang='lat' dir='ltr'><strong>acta</strong></span> <span class='ocrx_word' id='word_1_491' title='bbox 1851 1549 1911 1579; x_wconf 88' lang='lat' dir='ltr'><strong>que</strong></span> <span class='ocrx_word' id='word_1_492' title='bbox 1925 1539 2083 1579; x_wconf 82' lang='lat' dir='ltr'><strong>posterius</strong></span> <span class='ocrx_word' id='word_1_493' title='bbox 2100 1545 2292 1569; x_wconf 82' lang='lat' dir='ltr'><strong>enarrantur.</strong></span> 
     </span>
    </p>

    <p class='ocr_par' dir='ltr' id='par_1_28' title="bbox 1453 1587 2364 1924">
     <span class='ocr_line' id='line_1_85' title="bbox 1482 1587 2364 1628; baseline -0.001 -9"><span class='ocrx_word' id='word_1_494' title='bbox 1482 1589 1601 1619; x_wconf 89' lang='lat' dir='ltr'><strong>-Primo</strong></span> <span class='ocrx_word' id='word_1_495' title='bbox 1616 1589 1830 1619; x_wconf 84' lang='lat' dir='ltr'><strong>determinavit</strong></span> <span class='ocrx_word' id='word_1_496' title='bbox 1843 1588 1987 1618; x_wconf 91' lang='lat' dir='ltr'><strong>dominus</strong></span> <span class='ocrx_word' id='word_1_497' title='bbox 2002 1587 2182 1628; x_wconf 87' lang='lat' dir='ltr'><strong>Rotgherus</strong></span> <span class='ocrx_word' id='word_1_498' title='bbox 2202 1589 2240 1617; x_wconf 93' lang='lat' dir='ltr'><strong>de</strong></span> <span class='ocrx_word' id='word_1_499' title='bbox 2258 1588 2364 1618; x_wconf 75' lang='lat' dir='ltr'><strong>Lfine·</strong></span> 
     </span>
     <span class='ocr_line' id='line_1_86' title="bbox 1454 1637 2360 1678; baseline -0.002 -10"><span class='ocrx_word' id='word_1_500' title='bbox 1454 1638 1567 1678; x_wconf 88' lang='lat' dir='ltr'><strong>borgh,</strong></span> <span class='ocrx_word' id='word_1_501' title='bbox 1595 1638 1700 1678; x_wconf 85' lang='lat' dir='ltr'><strong>gracia</strong></span> <span class='ocrx_word' id='word_1_502' title='bbox 1722 1648 1779 1677; x_wconf 90' lang='lat' dir='ltr'><strong>per</strong></span> <span class='ocrx_word' id='word_1_503' title='bbox 1800 1637 1971 1667; x_wconf 89' lang='lat' dir='ltr'><strong>facultatem</strong></span> <span class='ocrx_word' id='word_1_504' title='bbox 1996 1647 2090 1676; x_wconf 90' lang='lat' dir='ltr'><strong>super</strong></span> <span class='ocrx_word' id='word_1_505' title='bbox 2110 1637 2168 1666; x_wconf 92' lang='lat' dir='ltr'><strong>hoc</strong></span> <span class='ocrx_word' id='word_1_506' title='bbox 2193 1637 2253 1666; x_wconf 90' lang='lat' dir='ltr'><strong>sibi</strong></span> <span class='ocrx_word' id='word_1_507' title='bbox 2270 1638 2360 1673; x_wconf 88' lang='lat' dir='ltr'><strong>sacta,</strong></span> 
     </span>
     <span class='ocr_line' id='line_1_87' title="bbox 1455 1685 2362 1727; baseline -0.002 -10"><span class='ocrx_word' id='word_1_508' title='bbox 1455 1688 1512 1717; x_wconf 91' lang='lat' dir='ltr'><strong>sub</strong></span> <span class='ocrx_word' id='word_1_509' title='bbox 1531 1687 1680 1727; x_wconf 88' lang='lat' dir='ltr'><strong>magistro</strong></span> <span class='ocrx_word' id='word_1_510' title='bbox 1696 1687 1882 1726; x_wconf 89' lang='lat' dir='ltr'><strong>Gyselberto</strong></span> <span class='ocrx_word' id='word_1_511' title='bbox 1898 1686 1980 1715; x_wconf 90' lang='lat' dir='ltr'><strong>dicto</strong></span> <span class='ocrx_word' id='word_1_512' title='bbox 1998 1686 2133 1725; x_wconf 86' lang='lat' dir='ltr'><strong>Papere,</strong></span> <span class='ocrx_word' id='word_1_513' title='bbox 2159 1685 2246 1726; x_wconf 87' lang='lat' dir='ltr'><strong>cujus</strong></span> <span class='ocrx_word' id='word_1_514' title='bbox 2267 1687 2362 1716; x_wconf 86' lang='lat' dir='ltr'><strong>bursa</strong></span> 
     </span>
     <span class='ocr_line' id='line_1_88' title="bbox 1454 1735 2362 1775; baseline -0.001 -9"><span class='ocrx_word' id='word_1_515' title='bbox 1454 1737 1492 1766; x_wconf 88' lang='lat'><strong>53</strong></span> <span class='ocrx_word' id='word_1_516' title='bbox 1515 1736 1618 1771; x_wconf 89' lang='lat' dir='ltr'><strong>solidi,</strong></span> <span class='ocrx_word' id='word_1_517' title='bbox 1644 1742 1674 1765; x_wconf 94' lang='lat' dir='ltr'><strong>et</strong></span> <span class='ocrx_word' id='word_1_518' title='bbox 1700 1746 1757 1775; x_wconf 90' lang='lat' dir='ltr'><strong>pro</strong></span> <span class='ocrx_word' id='word_1_519' title='bbox 1783 1742 1870 1775; x_wconf 90' lang='lat' dir='ltr'><strong>parte</strong></span> <span class='ocrx_word' id='word_1_520' title='bbox 1896 1741 2041 1775; x_wconf 89' lang='lat' dir='ltr'><strong>tangente</strong></span> <span class='ocrx_word' id='word_1_521' title='bbox 2067 1735 2226 1764; x_wconf 87' lang='lat' dir='ltr'><strong>nacionem</strong></span> <span class='ocrx_word' id='word_1_522' title='bbox 2248 1742 2278 1764; x_wconf 93' lang='lat' dir='ltr'><strong>et</strong></span> <span class='ocrx_word' id='word_1_523' title='bbox 2302 1745 2362 1775; x_wconf 87' lang='lat' dir='ltr'><strong>pro</strong></span> 
     </span>
     <span class='ocr_line' id='line_1_89' title="bbox 1453 1783 2363 1825; baseline -0.001 -10"><span class='ocrx_word' id='word_1_524' title='bbox 1453 1786 1512 1815; x_wconf 90' lang='lat'><strong>280</strong></span> <span class='ocrx_word' id='word_1_525' title='bbox 1538 1785 1647 1815; x_wconf 90' lang='lat' dir='ltr'><strong>solidis</strong></span> <span class='ocrx_word' id='word_1_526' title='bbox 1677 1795 1736 1825; x_wconf 89' lang='lat' dir='ltr'><strong>pro</strong></span> <span class='ocrx_word' id='word_1_527' title='bbox 1764 1784 1870 1820; x_wconf 84' lang='lat' dir='ltr'><strong>scolis,</strong></span> <span class='ocrx_word' id='word_1_528' title='bbox 1901 1790 1987 1813; x_wconf 91' lang='lat' dir='ltr'><strong>scuto</strong></span> <span class='ocrx_word' id='word_1_529' title='bbox 2016 1783 2165 1813; x_wconf 83' lang='lat' dir='ltr'><strong>Johannis</strong></span> <span class='ocrx_word' id='word_1_530' title='bbox 2194 1783 2313 1814; x_wconf 87' lang='lat' dir='ltr'><strong>valente</strong></span> <span class='ocrx_word' id='word_1_531' title='bbox 2341 1784 2363 1814; x_wconf 83' lang='lat'>6</span> 
     </span>
     <span class='ocr_line' id='line_1_90' title="bbox 1453 1832 2363 1873; baseline -0.002 -9"><span class='ocrx_word' id='word_1_532' title='bbox 1453 1835 1561 1870; x_wconf 86' lang='lat' dir='ltr'><strong>libras,</strong></span> <span class='ocrx_word' id='word_1_533' title='bbox 1590 1834 1739 1864; x_wconf 86' lang='lat' dir='ltr'><strong>satisfecit</strong></span> <span class='ocrx_word' id='word_1_534' title='bbox 1765 1843 1823 1873; x_wconf 92' lang='lat' dir='ltr'><strong>per</strong></span> <span class='ocrx_word' id='word_1_535' title='bbox 1850 1833 1993 1873; x_wconf 88' lang='lat' dir='ltr'><strong>pignora,</strong></span> <span class='ocrx_word' id='word_1_536' title='bbox 2023 1833 2061 1862; x_wconf 92' lang='lat' dir='ltr'><strong>de</strong></span> <span class='ocrx_word' id='word_1_537' title='bbox 2088 1832 2157 1862; x_wconf 83' lang='lat' dir='ltr'><strong>aliis</strong></span> <span class='ocrx_word' id='word_1_538' title='bbox 2179 1839 2279 1862; x_wconf 90' lang='lat' dir='ltr'><strong>autem</strong></span> <span class='ocrx_word' id='word_1_539' title='bbox 2303 1843 2363 1873; x_wconf 87' lang='lat' dir='ltr'><strong>per</strong></span> 
     </span>
     <span class='ocr_line' id='line_1_91' title="bbox 1453 1881 2075 1924; baseline -0.005 -11"><span class='ocrx_word' id='word_1_540' title='bbox 1453 1890 1627 1924; x_wconf 89' lang='lat' dir='ltr'><strong>promptam</strong></span> <span class='ocrx_word' id='word_1_541' title='bbox 1644 1882 1805 1923; x_wconf 89' lang='lat' dir='ltr'><strong>pecuniam</strong></span> <span class='ocrx_word' id='word_1_542' title='bbox 1819 1882 1869 1912; x_wconf 87' lang='lat' dir='ltr'><strong>vel</strong></span> <span class='ocrx_word' id='word_1_543' title='bbox 1886 1881 2075 1922; x_wconf 89' lang='lat' dir='ltr'><strong>equivalens.</strong></span> 
     </span>
    </p>
   </div>
   <div class='ocr_carea' id='block_1_17' title="bbox 1451 1979 2362 2217">
    <p class='ocr_par' dir='ltr' id='par_1_29' title="bbox 1451 1979 2362 2217">
     <span class='ocr_line' id='line_1_92' title="bbox 1494 1979 2362 2020; baseline -0.003 -9"><span class='ocrx_word' id='word_1_544' title='bbox 1494 1982 1569 2016; x_wconf 85' lang='lat' dir='ltr'><strong>Item</strong></span> <span class='ocrx_word' id='word_1_545' title='bbox 1589 1981 1638 2011; x_wconf 94' lang='lat' dir='ltr'><strong>die</strong></span> <span class='ocrx_word' id='word_1_546' title='bbox 1657 1981 1698 2010; x_wconf 71' lang='lat'><strong>6‘0</strong></span> <span class='ocrx_word' id='word_1_547' title='bbox 1716 1980 1836 2020; x_wconf 87' lang='lat' dir='ltr'><strong>Aprilis</strong></span> <span class='ocrx_word' id='word_1_548' title='bbox 1857 1981 1934 2009; x_wconf 89' lang='lat' dir='ltr'><strong>facta</strong></span> <span class='ocrx_word' id='word_1_549' title='bbox 1953 1980 2200 2019; x_wconf 83' lang='lat' dir='ltr'><strong>congregacione</strong></span> <span class='ocrx_word' id='word_1_550' title='bbox 2219 1979 2362 2009; x_wconf 86' lang='lat' dir='ltr'><strong>nacionis</strong></span> 
     </span>
     <span class='ocr_line' id='line_1_93' title="bbox 1451 2028 2360 2071; baseline -0.003 -11"><span class='ocrx_word' id='word_1_551' title='bbox 1451 2031 1622 2071; x_wconf 88' lang='lat' dir='ltr'><strong>Anglicane</strong></span> <span class='ocrx_word' id='word_1_552' title='bbox 1644 2031 1681 2059; x_wconf 90' lang='lat' dir='ltr'><strong>ad</strong></span> <span class='ocrx_word' id='word_1_553' title='bbox 1709 2030 1852 2059; x_wconf 89' lang='lat' dir='ltr'><strong>Sanctum</strong></span> <span class='ocrx_word' id='word_1_554' title='bbox 1881 2028 2067 2058; x_wconf 90' lang='lat' dir='ltr'><strong>Maturinum</strong></span> <span class='ocrx_word' id='word_1_555' title='bbox 2093 2028 2169 2057; x_wconf 92' lang='lat' dir='ltr'><strong>hora</strong></span> <span class='ocrx_word' id='word_1_556' title='bbox 2194 2029 2292 2068; x_wconf 90' lang='lat' dir='ltr'><strong>prime</strong></span> <span class='ocrx_word' id='word_1_557' title='bbox 2321 2030 2360 2058; x_wconf 85' lang='lat' dir='ltr'><strong>ad</strong></span> 
     </span>
     <span class='ocr_line' id='line_1_94' title="bbox 1452 2078 2361 2120; baseline -0.002 -11"><span class='ocrx_word' id='word_1_558' title='bbox 1452 2080 1628 2120; x_wconf 89' lang='lat' dir='ltr'><strong>eligendum</strong></span> <span class='ocrx_word' id='word_1_559' title='bbox 1638 2079 1686 2108; x_wconf 90' lang='lat' dir='ltr'><strong>vel</strong></span> <span class='ocrx_word' id='word_1_560' title='bbox 1698 2079 1938 2108; x_wconf 85' lang='lat' dir='ltr'><strong>continuandum</strong></span> <span class='ocrx_word' id='word_1_561' title='bbox 1947 2084 2191 2117; x_wconf 87' lang='lat' dir='ltr'><strong>procuratorem,</strong></span> <span class='ocrx_word' id='word_1_562' title='bbox 2202 2078 2361 2108; x_wconf 85' lang='lat' dir='ltr'><strong>continua·</strong></span> 
     </span>
     <span class='ocr_line' id='line_1_95' title="bbox 1451 2126 2358 2168; baseline -0.002 -10"><span class='ocrx_word' id='word_1_563' title='bbox 1451 2135 1501 2159; x_wconf 93' lang='lat' dir='ltr'><strong>tus</strong></span> <span class='ocrx_word' id='word_1_564' title='bbox 1521 2128 1577 2158; x_wconf 89' lang='lat' dir='ltr'><strong>fuit</strong></span> <span class='ocrx_word' id='word_1_565' title='bbox 1593 2128 1741 2168; x_wconf 82' lang='lat' dir='ltr'><strong>magister</strong></span> <span class='ocrx_word' id='word_1_566' title='bbox 1761 2127 1972 2156; x_wconf 87' lang='lat' dir='ltr'><strong>Theodericus</strong></span> <span class='ocrx_word' id='word_1_567' title='bbox 1990 2126 2100 2166; x_wconf 83' lang='lat' dir='ltr'><strong>Dystel</strong></span> <span class='ocrx_word' id='word_1_568' title='bbox 2120 2126 2304 2163; x_wconf 89' lang='lat' dir='ltr'><strong>antedictus,</strong></span> <span class='ocrx_word' id='word_1_569' title='bbox 2326 2127 2358 2156; x_wconf 91' lang='lat' dir='ltr'><strong>in</strong></span> 
     </span>
     <span class='ocr_line' id='line_1_96' title="bbox 1451 2175 2304 2217; baseline -0.004 -10"><span class='ocrx_word' id='word_1_570' title='bbox 1451 2177 1539 2217; x_wconf 91' lang='lat' dir='ltr'><strong>cujus</strong></span> <span class='ocrx_word' id='word_1_571' title='bbox 1557 2177 1781 2217; x_wconf 88' lang='lat' dir='ltr'><strong>procuracione</strong></span> <span class='ocrx_word' id='word_1_572' title='bbox 1798 2177 1874 2205; x_wconf 83' lang='lat' dir='ltr'><strong>facta</strong></span> <span class='ocrx_word' id='word_1_573' title='bbox 1890 2182 1961 2205; x_wconf 90' lang='lat' dir='ltr'><strong>sunt</strong></span> <span class='ocrx_word' id='word_1_574' title='bbox 1973 2175 2029 2204; x_wconf 86' lang='lat' dir='ltr'><strong>hec</strong></span> <span class='ocrx_word' id='word_1_575' title='bbox 2046 2185 2105 2215; x_wconf 88' lang='lat' dir='ltr'><strong>que</strong></span> <span class='ocrx_word' id='word_1_576' title='bbox 2123 2181 2304 2215; x_wconf 90' lang='lat' dir='ltr'><strong>sequuntur.</strong></span> 
     </span>
    </p>
   </div>
   <div class='ocr_carea' id='block_1_18' title="bbox 1448 2270 2359 2850">
    <p class='ocr_par' dir='ltr' id='par_1_30' title="bbox 1450 2270 2359 2655">
     <span class='ocr_line' id='line_1_97' title="bbox 1491 2270 2359 2311; baseline -0.003 -9"><span class='ocrx_word' id='word_1_577' title='bbox 1491 2273 1608 2307; x_wconf 89' lang='lat' dir='ltr'><strong>Primo,</strong></span> <span class='ocrx_word' id='word_1_578' title='bbox 1636 2272 1685 2301; x_wconf 91' lang='lat' dir='ltr'><strong>die</strong></span> <span class='ocrx_word' id='word_1_579' title='bbox 1709 2272 1758 2300; x_wconf 87' lang='lat'><strong>12⁰</strong></span> <span class='ocrx_word' id='word_1_580' title='bbox 1778 2270 1914 2311; x_wconf 86' lang='lat' dir='ltr'><strong>ejusdem</strong></span> <span class='ocrx_word' id='word_1_581' title='bbox 1937 2270 2053 2300; x_wconf 88' lang='lat' dir='ltr'><strong>mensis</strong></span> <span class='ocrx_word' id='word_1_582' title='bbox 2081 2271 2157 2300; x_wconf 88' lang='lat' dir='ltr'><strong>facta</strong></span> <span class='ocrx_word' id='word_1_583' title='bbox 2183 2279 2359 2310; x_wconf 86' lang='lat' dir='ltr'><strong>congrega-</strong></span> 
     </span>
     <span class='ocr_line' id='line_1_98' title="bbox 1452 2316 2359 2359; baseline -0.003 -8"><span class='ocrx_word' id='word_1_584' title='bbox 1452 2322 1539 2352; x_wconf 88' lang='lat' dir='ltr'><strong>cione</strong></span> <span class='ocrx_word' id='word_1_585' title='bbox 1555 2316 1694 2350; x_wconf 88' lang='lat' dir='ltr'><strong>nacionis</strong></span> <span class='ocrx_word' id='word_1_586' title='bbox 1712 2321 1750 2349; x_wconf 89' lang='lat' dir='ltr'><strong>ad</strong></span> <span class='ocrx_word' id='word_1_587' title='bbox 1770 2320 1913 2349; x_wconf 81' lang='lat' dir='ltr'><strong>Sanctum</strong></span> <span class='ocrx_word' id='word_1_588' title='bbox 1927 2319 2114 2349; x_wconf 88' lang='lat' dir='ltr'><strong>Maturinum</strong></span> <span class='ocrx_word' id='word_1_589' title='bbox 2126 2320 2164 2348; x_wconf 87' lang='lat' dir='ltr'><strong>ad</strong></span> <span class='ocrx_word' id='word_1_590' title='bbox 2176 2319 2359 2359; x_wconf 89' lang='lat' dir='ltr'><strong>supplican-</strong></span> 
     </span>
     <span class='ocr_line' id='line_1_99' title="bbox 1451 2368 2359 2410; baseline -0.003 -10"><span class='ocrx_word' id='word_1_591' title='bbox 1451 2372 1533 2406; x_wconf 91' lang='lat' dir='ltr'><strong>dum,</strong></span> <span class='ocrx_word' id='word_1_592' title='bbox 1553 2370 1740 2410; x_wconf 87' lang='lat' dir='ltr'><strong>supplicavit</strong></span> <span class='ocrx_word' id='word_1_593' title='bbox 1756 2369 1898 2398; x_wconf 90' lang='lat' dir='ltr'><strong>dominus</strong></span> <span class='ocrx_word' id='word_1_594' title='bbox 1912 2368 2140 2398; x_wconf 87' lang='lat' dir='ltr'><strong>Fredemannus</strong></span> <span class='ocrx_word' id='word_1_595' title='bbox 2158 2369 2195 2397; x_wconf 89' lang='lat' dir='ltr'><strong>de</strong></span> <span class='ocrx_word' id='word_1_596' title='bbox 2209 2368 2359 2397; x_wconf 88' lang='lat' dir='ltr'><strong>Bohemia</strong></span> 
     </span>
     <span class='ocr_line' id='line_1_100' title="bbox 1450 2417 2358 2456; baseline -0.003 -7"><span class='ocrx_word' id='word_1_597' title='bbox 1450 2426 1484 2449; x_wconf 93' lang='lat' dir='ltr'><strong>ut</strong></span> <span class='ocrx_word' id='word_1_598' title='bbox 1504 2420 1592 2448; x_wconf 91' lang='lat' dir='ltr'><strong>nacio</strong></span> <span class='ocrx_word' id='word_1_599' title='bbox 1613 2420 1753 2448; x_wconf 91' lang='lat' dir='ltr'><strong>crederet</strong></span> <span class='ocrx_word' id='word_1_600' title='bbox 1775 2418 1835 2447; x_wconf 92' lang='lat' dir='ltr'><strong>sibi</strong></span> <span class='ocrx_word' id='word_1_601' title='bbox 1853 2418 1890 2447; x_wconf 93' lang='lat' dir='ltr'><strong>de</strong></span> <span class='ocrx_word' id='word_1_602' title='bbox 1909 2417 2014 2447; x_wconf 88' lang='lat' dir='ltr'><strong>bursis</strong></span> <span class='ocrx_word' id='word_1_603' title='bbox 2035 2417 2234 2456; x_wconf 87' lang='lat' dir='ltr'><strong>tangentibus</strong></span> <span class='ocrx_word' id='word_1_604' title='bbox 2254 2417 2358 2446; x_wconf 88' lang='lat' dir='ltr'><strong>nacio—</strong></span> 
     </span>
     <span class='ocr_line' id='line_1_101' title="bbox 1450 2465 2355 2504; baseline -0.004 -6"><span class='ocrx_word' id='word_1_605' title='bbox 1450 2479 1530 2504; x_wconf 90' lang='lat' dir='ltr'><strong>nem‚</strong></span> <span class='ocrx_word' id='word_1_606' title='bbox 1546 2475 1576 2497; x_wconf 92' lang='lat' dir='ltr'><strong>et</strong></span> <span class='ocrx_word' id='word_1_607' title='bbox 1587 2468 1642 2497; x_wconf 87' lang='lat' dir='ltr'><strong>fuit</strong></span> <span class='ocrx_word' id='word_1_608' title='bbox 1659 2477 1853 2502; x_wconf 88' lang='lat' dir='ltr'><strong>concessum,</strong></span> <span class='ocrx_word' id='word_1_609' title='bbox 1870 2467 2034 2496; x_wconf 90' lang='lat' dir='ltr'><strong>dummodo</strong></span> <span class='ocrx_word' id='word_1_610' title='bbox 2049 2466 2162 2495; x_wconf 88' lang='lat' dir='ltr'><strong>faceret</strong></span> <span class='ocrx_word' id='word_1_611' title='bbox 2177 2465 2355 2495; x_wconf 89' lang='lat' dir='ltr'><strong>caucionem</strong></span> 
     </span>
     <span class='ocr_line' id='line_1_102' title="bbox 1450 2514 2356 2557; baseline -0.004 -10"><span class='ocrx_word' id='word_1_612' title='bbox 1450 2527 1506 2557; x_wconf 91' lang='lat' dir='ltr'><strong>per</strong></span> <span class='ocrx_word' id='word_1_613' title='bbox 1524 2517 1654 2546; x_wconf 91' lang='lat' dir='ltr'><strong>litteram</strong></span> <span class='ocrx_word' id='word_1_614' title='bbox 1673 2515 1811 2546; x_wconf 85' lang='lat' dir='ltr'><strong>officialis</strong></span> <span class='ocrx_word' id='word_1_615' title='bbox 1830 2521 1860 2544; x_wconf 90' lang='lat' dir='ltr'><strong>et</strong></span> <span class='ocrx_word' id='word_1_616' title='bbox 1867 2514 1986 2555; x_wconf 85' lang='lat' dir='ltr'><strong>juraret</strong></span> <span class='ocrx_word' id='word_1_617' title='bbox 2001 2525 2034 2544; x_wconf 89' lang='lat' dir='ltr'><strong>se</strong></span> <span class='ocrx_word' id='word_1_618' title='bbox 2053 2515 2201 2544; x_wconf 89' lang='lat' dir='ltr'><strong>facturum</strong></span> <span class='ocrx_word' id='word_1_619' title='bbox 2219 2514 2356 2554; x_wconf 88' lang='lat' dir='ltr'><strong>diligen-</strong></span> 
     </span>
     <span class='ocr_line' id='line_1_103' title="bbox 1450 2563 2356 2603; baseline -0.003 -8"><span class='ocrx_word' id='word_1_620' title='bbox 1450 2567 1527 2596; x_wconf 89' lang='lat' dir='ltr'><strong>ciam</strong></span> <span class='ocrx_word' id='word_1_621' title='bbox 1552 2566 1590 2595; x_wconf 90' lang='lat' dir='ltr'><strong>ad</strong></span> <span class='ocrx_word' id='word_1_622' title='bbox 1613 2565 1793 2595; x_wconf 90' lang='lat' dir='ltr'><strong>solvendum</strong></span> <span class='ocrx_word' id='word_1_623' title='bbox 1816 2564 1895 2593; x_wconf 86' lang='lat' dir='ltr'><strong>infra</strong></span> <span class='ocrx_word' id='word_1_624' title='bbox 1916 2564 1994 2593; x_wconf 92' lang='lat' dir='ltr'><strong>duos</strong></span> <span class='ocrx_word' id='word_1_625' title='bbox 2023 2573 2120 2593; x_wconf 89' lang='lat' dir='ltr'><strong>annos</strong></span> <span class='ocrx_word' id='word_1_626' title='bbox 2144 2573 2233 2603; x_wconf 90' lang='lat' dir='ltr'><strong>quam</strong></span> <span class='ocrx_word' id='word_1_627' title='bbox 2258 2563 2356 2593; x_wconf 87' lang='lat' dir='ltr'><strong>cicius</strong></span> 
     </span>
     <span class='ocr_line' id='line_1_104' title="bbox 1450 2615 1574 2655; baseline -0.008 -11"><span class='ocrx_word' id='word_1_628' title='bbox 1450 2615 1574 2655; x_wconf 89' lang='lat' dir='ltr'><strong>poterit.</strong></span> 
     </span>
    </p>

    <p class='ocr_par' dir='ltr' id='par_1_31' title="bbox 1448 2660 2355 2850">
     <span class='ocr_line' id='line_1_105' title="bbox 1490 2660 2355 2703; baseline -0.005 -10"><span class='ocrx_word' id='word_1_629' title='bbox 1490 2664 1566 2693; x_wconf 91' lang='lat' dir='ltr'><strong>Item</strong></span> <span class='ocrx_word' id='word_1_630' title='bbox 1587 2663 1703 2703; x_wconf 90' lang='lat' dir='ltr'><strong>incepit</strong></span> <span class='ocrx_word' id='word_1_631' title='bbox 1726 2662 1869 2692; x_wconf 89' lang='lat' dir='ltr'><strong>dominus</strong></span> <span class='ocrx_word' id='word_1_632' title='bbox 1890 2661 2120 2690; x_wconf 88' lang='lat' dir='ltr'><strong>Fredemannus</strong></span> <span class='ocrx_word' id='word_1_633' title='bbox 2143 2661 2180 2689; x_wconf 90' lang='lat' dir='ltr'><strong>de</strong></span> <span class='ocrx_word' id='word_1_634' title='bbox 2205 2660 2355 2690; x_wconf 90' lang='lat' dir='ltr'><strong>Bohemia</strong></span> 
     </span>
     <span class='ocr_line' id='line_1_106' title="bbox 1450 2708 2355 2752; baseline -0.004 -10"><span class='ocrx_word' id='word_1_635' title='bbox 1450 2714 1507 2742; x_wconf 88' lang='lat' dir='ltr'><strong>sub</strong></span> <span class='ocrx_word' id='word_1_636' title='bbox 1535 2712 1684 2752; x_wconf 87' lang='lat' dir='ltr'><strong>magistro</strong></span> <span class='ocrx_word' id='word_1_637' title='bbox 1709 2711 1838 2741; x_wconf 89' lang='lat' dir='ltr'><strong>Alberto</strong></span> <span class='ocrx_word' id='word_1_638' title='bbox 1864 2711 1902 2739; x_wconf 90' lang='lat' dir='ltr'><strong>de</strong></span> <span class='ocrx_word' id='word_1_639' title='bbox 1927 2710 2070 2745; x_wconf 67' lang='lat' dir='ltr'><strong>Saxonis,</strong></span> <span class='ocrx_word' id='word_1_640' title='bbox 2100 2708 2186 2749; x_wconf 87' lang='lat' dir='ltr'><strong>cujus</strong></span> <span class='ocrx_word' id='word_1_641' title='bbox 2213 2710 2307 2739; x_wconf 90' lang='lat' dir='ltr'><strong>burse</strong></span> <span class='ocrx_word' id='word_1_642' title='bbox 2336 2710 2355 2738; x_wconf 90' lang='lat'><strong>2</strong></span> 
     </span>
     <span class='ocr_line' id='line_1_107' title="bbox 1450 2758 2355 2801; baseline -0.002 -11"><span class='ocrx_word' id='word_1_643' title='bbox 1450 2761 1553 2801; x_wconf 88' lang='lat' dir='ltr'><strong>grossi</strong></span> <span class='ocrx_word' id='word_1_644' title='bbox 1583 2768 1757 2795; x_wconf 64' lang='lat' dir='ltr'><strong>turonens„</strong></span> <span class='ocrx_word' id='word_1_645' title='bbox 1791 2766 1822 2789; x_wconf 92' lang='lat' dir='ltr'><strong>et</strong></span> <span class='ocrx_word' id='word_1_646' title='bbox 1848 2759 1932 2788; x_wconf 92' lang='lat' dir='ltr'><strong>dedit</strong></span> <span class='ocrx_word' id='word_1_647' title='bbox 1962 2758 2093 2788; x_wconf 91' lang='lat' dir='ltr'><strong>litteram</strong></span> <span class='ocrx_word' id='word_1_648' title='bbox 2125 2758 2263 2788; x_wconf 88' lang='lat' dir='ltr'><strong>officialis</strong></span> <span class='ocrx_word' id='word_1_649' title='bbox 2296 2768 2355 2798; x_wconf 89' lang='lat' dir='ltr'><strong>pro</strong></span> 
     </span>
     <span class='ocr_line' id='line_1_108' title="bbox 1448 2806 2351 2850; baseline -0.003 -11"><span class='ocrx_word' id='word_1_650' title='bbox 1448 2816 1535 2850; x_wconf 88' lang='lat' dir='ltr'><strong>parte</strong></span> <span class='ocrx_word' id='word_1_651' title='bbox 1549 2810 1687 2839; x_wconf 89' lang='lat' dir='ltr'><strong>nacionis</strong></span> <span class='ocrx_word' id='word_1_652' title='bbox 1706 2809 1824 2838; x_wconf 88' lang='lat' dir='ltr'><strong>scilicet</strong></span> <span class='ocrx_word' id='word_1_653' title='bbox 1846 2809 1963 2838; x_wconf 90' lang='lat' dir='ltr'><strong>duabus</strong></span> <span class='ocrx_word' id='word_1_654' title='bbox 1980 2808 2084 2837; x_wconf 89' lang='lat' dir='ltr'><strong>bursis</strong></span> <span class='ocrx_word' id='word_1_655' title='bbox 2103 2817 2169 2837; x_wconf 88' lang='lat' dir='ltr'><strong>cum</strong></span> <span class='ocrx_word' id='word_1_656' title='bbox 2189 2807 2316 2836; x_wconf 91' lang='lat' dir='ltr'><strong>dimidio</strong></span> <span class='ocrx_word' id='word_1_657' title='bbox 2328 2806 2351 2836; x_wconf 88' lang='lat'><strong>⁴.</strong></span> 
     </span>
    </p>
   </div>
  </div>
 </body>
</html>
