2632 3464
429 428 462 452 19

428 503 577 542 magister
600 501 786 532 Chunradus
809 502 846 530 de
872 500 978 529 Monte
1003 500 1179 529 Puellarum
1202 499 1346 538 exposuit

427 552 498 581 XXI
520 551 664 580 denarios
685 551 853 590 parisiens.
873 550 905 579 in
924 560 984 579 una
1001 550 1130 578 taberna
1142 548 1228 588 juxta
1250 549 1345 577 abba-

428 609 488 630 tem
509 602 546 630 de
567 601 715 630 Cluniaco
734 610 865 629 unacum
886 605 1019 638 quatuor
1036 598 1292 638 procuratoribus
1315 604 1345 626 et

427 651 497 679 aliis
514 649 683 690 magistris,
700 649 753 688 qui
769 655 840 678 tunc
858 649 971 677 ibidem
988 649 1120 677 suerunt.

469 700 543 728 Item
560 699 610 728 die
625 697 763 728 sabbati⁴
790 699 929 735 Quatuor
944 703 1118 736 temporum
1134 703 1203 725 ante
1222 697 1343 733 [festum

429 749 538 787 sancti]
557 748 740 777 Michahelis
756 747 959 786 expendimus
973 756 1030 775 nos
1047 752 1110 774 tres
1126 751 1344 784 procuratores

429 800 472 827 ad
498 799 595 836 falces
629 807 696 826 cum
734 797 802 826 aliis
837 795 996 835 magistris
1028 795 1120 823 trium
1158 793 1343 823 naeionum2

428 848 483 876 XV
499 847 629 882 solidos,
647 847 684 875 de
703 847 817 885 quibus
835 845 924 874 nacio
937 850 1044 873 nostra
1060 844 1153 872 solvit
1168 843 1195 872 V
1213 843 1342 872 solidos.

470 898 544 926 ltem
558 907 620 925 uno
635 888 767 935 vespere
782 905 849 924 cum
866 895 903 923 de
918 893 1029 922 Sancta
1042 893 1189 922 Jenovefa
1203 893 1344 921 venimus

428 947 471 975 ad
482 946 607 974 barbam
616 944 628 963 ³
640 956 777 978 auream,
792 943 995 982 expendimus
1008 953 1078 982 ego,
1090 942 1231 981 magistri
1242 941 1344 971 Chon-

429 996 522 1024 radus
546 1001 574 1024 et
599 994 741 1023 Andreas
767 994 804 1021 de
833 992 964 1021 Polonia
992 1002 1058 1020 cum
1090 991 1158 1020 aliis
1186 991 1344 1030 magistris

428 1046 522 1074 trium
538 1041 700 1072 nacionum
719 1042 788 1071 XVI
806 1042 952 1071 denarios
970 1041 1094 1070 nomine
1110 1041 1262 1069 nacionis.

470 1095 543 1123 Item
561 1104 640 1122 anno
655 1099 688 1121 ut
705 1102 799 1131 supra
816 1092 847 1119 in
865 1090 1022 1120 crastino⁴
1039 1090 1120 1119 beati
1143 1090 1258 1119 Mathei
1274 1100 1345 1119 con-

428 1143 544 1172 vocatis
560 1142 718 1181 magistris
737 1140 870 1180 singulis
886 1141 923 1169 de
941 1139 1069 1168 nacione
1085 1139 1289 1178 Anglicorum
1308 1139 1346 1167 ad

430 1193 574 1222 Sanctum
596 1191 750 1220 Julianum
771 1199 951 1229 pauperem,
965 1199 1023 1228 ego
1046 1189 1195 1228 magister
1218 1188 1345 1217 Ulricus

430 1242 471 1271 sui
494 1241 690 1270 continuatus
712 1246 741 1268 et
764 1240 801 1268 de
824 1249 904 1268 novo
925 1239 1040 1267 electus
1062 1238 1093 1266 in
1112 1244 1345 1277 procuratorem

431 1291 567 1330 predicte
590 1289 730 1318 nacionis
753 1299 811 1328 per
832 1288 1039 1328 pluralitatem
1058 1297 1168 1316 vocum
1186 1287 1345 1326 predicto-

429 1350 497 1369 rum
514 1339 744 1379 magistrorum.
759 1337 903 1377 Magistri
920 1337 1071 1376 eligentes
1087 1337 1211 1366 fuerunt
1227 1336 1347 1365 scilicet

428 1389 585 1418 Johannes
611 1389 648 1417 de
679 1387 880 1421 Constancia,
904 1386 1102 1415 wernherus
1131 1385 1344 1420 Wolsrammi,

430 1439 572 1467 Andreas
595 1439 633 1466 de
657 1436 788 1466 Polonia
806 1443 836 1465 et
858 1436 1022 1465 Conradus
1042 1437 1080 1464 de
1099 1435 1204 1464 Monte
1221 1434 1346 1464 Puella-

430 1498 512 1523 rum;
532 1487 673 1527 magistri
692 1496 782 1521 vero,
802 1485 921 1515 scilicet
935 1485 1093 1514 Johannes
1110 1485 1147 1513 de
1166 1484 1343 1523 Gasparde,

430 1537 623 1566 Theodricus
648 1537 686 1564 de
711 1534 853 1575 Trajecto
876 1534 1030 1573 eligerunt
1052 1535 1233 1573 magistrum
1259 1533 1346 1572 Phy-

431 1587 548 1625 lippum
567 1586 708 1620 Scotum,
728 1585 781 1624 qui
804 1591 875 1613 tunc
895 1585 1009 1613 absens
1031 1590 1096 1612 erat
1119 1590 1148 1612 et
1169 1593 1231 1612 non
1252 1583 1345 1612 inter—

431 1636 486 1664 suit
506 1634 763 1674 congregacioni,
785 1644 842 1662 nec
861 1634 917 1662 fuit
936 1640 1008 1662 tunc
1030 1643 1144 1672 regens
1164 1642 1273 1667 verus,
1296 1631 1346 1661 cui

430 1685 526 1713 eciam
548 1684 696 1723 magister
712 1683 825 1723 Hug0³
848 1683 934 1711 dedit
950 1693 1057 1712 vocem
1078 1692 1164 1711 suam
1186 1681 1346 1711 condicio-

430 1734 551 1769 naliter,
568 1734 594 1762 si
613 1740 696 1762 esset
711 1733 852 1771 ydoneus
869 1732 942 1771 eligi
957 1732 1006 1761 vel
1020 1732 1113 1761 vellet
1130 1737 1303 1770 acceptare,
1319 1731 1345 1760 si

431 1794 503 1818 non,
524 1784 592 1822 ipse
611 1793 648 1811 ex
667 1789 739 1811 tunc
756 1781 849 1810 michi
865 1781 993 1810 tradidit
1005 1791 1110 1810 vocem
1128 1791 1224 1809 suam.

470 1833 548 1862 Acta
567 1839 639 1861 sunt
657 1842 716 1871 que
735 1837 882 1860 secuntur
901 1843 907 1859 :

472 1883 544 1919 (Fol.
568 1884 604 1911 2³9
620 1881 644 1920 b)
668 1881 743 1910 Item
765 1880 895 1920 exposui
918 1890 976 1919 ego
997 1879 1145 1919 magister
1162 1879 1288 1908 Ulricus
1309 1879 1346 1908 de

432 1931 571 1970 Augusta
589 1941 646 1970 pro
665 1930 782 1959 honore
801 1936 831 1958 et
852 1929 975 1958 nomine
996 1929 1135 1957 nacionis
1156 1929 1199 1957 ad
1214 1928 1348 1957 Bar-bias

428 1981 514 2019 juxta
530 1981 653 2009 domum
669 1981 812 2008 elevantis
828 1979 911 2008 circa
925 1979 1033 2007 festum
1050 1978 1148 2007 sancti
1163 1977 1346 2007 Michahelis

434 2029 532 2058 XVIII
552 2029 713 2063 denarios,
731 2028 877 2057 videlicet
895 2028 1080 2067 quibusdam
1097 2027 1255 2066 magistris
1272 2037 1347 2065 pro-

434 2079 579 2117 pinando,
598 2078 718 2107 scilicet
734 2077 937 2106 Picardorum
954 2083 983 2105 et
999 2077 1237 2106 Normanorum.

475 2127 550 2156 Item
571 2127 714 2156 dominus
735 2126 820 2155 Suno
841 2127 878 2155 de
898 2125 1017 2155 Swecia
1040 2125 1156 2164 incepit
1173 2126 1230 2154 sub
1249 2125 1347 2164 magi-

437 2184 502 2206 stro
532 2176 680 2215 Philippo
704 2176 812 2210 Scoto;
830 2175 935 2213 [sub]6
951 2175 1100 2214 magistro
1123 2174 1290 2203 Chunrado
1311 2175 1348 2203 de

437 2226 543 2254 Monte
563 2226 751 2260 Puellarum,
773 2226 830 2254 sub
847 2235 909 2264 quo
926 2225 981 2253 fuit
997 2224 1192 2258 licenciatus,
1211 2223 1348 2262 incipere

443 2285 501 2304 non
520 2275 629 2314 potuit,
646 2275 718 2313 quia
735 2275 873 2313 privatus
891 2273 1023 2309 fuerat⁷;
1042 2272 1129 2312 cujus
1154 2273 1249 2301 bursa
1265 2273 1350 2301 11110r

435 2324 539 2353 solidi.

477 2374 551 2402 Item
588 2384 646 2413 ego
680 2373 827 2412 magister
862 2373 986 2402 Ulricus
1023 2372 1094 2401 dedi
1128 2372 1197 2400 XVI
1231 2371 1350 2400 solidos

438 2423 585 2462 magistro
605 2421 782 2452 Grimerio⁸
802 2423 838 2450 de
861 2421 996 2460 receptis
1014 2432 1031 2450 a
1051 2421 1200 2460 magistro
1225 2420 1350 2449 Sunone

436 2474 473 2501 ‹le
503 2472 638 2507 Swecia,
669 2482 748 2510 quos
779 2471 902 2500 nacioni
933 2470 1105 2510 Anglicane
1139 2475 1291 2499 mutuarat
1319 2469 1351 2497 in

436 2522 647 2561 appellacione
665 2520 848 2550 transmissa
864 2521 902 2549 ad
920 2520 1046 2549 curiam.

479 2571 552 2599 Item
569 2571 600 2598 in
621 2569 779 2599 crastino⁹
797 2569 895 2598 sancti
912 2569 1047 2598 Dionisii
1064 2569 1241 2598 convocatis
1255 2568 1351 2597 omni-

439 2621 495 2648 bus
512 2631 526 2648 a
543 2620 668 2648 domino
685 2625 805 2648 rectore
821 2618 960 2648 Johanne
979 2619 1016 2647 de
1031 2618 1187 2647 Vimarcio
1203 2619 1241 2646 ad
1259 2617 1350 2646 Sanc-

470 2709 492 2731 ¹1.
527 2709 557 2731 20
573 2708 736 2739 Septembris.

469 2746 491 2767 2.
526 2744 709 2775 Anglicorum,
726 2746 750 2766 et
770 2742 941 2766 verisimiliter
959 2743 1130 2766 Picardorum
1146 2746 1172 2766 et
1187 2742 1352 2766 Nox-manno-

439 2788 506 2803 rum.

470 2817 492 2838 3.
528 2817 574 2838 Ms.
590 2815 708 2838 verbam.

471 2852 494 2873 ¹1.
529 2852 558 2873 22
573 2850 736 2881 Septembris.

471 2889 494 2909 ὖ.
530 2887 632 2909 Scotusa.

470 2924 493 2945 6.
529 2922 654 2953 Scriptum
668 2925 723 2945 erat
737 2921 768 2945 de
784 2929 926 2949 consensu,
940 2920 985 2944 sed
996 2923 1087 2952 postea
1101 2920 1164 2943 llaec·
1179 2920 1253 2943 verba
1269 2920 1353 2943 deleta

440 2961 507 2982 xant.

975 423 1199 450 AUCTARIUM
1220 422 1481 449 CHARTULARII
1502 423 1676 449 UNIVERS.
1705 423 1824 449 PARIS.

1383 944 1416 970 10

1384 1190 1416 1215 15

1384 1436 1417 1461 20

1384 1684 1417 1709 25

1385 1930 1418 1955 30

1386 2175 1419 2201 35

1388 2421 1422 2447 40

2337 424 2372 450 20

1455 505 1518 528 tum
1534 499 1689 528 Julianum
1708 509 1875 539 pauperem
1891 500 1929 528 ad
1946 499 2123 539 eligendum
2138 509 2251 529 novum
2266 505 2371 529 recto-

1454 558 1531 583 rem,
1556 548 1716 587 predictus
1739 554 1842 577 rector
1868 548 1993 577 nolebat
2019 557 2136 587 ponere
2161 548 2193 577 in
2215 548 2371 578 delibera-

1455 597 1559 633 cione,
1581 603 1683 626 utrum
1703 607 1801 627 novus
1820 604 1924 627 rector
1943 598 2098 635 deb[er]et
2118 597 2207 637 eligi;
2232 597 2368 633 dicebat,

1455 647 1538 685 quod
1549 646 1646 676 nollet
1654 653 1783 686 propter
1795 647 1989 686 presenciam
1999 646 2141 686 magistri
2155 646 2315 676 Chunradi
2333 647 2370 676 de

1454 695 1559 724 Monte
1577 695 1768 731 Puellarum,
1787 706 1877 735 quem
1899 695 1967 735 ipse
1986 695 2108 724 dicebat
2125 705 2195 724 esse
2216 695 2370 734 privatum

1453 750 1584 783 propter
1600 745 1752 784 quandam
1768 745 1957 774 discordiam
1973 745 2061 784 prius
2082 751 2192 774 motam
2210 745 2291 774 inter
2306 751 2371 774 tres

1453 793 1612 828 naciones,
1624 793 1743 823 scilicet
1754 793 1969 829 Picardorum,
1982 794 2209 823 Normanorum
2223 800 2253 823 et
2262 793 2370 833 Angli-

1454 852 1560 871 corum
1590 853 1628 871 ex
1657 853 1717 872 una
1742 849 1846 882 parte,
1875 849 1905 872 et
1934 843 2095 872 nacionem
2127 842 2317 872 Gallicorum
2341 849 2371 872 et

1454 891 1636 931 magistrum
1665 892 1876 921 Christianum
1908 902 1958 921 ex.
1974 892 2070 921 altera
2098 898 2197 931 parte.
2229 891 2369 926 Accidit,

1455 942 1538 980 quod
1551 941 1711 980 predictus
1727 941 1876 981 magister
1890 941 2075 971 Chunradus
2092 941 2186 970 exivit
2201 941 2239 970 de
2257 940 2370 970 Sancto

1454 990 1576 1019 Juliano
1592 990 1665 1029 quia
1679 991 1716 1019 ab
1733 990 1943 1020 Universitate
1961 991 2017 1020 suit
2029 990 2164 1020 totaliter
2178 989 2368 1029 privatusw.

1456 1040 1582 1069 Interim
1607 1039 1768 1079 predictus
1798 1046 1900 1069 rector
1927 1040 2032 1079 posuit
2063 1040 2094 1068 in
2123 1039 2368 1074 deliberacione,

1455 1095 1556 1118 utrum
1586 1089 1723 1128 placeret
1744 1089 1860 1129 eligere
1885 1100 1997 1119 novum
2024 1096 2187 1118 rectorem.
2217 1089 2370 1118 Naciones

1455 1145 1588 1177 quatuor
1607 1144 1768 1167 traxerunt
1790 1149 1823 1168 se
1843 1139 1881 1167 ad
1902 1145 2032 1178 partem.
2055 1138 2210 1168 Naciones
2230 1137 2369 1167 Gallico-

1455 1198 1539 1223 rum,
1557 1188 1760 1217 Picardorum
1776 1194 1806 1216 et
1821 1187 2047 1217 Normanorum
2066 1187 2216 1217 electores
2237 1187 2370 1217 rectoris

1455 1237 1653 1267 concorditer
1671 1237 1842 1277 eligerunt;
1863 1237 1951 1266 nacio
1971 1247 2046 1266 vero
2064 1236 2267 1276 Anglicorum
2290 1246 2370 1266 non·-

1456 1287 1527 1315 dum
1545 1286 1683 1326 eligerat.
1700 1286 1852 1326 Magister
1867 1286 2054 1315 Chunradus
2068 1285 2228 1325 predictus
2244 1286 2330 1315 venit
2341 1292 2371 1316 et

1456 1335 1538 1364 sedit
1559 1336 1596 1364 ad
1614 1336 1774 1364 nacionem
1793 1346 1894 1370 suam,
1912 1346 2003 1375 quem
2021 1335 2110 1364 nacio
2130 1341 2160 1364 et
2180 1334 2278 1375 major
2297 1345 2370 1374 pars

1456 1384 1607 1413 facultatis
1623 1395 1686 1413 non
1705 1385 1848 1414 dicebant
1864 1395 1920 1414 nec
1941 1384 2095 1414 habebant
2110 1394 2168 1423 pro
2185 1384 2305 1423 privato
2317 1407 2324 1419 ,
2342 1390 2371 1413 et

1455 1434 1578 1464 volebat
1590 1434 1705 1474 eligere
1719 1434 1883 1463 intrantem
1897 1444 1965 1463 cum
1978 1433 2107 1462 nacione
2122 1444 2187 1462 sua.
2202 1433 2289 1463 Tunc
2302 1443 2370 1472 pre-

1456 1484 1556 1513 dictus
1568 1484 1717 1523 magister
1730 1482 1959 1513 Christianus⁴⁴
1975 1493 2044 1512 cum
2059 1483 2216 1522 aliquibus
2225 1481 2371 1522 personis

1456 1533 1603 1563 nolebant
1618 1534 1788 1572 procedere
1802 1533 1840 1561 ad
1854 1532 2029 1572 eligendum
2043 1532 2207 1561 intrantem
2218 1543 2225 1567 ;
2241 1541 2369 1571 excepe-

1455 1588 1528 1612 runt
1545 1589 1652 1611 contra
1662 1581 1725 1622 jam
1744 1575 1858 1611 dictum
1875 1581 2057 1621 magistrum
2074 1581 2285 1610 Chunradum.
2302 1581 2371 1620 Ego

1455 1642 1529 1661 vero
1549 1631 1699 1671 magister
1718 1631 1843 1660 Ulricus
1863 1637 1936 1660 tunc
1958 1637 2140 1668 procurator
2157 1630 2268 1659 videns
2287 1630 2371 1669 quod

1455 1682 1542 1710 tarde
1559 1687 1635 1716 erat,
1648 1680 1737 1720 quasi
1754 1680 1830 1709 hora
1844 1690 1924 1709 none
1938 1680 2051 1709 Nostre
2068 1679 2211 1714 Domine,
2230 1679 2370 1718 processi

1455 1731 1494 1760 ad
1522 1731 1698 1771 eligendum
1727 1729 1908 1765 electorem,
1941 1739 1979 1758 ne
2010 1735 2114 1758 rector
2147 1728 2282 1757 mitteret
2312 1737 2370 1767 pro

1451 1780 1576 1820 juniore
1593 1780 1755 1819 theologo,
1773 1778 1827 1819 qui
1847 1779 1915 1808 loco
1937 1778 2081 1807 electoris
2103 1777 2244 1807 nacionis
2264 1783 2371 1806 nostre

1457 1828 1631 1859 intraretffl.
1652 1829 1758 1858 Primo
1778 1828 1984 1868 protestabar,
2002 1828 2085 1867 quod
2101 1827 2127 1856 si
2146 1827 2257 1866 aliquis
2274 1827 2372 1856 inter-

1457 1885 1540 1908 esset
1565 1878 1713 1907 eleccioni
1737 1877 1892 1912 electoris,
1917 1876 1971 1916 qui
1997 1876 2041 1905 ibi
2063 1886 2126 1905 non
2151 1876 2278 1904 deberet
2302 1885 2371 1904 esse

1456 1935 1586 1968 propter
1612 1937 1835 1967 quamcumque
1863 1936 1986 1955 causam
2012 1925 2061 1955 vel
2089 1924 2175 1964 cujus
2202 1935 2263 1954 vox
2289 1930 2372 1953 esset

1457 1978 1609 2017 gratiosa,
1630 1977 1712 2015 quod
1736 1975 1873 2015 ejusdem
1894 1975 2057 2014 presencia
2073 1974 2221 2003 eleccioni
2239 1973 2271 2002 in
2286 1973 2372 2003 nullo

1459 2026 1532 2066 (F'ol.
1548 2026 1596 2066 30)
1610 2025 1830 2066 prejudicaret,
1843 2035 1943 2064 neque
1958 2023 2023 2063 ejus
2034 2034 2094 2053 vox
2105 2034 2138 2052 ac
2149 2029 2221 2053 vota
2234 2023 2373 2053 valerent

1458 2086 1558 2115 neque
1573 2081 1732 2105 nocerent.
1745 2074 1796 2103 Sic
1811 2084 1886 2103 vero
1901 2074 2019 2109 induxi,
2032 2073 2194 2102 sufficienti
2211 2072 2373 2112 prehabita

1458 2125 1698 2164 protestacione‚
1716 2124 1747 2152 in
1766 2123 1898 2163 singulis
1915 2123 2074 2162 magistris
2087 2121 2224 2162 ejusdem
2233 2121 2372 2150 nacionis

1458 2175 1573 2203 ibidem
1601 2173 1801 2213 presentibus
1832 2182 1947 2211 eosque
1981 2181 2038 2211 per
2068 2181 2174 2200 eorum
2198 2170 2373 2211 juramenta

1458 2223 1659 2262 requirendo,
1685 2229 1719 2252 ut
1745 2222 1910 2251 electorem
1934 2221 2097 2260 eligerent.
2124 2220 2275 2260 Magister
2297 2229 2372 2249 vero

1460 2272 1545 2302 Suno
1564 2273 1601 2301 de
1622 2271 1757 2306 Swecia,
1776 2271 1827 2310 qui
1844 2277 1916 2300 tunc
1933 2276 1998 2299 erat
2008 2269 2115 2310 junior
2130 2269 2291 2309 magister,
2309 2268 2373 2298 ele-

1459 2322 1504 2361 git
1519 2332 1566 2350 me
1583 2321 1763 2360 magistrum
1780 2320 1920 2349 Ulricum
1934 2321 1971 2348 de
1984 2319 2125 2359 Augusta
2140 2325 2372 2358 procuratorem

1460 2371 1654 2400 existentem.
1687 2370 1801 2399 Postea
1837 2369 1943 2398 induxi
1974 2369 2006 2398 in
2041 2368 2199 2407 magistris
2228 2367 2374 2397 videlicet

1460 2419 1656 2448 Theodorico
1689 2419 1726 2448 de
1763 2417 1921 2458 Trajecto‚
1949 2417 2089 2447 Johanne
2120 2417 2158 2446 de
2188 2415 2370 2446 Brabancia.

1461 2469 1614 2499 Nolebant
1639 2468 1754 2508 eligere
1781 2467 1914 2507 aliquem
1940 2477 1997 2506 pro
2023 2466 2168 2501 intrante,
2195 2465 2266 2505 quia
2287 2465 2373 2494 dice—

1460 2519 1545 2553 bant,
1573 2518 1657 2557 quod
1681 2517 1795 2546 eleccio
1820 2517 1904 2546 nulla
1923 2522 2007 2545 esset
2028 2521 2158 2555 propter
2178 2513 2372 2554 presenciam

1461 2567 1602 2607 magistri
1623 2566 1799 2596 Chrunradi
1820 2566 1968 2605 predicti,
1990 2565 2062 2604 quia
2080 2564 2218 2603 privatus
2238 2564 2275 2592 ab
2294 2563 2373 2592 Uni-

1461 2616 1608 2646 versitate
1632 2615 1760 2645 esset⁴³.
1786 2615 1905 2644 Deinde
1926 2614 2032 2644 induxi
2050 2614 2081 2643 in
2095 2613 2157 2653 jam
2175 2612 2258 2642 dicto
2273 2613 2374 2652 magi-

1493 2707 1506 2714 .-

1496 2714 1515 2728 s.
1550 2706 1620 2728 Inter
1632 2703 1714 2727 lineas
1726 2703 1872 2735 incipere...
1888 2704 1981 2726 fuerat.

1493 2743 1515 2765 8.
1551 2740 1688 2764 Bonifacii.

1492 2779 1515 2800 9.
1551 2777 1580 2800 10
1594 2775 1717 2799 Octobris.

1494 2813 1532 2836 10.
1574 2812 1674 2835 Verba:
1694 2811 1786 2843 quia...
1804 2810 1936 2842 privatus,
1957 2809 2128 2836 interlineas,
2142 2808 2168 2831 in
2187 2810 2256 2831 textu
2271 2807 2345 2831 verba
2365 2815 2374 2830 .“

1463 2848 1551 2872 nescio
1565 2856 1616 2879 quo
1630 2850 1701 2870 motu
1715 2847 1817 2874 ductus,
1833 2845 1975 2869 eliminata.

1494 2885 1532 2907 11.
1567 2883 1704 2906 Bonifucii.

1494 2920 1530 2943 12.
1566 2919 1605 2950 Cf.
1618 2918 1736 2943 Chai-tul.
1751 2916 1938 2942 Universitatis
1954 2915 2121 2943 Parisiensis,
2137 2919 2165 2938 n⁰
2176 2915 2231 2938 492.

1495 2956 1531 2979 13.
1568 2954 1660 2986 quia...
1673 2956 1742 2977 esset
1754 2953 1820 2976 inter
1833 2952 1914 2975 lineas
