2632 3464
427 454 478 480 523

469 529 542 558 Item
565 527 681 566 incepit
704 526 847 555 dominus
865 524 1006 554 Andreas
1025 524 1063 552 de
1084 522 1254 552 Lederdam
1275 520 1332 550 sub

427 578 576 617 magistro
592 576 761 615 Meynardo
777 576 815 604 de
828 574 935 614 Tyela,
953 572 1039 612 cujus
1053 573 1146 601 bursa
1159 570 1265 600 nichil.

469 627 542 655 Item
565 624 681 664 incepit
705 623 848 653 dominus
868 623 1042 652 Wernerus
1066 622 1103 650 de
1126 620 1252 649 Austria
1275 619 1332 648 sub

427 673 610 715 magistro⁴‚
634 673 720 713 cujus
744 674 838 702 bursa
855 671 895 700 VI
915 671 1018 700 solidi.
1038 669 1136 699 Solvit
1156 669 1251 698 eciam
1273 677 1332 707 pro

427 723 678 753 determinancia.
861 722 873 732 '

468 774 542 802 Item
574 771 688 810 incepit
719 771 862 800 dominus
892 768 1089 803 Fredericus,
1120 766 1207 806 cujus
1237 766 1332 795 bursa

426 822 452 850 V
470 821 574 856 solidi,
591 820 662 849 VIII
678 819 808 849 denarii.

468 871 541 899 Item
555 869 697 898 dominus
711 868 865 897 Henricus
881 865 1112 899 Lovenschede,
1129 863 1216 904 cujus
1235 864 1330 893 bursa

426 919 466 948 VI
481 918 584 953 solidi,
601 919 658 947 sub
674 917 822 957 magistro
836 916 967 955 Hugone
980 916 1018 944 de
1037 914 1201 943 Hervorst.

466 967 540 997 Item
566 968 640 996 facta
663 965 907 1005 congregacione
939 974 996 1003 per
1022 962 1224 1002 juramentum
1249 962 1329 1001 apud

426 1017 569 1046 Sanctum
591 1015 770 1044 Matulinum
790 1013 1009 1043 Universitatis
1030 1018 1059 1041 et
1076 1011 1232 1046 nacionis,
1254 1021 1330 1049 sup-

424 1065 549 1105 plicavit
576 1064 723 1104 magister
746 1063 838 1102 Hugo
865 1064 903 1091 de
933 1062 1086 1091 Hervorst
1117 1070 1174 1100 pro
1205 1060 1329 1089 domino

425 1115 569 1144 Conrado
592 1114 628 1142 de
648 1112 892 1142 Lutselenborch
910 1121 967 1150 pro
991 1111 1080 1140 litera
1097 1109 1329 1139 recommenda-

424 1163 513 1198 toria,
540 1169 570 1192 et
592 1171 741 1191 concessa
765 1161 825 1190 sibi
854 1160 910 1190 fuit
931 1160 983 1189 illa
1005 1159 1067 1195 die,
1095 1169 1155 1199 que
1182 1158 1238 1188 fuit
1261 1158 1329 1187 dies

423 1212 523 1241 XXII³
535 1211 649 1240 mensis
663 1210 757 1245 Junii,
775 1220 855 1239 anno
869 1209 1060 1249 supradicto.

465 1261 539 1290 Item
561 1262 638 1289 sacta
662 1259 908 1298 congregacione
933 1258 983 1287 die
1008 1257 1082 1287 1111-
1103 1257 1219 1286 mensis
1241 1256 1327 1291 Julii,

968 446 1190 474 AUCTARIUM
1210 442 1470 471 CHARTULARH
1490 436 1663 471 UNIVERS.
1684 444 1803 471 PARIS.

1387 717 1403 744 5

1367 962 1401 988 10

1367 1207 1400 1234 15

424 1320 502 1339 anno
523 1316 555 1339 ut
575 1310 672 1348 prius,
695 1308 834 1337 nacionis
851 1307 1064 1346 facultatisque
1084 1307 1164 1346 apud
1184 1306 1328 1335 Sanctum
1366 1333 1368 1335 ,

422 1358 586 1393 Julianum,
608 1357 745 1387 nacionis
763 1363 861 1386 autem
882 1357 919 1385 ad
938 1356 1186 1395 supplicandum,
1206 1355 1329 1394 suppli-

423 1413 569 1436 caverunt
586 1406 724 1446 magistri
750 1406 903 1435 Henricus
926 1404 1143 1434 Bornecothen
1167 1405 1204 1433 de
1226 1404 1328 1433 Ysen-

423 1456 518 1485 borch
534 1462 563 1485 et
577 1455 591 1484 J
596 1455 733 1484 ohannes
743 1454 860 1490 wilde,
875 1455 958 1494 quod
969 1454 1203 1493 imponerentur
1213 1453 1326 1488 rotulo,

423 1505 449 1534 si
469 1505 566 1539 fieret,
595 1504 666 1543 quia
693 1503 765 1533 ituri
790 1509 877 1532 erant
901 1496 938 1532 ad
964 1509 1069 1542 partes
1099 1512 1181 1531 suas.
1207 1502 1327 1539 Quibus

422 1563 603 1582 concessum
620 1554 716 1582 suerat
731 1553 899 1582 secundum
917 1562 1011 1592 posse
1029 1551 1169 1581 nacionis
1188 1551 1280 1580 modo
1298 1557 1328 1580 et

422 1602 529 1637 forma,
549 1612 610 1641 quo
623 1602 692 1631 aliis
712 1601 949 1640 precedentibus
967 1607 1032 1630 erat
1047 1610 1240 1630 concessum.

463 1651 537 1680 Item
560 1651 637 1679 facta
654 1650 899 1690 congregacione
921 1649 1151 1684 Universitatis,
1175 1648 1326 1678 facultatis

423 1706 452 1728 et
466 1700 605 1728 nacionis
621 1700 701 1738 apud
718 1699 862 1728 Sanctum
883 1699 1063 1728 Matulinum
1081 1699 1118 1727 ad
1142 1698 1326 1727 audiendum

422 1748 539 1776 literam
561 1749 684 1777 missam
704 1758 760 1787 per
775 1748 955 1787 magistrum
974 1747 1159 1782 Mercilium,
1182 1746 1326 1776 nuncium

423 1796 641 1826 Universitatis
651 1796 674 1831 ²,
690 1803 719 1825 et
732 1796 834 1825 audita
848 1797 913 1826 fuit.

462 1845 535 1874 Item
555 1847 631 1874 sacta
649 1845 895 1885 congregacione
914 1845 1053 1874 nacionis
1074 1845 1123 1874 die
1148 1843 1326 1874 dominica³

422 1901 493 1933 post
509 1895 642 1932 [festum]
656 1894 762 1923 Jacobi
773 1895 854 1933 apud
870 1893 1086 1923 Predicatores
1102 1894 1139 1923 ad
1151 1893 1326 1933 supplican—

422 1945 504 1977 dum,
521 1943 706 1982 supplicavit
721 1943 868 1983 magister
883 1943 1079 1972 Hermannus
1097 1944 1135 1972 de
1148 1942 1327 1972 Aldenrode

422 1993 458 2020 de
475 1991 602 2021 Colonia
615 1998 648 2021 ut
659 1992 869 2031 imponeretur
883 1992 996 2027 rotulo,
1011 1992 1083 2031 quia
1095 1992 1196 2021 iturus
1209 1998 1274 2021 erat
1288 1992 1327 2020 ad

421 2047 525 2079 partes
541 2047 571 2069 et
590 2040 775 2070 intencionis
790 2041 977 2070 revertendi.
996 2040 1053 2070 Cui
1067 2050 1248 2070 concessum
1262 2046 1327 2069 erat

422 2089 513 2118 simili
532 2090 621 2118 modo
642 2090 729 2118 sicud
745 2089 824 2124 aliis,
843 2090 943 2119 soluto
961 2096 1062 2119 tamen
1079 2089 1200 2129 bejanio
1220 2089 1326 2118 nacio-

422 2138 481 2172 nis,
502 2149 558 2177 pro
571 2149 632 2177 quo
648 2139 794 2178 magister
812 2139 924 2178 Hugho
938 2140 975 2168 de
991 2139 1143 2168 Hervorst
1161 2149 1194 2168 se
1209 2139 1326 2178 obliga-

422 2187 474 2216 vit.

463 2236 536 2264 Item
557 2236 634 2264 facta
653 2237 898 2276 congregacione
919 2237 1059 2266 nacionis
1077 2237 1158 2276 apud
1181 2236 1325 2266 Sanctum

422 2284 601 2313 Matulinum
620 2285 656 2313 ad
674 2285 858 2314 audiendum
878 2295 956 2315 nova
971 2295 1027 2325 per
1042 2286 1222 2325 magistrum
1240 2285 1325 2314 Mer-

422 2333 536 2368 cilium,
555 2340 627 2362 tunc
640 2333 791 2363 Avinione
807 2334 1000 2369 existentem,
1013 2334 1089 2364 lecte
1103 2335 1224 2364 suerunt
1236 2334 1324 2364 litere

422 2382 515 2411 misse
530 2392 585 2421 per
599 2383 742 2411 eundem.

463 2431 536 2460 Item
558 2431 635 2460 facta
654 2432 900 2471 congregacione
923 2433 1003 2471 apud
1028 2432 1172 2462 Sanctum
1199 2432 1324 2462 Matuli-

421 2490 492 2508 num
509 2480 557 2508 die
575 2479 645 2508 V11=
662 2480 777 2509 mensis
794 2480 926 2519 Augusti
943 2491 999 2519 pro
1013 2481 1214 2510 rescribendo
1229 2481 1324 2520 magi-

422 2535 486 2557 stro
517 2528 657 2557 Mercilio
690 2539 874 2567 responsum
906 2536 935 2558 et
971 2530 1028 2558 alia
1057 2540 1151 2569 supra
1182 2530 1324 2568 primitus

422 2577 536 2616 scripta
556 2587 611 2616 per
629 2579 773 2612 eundem,
798 2578 859 2607 dati
884 2578 1006 2607 fuerunt
1025 2578 1161 2617 deputati
1183 2579 1220 2607 ad
1242 2578 1324 2607 ordi-

422 2627 554 2655 nandum
572 2625 674 2654 idem⁴
691 2626 829 2666 magistri
846 2626 999 2656 Jordanus
1016 2628 1053 2656 de
1074 2627 1170 2657 Clivis
1186 2634 1215 2656 et
1232 2627 1324 2667 Hugo

424 2675 460 2702 de
484 2675 643 2703 I‘Iervorst.

464 2723 535 2751 Item
555 2724 658 2752 eadem
679 2724 727 2753 die
750 2725 955 2763 congregacio
979 2725 1056 2754 facta
1077 2731 1142 2754 erat
1160 2735 1217 2764 per
1237 2724 1324 2764 jura-

424 2778 553 2800 mentum
571 2782 624 2810 per
636 2774 756 2801 modum
772 2773 963 2812 expedientis
973 2774 1010 2801 ad
1022 2773 1193 2802 habendum
1205 2773 1323 2813 virgam

454 2898 476 2921 1.
510 2900 536 2921 In
548 2902 602 2921 ”1³¹⁰
611 2903 701 2929 postea
715 2900 833 2930 spatium.

453 2934 475 2957 2.
509 2935 641 2958 Aveniozze.

454 2970 477 2991 3.
511 2970 538 2991 20·
551 2970 620 2992 Julii.

1365 1453 1399 1479 20

1364 1699 1398 1724 25

1364 1945 1398 1970 30

1363 2190 1397 2216 35

1362 2435 1395 2461 40

1362 2685 1395 2710 45

1659 0 1838 28 “lavans
1858 0 2040 26 1²⁴7‘W‘

2296 445 2349 473 524

1441 520 1558 550 budelli
1573 527 1760 561 argenteam.
1779 521 1818 551 Et
1834 531 2017 552 concessum
2035 522 2091 551 suit
2105 523 2190 562 quod
2208 532 2246 552 ex
2261 529 2349 563 parte

1441 569 1581 599 nacionis
1605 570 1820 610 reciperentur
1842 570 1926 600 XXX
1950 571 2047 600 franci
2071 581 2130 611 pro
2155 571 2294 602 faciendo
2318 578 2351 602 et

1441 629 1503 648 non
1519 619 1600 658 plus,
1617 629 1678 648 una
1695 629 1763 649 cum
1775 626 1904 660 argento
1919 620 2071 650 existente
2084 620 2116 650 in
2127 620 2227 661 virga,
2244 627 2274 650 et
2286 621 2350 652 dati

1441 667 1564 698 fuerunt
1590 668 1726 708 deputati
1751 669 1791 698 ad
1820 669 2026 698 ordinandum
2053 675 2083 699 et
2111 670 2150 699 ad
2176 670 2347 701 faciendum

1441 716 1539 746 forum
1568 727 1636 746 cum
1666 717 1821 747 aurifabro
1851 723 1880 747 et
1906 718 1944 747 ad
1975 718 2159 748 audiendum
2190 719 2348 749 dominum

1439 771 1632 805 receptorem
1648 776 1706 805 pro
1723 766 1864 806 pecuniis
1881 767 2030 807 magister
2045 766 2199 797 Martinus
2217 767 2350 798 Hollan-

1440 815 1498 844 dus
1518 821 1548 844 et
1566 815 1715 855 magister
1730 815 1887 845 Johannes
1903 815 2069 856 Wolgaest
2086 815 2184 853 Saxo,
2202 816 2348 848 dominus

1439 869 1584 903 receptor
1598 870 1629 893 et
1640 864 1788 904 magister
1804 863 1961 894 Johannes
1977 865 2138 895 Lubberti.

1479 912 1555 942 Item
1579 912 1764 952 supplicavit
1782 913 1930 953 magister
1950 913 2105 953 Nycolaus
2125 915 2163 944 de
2184 914 2350 955 Maguncia

1438 967 1472 990 ut
1491 961 1703 1000 imponeretur
1724 962 1837 997 rotulo,
1861 962 1934 1001 quia
1954 962 2052 992 iturus
2072 969 2138 992 erat
2162 964 2200 993 ad
2222 970 2344 1004 partes;

1438 1011 1522 1049 quod
1540 1011 1599 1039 sihi
1617 1020 1798 1040 concessum
1813 1011 1910 1040 fuerat
1927 1011 2024 1041 forma
2041 1018 2071 1041 et
2088 1012 2188 1042 modis
2203 1013 2348 1043 consimi-

1438 1058 1519 1088 libus
1529 1065 1563 1088 ut
1577 1059 1746 1098 prioribus.

1478 1107 1551 1148 (Ποῖ.
1564 1111 1583 1138 8
1593 1108 1619 1148 b)
1630 1108 1705 1138 Item
1723 1109 1800 1138 facta
1814 1109 2060 1149 congregacione
2075 1110 2106 1139 in
2123 1109 2236 1140 Sancto
2250 1112 2348 1141 Matu-

1438 1157 1502 1186 lino
1514 1167 1572 1197 pro
1583 1157 1726 1187 habendo
1736 1158 1895 1198 pecunias,
1909 1158 2022 1198 quibus
2032 1159 2120 1199 virga
2129 1159 2196 1189 fieri
2206 1160 2347 1196 deberet,

1437 1207 1510 1246 quia
1524 1217 1562 1236 ex
1576 1213 1664 1246 parte
1677 1207 1816 1236 nacionis
1830 1217 1892 1236 non
1902 1214 1968 1237 erat
1977 1208 2048 1247 plus
2063 1208 2264 1239 deliberatum
2279 1209 2347 1239 dari

1437 1266 1528 1295 quam
1545 1255 1629 1285 XXX
1649 1256 1761 1291 franci,
1783 1262 1813 1286 et
1833 1256 1923 1296 virga
1946 1263 2087 1286 constare
2110 1258 2241 1288 debebat
2267 1259 2348 1288 bene

1437 1305 1662 1345 quinquaginta
1678 1305 1818 1341 srancos;
1835 1315 1930 1345 quare
1945 1316 2003 1345 pro
2018 1306 2184 1336 concordia
2204 1306 2342 1336 habenda

1437 1354 1500 1383 dati
1522 1354 1645 1383 suerunt
1667 1354 1804 1394 deputati
1831 1354 1971 1394 magistri
1993 1355 2148 1385 Jordanus
2169 1356 2206 1385 de
2229 1355 2346 1391 Clivis,

1436 1402 1592 1432 Johannes
1606 1402 1764 1443 Wolgast,
1783 1403 1896 1444 Hugho
1917 1404 1954 1433 de
1973 1403 2126 1434 Hervorst
2145 1410 2175 1434 et
2193 1404 2348 1435 Martinus

1436 1452 1609 1492 receptoris
1622 1452 1720 1482 vicem
1735 1462 1860 1492 gerens,
1875 1454 1914 1482 ad
1928 1453 2145 1483 inveniendum
2158 1454 2282 1483 modum
2297 1454 2346 1484 vel

1436 1501 1545 1530 modos
1560 1501 1673 1541 quibus
1689 1507 1819 1541 possent
1832 1501 1939 1531 haberi
1954 1502 2093 1541 pecunie.

1478 1550 1552 1580 Item
1572 1551 1678 1580 eadem
1695 1550 1746 1580 die
1769 1550 1905 1590 positum
1929 1557 1995 1580 erat
2011 1551 2043 1579 in
2067 1551 2294 1581 deliberacione
2310 1558 2346 1582 ut

1435 1599 1565 1639 pecunie
1577 1610 1636 1639 que
1651 1599 1854 1629 communiter
1864 1601 1902 1629 de
1915 1600 2072 1639 magistris
2083 1600 2205 1630 noviter
2217 1601 2342 1630 venien·

1435 1648 1518 1678 tibus
1537 1649 1575 1678 ad
1595 1648 1858 1689 congregaciones
1876 1655 1906 1678 et
1924 1649 1963 1678 de
1979 1649 2234 1689 procuratoribus
2254 1650 2347 1679 novis

1435 1698 1636 1736 capiebantur
1650 1704 1681 1727 et
1699 1698 1953 1737 pei-potabantur,
1972 1698 2004 1727 in
2023 1698 2193 1737 profectum
2209 1705 2239 1728 et
2255 1708 2345 1728 usum

1435 1746 1575 1776 nacionis
1598 1753 1793 1782 tenerentur,
1816 1757 1979 1787 quousque
1998 1747 2121 1776 nacioni
2145 1747 2234 1777 aliter
2256 1747 2347 1778 vide-

1435 1801 1520 1825 retur
1537 1796 1695 1835 expedire.

1840 1887 1937 1918 1377

1435 1960 1701 1990 Procuratoria
1735 1959 1905 2000 magistri
1938 1959 2119 1990 Johannis
2152 1960 2345 1990 Levenha-

1697 2009 1793 2049 ghen
1825 2010 1867 2038 de
1894 2008 2081 2049 Wolgast.

1474 2090 1566 2119 Anno
1599 2090 1724 2119 Domini
1757 2090 1802 2119 Μο
1834 2089 1928 2120 CCC⁰
1956 2089 2120 2126 LXXVIP,
2148 2089 2258 2120 XXVI·
2292 2090 2345 2120 die

1434 2138 1584 2178 Augusti,
1615 2140 1692 2168 sacta
1722 2139 1969 2179 congregacione
2000 2139 2141 2168 nacionis
2171 2139 2344 2179 Anglicane

1435 2189 1516 2227 apud
1539 2188 1683 2217 Sanctum
1706 2188 1859 2217 Julianum
1883 2198 2050 2228 pauperem
2074 2188 2150 2217 hora
2172 2188 2340 2228 primarum

1435 2237 1528 2266 Beate
1551 2236 1648 2266 Marie
1671 2238 1708 2266 ad
1728 2237 1913 2266 audiendum
1929 2243 2102 2276 compotum
2122 2237 2293 2277 receptoris
2311 2243 2342 2267 et

1434 2287 1471 2315 ad
1485 2286 1660 2326 eligendum
1673 2296 1786 2316 novum
1802 2292 2050 2326 procuratorem;
2067 2286 2148 2315 unde
2161 2296 2223 2315 non
2238 2286 2344 2316 audito

1433 2341 1576 2374 compoto
1585 2335 1768 2374 receptoris,
1780 2335 1852 2374 quia
1860 2341 2003 2374 receptor
2016 2344 2078 2364 non
2090 2334 2273 2374 comparuit,
2284 2344 2340 2365 nec

1433 2384 1545 2424 aliquis
1559 2384 1682 2413 nomine
1698 2384 1809 2424 ipsius,
1824 2384 1941 2413 electus
1955 2384 2011 2412 fuit
2020 2383 2216 2412 concorditer
2229 2384 2260 2412 in
2270 2393 2343 2423 pro-

1433 2439 1605 2462 curatorem
1619 2433 1714 2462 eciam
1731 2433 1816 2462 nullo
1827 2433 2010 2462 reclamante
2023 2432 2171 2472 magister
2183 2432 2340 2462 Johannes

1433 2482 1659 2522 Levenhaghen
1674 2482 1712 2511 de
1725 2481 1881 2521 Wolgast.
1899 2481 1933 2510 In
1947 2480 2033 2520 cujus
2048 2481 2260 2520 procuratoria
2275 2488 2341 2511 acta

1433 2537 1504 2560 sunt
1518 2531 1575 2560 hec
1593 2541 1652 2570 que
1669 2537 1851 2570 sequuntur,
1867 2536 1925 2560 etc.

1474 2580 1547 2609 Item
1564 2580 1614 2609 die
1630 2580 1656 2609 1⁸
1674 2579 1866 2619 Septembris
1882 2579 1959 2608 facta
1971 2578 2217 2618 congregacione
2235 2578 2341 2608 nacio-

1433 2629 1480 2658 nis
1498 2628 1670 2668 Anglicane
1690 2628 1771 2667 apud
1790 2628 1933 2657 Sanctum
1953 2627 2140 2656 Maturinum
2156 2628 2193 2656 ad
2211 2627 2341 2657 audien-

1433 2679 1503 2707 dum
1515 2684 1689 2717 compotum
1701 2677 1887 2716 receptoris,
1902 2682 1935 2705 ut
1946 2676 2104 2706 videretur
2119 2686 2235 2705 summa
2248 2686 2343 2716 pecu-

1433 2726 1552 2755 niarum
1579 2726 1730 2760 nacionis,
1759 2731 1789 2754 et
1812 2725 1896 2765 quod
1923 2730 2066 2763 receptor
2091 2725 2228 2753 traderet
2257 2724 2342 2754 XXX

1434 2776 1556 2804 francos
1588 2776 1625 2804 ad
1661 2775 1831 2804 faciendum
1861 2773 1979 2813 virgam
2015 2773 2170 2808 nacionis,
2204 2779 2234 2802 et
2267 2779 2341 2803 tunc

1465 2902 1488 2924 4.
1522 2902 1569 2924 Ma.
1586 2900 1705 2924 eandem.
1722 2899 1825 2924 Minime
1843 2901 1926 2922 lamen
1946 2899 2079 2922 Manilius
2099 2908 2219 2931 respon-w
2236 2903 2342 2932 accepto

1434 2938 1537 2960 Romam
1546 2937 1676 2967 profectus
1688 2938 1732 2959 est.
1752 2935 1806 2958 Vid.
1820 2934 1889 2966 infra
1903 2934 2022 2958 Novemb.
2035 2935 2072 2958 23.
