<?xml version="1.0" encoding="UTF-8"?>
<!DOCTYPE html PUBLIC "-//W3C//DTD XHTML 1.0 Transitional//EN"
    "http://www.w3.org/TR/xhtml1/DTD/xhtml1-transitional.dtd">
<html xmlns="http://www.w3.org/1999/xhtml" xml:lang="en" lang="en">
 <head>
  <title>
</title>
<meta http-equiv="Content-Type" content="text/html;charset=utf-8" />
  <meta name='ocr-system' content='tesseract 3.04.00' />
  <meta name='ocr-capabilities' content='ocr_page ocr_carea ocr_par ocr_line ocrx_word'/>
</head>
<body>
  <div class='ocr_page' id='page_1' title='image "auctariumchartul01univuoft_0062.png"; bbox 0 0 2632 3464; ppageno 0'>
   <div class='ocr_carea' id='block_1_1' title="bbox 440 406 1724 444">
    <p class='ocr_par' dir='ltr' id='par_1_1' title="bbox 440 406 1724 444">
     <span class='ocr_line' id='line_1_1' title="bbox 440 406 1724 444; baseline -0.007 -5"><span class='ocrx_word' id='word_1_1' title='bbox 440 415 487 432; x_wconf 74' lang='lat' dir='ltr'><strong>m</strong></span> <span class='ocrx_word' id='word_1_2' title='bbox 1099 426 1118 434; x_wconf 65' lang='grc'><strong>,,</strong></span> <span class='ocrx_word' id='word_1_3' title='bbox 1205 428 1220 435; x_wconf 27' lang='lat'><strong>⁴.</strong></span> <span class='ocrx_word' id='word_1_4' title='bbox 1244 430 1246 440; x_wconf 27' lang='lat'>1</span> <span class='ocrx_word' id='word_1_5' title='bbox 1271 406 1558 443; x_wconf 48' lang='lat' dir='ltr'><strong>imizonucmo,</strong></span> <span class='ocrx_word' id='word_1_6' title='bbox 1606 429 1610 444; x_wconf 53' lang='grc'>,</span> <span class='ocrx_word' id='word_1_7' title='bbox 1637 422 1724 443; x_wconf 39' lang='lat' dir='ltr'><strong>„w</strong></span> 
     </span>
    </p>
   </div>
   <div class='ocr_carea' id='block_1_2' title="bbox 440 480 2370 809">
    <p class='ocr_par' dir='ltr' id='par_1_2' title="bbox 440 480 2370 809">
     <span class='ocr_line' id='line_1_2' title="bbox 442 480 2370 536; baseline 0.002 -19"><span class='ocrx_word' id='word_1_8' title='bbox 442 480 697 530; x_wconf 70' lang='lat' dir='ltr'><strong>eligebantur,</strong></span> <span class='ocrx_word' id='word_1_9' title='bbox 718 489 760 520; x_wconf 88' lang='lat' dir='ltr'><strong>ut</strong></span> <span class='ocrx_word' id='word_1_10' title='bbox 784 483 1002 522; x_wconf 76' lang='lat' dir='ltr'><strong>necessaria</strong></span> <span class='ocrx_word' id='word_1_11' title='bbox 1027 495 1097 531; x_wconf 89' lang='lat' dir='ltr'><strong>pro</strong></span> <span class='ocrx_word' id='word_1_12' title='bbox 1113 481 1281 531; x_wconf 42' lang='lat' dir='ltr'><strong>,prandio</strong></span> <span class='ocrx_word' id='word_1_13' title='bbox 1306 481 1541 526; x_wconf 78' lang='lat' dir='ltr'><strong>ordinarent.</strong></span> <span class='ocrx_word' id='word_1_14' title='bbox 1571 481 1755 536; x_wconf 73' lang='lat' dir='ltr'><strong>Quolibet</strong></span> <span class='ocrx_word' id='word_1_15' title='bbox 1775 484 1959 534; x_wconf 81' lang='lat' dir='ltr'><strong>magistro</strong></span> <span class='ocrx_word' id='word_1_16' title='bbox 1987 484 2370 533; x_wconf 59' lang='lat' dir='ltr'><strong>assistente‚3certam‚</strong></span> 
     </span>
     <span class='ocr_line' id='line_1_3' title="bbox 441 550 2367 609; baseline 0.003 -23"><span class='ocrx_word' id='word_1_17' title='bbox 441 551 627 599; x_wconf 89' lang='lat' dir='ltr'><strong>pecuniae</strong></span> <span class='ocrx_word' id='word_1_18' title='bbox 652 564 852 593; x_wconf 89' lang='lat' dir='ltr'><strong>summam,</strong></span> <span class='ocrx_word' id='word_1_19' title='bbox 875 564 992 587; x_wconf 88' lang='lat' dir='ltr'><strong>unum</strong></span> <span class='ocrx_word' id='word_1_20' title='bbox 1012 550 1072 587; x_wconf 87' lang='lat' dir='ltr'><strong>vel</strong></span> <span class='ocrx_word' id='word_1_21' title='bbox 1097 550 1296 586; x_wconf 90' lang='lat' dir='ltr'><strong>dimidium</strong></span> <span class='ocrx_word' id='word_1_22' title='bbox 1317 550 1504 592; x_wconf 82' lang='lat' dir='ltr'><strong>francum,</strong></span> <span class='ocrx_word' id='word_1_23' title='bbox 1530 550 1723 594; x_wconf 66' lang='lat' dir='ltr'><strong>solven,te,·.2</strong></span> <span class='ocrx_word' id='word_1_24' title='bbox 1736 551 1795 588; x_wconf 72' lang='lat' dir='ltr'><strong>de</strong></span> <span class='ocrx_word' id='word_1_25' title='bbox 1813 551 1967 597; x_wconf 76' lang='lat' dir='ltr'><strong>residuo</strong></span> <span class='ocrx_word' id='word_1_26' title='bbox 1987 553 2367 609; x_wconf 56' lang='lat' dir='ltr'><strong>⁰3t59.,P¹fQVid2⁴²‡l‚’.ass.-=</strong></span> 
     </span>
     <span class='ocr_line' id='line_1_4' title="bbox 441 619 2310 670; baseline 0.001 -14"><span class='ocrx_word' id='word_1_27' title='bbox 441 620 568 663; x_wconf 83' lang='lat' dir='ltr'><strong>Semel</strong></span> <span class='ocrx_word' id='word_1_28' title='bbox 589 621 636 656; x_wconf 89' lang='lat'><strong>36</strong></span> <span class='ocrx_word' id='word_1_29' title='bbox 658 621 831 670; x_wconf 82' lang='lat' dir='ltr'>magistri</span> <span class='ocrx_word' id='word_1_30' title='bbox 849 621 1017 657; x_wconf 85' lang='lat' dir='ltr'><strong>nationis</strong></span> <span class='ocrx_word' id='word_1_31' title='bbox 1036 619 1199 669; x_wconf 88' lang='lat' dir='ltr'><strong>prandio</strong></span> <span class='ocrx_word' id='word_1_32' title='bbox 1221 619 1467 660; x_wconf 75' lang='lat' dir='ltr'><strong>assistebant</strong></span> <span class='ocrx_word' id='word_1_33' title='bbox 1476 619 1579 668; x_wconf 88' lang='grc'>(374,</span> <span class='ocrx_word' id='word_1_34' title='bbox 1590 621 1679 668; x_wconf 90' lang='grc'><strong>5)</strong></span> <span class='ocrx_word' id='word_1_35' title='bbox 1799 656 1802 665; x_wconf 71' lang='grc'>,</span> <span class='ocrx_word' id='word_1_36' title='bbox 1886 657 1889 667; x_wconf 52' lang='grc'>,</span> <span class='ocrx_word' id='word_1_37' title='bbox 1958 653 1960 659; x_wconf 52' lang='lat'><strong>.</strong></span> <span class='ocrx_word' id='word_1_38' title='bbox 1983 658 1985 660; x_wconf 74' lang='grc'>,</span> <span class='ocrx_word' id='word_1_39' title='bbox 2048 654 2051 659; x_wconf 87' lang='grc'>.</span> <span class='ocrx_word' id='word_1_40' title='bbox 2126 656 2128 661; x_wconf 79' lang='grc'>,</span> <span class='ocrx_word' id='word_1_41' title='bbox 2203 647 2254 666; x_wconf 48' lang='lat'><strong>„1</strong></span> <span class='ocrx_word' id='word_1_42' title='bbox 2268 640 2285 663; x_wconf 76' lang='grc' dir='ltr'><strong>,ι</strong></span> <span class='ocrx_word' id='word_1_43' title='bbox 2301 645 2310 666; x_wconf 67' lang='lat' dir='ltr'><em>s</em></span> 
     </span>
     <span class='ocr_line' id='line_1_5' title="bbox 480 688 2367 746; baseline 0.001 -20.011"><span class='ocrx_word' id='word_1_44' title='bbox 480 689 728 739; x_wconf 84' lang='lat' dir='ltr'>Quandoque</span> <span class='ocrx_word' id='word_1_45' title='bbox 744 691 848 726; x_wconf 89' lang='lat' dir='ltr'><strong>natio</strong></span> <span class='ocrx_word' id='word_1_46' title='bbox 869 689 916 726; x_wconf 90' lang='lat' dir='ltr'><strong>ad</strong></span> <span class='ocrx_word' id='word_1_47' title='bbox 935 689 1009 726; x_wconf 89' lang='lat' dir='ltr'><strong>hoc</strong></span> <span class='ocrx_word' id='word_1_48' title='bbox 1025 689 1164 726; x_wconf 88' lang='lat' dir='ltr'><strong>festum</strong></span> <span class='ocrx_word' id='word_1_49' title='bbox 1184 688 1402 738; x_wconf 82' lang='lat' dir='ltr'>populares,</span> <span class='ocrx_word' id='word_1_50' title='bbox 1419 690 1485 738; x_wconf 92' lang='lat' dir='ltr'><strong>qui</strong></span> <span class='ocrx_word' id='word_1_51' title='bbox 1505 702 1582 727; x_wconf 92' lang='lat' dir='ltr'><strong>non</strong></span> <span class='ocrx_word' id='word_1_52' title='bbox 1603 689 1656 732; x_wconf 78' lang='lat' dir='ltr'><strong>ad</strong></span> <span class='ocrx_word' id='word_1_53' title='bbox 1666 691 1865 746; x_wconf 72' lang='lat' dir='ltr'><strong>nationem</strong></span> <span class='ocrx_word' id='word_1_54' title='bbox 1877 690 2136 741; x_wconf 78' lang='lat' dir='ltr'><strong>pertinebant,</strong></span> <span class='ocrx_word' id='word_1_55' title='bbox 2155 691 2367 743; x_wconf 68' lang='lat' dir='ltr'><strong>invitabat„</strong></span> 
     </span>
     <span class='ocr_line' id='line_1_6' title="bbox 440 758 2369 809; baseline 0.003 -15"><span class='ocrx_word' id='word_1_56' title='bbox 440 766 489 795; x_wconf 88' lang='lat' dir='ltr'><strong>ut</strong></span> <span class='ocrx_word' id='word_1_57' title='bbox 499 772 558 794; x_wconf 88' lang='lat' dir='ltr'><strong>an.</strong></span> <span class='ocrx_word' id='word_1_58' title='bbox 582 760 674 795; x_wconf 81' lang='lat'>1395</span> <span class='ocrx_word' id='word_1_59' title='bbox 695 759 845 809; x_wconf 86' lang='lat' dir='ltr'><strong>legatos</strong></span> <span class='ocrx_word' id='word_1_60' title='bbox 865 760 966 808; x_wconf 87' lang='lat' dir='ltr'><strong>regis</strong></span> <span class='ocrx_word' id='word_1_61' title='bbox 981 758 1144 809; x_wconf 83' lang='lat' dir='ltr'><strong>Angliae</strong></span> <span class='ocrx_word' id='word_1_62' title='bbox 1159 759 1318 794; x_wconf 85' lang='lat' dir='ltr'><strong>Parisiis</strong></span> <span class='ocrx_word' id='word_1_63' title='bbox 1334 765 1562 807; x_wconf 79' lang='lat' dir='ltr'><strong>praesentes</strong></span> <span class='ocrx_word' id='word_1_64' title='bbox 1577 759 1683 807; x_wconf 88' lang='lat'>(714,</span> <span class='ocrx_word' id='word_1_65' title='bbox 1695 759 1775 806; x_wconf 86' lang='grc'>41),</span> <span class='ocrx_word' id='word_1_66' title='bbox 1799 761 2004 809; x_wconf 86' lang='lat' dir='ltr'><strong>magistros</strong></span> <span class='ocrx_word' id='word_1_67' title='bbox 2024 759 2261 801; x_wconf 84' lang='lat' dir='ltr'><strong>alemannos</strong></span> <span class='ocrx_word' id='word_1_68' title='bbox 2258 761 2369 808; x_wconf 78' lang='lat' dir='ltr'><strong>alia-</strong></span> 
     </span>
    </p>
   </div>
   <div class='ocr_carea' id='block_1_3' title="bbox 440 826 2371 882">
    <p class='ocr_par' dir='ltr' id='par_1_3' title="bbox 440 826 2371 882">
     <span class='ocr_line' id='line_1_7' title="bbox 440 826 2371 882; baseline 0.001 -18"><span class='ocrx_word' id='word_1_69' title='bbox 440 841 521 877; x_wconf 86' lang='lat' dir='ltr'><strong>¹rum</strong></span> <span class='ocrx_word' id='word_1_70' title='bbox 540 828 763 865; x_wconf 85' lang='lat' dir='ltr'><strong>facultatum</strong></span> <span class='ocrx_word' id='word_1_71' title='bbox 783 829 880 875; x_wconf 87' lang='grc'>(714,</span> <span class='ocrx_word' id='word_1_72' title='bbox 897 828 957 871; x_wconf 78' lang='lat'>26,</span> <span class='ocrx_word' id='word_1_73' title='bbox 980 828 1043 870; x_wconf 83' lang='lat'><strong>30;</strong></span> <span class='ocrx_word' id='word_1_74' title='bbox 1063 828 1146 870; x_wconf 85' lang='lat'>788,</span> <span class='ocrx_word' id='word_1_75' title='bbox 1168 828 1200 871; x_wconf 86' lang='lat'><strong>1,</strong></span> <span class='ocrx_word' id='word_1_76' title='bbox 1219 829 1261 871; x_wconf 84' lang='lat'><strong>5;</strong></span> <span class='ocrx_word' id='word_1_77' title='bbox 1283 828 1372 870; x_wconf 83' lang='lat'>936,</span> <span class='ocrx_word' id='word_1_78' title='bbox 1387 829 1436 875; x_wconf 85' lang='lat'>5),</span> <span class='ocrx_word' id='word_1_79' title='bbox 1452 835 1493 866; x_wconf 87' lang='lat' dir='ltr'><strong>et</strong></span> <span class='ocrx_word' id='word_1_80' title='bbox 1505 826 1718 869; x_wconf 79' lang='lat' dir='ltr'><strong>Arnoldum</strong></span> <span class='ocrx_word' id='word_1_81' title='bbox 1737 827 1786 865; x_wconf 79' lang='lat' dir='ltr'><strong>do</strong></span> <span class='ocrx_word' id='word_1_82' title='bbox 1805 829 2006 879; x_wconf 72' lang='lat' dir='ltr'><strong>Emelisse,</strong></span> <span class='ocrx_word' id='word_1_83' title='bbox 2023 831 2170 875; x_wconf 83' lang='lat' dir='ltr'><strong>nation.</strong></span> <span class='ocrx_word' id='word_1_84' title='bbox 2188 830 2371 882; x_wconf 42' lang='lat' dir='ltr'><strong>Picardm.</strong></span> 
     </span>
    </p>
   </div>
   <div class='ocr_carea' id='block_1_4' title="bbox 437 896 2371 1224">
    <p class='ocr_par' dir='ltr' id='par_1_4' title="bbox 439 896 2368 1016">
     <span class='ocr_line' id='line_1_8' title="bbox 439 896 2368 950; baseline 0.001 -15"><span class='ocrx_word' id='word_1_85' title='bbox 439 905 597 948; x_wconf 88' lang='lat' dir='ltr'><strong>propter</strong></span> <span class='ocrx_word' id='word_1_86' title='bbox 623 899 803 935; x_wconf 86' lang='lat' dir='ltr'><strong>unionem</strong></span> <span class='ocrx_word' id='word_1_87' title='bbox 829 911 944 947; x_wconf 90' lang='lat' dir='ltr'><strong>quam</strong></span> <span class='ocrx_word' id='word_1_88' title='bbox 968 910 1056 934; x_wconf 86' lang='lat' dir='ltr'><strong>oum</strong></span> <span class='ocrx_word' id='word_1_89' title='bbox 1081 904 1160 934; x_wconf 88' lang='lat' dir='ltr'><strong>nat.</strong></span> <span class='ocrx_word' id='word_1_90' title='bbox 1187 896 1336 947; x_wconf 88' lang='lat' dir='ltr'><strong>Anglic.</strong></span> <span class='ocrx_word' id='word_1_91' title='bbox 1365 898 1537 934; x_wconf 87' lang='lat' dir='ltr'><strong>iniverat.</strong></span> <span class='ocrx_word' id='word_1_92' title='bbox 1560 898 1644 941; x_wconf 90' lang='lat' dir='ltr'><strong>Non</strong></span> <span class='ocrx_word' id='word_1_93' title='bbox 1663 898 1790 937; x_wconf 75' lang='lat' dir='ltr'><strong>semel.</strong></span> <span class='ocrx_word' id='word_1_94' title='bbox 1807 911 1905 936; x_wconf 81' lang='lat' dir='ltr'><strong>unus</strong></span> <span class='ocrx_word' id='word_1_95' title='bbox 1922 900 2088 945; x_wconf 80' lang='lat' dir='ltr'><strong>istorum</strong></span> <span class='ocrx_word' id='word_1_96' title='bbox 2114 900 2368 950; x_wconf 64' lang='lat' dir='ltr'><strong>invitatorum</strong></span> 
     </span>
     <span class='ocr_line' id='line_1_9' title="bbox 439 966 2348 1019; baseline -0.002 -15"><span class='ocrx_word' id='word_1_97' title='bbox 439 967 633 1005; x_wconf 85' lang='lat' dir='ltr'><strong>officium</strong></span> <span class='ocrx_word' id='word_1_98' title='bbox 625 981 663 1003; x_wconf 81' lang='lat' dir='ltr'><strong>in</strong></span> <span class='ocrx_word' id='word_1_99' title='bbox 679 967 843 1004; x_wconf 86' lang='lat' dir='ltr'><strong>ecclesia</strong></span> <span class='ocrx_word' id='word_1_100' title='bbox 863 966 1075 1005; x_wconf 81' lang='lat' dir='ltr'><strong>celebravit</strong></span> <span class='ocrx_word' id='word_1_101' title='bbox 1092 967 1193 1016; x_wconf 86' lang='grc'>(714,</span> <span class='ocrx_word' id='word_1_102' title='bbox 1215 967 1285 1019; x_wconf 77' lang='lat'><strong>28;</strong></span> <span class='ocrx_word' id='word_1_103' title='bbox 1289 967 1393 1011; x_wconf 92' lang='grc'>,,788</span> <span class='ocrx_word' id='word_1_104' title='bbox 1411 967 1450 1011; x_wconf 87' lang='grc'><strong>3,</strong></span> <span class='ocrx_word' id='word_1_105' title='bbox 1466 967 1553 1011; x_wconf 88' lang='grc'>936,</span> <span class='ocrx_word' id='word_1_106' title='bbox 1565 967 1619 1013; x_wconf 92' lang='lat'>7).</span> <span class='ocrx_word' id='word_1_107' title='bbox 2048 1007 2051 1009; x_wconf 42' lang='grc'>,</span> <span class='ocrx_word' id='word_1_108' title='bbox 2328 1008 2348 1014; x_wconf 72' lang='lat'><strong>..</strong></span> 
     </span>
    </p>

    <p class='ocr_par' dir='ltr' id='par_1_5' title="bbox 437 1011 2371 1224">
     <span class='ocr_line' id='line_1_10' title="bbox 455 1011 2371 1090; baseline 0.001 -17.018"><span class='ocrx_word' id='word_1_109' title='bbox 455 1039 582 1074; x_wconf 88' lang='lat' dir='ltr'><strong>Cum</strong></span> <span class='ocrx_word' id='word_1_110' title='bbox 610 1038 714 1073; x_wconf 91' lang='lat' dir='ltr'><strong>natio</strong></span> <span class='ocrx_word' id='word_1_111' title='bbox 741 1050 801 1073; x_wconf 89' lang='lat' dir='ltr'><strong>an.</strong></span> <span class='ocrx_word' id='word_1_112' title='bbox 838 1037 943 1078; x_wconf 79' lang='grc'>1391,</span> <span class='ocrx_word' id='word_1_113' title='bbox 970 1049 1105 1073; x_wconf 87' lang='lat' dir='ltr'><strong>omnes</strong></span> <span class='ocrx_word' id='word_1_114' title='bbox 1126 1050 1144 1071; x_wconf 75' lang='grc' dir='ltr'>α</span> <span class='ocrx_word' id='word_1_115' title='bbox 1164 1037 1382 1085; x_wconf 89' lang='lat' dir='ltr'><strong>potationes</strong></span> <span class='ocrx_word' id='word_1_116' title='bbox 1407 1050 1424 1070; x_wconf 83' lang='grc' dir='ltr'><strong>ι)</strong></span> <span class='ocrx_word' id='word_1_117' title='bbox 1447 1043 1491 1076; x_wconf 83' lang='lat' dir='ltr'><strong>et</strong></span> <span class='ocrx_word' id='word_1_118' title='bbox 1505 1037 1680 1081; x_wconf 85' lang='lat' dir='ltr'><strong>convivia</strong></span> <span class='ocrx_word' id='word_1_119' title='bbox 1705 1050 1730 1072; x_wconf 80' lang='grc' dir='ltr'>α</span> <span class='ocrx_word' id='word_1_120' title='bbox 1745 1035 1795 1073; x_wconf 88' lang='lat' dir='ltr'><strong>de</strong></span> <span class='ocrx_word' id='word_1_121' title='bbox 1811 1038 1985 1089; x_wconf 79' lang='lat' dir='ltr'><strong>pecuniis</strong></span> <span class='ocrx_word' id='word_1_122' title='bbox 2001 1011 2321 1090; x_wconf 76' lang='lat' dir='ltr'><strong>perpotabilibus</strong></span> <span class='ocrx_word' id='word_1_123' title='bbox 2340 1052 2371 1079; x_wconf 66' lang='grc' dir='ltr'><strong>ρ</strong></span> 
     </span>
     <span class='ocr_line' id='line_1_11' title="bbox 437 1105 2358 1159; baseline 0.001 -16"><span class='ocrx_word' id='word_1_124' title='bbox 437 1107 713 1157; x_wconf 86' lang='lat' dir='ltr'><strong>prohibuisset,</strong></span> <span class='ocrx_word' id='word_1_125' title='bbox 741 1105 957 1155; x_wconf 84' lang='lat' dir='ltr'><strong>excipiebat</strong></span> <span class='ocrx_word' id='word_1_126' title='bbox 983 1113 1122 1142; x_wconf 86' lang='lat' dir='ltr'><strong>tamen</strong></span> <span class='ocrx_word' id='word_1_127' title='bbox 1138 1105 1341 1155; x_wconf 85' lang='lat' dir='ltr'><strong>prandium</strong></span> <span class='ocrx_word' id='word_1_128' title='bbox 1370 1106 1409 1141; x_wconf 87' lang='lat' dir='ltr'><strong>in</strong></span> <span class='ocrx_word' id='word_1_129' title='bbox 1438 1105 1537 1141; x_wconf 87' lang='lat' dir='ltr'><strong>festo</strong></span> <span class='ocrx_word' id='word_1_130' title='bbox 1566 1106 1604 1142; x_wconf 92' lang='lat' dir='ltr'><strong>S.</strong></span> <span class='ocrx_word' id='word_1_131' title='bbox 1641 1105 1846 1153; x_wconf 82' lang='lat' dir='ltr'><strong>Edmundi‚</strong></span> <span class='ocrx_word' id='word_1_132' title='bbox 1875 1120 1893 1141; x_wconf 73' lang='grc' dir='ltr'>α</span> <span class='ocrx_word' id='word_1_133' title='bbox 1915 1105 2194 1159; x_wconf 68' lang='lat' dir='ltr'><strong>quodquidam</strong></span> <span class='ocrx_word' id='word_1_134' title='bbox 2215 1107 2358 1155; x_wconf 75' lang='lat' dir='ltr'><strong>festum</strong></span> 
     </span>
     <span class='ocr_line' id='line_1_12' title="bbox 438 1174 1899 1224; baseline 0.001 -12"><span class='ocrx_word' id='word_1_135' title='bbox 438 1178 542 1214; x_wconf 90' lang='lat' dir='ltr'><strong>natio</strong></span> <span class='ocrx_word' id='word_1_136' title='bbox 562 1176 683 1213; x_wconf 90' lang='lat' dir='ltr'><strong>voluit</strong></span> <span class='ocrx_word' id='word_1_137' title='bbox 698 1175 894 1212; x_wconf 89' lang='lat' dir='ltr'><strong>celebrare</strong></span> <span class='ocrx_word' id='word_1_138' title='bbox 914 1174 1077 1224; x_wconf 87' lang='lat' dir='ltr'><strong>singulis</strong></span> <span class='ocrx_word' id='word_1_139' title='bbox 1093 1175 1216 1216; x_wconf 85' lang='lat' dir='ltr'><strong>annis,</strong></span> <span class='ocrx_word' id='word_1_140' title='bbox 1236 1181 1277 1211; x_wconf 89' lang='lat' dir='ltr'><strong>ut</strong></span> <span class='ocrx_word' id='word_1_141' title='bbox 1291 1174 1478 1213; x_wconf 83' lang='lat' dir='ltr'><strong>hactenus</strong></span> <span class='ocrx_word' id='word_1_142' title='bbox 1489 1174 1562 1213; x_wconf 79' lang='lat' dir='ltr'><strong>fuit</strong></span> <span class='ocrx_word' id='word_1_143' title='bbox 1577 1174 1813 1213; x_wconf 77' lang='lat' dir='ltr'><strong>celebratum</strong></span> <span class='ocrx_word' id='word_1_144' title='bbox 1828 1176 1855 1211; x_wconf 86' lang='lat'><strong>¹.</strong></span> <span class='ocrx_word' id='word_1_145' title='bbox 1874 1189 1899 1222; x_wconf 12' lang='lat'><strong>»¹</strong></span> 
     </span>
    </p>
   </div>
   <div class='ocr_carea' id='block_1_5' title="bbox 1070 1357 1734 1394">
    <p class='ocr_par' dir='ltr' id='par_1_6' title="bbox 1070 1357 1734 1394">
     <span class='ocr_line' id='line_1_13' title="bbox 1070 1357 1734 1394; baseline 0 0"><span class='ocrx_word' id='word_1_146' title='bbox 1070 1358 1124 1394; x_wconf 85' lang='lat'><strong>13.</strong></span> <span class='ocrx_word' id='word_1_147' title='bbox 1165 1357 1402 1394; x_wconf 86' lang='lat' dir='ltr'><strong>Tabernae</strong></span> <span class='ocrx_word' id='word_1_148' title='bbox 1437 1357 1734 1394; x_wconf 85' lang='lat' dir='ltr'><strong>Parisienses.</strong></span> 
     </span>
    </p>
   </div>
   <div class='ocr_carea' id='block_1_6' title="bbox 432 1475 2368 2114">
    <p class='ocr_par' dir='ltr' id='par_1_7' title="bbox 432 1475 2368 2114">
     <span class='ocr_line' id='line_1_14' title="bbox 484 1475 2368 1562; baseline -0.003 -19"><span class='ocrx_word' id='word_1_149' title='bbox 484 1510 706 1544; x_wconf 85' lang='lat' dir='ltr'><strong>Innumeras</strong></span> <span class='ocrx_word' id='word_1_150' title='bbox 726 1504 844 1541; x_wconf 88' lang='lat' dir='ltr'><strong>fuisse</strong></span> <span class='ocrx_word' id='word_1_151' title='bbox 865 1505 1018 1540; x_wconf 90' lang='lat' dir='ltr'><strong>Parisiis</strong></span> <span class='ocrx_word' id='word_1_152' title='bbox 1036 1503 1215 1540; x_wconf 88' lang='lat' dir='ltr'><strong>tabernas</strong></span> <span class='ocrx_word' id='word_1_153' title='bbox 1233 1501 1388 1539; x_wconf 88' lang='lat' dir='ltr'><strong>saeculo</strong></span> <span class='ocrx_word' id='word_1_154' title='bbox 1407 1515 1473 1536; x_wconf 84' lang='lat' dir='ltr'><strong>xm</strong></span> <span class='ocrx_word' id='word_1_155' title='bbox 1493 1514 1515 1537; x_wconf 92' lang='lat' dir='ltr'><strong>e</strong></span> <span class='ocrx_word' id='word_1_156' title='bbox 1531 1500 1630 1537; x_wconf 92' lang='lat' dir='ltr'><strong>libro</strong></span> <span class='ocrx_word' id='word_1_157' title='bbox 1652 1493 1835 1550; x_wconf 83' lang='lat' dir='ltr'><strong>Stephani</strong></span> <span class='ocrx_word' id='word_1_158' title='bbox 1859 1498 2040 1562; x_wconf 69' lang='lat' dir='ltr'><strong>Boileau²</strong></span> <span class='ocrx_word' id='word_1_159' title='bbox 2071 1486 2240 1546; x_wconf 80' lang='lat' dir='ltr'><strong>constat,</strong></span> <span class='ocrx_word' id='word_1_160' title='bbox 2273 1475 2368 1538; x_wconf 62' lang='lat' dir='ltr'><strong>cuni</strong></span> 
     </span>
     <span class='ocr_line' id='line_1_15' title="bbox 434 1531 2368 1633; baseline -0.003 -20"><span class='ocrx_word' id='word_1_161' title='bbox 434 1579 662 1626; x_wconf 89' lang='lat' dir='ltr'><strong>cuicumque</strong></span> <span class='ocrx_word' id='word_1_162' title='bbox 682 1574 882 1611; x_wconf 84' lang='lat' dir='ltr'><strong>facultates</strong></span> <span class='ocrx_word' id='word_1_163' title='bbox 905 1573 1062 1609; x_wconf 87' lang='lat' dir='ltr'><strong>habenti</strong></span> <span class='ocrx_word' id='word_1_164' title='bbox 1083 1572 1280 1620; x_wconf 86' lang='lat' dir='ltr'><strong>tabernam</strong></span> <span class='ocrx_word' id='word_1_165' title='bbox 1301 1571 1449 1620; x_wconf 88' lang='lat' dir='ltr'><strong>aperire</strong></span> <span class='ocrx_word' id='word_1_166' title='bbox 1471 1570 1618 1607; x_wconf 88' lang='lat' dir='ltr'><strong>liceret.</strong></span> <span class='ocrx_word' id='word_1_167' title='bbox 1639 1565 1873 1625; x_wconf 88' lang='lat' dir='ltr'><strong>Mercatores</strong></span> <span class='ocrx_word' id='word_1_168' title='bbox 1891 1571 1970 1606; x_wconf 89' lang='lat' dir='ltr'><strong>vini</strong></span> <span class='ocrx_word' id='word_1_169' title='bbox 1992 1583 2076 1607; x_wconf 90' lang='lat' dir='ltr'><strong>raro</strong></span> <span class='ocrx_word' id='word_1_170' title='bbox 2097 1570 2227 1622; x_wconf 87' lang='lat' dir='ltr'><strong>plures</strong></span> <span class='ocrx_word' id='word_1_171' title='bbox 2232 1531 2368 1633; x_wconf 54' lang='lat' dir='ltr'><strong>’quaml</strong></span> 
     </span>
     <span class='ocr_line' id='line_1_16' title="bbox 435 1621 2359 1702; baseline -0.003 -19"><span class='ocrx_word' id='word_1_172' title='bbox 435 1647 632 1696; x_wconf 84' lang='lat' dir='ltr'><strong>sexaginta</strong></span> <span class='ocrx_word' id='word_1_173' title='bbox 655 1645 786 1688; x_wconf 90' lang='lat' dir='ltr'><strong>fuisse,</strong></span> <span class='ocrx_word' id='word_1_174' title='bbox 811 1645 954 1680; x_wconf 89' lang='lat' dir='ltr'><strong>scimus</strong></span> <span class='ocrx_word' id='word_1_175' title='bbox 975 1656 996 1679; x_wconf 91' lang='lat' dir='ltr'><strong>e</strong></span> <span class='ocrx_word' id='word_1_176' title='bbox 1014 1642 1152 1679; x_wconf 85' lang='lat' dir='ltr'><strong>litteris</strong></span> <span class='ocrx_word' id='word_1_177' title='bbox 1178 1641 1303 1679; x_wconf 88' lang='lat' dir='ltr'><strong>Caroli</strong></span> <span class='ocrx_word' id='word_1_178' title='bbox 1325 1641 1375 1694; x_wconf 89' lang='lat' dir='ltr'><strong>Vl</strong></span> <span class='ocrx_word' id='word_1_179' title='bbox 1402 1653 1468 1694; x_wconf 87' lang='lat' dir='ltr'><strong>eos</strong></span> <span class='ocrx_word' id='word_1_180' title='bbox 1495 1639 1542 1676; x_wconf 92' lang='lat' dir='ltr'><strong>ad</strong></span> <span class='ocrx_word' id='word_1_181' title='bbox 1567 1632 1765 1702; x_wconf 78' lang='lat' dir='ltr'><strong>antiquum</strong></span> <span class='ocrx_word' id='word_1_182' title='bbox 1790 1638 2013 1695; x_wconf 84' lang='lat' dir='ltr'><strong>praefixum</strong></span> <span class='ocrx_word' id='word_1_183' title='bbox 2021 1652 2222 1698; x_wconf 87' lang='lat' dir='ltr'><strong>numerum</strong></span> <span class='ocrx_word' id='word_1_184' title='bbox 2237 1621 2359 1677; x_wconf 80' lang='lat' dir='ltr'><strong>redu-</strong></span> 
     </span>
     <span class='ocr_line' id='line_1_17' title="bbox 434 1691 2368 1773; baseline -0.004 -20"><span class='ocrx_word' id='word_1_185' title='bbox 434 1716 655 1757; x_wconf 80' lang='lat' dir='ltr'><strong>centibus3;</strong></span> <span class='ocrx_word' id='word_1_186' title='bbox 687 1722 725 1750; x_wconf 92' lang='lat' dir='ltr'><strong>at</strong></span> <span class='ocrx_word' id='word_1_187' title='bbox 760 1713 1023 1755; x_wconf 78' lang='lat' dir='ltr'><strong>taber-,namm</strong></span> <span class='ocrx_word' id='word_1_188' title='bbox 1055 1712 1087 1747; x_wconf 88' lang='lat' dir='ltr'><strong>si</strong></span> <span class='ocrx_word' id='word_1_189' title='bbox 1122 1695 1293 1766; x_wconf 86' lang='lat' dir='ltr'><strong>Gilberto</strong></span> <span class='ocrx_word' id='word_1_190' title='bbox 1332 1691 1381 1746; x_wconf 88' lang='lat' dir='ltr'><strong>de</strong></span> <span class='ocrx_word' id='word_1_191' title='bbox 1411 1692 1523 1746; x_wconf 86' lang='lat' dir='ltr'><strong>Metis</strong></span> <span class='ocrx_word' id='word_1_192' title='bbox 1556 1698 1773 1746; x_wconf 89' lang='lat' dir='ltr'><strong>adhibenda</strong></span> <span class='ocrx_word' id='word_1_193' title='bbox 1799 1697 1915 1752; x_wconf 81' lang='lat' dir='ltr'><strong>sides,</strong></span> <span class='ocrx_word' id='word_1_194' title='bbox 1949 1709 2014 1760; x_wconf 93' lang='lat' dir='ltr'><strong>qui</strong></span> <span class='ocrx_word' id='word_1_195' title='bbox 2043 1699 2177 1745; x_wconf 87' lang='lat' dir='ltr'><strong>omnia</strong></span> <span class='ocrx_word' id='word_1_196' title='bbox 2202 1692 2368 1773; x_wconf 60' lang='lat' dir='ltr'><strong>quiilem</strong></span> 
     </span>
     <span class='ocr_line' id='line_1_18' title="bbox 434 1768 2364 1845; baseline -0.004 -24"><span class='ocrx_word' id='word_1_197' title='bbox 434 1785 667 1835; x_wconf 81' lang='lat' dir='ltr'><strong>amplificare</strong></span> <span class='ocrx_word' id='word_1_198' title='bbox 697 1782 861 1824; x_wconf 82' lang='lat' dir='ltr'><strong>videtur,</strong></span> <span class='ocrx_word' id='word_1_199' title='bbox 893 1781 979 1831; x_wconf 90' lang='lat' dir='ltr'><strong>plus</strong></span> <span class='ocrx_word' id='word_1_200' title='bbox 1009 1794 1123 1830; x_wconf 89' lang='lat' dir='ltr'><strong>quam</strong></span> <span class='ocrx_word' id='word_1_201' title='bbox 1161 1787 1341 1830; x_wconf 88' lang='lat' dir='ltr'><strong>quattuor</strong></span> <span class='ocrx_word' id='word_1_202' title='bbox 1375 1778 1493 1815; x_wconf 90' lang='lat' dir='ltr'><strong>millia</strong></span> <span class='ocrx_word' id='word_1_203' title='bbox 1527 1785 1712 1828; x_wconf 85' lang='lat' dir='ltr'><strong>regnante</strong></span> <span class='ocrx_word' id='word_1_204' title='bbox 1754 1777 1890 1815; x_wconf 91' lang='lat' dir='ltr'><strong>Carolo</strong></span> <span class='ocrx_word' id='word_1_205' title='bbox 1924 1768 1978 1815; x_wconf 91' lang='lat' dir='ltr'><strong>VI</strong></span> <span class='ocrx_word' id='word_1_206' title='bbox 1996 1769 2364 1845; x_wconf 78' lang='lat' dir='ltr'><strong>numeraBantur⁴</strong></span> 
     </span>
     <span class='ocr_line' id='line_1_19' title="bbox 434 1835 2366 1905; baseline -0.006 -13"><span class='ocrx_word' id='word_1_207' title='bbox 434 1856 577 1893; x_wconf 89' lang='lat' dir='ltr'><strong>Saltem</strong></span> <span class='ocrx_word' id='word_1_208' title='bbox 594 1854 735 1890; x_wconf 89' lang='lat' dir='ltr'><strong>multae</strong></span> <span class='ocrx_word' id='word_1_209' title='bbox 755 1853 921 1893; x_wconf 86' lang='lat' dir='ltr'><strong>fuer,unt</strong></span> <span class='ocrx_word' id='word_1_210' title='bbox 941 1850 1009 1887; x_wconf 90' lang='lat' dir='ltr'><strong>sed</strong></span> <span class='ocrx_word' id='word_1_211' title='bbox 1029 1863 1163 1900; x_wconf 88' lang='lat' dir='ltr'><strong>parum</strong></span> <span class='ocrx_word' id='word_1_212' title='bbox 1182 1849 1230 1886; x_wconf 92' lang='lat' dir='ltr'><strong>de</strong></span> <span class='ocrx_word' id='word_1_213' title='bbox 1250 1862 1380 1885; x_wconf 90' lang='lat' dir='ltr'><strong>earum</strong></span> <span class='ocrx_word' id='word_1_214' title='bbox 1398 1849 1553 1885; x_wconf 88' lang='lat' dir='ltr'><strong>nomine</strong></span> <span class='ocrx_word' id='word_1_215' title='bbox 1570 1861 1612 1883; x_wconf 87' lang='lat' dir='ltr'><strong>ac</strong></span> <span class='ocrx_word' id='word_1_216' title='bbox 1629 1845 1715 1884; x_wconf 87' lang='lat' dir='ltr'><strong>loco</strong></span> <span class='ocrx_word' id='word_1_217' title='bbox 1736 1847 1870 1884; x_wconf 90' lang='lat' dir='ltr'><strong>moniti</strong></span> <span class='ocrx_word' id='word_1_218' title='bbox 1892 1860 2035 1905; x_wconf 91' lang='lat' dir='ltr'><strong>sumus.</strong></span> <span class='ocrx_word' id='word_1_219' title='bbox 2363 1835 2366 1846; x_wconf 57' lang='lat'>¹</span> 
     </span>
     <span class='ocr_line' id='line_1_20' title="bbox 480 1896 2358 1978; baseline -0.004 -17"><span class='ocrx_word' id='word_1_220' title='bbox 480 1925 661 1962; x_wconf 89' lang='lat' dir='ltr'><strong>Notitiam</strong></span> <span class='ocrx_word' id='word_1_221' title='bbox 684 1930 854 1959; x_wconf 88' lang='lat' dir='ltr'><strong>nostram</strong></span> <span class='ocrx_word' id='word_1_222' title='bbox 876 1928 991 1971; x_wconf 89' lang='lat' dir='ltr'><strong>auget</strong></span> <span class='ocrx_word' id='word_1_223' title='bbox 1011 1919 1108 1967; x_wconf 87' lang='lat' dir='ltr'><strong>liber</strong></span> <span class='ocrx_word' id='word_1_224' title='bbox 1126 1927 1415 1968; x_wconf 86' lang='lat' dir='ltr'><strong>procuratorum</strong></span> <span class='ocrx_word' id='word_1_225' title='bbox 1433 1917 1600 1954; x_wconf 86' lang='lat' dir='ltr'><strong>nationis</strong></span> <span class='ocrx_word' id='word_1_226' title='bbox 1622 1917 1870 1967; x_wconf 87' lang='lat' dir='ltr'><strong>Anglicanae‚</strong></span> <span class='ocrx_word' id='word_1_227' title='bbox 1895 1929 1981 1952; x_wconf 89' lang='lat' dir='ltr'><strong>cum</strong></span> <span class='ocrx_word' id='word_1_228' title='bbox 2000 1917 2153 1978; x_wconf 89' lang='lat' dir='ltr'><strong>saepius</strong></span> <span class='ocrx_word' id='word_1_229' title='bbox 2174 1896 2358 1954; x_wconf 84' lang='lat' dir='ltr'><strong>tabernae</strong></span> 
     </span>
     <span class='ocr_line' id='line_1_21' title="bbox 434 1975 2367 2046; baseline -0.005 -16"><span class='ocrx_word' id='word_1_230' title='bbox 434 1997 470 2031; x_wconf 90' lang='lat' dir='ltr'><strong>in</strong></span> <span class='ocrx_word' id='word_1_231' title='bbox 487 1994 626 2044; x_wconf 90' lang='lat' dir='ltr'><strong>quibus</strong></span> <span class='ocrx_word' id='word_1_232' title='bbox 647 1991 840 2041; x_wconf 84' lang='lat' dir='ltr'><strong>jucundus</strong></span> <span class='ocrx_word' id='word_1_233' title='bbox 861 1991 1040 2026; x_wconf 88' lang='lat' dir='ltr'><strong>introitus</strong></span> <span class='ocrx_word' id='word_1_234' title='bbox 1061 1983 1276 2038; x_wconf 87' lang='lat' dir='ltr'><strong>celebratus</strong></span> <span class='ocrx_word' id='word_1_235' title='bbox 1298 1989 1348 2024; x_wconf 91' lang='lat' dir='ltr'><strong>sit</strong></span> <span class='ocrx_word' id='word_1_236' title='bbox 1368 1987 1647 2024; x_wconf 82' lang='lat' dir='ltr'><strong>describantur.</strong></span> <span class='ocrx_word' id='word_1_237' title='bbox 1671 1988 1915 2046; x_wconf 88' lang='lat' dir='ltr'><strong>Caeterarum</strong></span> <span class='ocrx_word' id='word_1_238' title='bbox 1939 1987 2136 2022; x_wconf 88' lang='lat' dir='ltr'><strong>nationum</strong></span> <span class='ocrx_word' id='word_1_239' title='bbox 2154 1986 2185 2022; x_wconf 86' lang='lat' dir='ltr'><strong>si</strong></span> <span class='ocrx_word' id='word_1_240' title='bbox 2202 1981 2300 2021; x_wconf 88' lang='lat' dir='ltr'><strong>libri</strong></span> <span class='ocrx_word' id='word_1_241' title='bbox 2310 1975 2367 2022; x_wconf 63' lang='lat' dir='ltr'><strong>ad³</strong></span> 
     </span>
     <span class='ocr_line' id='line_1_22' title="bbox 432 2039 2367 2114; baseline -0.006 -13"><span class='ocrx_word' id='word_1_242' title='bbox 432 2078 503 2101; x_wconf 91' lang='lat' dir='ltr'><strong>nos</strong></span> <span class='ocrx_word' id='word_1_243' title='bbox 530 2063 812 2114; x_wconf 82' lang='lat' dir='ltr'><strong>pervenissent,</strong></span> <span class='ocrx_word' id='word_1_244' title='bbox 843 2060 1001 2096; x_wconf 88' lang='lat' dir='ltr'><strong>dubium</strong></span> <span class='ocrx_word' id='word_1_245' title='bbox 1027 2066 1087 2095; x_wconf 84' lang='lat' dir='ltr'><strong>est</strong></span> <span class='ocrx_word' id='word_1_246' title='bbox 1117 2071 1163 2094; x_wconf 89' lang='lat' dir='ltr'><strong>an</strong></span> <span class='ocrx_word' id='word_1_247' title='bbox 1190 2057 1281 2093; x_wconf 84' lang='lat' dir='ltr'><strong>talia</strong></span> <span class='ocrx_word' id='word_1_248' title='bbox 1311 2056 1541 2093; x_wconf 89' lang='lat' dir='ltr'><strong>documenta</strong></span> <span class='ocrx_word' id='word_1_249' title='bbox 1570 2063 1677 2106; x_wconf 81' lang='lat' dir='ltr'><strong>tanto</strong></span> <span class='ocrx_word' id='word_1_250' title='bbox 1704 2068 1863 2111; x_wconf 86' lang='lat' dir='ltr'><strong>numero</strong></span> <span class='ocrx_word' id='word_1_251' title='bbox 1892 2055 2142 2104; x_wconf 88' lang='lat' dir='ltr'><strong>praeberent;</strong></span> <span class='ocrx_word' id='word_1_252' title='bbox 2172 2067 2279 2098; x_wconf 90' lang='lat' dir='ltr'><strong>nam,</strong></span> <span class='ocrx_word' id='word_1_253' title='bbox 2314 2039 2367 2091; x_wconf 45' lang='lat' dir='ltr'><strong>utf</strong></span> 
     </span>
    </p>
   </div>
   <div class='ocr_carea' id='block_1_7' title="bbox 432 2114 2362 2200">
    <p class='ocr_par' dir='ltr' id='par_1_8' title="bbox 432 2114 2362 2200">
     <span class='ocr_line' id='line_1_23' title="bbox 432 2114 2133 2183; baseline -0.007 -13"><span class='ocrx_word' id='word_1_254' title='bbox 432 2134 588 2183; x_wconf 88' lang='lat' dir='ltr'><strong>scripsit</strong></span> <span class='ocrx_word' id='word_1_255' title='bbox 604 2131 805 2170; x_wconf 72' lang='lat' dir='ltr'><strong>VViskinus</strong></span> <span class='ocrx_word' id='word_1_256' title='bbox 821 2130 990 2166; x_wconf 87' lang='lat' dir='ltr'><strong>decanus</strong></span> <span class='ocrx_word' id='word_1_257' title='bbox 1012 2129 1229 2165; x_wconf 84' lang='lat' dir='ltr'><strong>Caminens.</strong></span> <span class='ocrx_word' id='word_1_258' title='bbox 1254 2126 1291 2162; x_wconf 88' lang='lat' dir='ltr'><strong>in</strong></span> <span class='ocrx_word' id='word_1_259' title='bbox 1310 2116 1533 2176; x_wconf 88' lang='lat' dir='ltr'><strong>tegumento</strong></span> <span class='ocrx_word' id='word_1_260' title='bbox 1549 2121 1634 2160; x_wconf 82' lang='lat' dir='ltr'><strong>libri</strong></span> <span class='ocrx_word' id='word_1_261' title='bbox 1653 2114 1911 2174; x_wconf 82' lang='lat' dir='ltr'><strong>procuratoris</strong></span> <span class='ocrx_word' id='word_1_262' title='bbox 1927 2125 2028 2174; x_wconf 82' lang='lat' dir='ltr'><strong>(Reg.</strong></span> <span class='ocrx_word' id='word_1_263' title='bbox 2053 2125 2073 2160; x_wconf 92' lang='lat'>5</span> <span class='ocrx_word' id='word_1_264' title='bbox 2091 2126 2133 2171; x_wconf 89' lang='lat'><strong>):</strong></span> 
     </span>
     <span class='ocr_line' id='line_1_24' title="bbox 1688 2172 2362 2200; baseline -0.018 -10"><span class='ocrx_word' id='word_1_265' title='bbox 1688 2183 1690 2187; x_wconf 68' lang='grc'>,</span> <span class='ocrx_word' id='word_1_266' title='bbox 1945 2192 1947 2195; x_wconf 42' lang='lat'><strong>.</strong></span> <span class='ocrx_word' id='word_1_267' title='bbox 2116 2181 2119 2183; x_wconf 13' lang='grc' dir='ltr'><strong>ι</strong></span> <span class='ocrx_word' id='word_1_268' title='bbox 2302 2186 2304 2189; x_wconf 18' lang='lat'><em>7</em></span> <span class='ocrx_word' id='word_1_269' title='bbox 2333 2172 2362 2200; x_wconf 19' lang='grc' dir='ltr'><strong>Α..</strong></span> 
     </span>
    </p>
   </div>
   <div class='ocr_carea' id='block_1_8' title="bbox 877 2228 1863 2274">
    <p class='ocr_par' dir='ltr' id='par_1_9' title="bbox 877 2228 1863 2274">
     <span class='ocr_line' id='line_1_25' title="bbox 877 2228 1863 2274; baseline -0.005 -10"><span class='ocrx_word' id='word_1_270' title='bbox 877 2233 996 2265; x_wconf 84' lang='lat' dir='ltr'><strong>Cantat</strong></span> <span class='ocrx_word' id='word_1_271' title='bbox 1011 2232 1235 2269; x_wconf 85' lang='lat' dir='ltr'><strong>Normannus,</strong></span> <span class='ocrx_word' id='word_1_272' title='bbox 1258 2229 1344 2261; x_wconf 87' lang='lat' dir='ltr'><strong>bibit</strong></span> <span class='ocrx_word' id='word_1_273' title='bbox 1359 2228 1554 2274; x_wconf 83' lang='lat' dir='ltr'><strong>Anglicus5‚</strong></span> <span class='ocrx_word' id='word_1_274' title='bbox 1577 2235 1628 2260; x_wconf 89' lang='lat' dir='ltr'><strong>est</strong></span> <span class='ocrx_word' id='word_1_275' title='bbox 1646 2228 1863 2260; x_wconf 73' lang='lat' dir='ltr'><strong>Alamannus.</strong></span> 
     </span>
    </p>
   </div>
   <div class='ocr_carea' id='block_1_9' title="bbox 481 2310 2356 2379">
    <p class='ocr_par' dir='ltr' id='par_1_10' title="bbox 481 2310 2356 2379">
     <span class='ocr_line' id='line_1_26' title="bbox 481 2310 2356 2379; baseline -0.005 -9"><span class='ocrx_word' id='word_1_276' title='bbox 481 2336 580 2370; x_wconf 88' lang='lat' dir='ltr'><strong>Sane</strong></span> <span class='ocrx_word' id='word_1_277' title='bbox 600 2334 638 2368; x_wconf 90' lang='lat' dir='ltr'><strong>in</strong></span> <span class='ocrx_word' id='word_1_278' title='bbox 658 2345 703 2369; x_wconf 90' lang='lat' dir='ltr'><strong>eo</strong></span> <span class='ocrx_word' id='word_1_279' title='bbox 725 2331 836 2374; x_wconf 84' lang='lat' dir='ltr'><strong>libro,</strong></span> <span class='ocrx_word' id='word_1_280' title='bbox 866 2331 928 2379; x_wconf 91' lang='lat' dir='ltr'><strong>qui</strong></span> <span class='ocrx_word' id='word_1_281' title='bbox 951 2336 1060 2379; x_wconf 88' lang='lat' dir='ltr'><strong>gesta</strong></span> <span class='ocrx_word' id='word_1_282' title='bbox 1081 2328 1327 2378; x_wconf 86' lang='lat' dir='ltr'><strong>Anglicorum</strong></span> <span class='ocrx_word' id='word_1_283' title='bbox 1350 2324 1727 2376; x_wconf 89' lang='lat' dir='ltr'><strong>Alemannorumque</strong></span> <span class='ocrx_word' id='word_1_284' title='bbox 1744 2326 1876 2369; x_wconf 84' lang='lat' dir='ltr'><strong>refert,</strong></span> <span class='ocrx_word' id='word_1_285' title='bbox 1906 2324 2045 2361; x_wconf 86' lang='lat' dir='ltr'><strong>indicia</strong></span> <span class='ocrx_word' id='word_1_286' title='bbox 2072 2324 2120 2362; x_wconf 91' lang='lat' dir='ltr'><strong>de</strong></span> <span class='ocrx_word' id='word_1_287' title='bbox 2145 2310 2356 2375; x_wconf 74' lang='lat' dir='ltr'><strong>potulentis</strong></span> 
     </span>
    </p>
   </div>
   <div class='ocr_carea' id='block_1_10' title="bbox 471 2445 1679 2486">
    <p class='ocr_par' dir='ltr' id='par_1_11' title="bbox 471 2445 1679 2486">
     <span class='ocr_line' id='line_1_27' title="bbox 471 2445 1679 2486; baseline -0.008 -4"><span class='ocrx_word' id='word_1_288' title='bbox 471 2457 498 2483; x_wconf 88' lang='lat'><strong>1.</strong></span> <span class='ocrx_word' id='word_1_289' title='bbox 546 2453 694 2486; x_wconf 64' lang='lat' dir='ltr'><strong>Charml„</strong></span> <span class='ocrx_word' id='word_1_290' title='bbox 711 2451 767 2485; x_wconf 74' lang='lat'>111,</span> <span class='ocrx_word' id='word_1_291' title='bbox 786 2453 819 2479; x_wconf 68' lang='lat' dir='ltr'><strong>no</strong></span> <span class='ocrx_word' id='word_1_292' title='bbox 836 2450 922 2479; x_wconf 87' lang='lat'><strong>1592.</strong></span> <span class='ocrx_word' id='word_1_293' title='bbox 1449 2446 1521 2474; x_wconf 75' lang='lat' dir='ltr'><strong>ibid.</strong></span> <span class='ocrx_word' id='word_1_294' title='bbox 1540 2445 1581 2485; x_wconf 85' lang='lat' dir='ltr'><strong>(p</strong></span> <span class='ocrx_word' id='word_1_295' title='bbox 1598 2445 1679 2484; x_wconf 80' lang='lat'>652)</span> 
     </span>
    </p>
   </div>
   <div class='ocr_carea' id='block_1_11' title="bbox 2515 0 2632 308">
    <p class='ocr_par' dir='ltr' id='par_1_12' title="bbox 2515 0 2632 308">
     <span class='ocr_line' id='line_1_28' title="bbox 2515 0 2632 308; baseline 0 3156"><span class='ocrx_word' id='word_1_296' title='bbox 2515 0 2632 308; x_wconf 95' lang='lat' dir='ltr'><strong> </strong></span> 
     </span>
    </p>
   </div>
   <div class='ocr_carea' id='block_1_12' title="bbox 428 2496 1339 2978">
    <p class='ocr_par' dir='ltr' id='par_1_13' title="bbox 429 2496 1339 2730">
     <span class='ocr_line' id='line_1_29' title="bbox 469 2496 1339 2537; baseline -0.01 -4"><span class='ocrx_word' id='word_1_297' title='bbox 469 2505 499 2533; x_wconf 89' lang='lat'><strong>2.</strong></span> <span class='ocrx_word' id='word_1_298' title='bbox 544 2503 591 2532; x_wconf 84' lang='lat' dir='ltr'><strong>Cf.</strong></span> <span class='ocrx_word' id='word_1_299' title='bbox 616 2505 657 2530; x_wconf 85' lang='lat' dir='ltr'><strong>Le</strong></span> <span class='ocrx_word' id='word_1_300' title='bbox 679 2502 751 2530; x_wconf 72' lang='lat' dir='ltr'><strong>livre</strong></span> <span class='ocrx_word' id='word_1_301' title='bbox 773 2500 826 2528; x_wconf 79' lang='lat' dir='ltr'><strong>des</strong></span> <span class='ocrx_word' id='word_1_302' title='bbox 845 2501 975 2532; x_wconf 65' lang='lat' dir='ltr'><strong>metiers,</strong></span> <span class='ocrx_word' id='word_1_303' title='bbox 1000 2508 1030 2537; x_wconf 87' lang='lat' dir='ltr'><strong>p.</strong></span> <span class='ocrx_word' id='word_1_304' title='bbox 1055 2508 1084 2536; x_wconf 89' lang='lat' dir='ltr'><strong>p.</strong></span> <span class='ocrx_word' id='word_1_305' title='bbox 1109 2496 1146 2526; x_wconf 89' lang='lat' dir='ltr'><strong>R.</strong></span> <span class='ocrx_word' id='word_1_306' title='bbox 1168 2506 1207 2525; x_wconf 73' lang='lat' dir='ltr'><strong>us</strong></span> <span class='ocrx_word' id='word_1_307' title='bbox 1227 2496 1339 2525; x_wconf 63' lang='lat' dir='ltr'><strong>Lasin-</strong></span> 
     </span>
     <span class='ocr_line' id='line_1_30' title="bbox 429 2546 1338 2587; baseline -0.01 -5"><span class='ocrx_word' id='word_1_308' title='bbox 429 2562 525 2582; x_wconf 73' lang='lat' dir='ltr'><strong>NAssn</strong></span> <span class='ocrx_word' id='word_1_309' title='bbox 543 2558 572 2580; x_wconf 86' lang='lat' dir='ltr'><strong>et</strong></span> <span class='ocrx_word' id='word_1_310' title='bbox 588 2551 797 2583; x_wconf 68' lang='lat' dir='ltr'><strong>BONNAnno’r,</strong></span> <span class='ocrx_word' id='word_1_311' title='bbox 814 2559 845 2587; x_wconf 92' lang='lat' dir='ltr'><strong>p.</strong></span> <span class='ocrx_word' id='word_1_312' title='bbox 862 2548 899 2576; x_wconf 85' lang='lat'><strong>25</strong></span> <span class='ocrx_word' id='word_1_313' title='bbox 918 2559 923 2576; x_wconf 85' lang='lat' dir='ltr'><strong><em>z</em></strong></span> <span class='ocrx_word' id='word_1_314' title='bbox 941 2559 955 2574; x_wconf 72' lang='grc' dir='ltr'><em>α</em></span> <span class='ocrx_word' id='word_1_315' title='bbox 975 2546 1055 2575; x_wconf 83' lang='lat' dir='ltr'><strong>Tout</strong></span> <span class='ocrx_word' id='word_1_316' title='bbox 1069 2546 1107 2575; x_wconf 87' lang='lat' dir='ltr'><strong>cil</strong></span> <span class='ocrx_word' id='word_1_317' title='bbox 1127 2551 1240 2585; x_wconf 82' lang='lat' dir='ltr'><strong>pueent</strong></span> <span class='ocrx_word' id='word_1_318' title='bbox 1256 2551 1338 2574; x_wconf 86' lang='lat' dir='ltr'><strong>estre</strong></span> 
     </span>
     <span class='ocr_line' id='line_1_31' title="bbox 429 2589 1339 2638; baseline -0.01 -7"><span class='ocrx_word' id='word_1_319' title='bbox 429 2601 583 2631; x_wconf 84' lang='lat' dir='ltr'><strong>tavernier</strong></span> <span class='ocrx_word' id='word_1_320' title='bbox 596 2602 613 2628; x_wconf 76' lang='lat' dir='ltr'><strong>a</strong></span> <span class='ocrx_word' id='word_1_321' title='bbox 631 2599 720 2628; x_wconf 81' lang='lat' dir='ltr'><strong>Paris</strong></span> <span class='ocrx_word' id='word_1_322' title='bbox 737 2597 789 2638; x_wconf 89' lang='lat' dir='ltr'><strong>qui</strong></span> <span class='ocrx_word' id='word_1_323' title='bbox 806 2597 962 2630; x_wconf 85' lang='lat' dir='ltr'><strong>vueulent,</strong></span> <span class='ocrx_word' id='word_1_324' title='bbox 983 2606 1015 2624; x_wconf 84' lang='lat' dir='ltr'><strong>se</strong></span> <span class='ocrx_word' id='word_1_325' title='bbox 1033 2595 1053 2624; x_wconf 93' lang='lat' dir='ltr'><strong>il</strong></span> <span class='ocrx_word' id='word_1_326' title='bbox 1070 2601 1124 2624; x_wconf 89' lang='lat' dir='ltr'><strong>ont</strong></span> <span class='ocrx_word' id='word_1_327' title='bbox 1142 2594 1180 2623; x_wconf 87' lang='lat' dir='ltr'><strong>de</strong></span> <span class='ocrx_word' id='word_1_328' title='bbox 1196 2589 1269 2633; x_wconf 80' lang='lat' dir='ltr'><strong>quoi</strong></span> <span class='ocrx_word' id='word_1_329' title='bbox 1283 2604 1339 2633; x_wconf 80' lang='lat' dir='ltr'><strong>par</strong></span> 
     </span>
     <span class='ocr_line' id='line_1_32' title="bbox 429 2643 1338 2687; baseline -0.009 -7"><span class='ocrx_word' id='word_1_330' title='bbox 429 2651 510 2680; x_wconf 82' lang='lat' dir='ltr'><strong>aiant</strong></span> <span class='ocrx_word' id='word_1_331' title='bbox 524 2650 551 2679; x_wconf 84' lang='lat' dir='ltr'><strong>le</strong></span> <span class='ocrx_word' id='word_1_332' title='bbox 566 2648 744 2687; x_wconf 86' lang='lat' dir='ltr'><strong>chantelage</strong></span> <span class='ocrx_word' id='word_1_333' title='bbox 755 2658 791 2676; x_wconf 88' lang='lat' dir='ltr'><strong>au</strong></span> <span class='ocrx_word' id='word_1_334' title='bbox 803 2646 884 2685; x_wconf 87' lang='lat' dir='ltr'>Roy,</span> <span class='ocrx_word' id='word_1_335' title='bbox 900 2645 945 2674; x_wconf 85' lang='lat' dir='ltr'><strong>les</strong></span> <span class='ocrx_word' id='word_1_336' title='bbox 958 2654 1096 2674; x_wconf 82' lang='lat' dir='ltr'><strong>mesures</strong></span> <span class='ocrx_word' id='word_1_337' title='bbox 1112 2654 1166 2673; x_wconf 88' lang='lat' dir='ltr'><strong>aus</strong></span> <span class='ocrx_word' id='word_1_338' title='bbox 1181 2643 1338 2682; x_wconf 87' lang='lat' dir='ltr'><strong>Bourgois</strong></span> 
     </span>
     <span class='ocr_line' id='line_1_33' title="bbox 429 2699 698 2730; baseline -0.022 0"><span class='ocrx_word' id='word_1_339' title='bbox 429 2707 458 2730; x_wconf 85' lang='lat' dir='ltr'><strong>et</strong></span> <span class='ocrx_word' id='word_1_340' title='bbox 473 2700 517 2729; x_wconf 89' lang='lat' dir='ltr'><strong>les</strong></span> <span class='ocrx_word' id='word_1_341' title='bbox 535 2699 663 2727; x_wconf 86' lang='lat' dir='ltr'><strong>crieurs.</strong></span> <span class='ocrx_word' id='word_1_342' title='bbox 684 2709 698 2724; x_wconf 87' lang='lat'>»</span> 
     </span>
    </p>

    <p class='ocr_par' dir='ltr' id='par_1_14' title="bbox 428 2741 1338 2978">
     <span class='ocr_line' id='line_1_34' title="bbox 468 2741 1338 2786; baseline -0.01 -8"><span class='ocrx_word' id='word_1_343' title='bbox 468 2750 497 2778; x_wconf 87' lang='lat'><strong>3.</strong></span> <span class='ocrx_word' id='word_1_344' title='bbox 542 2748 589 2777; x_wconf 85' lang='lat' dir='ltr'><strong>Cf.</strong></span> <span class='ocrx_word' id='word_1_345' title='bbox 611 2747 732 2776; x_wconf 85' lang='lat' dir='ltr'><strong>Lettres</strong></span> <span class='ocrx_word' id='word_1_346' title='bbox 750 2751 890 2786; x_wconf 86' lang='lat' dir='ltr'><strong>patentes</strong></span> <span class='ocrx_word' id='word_1_347' title='bbox 911 2745 948 2772; x_wconf 92' lang='lat' dir='ltr'><strong>de</strong></span> <span class='ocrx_word' id='word_1_348' title='bbox 968 2741 1097 2772; x_wconf 85' lang='lat' dir='ltr'><strong>Charles</strong></span> <span class='ocrx_word' id='word_1_349' title='bbox 1115 2741 1156 2771; x_wconf 88' lang='lat' dir='ltr'><strong>Vl</strong></span> <span class='ocrx_word' id='word_1_350' title='bbox 1178 2741 1338 2770; x_wconf 73' lang='lat' dir='ltr'><strong>reduisant</strong></span> 
     </span>
     <span class='ocr_line' id='line_1_35' title="bbox 429 2790 1337 2829; baseline -0.009 -2"><span class='ocrx_word' id='word_1_351' title='bbox 429 2799 473 2827; x_wconf 86' lang='lat' dir='ltr'><strong>les</strong></span> <span class='ocrx_word' id='word_1_352' title='bbox 483 2798 638 2826; x_wconf 80' lang='lat' dir='ltr'><strong>vendeurs</strong></span> <span class='ocrx_word' id='word_1_353' title='bbox 650 2797 687 2824; x_wconf 87' lang='lat' dir='ltr'><strong>de</strong></span> <span class='ocrx_word' id='word_1_354' title='bbox 696 2795 749 2824; x_wconf 88' lang='lat' dir='ltr'><strong>vin</strong></span> <span class='ocrx_word' id='word_1_355' title='bbox 763 2805 799 2823; x_wconf 82' lang='lat' dir='ltr'><strong>au</strong></span> <span class='ocrx_word' id='word_1_356' title='bbox 812 2794 939 2823; x_wconf 87' lang='lat' dir='ltr'><strong>nombre</strong></span> <span class='ocrx_word' id='word_1_357' title='bbox 953 2793 990 2820; x_wconf 91' lang='lat' dir='ltr'><strong>de</strong></span> <span class='ocrx_word' id='word_1_358' title='bbox 1002 2792 1142 2820; x_wconf 82' lang='lat' dir='ltr'><strong>soixante</strong></span> <span class='ocrx_word' id='word_1_359' title='bbox 1157 2790 1194 2829; x_wconf 81' lang='lat' dir='ltr'><strong>(le</strong></span> <span class='ocrx_word' id='word_1_360' title='bbox 1209 2791 1337 2819; x_wconf 88' lang='lat' dir='ltr'><strong>nombre</strong></span> 
     </span>
     <span class='ocr_line' id='line_1_36' title="bbox 429 2840 1336 2885; baseline -0.011 -9"><span class='ocrx_word' id='word_1_361' title='bbox 429 2847 546 2885; x_wconf 84' lang='lat' dir='ltr'><strong>ancien)</strong></span> <span class='ocrx_word' id='word_1_362' title='bbox 562 2856 599 2875; x_wconf 85' lang='lat' dir='ltr'><strong>en</strong></span> <span class='ocrx_word' id='word_1_363' title='bbox 619 2846 705 2879; x_wconf 89' lang='grc'>1410,</span> <span class='ocrx_word' id='word_1_364' title='bbox 723 2854 772 2883; x_wconf 87' lang='lat' dir='ltr'><strong>ap.</strong></span> <span class='ocrx_word' id='word_1_365' title='bbox 791 2846 846 2871; x_wconf 83' lang='lat' dir='ltr'><strong>Les</strong></span> <span class='ocrx_word' id='word_1_366' title='bbox 861 2843 978 2870; x_wconf 58' lang='lat' dir='ltr'><strong>maier-s</strong></span> <span class='ocrx_word' id='word_1_367' title='bbox 992 2848 1019 2869; x_wconf 80' lang='grc' dir='ltr'><strong>ει</strong></span> <span class='ocrx_word' id='word_1_368' title='bbox 1034 2841 1238 2878; x_wconf 78' lang='lat' dir='ltr'><strong>corporations</strong></span> <span class='ocrx_word' id='word_1_369' title='bbox 1253 2840 1290 2867; x_wconf 86' lang='lat' dir='ltr'><strong>de</strong></span> <span class='ocrx_word' id='word_1_370' title='bbox 1305 2841 1336 2867; x_wconf 83' lang='lat' dir='ltr'><strong>la</strong></span> 
     </span>
     <span class='ocr_line' id='line_1_37' title="bbox 431 2888 1337 2928; baseline -0.01 -4"><span class='ocrx_word' id='word_1_371' title='bbox 431 2897 496 2925; x_wconf 77' lang='lat' dir='ltr'><strong>ville</strong></span> <span class='ocrx_word' id='word_1_372' title='bbox 510 2896 546 2923; x_wconf 85' lang='lat' dir='ltr'><strong>de</strong></span> <span class='ocrx_word' id='word_1_373' title='bbox 565 2895 663 2928; x_wconf 77' lang='lat' dir='ltr'><strong>Paris,</strong></span> <span class='ocrx_word' id='word_1_374' title='bbox 682 2894 730 2923; x_wconf 84' lang='lat' dir='ltr'><strong>ed.</strong></span> <span class='ocrx_word' id='word_1_375' title='bbox 748 2893 834 2921; x_wconf 75' lang='lat' dir='ltr'><strong>Rene</strong></span> <span class='ocrx_word' id='word_1_376' title='bbox 851 2901 890 2921; x_wconf 73' lang='lat' dir='ltr'><strong>na</strong></span> <span class='ocrx_word' id='word_1_377' title='bbox 905 2891 1110 2924; x_wconf 63' lang='lat' dir='ltr'><strong>Lusmmssn,</strong></span> <span class='ocrx_word' id='word_1_378' title='bbox 1127 2889 1150 2923; x_wconf 92' lang='lat'>1,</span> <span class='ocrx_word' id='word_1_379' title='bbox 1167 2899 1197 2927; x_wconf 86' lang='lat' dir='ltr'><strong>p.</strong></span> <span class='ocrx_word' id='word_1_380' title='bbox 1214 2888 1285 2919; x_wconf 87' lang='grc'>649.</span> <span class='ocrx_word' id='word_1_381' title='bbox 1298 2905 1337 2908; x_wconf 88' lang='grc'>-</span> 
     </span>
     <span class='ocr_line' id='line_1_38' title="bbox 428 2936 1334 2978; baseline -0.011 -4"><span class='ocrx_word' id='word_1_382' title='bbox 428 2945 522 2974; x_wconf 80' lang='lat' dir='ltr'><strong>Aliud</strong></span> <span class='ocrx_word' id='word_1_383' title='bbox 547 2944 719 2972; x_wconf 79' lang='lat' dir='ltr'><strong>mandatum</strong></span> <span class='ocrx_word' id='word_1_384' title='bbox 742 2942 779 2970; x_wconf 87' lang='lat' dir='ltr'><strong>de</strong></span> <span class='ocrx_word' id='word_1_385' title='bbox 803 2941 909 2969; x_wconf 86' lang='lat' dir='ltr'><strong>codem</strong></span> <span class='ocrx_word' id='word_1_386' title='bbox 932 2944 1128 2978; x_wconf 84' lang='lat' dir='ltr'><strong>argumento,</strong></span> <span class='ocrx_word' id='word_1_387' title='bbox 1157 2947 1206 2966; x_wconf 91' lang='lat' dir='ltr'><strong>an.</strong></span> <span class='ocrx_word' id='word_1_388' title='bbox 1241 2936 1334 2971; x_wconf 83' lang='grc'>1416,</span> 
     </span>
    </p>
   </div>
   <div class='ocr_carea' id='block_1_13' title="bbox 1446 2492 2366 2775">
    <p class='ocr_par' dir='ltr' id='par_1_15' title="bbox 1446 2492 2366 2775">
     <span class='ocr_line' id='line_1_39' title="bbox 1487 2492 2355 2540; baseline -0.005 -16"><span class='ocrx_word' id='word_1_389' title='bbox 1487 2496 1516 2524; x_wconf 91' lang='grc'><strong>4.</strong></span> <span class='ocrx_word' id='word_1_390' title='bbox 1563 2506 1576 2521; x_wconf 75' lang='grc' dir='ltr'><strong>(ι</strong></span> <span class='ocrx_word' id='word_1_391' title='bbox 1593 2494 1656 2528; x_wconf 80' lang='lat' dir='ltr'><strong>Len</strong></span> <span class='ocrx_word' id='word_1_392' title='bbox 1675 2493 1790 2523; x_wconf 85' lang='lat' dir='ltr'><strong>souloit</strong></span> <span class='ocrx_word' id='word_1_393' title='bbox 1805 2493 1931 2522; x_wconf 86' lang='lat' dir='ltr'><strong>estimer</strong></span> <span class='ocrx_word' id='word_1_394' title='bbox 1940 2504 1965 2525; x_wconf 90' lang='lat' dir='ltr'><strong>a</strong></span> <span class='ocrx_word' id='word_1_395' title='bbox 1983 2492 2074 2521; x_wconf 88' lang='lat' dir='ltr'><strong>Paris</strong></span> <span class='ocrx_word' id='word_1_396' title='bbox 2093 2492 2163 2534; x_wconf 83' lang='lat' dir='ltr'><strong>plus</strong></span> <span class='ocrx_word' id='word_1_397' title='bbox 2179 2492 2216 2520; x_wconf 87' lang='lat' dir='ltr'><strong>de</strong></span> <span class='ocrx_word' id='word_1_398' title='bbox 2230 2497 2355 2540; x_wconf 89' lang='lat' dir='ltr'><strong>quatre-</strong></span> 
     </span>
     <span class='ocr_line' id='line_1_40' title="bbox 1447 2524 2365 2581; baseline -0.007 -8"><span class='ocrx_word' id='word_1_399' title='bbox 1447 2543 1499 2573; x_wconf 87' lang='lat' dir='ltr'><strong>mil</strong></span> <span class='ocrx_word' id='word_1_400' title='bbox 1515 2550 1657 2573; x_wconf 77' lang='lat' dir='ltr'><strong>tavernes</strong></span> <span class='ocrx_word' id='word_1_401' title='bbox 1677 2543 1715 2572; x_wconf 90' lang='lat' dir='ltr'><strong>de</strong></span> <span class='ocrx_word' id='word_1_402' title='bbox 1732 2543 1795 2577; x_wconf 88' lang='lat' dir='ltr'><strong>vin,</strong></span> <span class='ocrx_word' id='word_1_403' title='bbox 1817 2542 1887 2581; x_wconf 83' lang='lat' dir='ltr'><strong>plus</strong></span> <span class='ocrx_word' id='word_1_404' title='bbox 1909 2542 1946 2571; x_wconf 92' lang='lat' dir='ltr'><strong>de</strong></span> <span class='ocrx_word' id='word_1_405' title='bbox 1967 2539 2252 2581; x_wconf 85' lang='lat' dir='ltr'><strong>quatre-vingt-mil</strong></span> <span class='ocrx_word' id='word_1_406' title='bbox 2267 2524 2365 2568; x_wconf 39' lang='lat' dir='ltr'><strong>men-&#39;⁸</strong></span> 
     </span>
     <span class='ocr_line' id='line_1_41' title="bbox 1447 2589 2366 2631; baseline -0.004 -10"><span class='ocrx_word' id='word_1_407' title='bbox 1447 2593 1547 2627; x_wconf 71' lang='lat' dir='ltr'><strong>diuus,</strong></span> <span class='ocrx_word' id='word_1_408' title='bbox 1573 2591 1644 2631; x_wconf 86' lang='lat' dir='ltr'><strong>plus</strong></span> <span class='ocrx_word' id='word_1_409' title='bbox 1667 2593 1709 2620; x_wconf 90' lang='lat' dir='ltr'><strong>de</strong></span> <span class='ocrx_word' id='word_1_410' title='bbox 1723 2589 1965 2620; x_wconf 77' lang='lat' dir='ltr'><strong>soixante-mille</strong></span> <span class='ocrx_word' id='word_1_411' title='bbox 1983 2590 2194 2629; x_wconf 80' lang='lat' dir='ltr'><strong>escripvains,</strong></span> <span class='ocrx_word' id='word_1_412' title='bbox 2209 2589 2302 2618; x_wconf 79' lang='lat' dir='ltr'><strong>item</strong></span> <span class='ocrx_word' id='word_1_413' title='bbox 2315 2589 2366 2631; x_wconf 52' lang='grc' dir='ltr'><strong>ἀφ</strong></span> 
     </span>
     <span class='ocr_line' id='line_1_42' title="bbox 1447 2637 2355 2680; baseline -0.007 -9"><span class='ocrx_word' id='word_1_414' title='bbox 1447 2642 1595 2671; x_wconf 84' lang='lat' dir='ltr'><strong>escoliers</strong></span> <span class='ocrx_word' id='word_1_415' title='bbox 1611 2647 1642 2670; x_wconf 87' lang='lat' dir='ltr'><strong>et</strong></span> <span class='ocrx_word' id='word_1_416' title='bbox 1654 2651 1733 2680; x_wconf 68' lang='lat' dir='ltr'><strong>gens</strong></span> <span class='ocrx_word' id='word_1_417' title='bbox 1744 2641 1782 2679; x_wconf 78' lang='lat' dir='ltr'><strong>de</strong></span> <span class='ocrx_word' id='word_1_418' title='bbox 1793 2640 1919 2670; x_wconf 78' lang='lat' dir='ltr'><strong>mestier</strong></span> <span class='ocrx_word' id='word_1_419' title='bbox 1934 2649 2006 2670; x_wconf 80' lang='lat' dir='ltr'><strong>sans</strong></span> <span class='ocrx_word' id='word_1_420' title='bbox 2016 2639 2156 2675; x_wconf 81' lang='lat' dir='ltr'><strong>nombre.</strong></span> <span class='ocrx_word' id='word_1_421' title='bbox 2174 2637 2355 2678; x_wconf 51' lang='lat' dir='ltr'><strong>»Descripg</strong></span> 
     </span>
     <span class='ocr_line' id='line_1_43' title="bbox 1447 2686 2354 2727; baseline -0.007 -8"><span class='ocrx_word' id='word_1_422' title='bbox 1447 2690 1511 2719; x_wconf 88' lang='lat' dir='ltr'><strong>tion</strong></span> <span class='ocrx_word' id='word_1_423' title='bbox 1527 2691 1564 2721; x_wconf 88' lang='lat' dir='ltr'><strong>de</strong></span> <span class='ocrx_word' id='word_1_424' title='bbox 1578 2689 1668 2718; x_wconf 87' lang='lat' dir='ltr'><strong>Paris</strong></span> <span class='ocrx_word' id='word_1_425' title='bbox 1685 2699 1758 2723; x_wconf 84' lang='lat' dir='ltr'><strong>sous</strong></span> <span class='ocrx_word' id='word_1_426' title='bbox 1775 2688 1905 2719; x_wconf 89' lang='lat' dir='ltr'><strong>Charles</strong></span> <span class='ocrx_word' id='word_1_427' title='bbox 1921 2688 1974 2722; x_wconf 83' lang='lat' dir='ltr'><strong>Vl,</strong></span> <span class='ocrx_word' id='word_1_428' title='bbox 1994 2697 2042 2727; x_wconf 89' lang='lat' dir='ltr'><strong>ap.</strong></span> <span class='ocrx_word' id='word_1_429' title='bbox 2060 2687 2151 2715; x_wconf 77' lang='lat' dir='ltr'><strong>Paris</strong></span> <span class='ocrx_word' id='word_1_430' title='bbox 2163 2693 2191 2714; x_wconf 82' lang='lat' dir='ltr'><strong>et</strong></span> <span class='ocrx_word' id='word_1_431' title='bbox 2201 2696 2248 2714; x_wconf 83' lang='lat' dir='ltr'><strong>ses</strong></span> <span class='ocrx_word' id='word_1_432' title='bbox 2261 2686 2354 2714; x_wconf 81' lang='lat' dir='ltr'><strong>histo-</strong></span> 
     </span>
     <span class='ocr_line' id='line_1_44' title="bbox 1446 2734 2354 2775; baseline -0.004 -8"><span class='ocrx_word' id='word_1_433' title='bbox 1446 2740 1526 2767; x_wconf 82' lang='lat' dir='ltr'><strong>riens</strong></span> <span class='ocrx_word' id='word_1_434' title='bbox 1547 2749 1610 2767; x_wconf 64' lang='lat' dir='ltr'><strong>aaz</strong></span> <span class='ocrx_word' id='word_1_435' title='bbox 1626 2738 1764 2766; x_wconf 76' lang='lat' dir='ltr'><strong>X1V⁰et</strong></span> <span class='ocrx_word' id='word_1_436' title='bbox 1784 2739 1862 2766; x_wconf 68' lang='lat' dir='ltr'><strong>Xw</strong></span> <span class='ocrx_word' id='word_1_437' title='bbox 1873 2737 1990 2771; x_wconf 60' lang='lat' dir='ltr'><strong>siet-les,</strong></span> <span class='ocrx_word' id='word_1_438' title='bbox 2014 2745 2046 2775; x_wconf 86' lang='lat' dir='ltr'><strong>p.</strong></span> <span class='ocrx_word' id='word_1_439' title='bbox 2070 2746 2099 2774; x_wconf 86' lang='lat' dir='ltr'><strong>p.</strong></span> <span class='ocrx_word' id='word_1_440' title='bbox 2126 2735 2173 2764; x_wconf 64' lang='lat' dir='ltr'><strong>LE&#39;</strong></span> <span class='ocrx_word' id='word_1_441' title='bbox 2191 2734 2306 2764; x_wconf 73' lang='grc' dir='ltr'><strong>Ἠοῐικ·</strong></span> <span class='ocrx_word' id='word_1_442' title='bbox 2314 2739 2354 2763; x_wconf 69' lang='grc' dir='ltr'><strong>ΒΕ</strong></span> 
     </span>
    </p>
   </div>
   <div class='ocr_carea' id='block_1_14' title="bbox 1447 2784 2371 2825">
    <p class='ocr_par' dir='ltr' id='par_1_16' title="bbox 1447 2784 2371 2825">
     <span class='ocr_line' id='line_1_45' title="bbox 1447 2784 2371 2825; baseline -0.001 -8"><span class='ocrx_word' id='word_1_443' title='bbox 1447 2788 1547 2818; x_wconf 61' lang='lat' dir='ltr'><strong>mer</strong></span> <span class='ocrx_word' id='word_1_444' title='bbox 1563 2794 1593 2817; x_wconf 89' lang='lat' dir='ltr'><strong>et</strong></span> <span class='ocrx_word' id='word_1_445' title='bbox 1609 2787 1643 2817; x_wconf 91' lang='lat' dir='ltr'><strong>L.</strong></span> <span class='ocrx_word' id='word_1_446' title='bbox 1648 2786 1705 2816; x_wconf 89' lang='lat' dir='ltr'><strong>-.M</strong></span> <span class='ocrx_word' id='word_1_447' title='bbox 1723 2786 1914 2822; x_wconf 68' lang='lat' dir='ltr'><strong>Tissanum,</strong></span> <span class='ocrx_word' id='word_1_448' title='bbox 1933 2796 1964 2825; x_wconf 85' lang='lat' dir='ltr'><strong>p.</strong></span> <span class='ocrx_word' id='word_1_449' title='bbox 1978 2784 2050 2820; x_wconf 82' lang='grc'><strong>232.</strong></span> <span class='ocrx_word' id='word_1_450' title='bbox 2298 2809 2302 2817; x_wconf 66' lang='lat'><strong>.</strong></span> <span class='ocrx_word' id='word_1_451' title='bbox 2324 2794 2371 2824; x_wconf 49' lang='grc' dir='ltr'>γυ,</span> 
     </span>
    </p>
   </div>
   <div class='ocr_carea' id='block_1_15' title="bbox 1445 2817 2354 2964">
    <p class='ocr_par' dir='ltr' id='par_1_17' title="bbox 1445 2817 2354 2964">
     <span class='ocr_line' id='line_1_46' title="bbox 1486 2817 2354 2874; baseline -0.008 -8"><span class='ocrx_word' id='word_1_452' title='bbox 1486 2838 1514 2866; x_wconf 87' lang='grc'><strong>5.</strong></span> <span class='ocrx_word' id='word_1_453' title='bbox 1559 2836 1671 2866; x_wconf 82' lang='grc' dir='ltr'><strong>Νοῑιιῐιι</strong></span> <span class='ocrx_word' id='word_1_454' title='bbox 1690 2841 1737 2864; x_wconf 87' lang='lat' dir='ltr'><strong>est</strong></span> <span class='ocrx_word' id='word_1_455' title='bbox 1753 2834 1816 2874; x_wconf 85' lang='lat' dir='ltr'><strong>jam</strong></span> <span class='ocrx_word' id='word_1_456' title='bbox 1836 2835 1982 2864; x_wconf 57' lang='lat' dir='ltr'><strong>Jaconum</strong></span> <span class='ocrx_word' id='word_1_457' title='bbox 2003 2843 2042 2862; x_wconf 75' lang='lat' dir='ltr'><strong>nr.</strong></span> <span class='ocrx_word' id='word_1_458' title='bbox 2063 2832 2219 2861; x_wconf 60' lang='lat' dir='ltr'><strong>Vmuico</strong></span> <span class='ocrx_word' id='word_1_459' title='bbox 2242 2817 2354 2860; x_wconf 87' lang='lat' dir='ltr'><strong>similia</strong></span> 
     </span>
     <span class='ocr_line' id='line_1_47' title="bbox 1446 2880 2352 2925; baseline -0.007 -11"><span class='ocrx_word' id='word_1_460' title='bbox 1446 2887 1483 2914; x_wconf 87' lang='lat' dir='ltr'><strong>de</strong></span> <span class='ocrx_word' id='word_1_461' title='bbox 1498 2885 1653 2925; x_wconf 83' lang='lat' dir='ltr'><strong>Anglicis</strong></span> <span class='ocrx_word' id='word_1_462' title='bbox 1661 2884 1798 2914; x_wconf 86' lang='lat' dir='ltr'><strong>scribere</strong></span> <span class='ocrx_word' id='word_1_463' title='bbox 1818 2884 1848 2913; x_wconf 91' lang='lat' dir='ltr'><strong>in</strong></span> <span class='ocrx_word' id='word_1_464' title='bbox 1867 2893 1922 2913; x_wconf 86' lang='lat' dir='ltr'><strong>sua</strong></span> <span class='ocrx_word' id='word_1_465' title='bbox 1933 2885 2012 2913; x_wconf 77' lang='lat' dir='ltr'><strong>Hist.</strong></span> <span class='ocrx_word' id='word_1_466' title='bbox 2029 2882 2268 2918; x_wconf 64' lang='lat' dir='ltr'><strong>Hierosolyma„</strong></span> <span class='ocrx_word' id='word_1_467' title='bbox 2286 2880 2306 2909; x_wconf 91' lang='lat' dir='ltr'><strong>l.</strong></span> <span class='ocrx_word' id='word_1_468' title='bbox 2322 2881 2352 2916; x_wconf 89' lang='lat'>2,</span> 
     </span>
     <span class='ocr_line' id='line_1_48' title="bbox 1445 2934 2323 2964; baseline -0.009 0"><span class='ocrx_word' id='word_1_469' title='bbox 1445 2945 1472 2964; x_wconf 89' lang='lat' dir='ltr'><strong>c.</strong></span> <span class='ocrx_word' id='word_1_470' title='bbox 1493 2935 1521 2963; x_wconf 86' lang='lat'><strong>6.</strong></span> <span class='ocrx_word' id='word_1_471' title='bbox 2320 2934 2323 2939; x_wconf 80' lang='grc'>’</span> 
     </span>
    </p>
   </div>
   <div class='ocr_carea' id='block_1_16' title="bbox 2619 2143 2632 2462">
    <p class='ocr_par' dir='ltr' id='par_1_18' title="bbox 2619 2143 2632 2462">
     <span class='ocr_line' id='line_1_49' title="bbox 2619 2143 2632 2462; textangle 90"><span class='ocrx_word' id='word_1_472' title='bbox 2619 2375 2632 2462; x_wconf 37' lang='lat' dir='ltr'><strong>&amp;dni-³..</strong></span> <span class='ocrx_word' id='word_1_473' title='bbox 2623 2303 2632 2353; x_wconf 59' lang='grc' dir='ltr'><strong>ι...</strong></span> <span class='ocrx_word' id='word_1_474' title='bbox 2621 2253 2632 2295; x_wconf 64' lang='grc'><strong>”..«.-</strong></span> <span class='ocrx_word' id='word_1_475' title='bbox 2624 2222 2632 2242; x_wconf 56' lang='grc' dir='ltr'><strong>κ’..</strong></span> <span class='ocrx_word' id='word_1_476' title='bbox 2626 2180 2632 2197; x_wconf 54' lang='grc' dir='ltr'><strong>μ,</strong></span> <span class='ocrx_word' id='word_1_477' title='bbox 2630 2166 2632 2170; x_wconf 82' lang='grc'>.</span> <span class='ocrx_word' id='word_1_478' title='bbox 2623 2143 2632 2155; x_wconf 55' lang='grc' dir='ltr'><strong>ι·</strong></span> 
     </span>
    </p>
   </div>
  </div>
 </body>
</html>
