2632 3464
294 428 347 454 28⁹

335 503 410 533 Item
438 503 586 544 magister
616 502 784 534 Nicliolaus
815 501 1002 541 Hemmyngi
1033 501 1071 530 de
1108 500 1204 530 Dacia

294 552 411 592 incepit
437 553 544 583 eadem
561 553 613 582 die
637 558 669 582 et
687 551 832 591 exposuit
850 560 909 590 pro
926 550 1084 590 principio
1103 549 1204 589 magi-

291 601 381 632 sterii
394 611 490 631 unum
503 601 666 631 florenum.

333 650 406 680 item
435 656 578 690 receptor
611 649 785 690 assignavit
814 648 965 688 magistro
999 647 1128 687 Symoni
1164 649 1203 677 de

292 699 398 729 Scotia
411 699 439 729 11
452 699 599 734 florenos,
611 708 680 728 cum
693 698 807 738 quibus
819 697 965 727 omnibus
978 696 1203 737 suprascriptis

293 749 371 778 facta
385 749 441 778 suit
454 758 530 778 cena
541 747 700 788 magistris
717 746 858 776 nacionis
873 746 1047 786 Anglicane
1064 747 1109 774 ad
1117 756 1204 783 yma-

288 800 389 837 ginem
404 799 504 827 sancti
517 798 645 828 ‚Ioannis
661 798 809 836 Baptiste,
831 802 862 825 et
879 796 925 825 sic
948 805 1010 825 non
1027 801 1100 825 sunt
1113 795 1204 835 plura

293 852 439 886 percepta
454 855 546 886 quam
556 851 694 885 erogata.

698 938 796 968 1356

320 1013 393 1052 (1201.
425 1013 462 1042 29
477 1011 501 1051 ¹’)
530 1010 721 1041 Johannes
747 1010 790 1039 de
817 1009 1097 1039 Wanczeberch
1129 1010 1171 1038 de

401 1059 638 1094 Luneburch,
669 1058 875 1088 Verdensis
904 1059 1095 1098 dyocesis.

330 1141 422 1171 Anno
454 1140 581 1170 Domini
621 1139 857 1174 M⁰CCC⁰LV1⁰,
900 1138 953 1179 xiij
996 1139 1046 1169 die
1088 1139 1203 1168 mensis

289 1191 306 1221 J
310 1190 440 1226 anuarii,
454 1190 531 1219 sacta
543 1189 791 1230 congregacione
805 1188 945 1218 nacionis
958 1188 1129 1228 Anglicane
1143 1194 1203 1218 tam

291 1239 470 1280 regencium
505 1248 595 1279 quam
628 1248 691 1267 non
724 1238 902 1278 regencium
942 1238 1024 1278 apud
1057 1237 1203 1268 Sanctum

291 1288 481 1319 Metui-inum
495 1297 591 1328 super
605 1287 757 1317 electione
770 1287 997 1327 procuratoris,
1016 1286 1133 1317 electus
1149 1287 1204 1316 fuit

290 1338 323 1368 in
340 1343 572 1378 procuratorem
586 1335 724 1377 ejusdem
739 1336 879 1366 nacionis
894 1337 1102 1371 concorditer,
1118 1336 1203 1366 nullo

293 1387 512 1428 magistrorum
549 1385 745 1421 reclamante,
781 1385 930 1425 magister
964 1385 1122 1425 lohannes
1165 1386 1203 1415 de

290 1434 527 1466 Wanczeberch
543 1434 624 1464 Saxo
637 1435 676 1464 de
689 1434 887 1469 Luneburch,
906 1434 1077 1464 Verdensis
1092 1435 1203 1474 dyoce-

292 1485 349 1520 sis,
369 1485 400 1514 in
415 1483 503 1524 cujus
515 1483 732 1524 procuratoria
747 1484 825 1513 facta
840 1490 912 1513 sunt
927 1483 994 1513 hec.

332 1533 425 1564 Sexta
451 1533 501 1562 die
529 1533 646 1562 mensis
668 1532 830 1562 Februarii
853 1533 930 1562 faeta
954 1533 1202 1574 congregacione

291 1582 427 1612 nationis
453 1581 625 1622 Anglicane
651 1591 747 1621 super
777 1581 928 1611 electione
959 1582 1200 1612 examinatorum

290 1631 441 1662 examinis
462 1630 574 1660 Sancte
594 1630 764 1666 Genovel'e,
790 1631 906 1661 electus
929 1631 985 1661 suit
1005 1632 1202 1661 concorditer

292 1680 378 1711 nullo
395 1680 614 1720 magistrorum
629 1679 815 1710 reclamante
828 1680 978 1720 magister
988 1680 1148 1710 Arnoldus
1163 1682 1202 1710 de

291 1729 411 1760 Bevere
435 1729 474 1759 de
494 1728 634 1758 Embek⁴
658 1729 688 1758 in
709 1729 948 1759 examinatorem
973 1729 1110 1769 ejusdem
1133 1740 1202 1760 exa-

292 1778 396 1808 minis.

332 1827 406 1858 ltem
424 1827 505 1857 idem
525 1827 675 1868 magister
692 1827 850 1858 Arnoldus
871 1828 1016 1867 exposuit
1031 1839 1125 1858 unum
1144 1828 1202 1858 sso-

291 1886 399 1907 renum
421 1877 452 1906 in
474 1877 603 1906 taberna
631 1877 674 1906 ad
698 1878 869 1916 ymaginem
899 1877 985 1906 beate
1011 1879 1138 1917 Virginis
1163 1879 1201 1907 ad

291 1926 472 1966 potandum.
992 1927 994 1930 ⁴

699 1979 796 2010 1856

338 2047 473 2077 Themo
505 2047 613 2078 Judei
643 2047 806 2079 clericus
839 2049 1156 2079 Monasteriensis

431 2097 531 2126 dioc.
554 2103 589 2126 et
611 2097 798 2132 civitatis,
831 2098 1058 2128 Westsalus.

330 2174 421 2204 Anno
459 2173 587 2206 ‚Domini
626 2173 861 2210 M⁰CCC⁰LVI⁰‚
918 2179 949 2204 x⁰
991 2175 1040 2204 die
1085 2175 1200 2205 mensis

290 2223 463 2258 Februarii,
493 2223 569 2252 sucta
593 2223 842 2264 congregacione
861 2224 1002 2254 nacionis
1029 2224 1200 2264 Anglicane

288 2272 370 2312 apud
394 2272 539 2302 Sanctum
566 2272 721 2302 Julianum
745 2283 912 2313 pauperem
935 2283 1032 2313 super
1050 2273 1200 2303 electione

290 2321 515 2362 procuratoris,
561 2321 679 2351 electus
717 2322 774 2351 fuit
817 2322 1014 2352 concorditer
1052 2323 1201 2363 magister

289 2370 407 2400 Themo
419 2370 509 2400 Judei
527 2370 612 2400 nullo
627 2370 751 2410 penitus
766 2371 962 2407 reclamante,
980 2372 1011 2402 in
1024 2371 1112 2413 cujus
1125 2382 1201 2412 pro-

290 2419 445 2449 curatoris
462 2419 540 2450 facta
558 2419 614 2449 hec
629 2429 689 2460 que
705 2427 889 2460 sequuntur.

332 2468 438 2500 Primo
457 2468 547 2498 etiam
570 2469 648 2499 facta
669 2469 917 2509 congregacione
942 2470 1082 2500 nacionis
1105 2481 1200 2511 super

289 2523 435 2558 computo
459 2518 631 2558 recepturis
658 2518 823 2553 audiendo,
843 2519 1033 2559 computavit
1056 2520 1199 2550 dominus

290 2572 445 2606 receptor,
467 2566 613 2597 videlicet
641 2567 790 2607 magister
814 2567 972 2598 lohannes
999 2569 1037 2598 de
1064 2568 1200 2599 Lovanio

290 2615 337 2645 sic
354 2627 360 2644 :
378 2615 522 2645 omnibus
537 2615 695 2646 defalcatis
710 2616 798 2646 nscio
810 2617 943 2646 debebat
958 2616 1018 2646 sibi
1031 2617 1063 2646 in
1074 2618 1092 2646 2
1103 2618 1200 2648 scutis

289 2664 330 2694 48
352 2664 462 2694 solidis
481 2674 549 2695 cum
569 2666 588 2694 9
611 2665 748 2695 denariis
767 2665 856 2695 sortis
881 2673 1013 2696 monete.
1041 2667 1118 2697 Cum
1141 2667 1199 2697 hoc

291 2713 380 2743 nscio
408 2713 507 2743 adhuc
525 2714 617 2744 debet
645 2724 703 2754 pro
727 2714 822 2744 scolis
849 2715 990 2755 magistri
1017 2715 1198 2751 Themonis,

290 2762 380 2792 sicud
405 2762 493 2802 prius
513 2763 662 2804 scriptum
684 2763 739 2793 fuit
761 2764 791 2793 in
811 2764 1036 2804 procur-acione
1058 2765 1198 2805 magistri

292 2810 412 2840 Hinrici
432 2812 470 2841 de
487 2811 640 2852 Kempen,
656 2819 686 2842 et
703 2813 795 2843 debet
811 2813 899 2843 nacio
915 2814 1061 2844 Conrado
1075 2814 1197 2844 bedello

291 2858 399 2900 majori
414 2860 555 2891 nacionis
569 2862 588 2891 3
603 2867 689 2891 scuta
706 2872 773 2891 cum
792 2862 921 2892 dimidio
939 2873 997 2903 pro
1013 2863 1121 2893 baculo
1142 2874 1199 2893 suo

323 2960 344 2984 1.
378 2959 414 2984 De
425 2960 523 2985 Embek
540 2961 606 2986 inter
619 2961 710 2986 linoae.

801 426 915 453 LIBER
936 423 1251 452 PROCURATORUM
1271 423 1452 451 NATIONIS
1471 425 1715 452 ANGLICANAE

1241 954 1275 980 10

1242 1199 1275 1226 15

1240 1446 1274 1472 20

1239 1692 1273 1718 25

1239 1938 1273 1965 30

1238 2184 1272 2210 35

1238 2430 1272 2456 40

1237 2675 1272 2702 45

2172 429 2224 455 190

1313 506 1461 540 argenteo
1504 508 1659 541 reparato.
1701 503 1776 531 ltem
1819 504 1908 533 nacio
1944 505 2037 534 debet
2074 506 2224 544 magistro

1314 549 1464 579 Themoni
1489 551 1508 579 8
1535 550 1654 580 solidos
1678 552 1727 580 vel
1754 562 1819 587 sex,
1843 563 1923 592 quos
1950 553 2018 592 ipse
2043 554 2135 584 solvit
2165 565 2224 594 pro

1314 599 1443 628 nacione
1466 599 1496 628 in
1516 601 1646 630 taberna
1666 601 1710 629 ad
1729 603 1900 640 ymaginem
1922 605 2028 631 Nosti-e
2048 605 2173 632 Domine
2194 604 2224 632 in

1313 647 1382 678 vico
1405 648 1510 678 Sancti
1538 649 1658 684 Jacobi,
1684 651 1808 689 quando
1830 657 1991 690 potaverat
2014 652 2103 681 nacio
2129 661 2225 692 super

1313 697 1480 733 officiariis,
1495 698 1641 728 videlicet
1655 708 1751 739 super
1767 700 1976 730 examinatore
1993 700 2104 730 Sancte
2123 700 2225 731 Geno-

1312 747 1391 782 vefe,
1415 753 1445 776 et
1464 757 1560 787 super
1580 754 1783 788 procuratore
1806 758 1888 778 novo
1911 759 1974 778 non
1995 755 2101 789 potato
2126 761 2225 791 usquc

1313 802 1397 825 tnnc.
1417 795 1457 825 Et
1471 795 1522 826 ille
1537 797 1592 826 fuit
1604 797 1754 837 magister
1767 797 1925 828 lohannes
1938 799 1976 827 de
1989 799 2223 830 Wanczeberch

1313 846 1351 874 de
1371 845 1570 881 Luneburch,
1594 846 1647 886 qui
1669 847 1838 876 secundum
1851 846 2003 887 judicium
2021 854 2051 877 et
2070 849 2225 879 delibera-

1313 895 1432 924 cionem
1451 895 1591 925 nacionis
1609 896 1648 924 ad
1667 895 1724 925 hoc
1745 903 1853 926 vocate
1871 896 1994 926 solvere
2012 898 2175 928 tenebatur
2194 900 2223 928 in

1313 943 1431 973 floreno
1461 944 1511 973 vel
1539 950 1627 974 scuto
1657 944 1798 981 nacioni,
1831 952 1861 975 et
1891 946 2041 986 magistro
2072 947 2223 977 Themoni

1313 993 1416 1027 dabat,
1444 993 1497 1032 qui
1524 993 1675 1023 satisfecit
1705 994 1737 1023 in
1768 995 1896 1024 taberna
1926 1005 1985 1035 pro
2016 996 2146 1026 nacione
2174 998 2224 1027 die

1313 1042 1433 1072 sabbati
1473 1042 1615 1082 proxima
1657 1049 1730 1083 post
1763 1044 1988 1083 provisionem,
2022 1055 2077 1075 seu
2117 1047 2167 1076 die
2206 1049 2224 1077 5

1314 1091 1487 1121 Februarii.

1354 1141 1430 1170 Item
1444 1141 1493 1170 die
1505 1141 1640 1170 secunda
1656 1141 1759 1171 Martii
1774 1143 1852 1172 sacta
1864 1144 2107 1183 congregatione
2122 1146 2225 1175 nacio-

1313 1191 1361 1220 nis
1378 1189 1566 1220 sufficienter
1580 1201 1676 1230 super
1691 1191 1973 1231 supplicationibus
1988 1199 2018 1222 et
2034 1203 2130 1234 super
2142 1195 2226 1225 elec-

1313 1240 1396 1269 tione
1409 1240 1651 1270 examinatorum
1663 1240 1931 1271 determinantium
1941 1265 1948 1277 ,
1968 1242 2155 1282 supplicavit
2172 1245 2225 1274 ita-

1313 1299 1372 1328 que
1391 1288 1534 1319 dominus
1554 1288 1718 1319 Conradus
1738 1290 1775 1319 de
1795 1290 1926 1325 Rotwil,
1943 1291 2150 1323 licentiandus
2167 1295 2225 1324 sul»

1313 1338 1463 1378 magistro
1479 1337 1656 1368 Hermanno
1676 1339 1737 1378 [de]
1758 1339 1885 1374 Rotwil,
1903 1347 1936 1370 ut
1947 1341 2035 1370 nacio
2047 1342 2107 1371 sibi
2118 1343 2223 1372 remit-

1312 1393 1391 1417 teret
1406 1388 1529 1422 bursas,
1544 1387 1617 1427 quia
1627 1397 1746 1427 pauper
1756 1395 1850 1423 esset,
1863 1395 1893 1419 et
1904 1399 1966 1419 non
1978 1390 2116 1420 haberet.
2132 1391 2223 1429 Quod

1313 1446 1495 1466 concessum
1512 1437 1568 1466 suit
1582 1437 1620 1466 ab
1636 1437 1792 1467 omnibus.

1353 1485 1428 1515 Item
1446 1485 1536 1515 electi
1557 1492 1644 1515 erant
1664 1487 1834 1516 secundum
1850 1488 1980 1517 formam
2002 1489 2107 1519 statuti
2125 1491 2226 1530 magi-

1311 1541 1377 1564 ster
1394 1534 1476 1564 Bero
1494 1535 1532 1564 de
1548 1535 1658 1564 Suecia
1675 1541 1706 1565 et
1725 1536 1874 1576 magister
1888 1536 2047 1567 lohannes
2067 1539 2105 1567 de
2125 1539 2224 1578 Aquis

1312 1583 1409 1613 Grani
1426 1583 1459 1613 in
1476 1584 1700 1613 examinatores
1718 1585 1993 1615 determinancium
2010 1586 2059 1616 vel
2079 1587 2224 1617 determi-

1311 1639 1503 1663 naturorum.

1353 1682 1407 1712 Isti
1421 1688 1494 1712 sunt
1511 1682 1564 1722 qui
1577 1683 1862 1713 determinaverunt
1875 1683 1907 1713 in
1919 1683 1978 1714 hoc
1990 1695 2071 1714 anno
2084 1691 2224 1725 tempore

1311 1731 1524 1772 procuratoris
1540 1731 1709 1762 Themonis
1726 1732 1828 1762 Judei.

1351 1779 1458 1810 Primo
1476 1780 1620 1810 dominus
1646 1781 1795 1811 Hinricus
1813 1782 1851 1811 de
1875 1782 1979 1812 Beesd
1997 1784 2054 1812 sub
2075 1785 2224 1824 magistro

1311 1829 1479 1865 Themone,
1510 1829 1598 1870 cujus
1630 1830 1725 1860 bursa
1754 1831 1771 1860 5
1797 1830 1902 1866 solidi,
1930 1838 2018 1862 scuto
2042 1832 2162 1863 valente
2188 1835 2224 1862 13

1311 1879 1430 1909 solidos
1449 1885 1481 1909 et
1503 1880 1522 1908 4
1543 1879 1700 1909 denarios.
1726 1879 1765 1909 Et
1787 1879 1845 1910 iste
1870 1881 2088 1912 determinavit
2113 1882 2223 1912 solutis

1311 1929 1469 1958 solvendis
1482 1938 1540 1968 per
1557 1929 1700 1969 gratiam.

1352 1978 1427 2008 Item
1458 1978 1603 2008 dominus
1629 1978 1787 2008 Johannes
1821 1979 1859 2008 de

1312 2027 1476 2062 Pomeren,
1492 2026 1581 2067 cujus
1596 2028 1690 2057 burse
1706 2027 1725 2056 4
1740 2028 1844 2057 solidi.

1351 2077 1426 2106 Item
1448 2076 1593 2106 dominus
1613 2076 1771 2106 Johannes
1792 2077 1830 2106 de
1851 2077 1976 2108 Pavone
1995 2079 2054 2108 sub
2074 2080 2223 2120 magistro

1309 2125 1449 2155 Johanne
1473 2126 1512 2155 de
1535 2125 1646 2165 Aquis,
1671 2125 1758 2166 cujus
1786 2127 1880 2156 bursa
1904 2127 2065 2157 dimidium
2089 2135 2220 2163 scutum.

1310 2181 1398 2204 scuto
1416 2174 1536 2204 valente
1554 2175 1590 2204 13
1606 2175 1725 2205 solidos
1745 2182 1775 2205 et
1790 2176 1807 2205 4
1820 2176 1978 2206 denarios.

1351 2224 1426 2253 Item
1439 2224 1583 2254 dominus
1595 2224 1752 2254 Johannes
1767 2225 1805 2254 de
1822 2225 1981 2265 Maguntia
1999 2228 2056 2256 sub
2074 2227 2224 2266 magistro

1309 2273 1449 2303 Jobanne
1460 2273 1498 2302 de
1509 2273 1620 2313 Aquis,
1631 2270 1718 2313 cujus
1730 2274 1825 2303 bursa
1835 2275 1853 2303 4
1864 2274 1957 2304 solidi
1968 2285 2036 2304 cum
2046 2277 2065 2305 6
2074 2276 2222 2310 denariis,

1310 2323 1401 2352 etiam
1417 2328 1533 2352 tantum
1546 2322 1667 2353 valente
1683 2330 1783 2353 scuto.

1351 2371 1427 2401 Item
1445 2372 1589 2402 dominus
1611 2372 1769 2402 Johannes
1794 2373 1832 2402 de
1854 2373 1973 2403 Huelen
1992 2374 2050 2402 sub
2073 2375 2222 2414 magistro

1311 2421 1457 2456 Ernesto,
1471 2420 1559 2461 cujus
1576 2422 1670 2451 bursa
1687 2421 1706 2451 4
1719 2421 1811 2451 solidi
1825 2424 1844 2450 6
1860 2422 1989 2451 denarii.

1894 1979 2006 2010 Prucia
2048 1981 2149 2010 dictus
2185 1982 2223 2010 de

1719 2515 1816 2546 13⁵6

1311 2587 1382 2627 (F'ol.
1414 2588 1464 2626 30)
1486 2586 1643 2617 Thomas
1672 2588 1714 2616 de
1747 2587 1845 2617 Duns
1876 2587 2026 2622 Scotus,
2056 2569 2222 2617 clericus

1511 2635 1637 2666 Sancti
1662 2635 1810 2666 Andrce
1837 2636 2020 2666 diocesis.

1349 2716 1440 2746 Anno
1466 2716 1589 2746 Domini
1616 2715 1900 2750 M⁰.CCCm⁰.1,V1⁰.
1931 2726 2010 2745 nona
2037 2716 2086 2746 die
2106 2717 2224 2746 mensis

1310 2765 1435 2800 Marcii.
1473 2767 1550 2795 facta
1587 2765 1834 2805 congregacione
1875 2765 2014 2794 nacionis
2050 2765 2223 2805 Anglicane

1310 2815 1489 2855 regencium
1512 2821 1542 2843 et
1567 2825 1626 2843 non
1650 2814 1827 2854 regencium
1851 2814 1933 2853 apud
1957 2814 2102 2843 Sanctum
2122 2814 2223 2844 Matu-

1311 2863 1411 2893 rinum
1425 2873 1520 2903 super
1534 2863 1690 2892 eleccione
1707 2863 1931 2903 procuratoris.
1949 2862 2066 2892 electus
2081 2863 2137 2893 suit
2153 2874 2223 2892 con-
