2632 3464
308 461 361 488 ⁶89

309 536 458 576 magistro
476 536 569 566 Petro
584 535 737 571 Brenner,
752 533 840 575 cujus
855 535 950 564 bursa
968 533 1012 563 111
1035 533 1127 563 solidi
1145 543 1213 562 cum

309 585 449 615 dimidio.

349 633 424 664 ltem
448 633 659 663 Theodericus
683 633 722 662 de
746 632 890 662 Schidam
919 630 1134 662 determinavit
1156 631 1213 660 sub

308 683 457 723 magistro
477 682 589 723 Egidio
603 682 732 717 Juffaes,
753 680 840 721 cujus
860 682 955 711 bursa
975 687 1092 720 septem
1108 680 1212 715 solidi,

310 731 338 761 11
350 731 482 761 denarii.

349 780 424 810 ltem
446 780 604 810 Johannes
626 780 665 810 de
695 778 889 809 Scoenhovia
918 778 1133 808 determinavit
1157 778 1214 807 sub

309 829 458 870 magistro
481 828 617 859 Henrico
638 828 799 863 Arnheim,
821 827 908 867 cujus
927 828 1021 857 bursa
1045 827 1102 857 Vll
1122 827 1214 857 solidi

309 888 377 908 cum
395 878 535 908 dimidio.

349 927 424 957 Item
437 927 594 957 Johannes
609 927 647 956 de
659 926 798 966 Campen
816 926 1030 956 determinavit
1044 926 1102 955 sub
1115 924 1215 965 magi-

309 982 376 1006 stro
392 976 504 1016 Egidio
521 976 649 1011 Juffaes,
668 974 756 1015 cujus
774 976 867 1005 bursa
882 976 924 1004 4⁰¹
941 974 1045 1004 solidi.

349 1025 424 1055 ltem
449 1025 606 1055 lohannes
631 1024 810 1055 Constancii
836 1025 875 1054 de
904 1023 979 1054 Delf
1000 1023 1216 1053 determinavit

308 1074 366 1103 sub
386 1073 535 1114 magistro
555 1073 696 1103 Johanne
719 1073 896 1113 Nerlinger,
916 1071 1002 1112 cujus
1023 1073 1118 1102 bursa
1135 1072 1216 1102 valet

309 1122 353 1152 111
369 1122 500 1152 solidos.

348 1171 423 1201 Item
433 1171 590 1201 Johannes
598 1171 637 1201 de
646 1171 757 1200 Hassia
770 1170 987 1200 determinavit
997 1171 1055 1200 sub
1066 1169 1215 1210 magistro

305 1219 445 1250 Johanne
460 1220 639 1260 Nerlinger,
653 1219 741 1260 cujus
759 1221 854 1250 bursa
870 1220 950 1250 valet
969 1220 996 1249 ll
1011 1219 1140 1249 solidos.

349 1269 423 1298 ltem
441 1269 645 1299 Gwilhelmus
662 1268 749 1299 Pauli
763 1268 980 1299 determinavit
995 1269 1052 1298 sub
1067 1268 1216 1309 magistro

307 1317 449 1348 Arnoldo
463 1318 502 1347 de
518 1317 631 1354 Utwic‚
647 1317 736 1358 cujus
753 1319 848 1348 bursa
866 1318 925 1347 1111
941 1317 1015 1347 albi.

349 1366 423 1396 Item
439 1366 573 1396 Jacobus
595 1367 634 1396 de
652 1367 795 1406 Fausyde
815 1366 1030 1396 determinavit
1046 1366 1104 1396 sub
1119 1365 1217 1406 magi-

309 1421 375 1445 stro
389 1415 524 1445 Henrico
544 1415 681 1451 Harlem,
697 1415 784 1455 cujus
799 1417 895 1445 bursa
910 1415 967 1445 Vll
983 1415 1086 1445 solidi.

349 1464 424 1494 ltem
438 1464 593 1494 Henricus
609 1465 647 1494 de
664 1464 799 1494 Herwen
817 1464 1032 1494 determinavit
1048 1465 1106 1494 sub
1119 1464 1218 1504 magi-

308 1519 375 1543 stro
388 1513 530 1543 Arnoldo
542 1514 580 1543 de
597 1513 710 1548 Utwic‚
724 1513 812 1554 cujus
826 1514 921 1543 bursa
936 1513 976 1542 Vl
993 1513 1095 1542 solidi.

349 1562 423 1592 ltem
444 1562 599 1592 Henricus
618 1563 656 1592 de
673 1561 780 1592 Bumel
798 1561 1016 1592 determinavit
1039 1563 1096 1592 sub
1121 1562 1219 1602 magi-

307 1617 373 1641 stro
385 1611 526 1641 Arnoldo
541 1612 578 1641 de
595 1611 710 1646 Utwic,
725 1610 812 1651 cujus
829 1612 924 1641 bursa
936 1611 976 1640 Vl
993 1611 1096 1641 solidi.

721 1703 820 1734 1394

361 1774 434 1816 (1²01.
449 1777 487 1806 13
501 1775 525 1815 b)
543 1775 634 1806 Acta
650 1775 687 1805 in
704 1775 974 1815 procuratoria
988 1775 1158 1815 magistri

541 1824 724 1854 Johannis
739 1825 783 1854 de
798 1824 979 1854 Moravia.

349 1905 467 1936 lndieta
491 1905 739 1946 congregacione
769 1905 910 1935 nacionis
939 1905 1111 1945 Anglicane
1141 1905 1217 1935 liora

307 1954 476 1994 primarum
508 1955 590 1994 apud
620 1954 765 1984 Sanctum
795 1954 949 1984 sulianum
981 1964 1077 1984 anno.
1093 1954 1217 1984 Domini

309 2004 398 2038 1394,
423 2004 472 2034 10·
490 2003 541 2033 die
561 2003 677 2033 mensis
699 2003 808 2033 Marcii
828 2013 924 2043 super
945 2003 1045 2033 tribus
1065 2003 1214 2033 articulis.

309 2051 432 2082 Primus
447 2053 485 2082 ad
502 2052 679 2092 eligendum
696 2058 940 2092 procuratorem.
957 2052 996 2082 Et
1011 2053 1127 2082 electus
1143 2053 1214 2091 [est]

307 2101 456 2142 magister
468 2101 626 2131 lohannes
641 2101 679 2131 de
695 2101 833 2131 Moravia
847 2107 878 2131 et
892 2103 1080 2131 continuatus
1093 2109 1218 2141 propter·

307 2151 422 2189 factum
437 2151 561 2179 ecclesie
577 2150 809 2180 continuandum
822 2149 846 2179 ⁴.

346 2199 393 2228 2·-
409 2199 447 2229 ad
467 2199 651 2229 audiendum
671 2205 847 2239 computum
867 2199 1051 2239 recepturis.
1071 2199 1112 2229 Et
1128 2199 1216 2229 audi-

308 2254 358 2279 tus
372 2254 420 2278 est
436 2249 537 2288 quoad
555 2247 704 2288 preterita
719 2249 806 2278 facta.
818 2248 926 2286 Quoad
941 2249 994 2284 3¹¹¹,
1008 2248 1216 2288 supplicacio-

308 2306 364 2327 nes
385 2297 423 2327 de
438 2297 538 2327 vadiis
556 2297 746 2337 recipiendis
763 2297 900 2327 admisse
915 2303 998 2327 sunt.

639 2371 891 2411 [Licentiati.]

348 2443 543 2474 Licenciatus
561 2449 610 2473 est
622 2443 777 2483 Nycolaus
792 2444 830 2473 de
849 2443 982 2473 Saxonia
997 2444 1055 2474 sub
1067 2443 1216 2484 magistro

309 2491 422 2533 Egidio
434 2491 546 2528 sutus,
561 2490 648 2533 cujus
662 2493 757 2522 bursa
774 2491 814 2522 Vl
829 2492 932 2522 solidi.

350 2540 425 2571 ltem
449 2541 566 2581 incepit
589 2541 733 2571 dominus
758 2540 912 2581 Nycolaus
937 2542 975 2571 de
1001 2541 1134 2571 Saxonia
1158 2542 1216 2572 sub

309 2590 458 2631 magistro
473 2590 587 2631 Egidio
602 2590 713 2626 lutras,
728 2589 815 2630 cujus
830 2591 925 2620 bursa
941 2589 980 2620 v1
994 2590 1098 2620 solidi.

349 2638 424 2669 Item
444 2639 623 2670 licenciams
639 2639 754 2679 Symon
775 2639 813 2669 de
829 2638 1016 2670 Mundavilla
1036 2639 1094 2669 sub
1117 2639 1217 2680 magi-

309 2693 376 2718 stro
391 2687 517 2729 Egidio‚
534 2686 622 2728 cujus
638 2688 733 2718 bursa
751 2687 806 2717 Vll
823 2688 927 2718 solidi.

351 2736 425 2767 ltem
445 2736 624 2767 licenciatus
644 2743 693 2767 est
709 2736 851 2767 Andreas
873 2738 911 2766 de
929 2736 1054 2767 Austris
1071 2738 1129 2767 sub
1152 2747 1217 2767 ma-

308 2785 410 2825 gistro
420 2785 532 2825 Rgidio
545 2785 655 2821 lutras.
668 2784 756 2826 cujus
766 2786 861 2816 bursa
871 2785 897 2815 V
908 2785 1000 2815 solidi
1012 2792 1041 2815 et
1054 2786 1073 2815 lo
1083 2785 1214 2816 denarii.

351 2833 425 2864 Item
446 2833 626 2865 licenciatus
645 2840 694 2864 est
711 2834 890 2864 Fridericus
913 2835 951 2864 de
973 2834 1052 2864 Nort
1069 2835 1127 2864 sub
1151 2844 1217 2864 ma-

341 2944 364 2968 1.
398 2945 503 2976 Propter
524 2943 573 2968 Ιιοε
589 2947 630 2969 ur
647 2943 811 2969 conanum
828 2947 875 2969 eet.
899 2945 966 2977 Quia
988 2944 1146 2969 cumn-uua
1164 2945 1218 2976 suit

309 2979 371 3013 (oid.
393 2987 418 3012 p.
433 2981 488 3008 ⁶⁸7.
505 2982 557 3005 noe.
573 2979 608 3012 1),
625 2980 698 3004 ποιέο
709 2979 862 3013 Anguem.
881 2980 907 3005 ιίι
922 2988 974 3012 qua
989 2980 1073 3011 maior
1081 2988 1144 3013 pan
1157 2981 1217 3005 Ale·

390 3025 505 3045 Auen-nun·
515 3024 642 3045 chan-urit
652 3024 741 3046 vnio-eu.
753 3025 820 3046 Pam.
830 3035 856 3041 —·
870 3024 887 3046 Ι.

812 458 926 485 LIBER
946 456 1259 484 PROCURATORUM
1279 455 1458 482 NATIONIS
1477 457 1721 483 ANGLICANAE

1253 976 1286 1002 10

1253 1222 1287 1248 15

1254 1467 1288 1494 20

1256 1713 1290 1739 25

1253 1958 1288 1985 30

1253 2203 1287 2230 35

1253 2448 1288 2475 ⁴0

1253 2692 1287 2719 45

2175 457 2227 483 690

1321 532 1422 572 gistro
1447 533 1583 562 Henrico
1609 534 1646 561 de
1673 533 1818 567 Harnem.
1847 532 1933 572 cujus
1961 534 2053 562 bursa
2077 535 2095 562 4
2122 534 2225 563 solidi.

1363 581 1438 610 ltem
1454 581 1633 611 licenciatus
1649 588 1696 610 est
1715 582 1868 611 Henricus
1885 583 1923 611 de
1940 583 2074 612 Herwen
2088 584 2144 612 sub
2163 593 2228 612 ma-

1322 631 1422 670 gistro
1439 630 1574 659 Henrico
1591 631 1630 659 de
1648 631 1708 669 Oy,
1725 630 1812 669 cujus
1828 632 1921 660 bursa
1937 631 1976 660 vl
1994 632 2095 661 solidi.

1364 679 1438 709 Item
1450 680 1565 718 incepit
1576 679 1691 718 Symon
1703 680 1740 708 de
1752 680 1939 709 Mundavilla
1953 680 2063 710 Scotus
2079 682 2136 710 sub
2148 692 2227 721 mag.

1323 728 1436 768 Egidio
1451 729 1560 763 Juffas,
1577 727 1663 767 cujus
1682 729 1774 758 bursa
1790 729 1844 758 Vll
1860 729 1917 758 sol.

1364 777 1437 806 ltem
1456 777 1571 816 incepit
1588 778 1731 806 dominus
1749 777 1902 807 Henricus
1921 779 1959 807 de
1977 778 2122 813 Herwen,
2143 779 2228 818 cujus

1323 827 1418 856 bursa
1435 826 1474 855 V1
1492 826 1596 855 solidi.

1365 875 1439 904 ltem
1460 875 1638 905 licenciatus
1654 882 1700 904 est
1715 876 1858 905 dominus
1877 876 2033 906 Johannes
2051 877 2089 906 de
2112 877 2230 907 Botbor

1324 925 1382 954 sub
1400 924 1549 964 magistro
1570 925 1682 964 Egidio
1696 924 1805 956 Jutsas.

1566 1000 1988 1039 [Subdeterminantes.]

1365 1071 1439 1100 ltem
1456 1071 1730 1101 subdeterminavit
1742 1071 1883 1101 Matheus
1899 1072 1990 1102 Stoer
2007 1074 2064 1102 sub
2081 1073 2228 1113 magistro

1325 1120 1418 1150 Petro
1434 1120 1586 1155 Prenner.
1605 1120 1692 1160 cujus
1711 1122 1802 1150 bursa
1824 1121 1929 1150 nichil.

1365 1169 1439 1199 Item
1478 1170 1752 1199 subdeterminavit
1784 1170 1995 1200 Theodericus
2034 1171 2129 1201 Stuke
2170 1173 2227 1202 sub

1323 1218 1462 1248 Johanne
1481 1219 1518 1248 de
1532 1219 1763 1257 Schen[h]ovia‚
1778 1218 1865 1259 cujus
1881 1220 1974 1249 bursa
1990 1220 2095 1250 nichil.

1365 1267 1439 1297 Item
1455 1268 1730 1297 subdeterminavit
1746 1268 1879 1298 Jacobus
1901 1269 2007 1298 Jacobi
2025 1270 2063 1299 de
2081 1270 2229 1300 Cracovia

1325 1317 1382 1346 sub
1398 1317 1546 1357 magistro
1562 1317 1697 1346 Henrico
1716 1317 1850 1347 Harlem.

1366 1365 1440 1395 Item
1454 1366 1727 1396 subdeterminavit
1740 1366 1884 1396 Galterus
1901 1367 1939 1396 de
1953 1366 2084 1397 Cariker
2100 1369 2158 1398 sub
2171 1379 2233 1398 ma-

1325 1415 1424 1455 gistro
1438 1415 1574 1444 Henrico
1591 1415 1727 1451 Harlem,
1747 1414 1833 1454 cujus
1852 1417 1944 1445 bursa
1961 1417 1981 1446 8
1997 1417 2069 1446 albi.

1368 1513 1441 1543 Item
1466 1513 1582 1552 incepit
1606 1512 1748 1542 Andreas
1777 1514 1814 1542 de
1841 1513 1966 1543 Austri-‘i
1996 1515 2053 1544 sub
2080 1515 2229 1554 magistro

1327 1561 1442 1602 Egidio
1458 1562 1569 1596 Jutsas‚
1588 1561 1675 1601 cujus
1691 1562 1784 1591 bursa
1799 1562 1824 1590 V
1842 1562 1933 1591 solidi
1952 1569 1982 1592 et
2000 1563 2017 1591 4
2038 1564 2169 1593 denarii.

1368 1611 1442 1640 ltem
1454 1610 1611 1639 lohannes
1621 1611 1659 1639 de
1672 1610 1810 1640 Bautbur
1821 1611 1935 1651 incepit
1947 1612 2005 1641 sub
2016 1613 2135 1647 eodem,
2145 1612 2232 1653 cujus

1327 1660 1422 1689 bursa
1438 1659 1464 1688 V
1477 1659 1581 1688 solidi.

1369 1709 1442 1738 ltem
1471 1708 1650 1738 licenciatus
1679 1708 1889 1738 Theodericus
1915 1710 1953 1738 de
1983 1710 2135 1749 Schydam
2173 1713 2230 1741 sub

1327 1757 1476 1797 magistro
1500 1757 1614 1797 Egidio
1640 1757 1749 1792 Jutfas,
1773 1757 1859 1798 cujus
1886 1759 1979 1788 bursa
1998 1758 2054 1788 Vll
2076 1760 2179 1794 solidi,
2203 1760 2230 1790 11

1326 1806 1456 1836 denarii.

1367 1856 1442 1885 Item
1480 1855 1658 1885 licenciatus
1690 1855 1893 1885 Gwilhelmus
1931 1856 2146 1887 Schonbrinch
2173 1859 2231 1888 sub

1326 1905 1475 1945 magistro
1490 1904 1629 1934 Arnoldo
1645 1905 1683 1934 de
1703 1904 1839 1939 Outwik‚
1857 1904 1944 1945 cujus
1964 1906 2057 1935 bursa
2077 1905 2102 1934 V
2124 1907 2227 1936 solidi.

1367 1954 1440 1983 Item
1456 1954 1612 1983 lohannes
1627 1954 1666 1983 de
1682 1953 1903 1992 Sch0n[h]ovia
1921 1955 1978 1984 sub
1994 1955 2142 1995 magistro
2158 1955 2231 1996 Egi-

1325 2002 1377 2032 dio
1392 2002 1502 2038 sudas,
1519 2001 1607 2042 cujus
1623 2003 1716 2032 bursa
1729 2002 1782 2031 Vll
1798 2003 1890 2032 solidi
1904 2013 1971 2033 cum
1987 2004 2091 2034 obulo.

1366 2051 1441 2081 ltem
1455 2052 1609 2081 Henricus
1623 2051 1729 2081 Bomel
1752 2052 1808 2081 sub
1827 2052 1974 2092 magistro
1992 2053 2103 2092 Egidio
2118 2053 2229 2089 Jutsn.

1325 2099 1412 2140 cujus
1429 2101 1524 2130 bursa
1541 2100 1580 2130 Vl
1600 2100 1657 2130 sol.

1731 2154 1830 2184 1394

1386 2222 1458 2261 (F'ol.
1482 2221 1527 2260 14)
1550 2221 1639 2251 Acta
1660 2221 1694 2250 in
1717 2222 1979 2261 procurator-ia
1998 2223 2170 2262 magistri

1557 2270 1737 2300 Johannis
1753 2271 1795 2300 de
1815 2271 1996 2300 Moravia.

1366 2345 1400 2374 ln
1416 2345 1662 2385 congregacione
1681 2345 1820 2375 nacionis
1837 2345 2007 2386 Anglicane
2023 2346 2097 2375 hora
2113 2347 2231 2386 prima-

1325 2403 1392 2424 rum
1413 2394 1494 2434 apud
1516 2394 1659 2423 Sanctum
1684 2394 1869 2424 Maturinum
1891 2405 1971 2424 anno
1996 2395 2119 2424 Domini
2141 2396 2229 2430 1394,

1325 2444 1342 2473 7
1360 2443 1410 2472 die
1428 2443 1543 2473 mensis
1558 2443 1677 2483 Aprilis
1691 2454 1786 2483 super
1801 2444 1921 2473 duobus
1937 2444 2086 2473 articulis.
2107 2444 2230 2474 Primus

1325 2493 1362 2522 de
1378 2492 1522 2532 eligendo
1538 2498 1780 2532 procuratorem.
1795 2493 1832 2522 Et
1842 2493 2036 2522 continuatus
2051 2499 2137 2522 estet
2149 2493 2232 2523 elec-

1325 2547 1374 2571 tus
1389 2541 1537 2581 magister
1554 2540 1711 2571 lohannes
1731 2542 1768 2570 de
1788 2541 1935 2571 Moravia.
1956 2543 2000 2570 2¹·-
2017 2542 2055 2571 de
2074 2541 2231 2582 supplica·

1325 2590 1466 2620 cionibus
1482 2597 1538 2619 etc.

1365 2638 1439 2669 Item
1466 2638 1580 2679 incepit
1602 2639 1758 2669 Johunnes
1779 2639 1973 2669 Schonhovia
2002 2640 2059 2668 sub
2081 2641 2230 2679 magistro

1326 2687 1439 2728 Egidio
1453 2688 1563 2723 lutras,
1583 2687 1669 2727 cujus
1688 2689 1780 2718 bursa
1799 2688 1852 2718 Vll
1870 2688 1960 2717 solidi
1977 2699 2046 2717 cum
2059 2688 2163 2718 obulo.

1366 2736 1440 2767 ltem
1469 2736 1648 2766 licenciatus
1680 2744 1728 2766 est
1756 2737 1965 2766 Theodericus
1997 2738 2035 2766 de
2063 2737 2231 2767 s'Graven-

1326 2785 1444 2815 sande²
1462 2786 1520 2815 sub
1543 2786 1692 2826 magistro
1710 2786 1820 2826 Egidio
1835 2786 1943 2820 Jutsas.
1960 2785 2047 2825 cujus
2064 2787 2157 2815 bursa
2174 2786 2229 2816 Vll

1325 2834 1417 2864 solidi
1435 2841 1465 2864 et
1481 2840 1551 2864 octo
1571 2834 1700 2864 denarii.

1325 2944 1421 2973 muni,
1435 2944 1517 2967 minue
1526 2947 1641 2975 empecla
1653 2943 1816 2967 reddebatur.

1355 2980 1380 3004 2.
1412 2981 1460 3004 Mn.
1475 2980 1677 3004 Str-venunde.
1689 2979 1854 3012 significatur
1871 2979 2088 3004 fcrnomnde.

2114 3026 2137 3045 ss
