2632 3464
911 411 1183 439 MEMORABILIA
1201 411 1288 437 NAT.
1309 409 1556 436 ANGLICANAE
2132 416 2198 433 Lxui

268 493 355 535 614,
374 492 398 527 9
416 493 506 541 sq.),
528 504 574 528 ex
594 502 716 540 eaque
733 501 845 526 suum
866 486 1242 529 vicecancellarium,
1263 486 1473 523 Jordanum
1494 485 1543 522 de
1566 485 1702 527 Clivis,
1732 484 1863 534 elegit.
1893 484 1970 520 Sed
1996 485 2074 532 jam
2098 485 2198 519 circa

269 561 385 598 finem
405 560 578 610 ejusdem
597 560 686 595 anni
707 558 827 594 abbas
848 558 887 593 S.
912 556 1128 593 Genovefae
1147 557 1264 592 istum
1290 555 1563 592 cancellarium
1586 554 1763 591 destituit
1786 554 1883 600 (614,
1912 555 1927 588 1
1952 556 2067 602 sqq),
2086 566 2198 601 quam

270 631 524 668 remotionem
545 628 801 665 commissarii
817 639 940 676 papae
956 625 1167 663 Clementis
1187 624 1509 674 approbaverunt,
1533 624 1597 673 qui
1619 624 1777 672 insuper
1797 622 1912 658 alium
1929 621 2199 657 cancellarium

270 700 444 749 aliosque
459 697 816 735 vicecancellarium
832 703 872 732 et
887 702 1140 745 temptatores
1157 695 1410 731 instituerunt
1426 694 1451 729 ¹.
1471 694 1583 729 Natio
1599 692 1812 742 Anglicana
1827 699 1919 728 tunc
1933 704 2020 727 cum
2035 692 2200 727 nationi-

271 769 343 806 bus
359 767 557 805 Picardica
577 773 616 803 et
636 766 893 803 Normannica
909 765 1055 801 sociata
1071 771 1166 808 erat,
1186 771 1224 800 et
1240 776 1354 799 unam
1376 764 1504 799 imiter
1524 762 1778 799 decreverunt
1800 775 1817 797 α
1841 761 1944 810 quod
1965 767 2201 809 temptamen

272 840 310 875 S.
329 836 522 875 Genovefe
537 836 697 873 deberet
713 835 851 885 aperiri
867 847 937 884 per
949 833 1156 870 officiarios
1174 834 1324 882 positos
1340 840 1379 869 et
1397 831 1445 868 ad
1458 832 1532 868 hoc
1546 831 1746 868 ordinatos
1760 843 1829 880 per
1844 843 1944 879 mag.
1962 832 1979 867 J
1986 829 2150 866 udocum
2166 844 2198 871 )),

271 909 296 943 i.
322 920 356 944 e.
378 907 579 955 antiquum
605 904 890 947 cancellarium,
915 918 933 938 <a
961 911 1000 940 et
1025 904 1056 939 si
1083 902 1202 939 abbas
1229 902 1351 939 nollet
1375 903 1430 938 eis
1454 902 1653 950 assignare
1678 900 1818 945 locum,
1846 899 1950 949 quod
1975 907 2066 936 tunc
2094 899 2202 936 fieret

271 975 427 1026 querela
450 977 489 1011 in
512 974 753 1011 Parlamento
775 988 792 1008 n
817 974 914 1021 (618,
944 973 1021 1020 38).
1047 974 1185 1008 Postea
1213 971 1296 1008 sola
1318 973 1424 1008 natio
1447 971 1661 1021 Anglicana
1682 969 1873 1007 conclusit
1894 970 1949 1005 sic
1973 968 2199 1018 procedere,

273 1061 291 1081 (ι
328 1058 372 1082 ac
389 1046 422 1081 si
445 1044 564 1081 nichil
586 1044 723 1080 fuisset
744 1051 872 1080 actum
891 1056 960 1092 per
982 1043 1270 1079 commissarios
1291 1055 1308 1076 >³
1329 1042 1426 1087 (620,
1447 1041 1497 1090 9).
1522 1042 1568 1077 Et
1591 1042 1644 1077 ita
1659 1041 1786 1077 evenit
1802 1053 1862 1076 an.
1887 1039 1990 1074 1382.
2011 1039 2202 1087 Antiquus

270 1113 610 1151 vicecancellarius
631 1121 670 1149 et
693 1113 840 1162 antiqui
856 1119 1110 1162 temptatores
1133 1113 1248 1148 trium
1268 1112 1468 1147 nationum
1488 1123 1648 1147 examen
1669 1111 1889 1159 aperierunt
1905 1116 1942 1144 et
1962 1108 2200 1150 clauserunt,

271 1190 485 1234 posteaque
497 1191 577 1220 tres
591 1184 768 1219 nationes
783 1189 965 1232 quattuor
979 1182 1259 1217 examinatores
1276 1181 1490 1230 elegerunt,
1507 1181 1531 1215 i.
1549 1193 1583 1216 e.
1603 1192 1720 1216 unum
1737 1180 1853 1216 etiarn
1867 1191 1937 1228 pro
1951 1179 2106 1214 natione
2122 1177 2204 1214 Gal-

271 1253 408 1296 licana,
419 1252 544 1289 tribus
558 1252 779 1289 nationibus
794 1251 988 1288 hostiliter
1002 1264 1089 1286 cum
1104 1250 1244 1286 abbate
1259 1258 1298 1286 et
1316 1250 1593 1286 commissariis
1610 1248 1849 1298 agentibus‘2.
1863 1247 1995 1284 Plures
2009 1247 2204 1283 scholares

271 1331 401 1360 tamen
418 1323 586 1358 nationis
600 1321 818 1358 Gallicanae
834 1320 1041 1356 obstabant
1057 1319 1266 1369 praedictis
1285 1318 1494 1362 officiariis,
1516 1320 1646 1368 itaque
1665 1332 1682 1353 c(
1701 1318 1858 1367 triginta
1874 1325 2038 1367 quatuor
2053 1316 2204 1353 schola-

273 1405 335 1429 res
355 1391 484 1428 idonei
500 1390 675 1440 impediti
691 1390 842 1427 fuerant
862 1389 1057 1426 licentiam
1076 1388 1278 1425 obtinendi
1294 1389 1307 1411 3
1326 1403 1362 1424 )).

322 1460 446 1498 Caus‘a
475 1468 564 1496 ante
594 1459 876 1496 Parlamentum
905 1465 1040 1494 vocata
1069 1465 1142 1501 est,
1177 1457 1280 1507 quod
1303 1458 1378 1494 Jul.
1412 1458 1456 1494 12
1481 1457 1633 1493 abbatis
1658 1457 1696 1493 S.
1728 1455 1942 1493 Genovefae
1971 1463 2010 1492 et
2039 1457 2206 1492 nationis

274 1529 493 1567 Gallicanae
502 1530 587 1578 jura
607 1529 833 1577 recognovit
846 1528 873 1563 4.
900 1528 1067 1564 Irritatio
1092 1526 1181 1563 inde
1202 1534 1311 1564 tanto
1336 1527 1589 1570 fervescebat,
1617 1534 1659 1563 ut
1683 1526 1837 1576 Anglici
1867 1525 2022 1562 Gallicis
2046 1527 2206 1562 commi-

274 1606 470 1642 narentur,
492 1599 597 1635 natio
613 1610 688 1647 que
705 1597 884 1634 omnibus
903 1596 1145 1633 scholaribus
1166 1597 1245 1632 suis
1267 1595 1338 1632 sub
1361 1597 1464 1631 omni
1480 1608 1605 1645 poena
1621 1594 1799 1644 possibili
1820 1594 1994 1630 inhibere
2014 1593 2203 1635 debuerit,

277 1683 295 1704 c<
317 1681 365 1705 ne
385 1667 530 1718 aliquid
548 1674 823 1716 attemptarent
837 1668 897 1703 via
909 1668 1012 1715 facti
1021 1674 1155 1702 contra
1171 1665 1337 1715 aliquem
1352 1667 1578 1714 magistrum
1594 1665 1761 1700 nationis
1778 1665 1973 1707 Franciae,
1994 1663 2206 1700 secundum

271 1739 488 1788 juramenta
511 1745 643 1774 nostra
661 1736 710 1773 de
729 1749 826 1786 pace
843 1735 1049 1773 nutrienda
1069 1737 1169 1772 inter
1184 1736 1361 1771 nationes
1386 1749 1404 1770 ³>
1428 1735 1525 1781 (624,
1551 1734 1609 1778 14,
1633 1736 1746 1784 sqq.).

324 1808 448 1857 Caput
474 1806 527 1851 id,
552 1814 595 1843 ut
628 1807 858 1856 incepimus,
885 1806 941 1842 sic
968 1818 1055 1841 cum
1085 1805 1325 1841 dissentione
1356 1805 1523 1841 nationis
1552 1805 1736 1840 intestina
1759 1802 1949 1840 finiemus.
1977 1804 2062 1839 Non
2090 1803 2207 1839 verba

274 1876 435 1913 facimus
453 1875 502 1912 de
519 1876 652 1912 litibus
672 1883 831 1925 propter
850 1874 1090 1924 praebendas
1106 1874 1204 1921 (550,
1224 1875 1245 1910 5
1267 1876 1382 1923 sqq),
1408 1873 1457 1910 de
1477 1873 1605 1910 verbis
1627 1874 1822 1922 injuriosis
1844 1879 1883 1909 et
1903 1873 2102 1915 conviciis,
2121 1873 2207 1922 qui-

275 1946 348 1982 bus
367 1945 599 1995 quandoque
616 1958 715 1982 unus
738 1944 902 1982 alterum
922 1943 1197 1988 insectabatur,
1220 1956 1318 1993 quae
1341 1943 1628 1980 controversiae
1649 1943 1863 1992 generatim
1886 1954 1955 1991 per
1977 1941 2142 1978 arbitros
2163 1955 2208 1978 ex

274 2017 359 2065 ipsa
376 2016 531 2051 natione
543 2014 689 2051 electos
703 2013 957 2051 amicabiliter
971 2012 1263 2050 dirimebantur.
1281 2013 1519 2050 Divisionem
1534 2011 1752 2049 deflendam
1769 2013 1869 2048 inter
1884 2012 2051 2048 nationis
2068 2024 2208 2061 suppo·

276 2085 350 2121 sita
367 2084 499 2133 injecit
514 2083 702 2127 Schisma,
721 2096 806 2120 cum
827 2083 1010 2120 Romanis
1031 2081 1280 2131 pontificibus
1302 2081 1519 2125 Alemanni,
1541 2081 1877 2118 Avenionensibus
1898 2082 2003 2118 Scoti
2025 2080 2208 2117 adhaere-

275 2161 374 2190 rent.
395 2153 558 2190 Molesta
574 2153 675 2190 facta
691 2153 809 2189 vitam
832 2152 1000 2189 nationis
1016 2151 1282 2194 turbaverunt,
1301 2163 1322 2187 e
1342 2150 1482 2200 quibus
1499 2151 1664 2200 primum
1681 2150 1807 2187 locum
1826 2150 1958 2187 infelix
1972 2163 2085 2187 casus
2106 2151 2208 2186 Hen-

275 2223 345 2260 rici
369 2222 550 2259 Poelmau
567 2222 718 2259 obtinet
733 2222 831 2269 (621,
847 2225 962 2272 sqq.).
985 2221 1099 2258 Plura
1118 2222 1158 2256 in
1170 2220 1340 2270 capitulo
1360 2221 1404 2257 16
1418 2219 1518 2257 vide.

773 2424 831 2460 15.
860 2423 1187 2460 Possessiones
1213 2422 1413 2458 nationis
1439 2421 1721 2471 Anglicanae

308 2591 309 2594 ’
328 2581 412 2617 Non
426 2581 497 2617 nisi
515 2579 673 2630 oblique
688 2580 793 2616 natio
809 2578 1022 2628 Anglicana
1038 2577 1270 2628 quibusdam
1291 2577 1443 2614 fundis⁵
1461 2577 1671 2621 fruebatur,
1695 2578 1760 2627 qui
1779 2577 1934 2627 quidem
1955 2576 2002 2613 ad
2017 2577 2210 2613 nationem

281 2640 464 2699 paulatim
493 2649 728 2686 devenerant
756 2661 844 2685 cum
871 2661 891 2685 a
923 2647 1228 2698 possessoribus,
1255 2649 1402 2685 nationi
1429 2647 1629 2697 subjectis,
1664 2647 1789 2684 relicti
1812 2653 1953 2683 essent.
1981 2648 2063 2682 Jam
2097 2658 2210 2696 supra

323 2793 351 2823 1.
394 2791 464 2822 vid.
485 2793 635 2828 Cliareul„
655 2792 713 2830 111,
730 2795 762 2822 n⁰
779 2792 867 2828 1408,
882 2802 913 2832 p.
931 2792 1002 2822 308.
1342 2791 1371 2820 li.
1417 2791 1509 2826 lbid„
1527 2794 1560 2820 n⁰
1578 2791 1665 2820 1468.

321 2842 351 2870 2.
394 2841 488 2877 Ιύίιί..
504 2852 537 2881 p.
551 2842 698 2872 305-307.
717 2841 878 2877 Butuus,
895 2841 946 2877 lv,
965 2851 996 2882 p.
1014 2841 1084 2877 587,
1102 2851 1194 2882 prae·
1343 2842 1372 2870 5.
1416 2840 1450 2870 1n
1466 2839 1592 2870 Archiv.
1613 2846 1674 2869 nat.
1690 2839 1792 2875 Paris,
1806 2838 1838 2868 M
1855 2839 1904 2875 73,
1922 2839 2119 2869 inveniuntur
2134 2849 2214 2868 non-

283 2889 407 2929 cipuum
424 2890 583 2921 cardinem
600 2890 724 2921 minime
742 2890 855 2931 attigit.
1303 2889 1387 2920 nulla
1402 2889 1613 2929 possessionis
1625 2889 1829 2918 instrumenta
1839 2898 1920 2918 saec.
1934 2897 1993 2918 xui
2006 2898 2076 2928 sqq.
2095 2898 2214 2928 suppo-

323 2939 353 2967 3.
398 2938 489 2975 Ιόἰά.,
505 2949 537 2979 p.
554 2939 624 2970 307.
1304 2939 1434 2969 sitorum
1453 2938 1586 2969 nationis
1604 2937 1808 2978 Anglicanae.
1827 2937 1873 2967 De
1890 2937 1946 2967 hoe
1961 2937 1992 2967 in
2008 2943 2080 2967 tom.
2103 2937 2142 2967 ΙΙ.
