2632 3464
287 464 338 492 481

286 540 405 570 duabus
422 541 492 571 aliis
512 540 814 581 congregacionibus
831 540 869 569 ad
889 539 1096 572 statuendum,
1115 538 1193 567 facta

285 595 334 620 est
369 599 431 619 una
460 590 667 630 congregacio
698 589 780 628 apud
813 587 1037 618 Predicatores.
1060 587 1099 616 ad
1128 593 1193 616 sta-

285 639 448 675 tuendum,
477 639 529 668 ubi
562 638 760 668 concorditer
791 637 994 666 deliberatum
1027 636 1083 665 suit
1108 635 1192 676 quod

285 693 482 723 statueretur,
506 688 593 718 sactis
614 685 891 717 distribucionibus
909 685 1067 725 magistris
1084 694 1192 714 secun-

284 737 356 766 dum
387 737 510 767 modum
538 737 570 766 in
599 736 670 766 aliis
700 734 787 765 sestis
815 734 955 764 nacionis
981 735 1189 764 observatum.

692 814 789 846 1376

324 882 445 913 Deinde
457 883 536 912 facta
549 883 581 912 2·
593 882 840 923 congregacione
852 882 891 911 ad
902 882 1095 911 statuendum
1109 881 1191 920 apud

284 932 429 962 Sanctum
447 931 601 962 lulianum
620 932 670 961 12·
686 931 737 961 die
757 930 873 960 mensis
888 930 1037 965 Januarii,
1059 939 1192 959 concor-

284 981 366 1011 diter
377 980 578 1011 deliberatum
597 980 653 1010 fuit
664 986 698 1010 ut
711 980 812 1020 prius.

324 1078 400 1109 Item
413 1079 492 1108 sacta
508 1078 755 1118 congregacione
775 1077 857 1117 apud
875 1077 1020 1107 Sanctum
1037 1076 1191 1106 Julianum

282 1127 358 1158 liora
366 1127 547 1168 primarum,
562 1127 612 1157 die
626 1126 715 1157 xm*
731 1126 848 1156 mensis
858 1126 1007 1162 Januarii,
1022 1126 1062 1155 ad
1076 1125 1192 1166 eligen-

282 1177 355 1207 dum
372 1182 605 1216 procuratorem
625 1182 656 1205 et
674 1175 860 1206 audiendum
885 1181 1060 1215 compotum
1080 1185 1191 1215 recep-

279 1226 360 1255 toris
374 1231 405 1255 et
425 1225 464 1254 ad
485 1225 731 1255 concludendum
745 1225 784 1254 de
803 1224 989 1254 celebrando
1009 1225 1087 1254 festo
1105 1224 1191 1254 Con-

281 1273 436 1314 ceptionis
452 1274 540 1304 beate
554 1273 708 1314 Virginis,
723 1273 919 1303 continuatus
934 1273 991 1303 suit
1008 1278 1191 1313 procurator

279 1323 441 1364 predictus
465 1323 613 1363 magister
637 1322 795 1352 lohannes
815 1322 964 1352 Lubberti
987 1322 1072 1351 nullo
1091 1321 1191 1362 magi-

280 1378 416 1402 strorum
428 1371 670 1402 contradicente.
684 1371 829 1402 Ceterum
843 1377 1004 1410 compotus
1017 1371 1190 1410 receptoris

281 1421 395 1451 dilatus
409 1421 466 1451 suit
482 1430 581 1461 usque
600 1421 639 1450 ad
659 1420 840 1450 electionem
861 1419 1020 1460 sequentis
1039 1429 1191 1460 procura-

281 1470 372 1500 toris.

322 1519 435 1549 lterum
451 1518 584 1548 finaliter
598 1518 777 1548 conclusum
796 1518 864 1553 suit,
880 1518 964 1557 quod
980 1517 1062 1547 istud
1078 1517 1189 1547 festum

281 1573 468 1598 statueretur
482 1573 513 1597 et
527 1567 737 1597 celebraretur
750 1577 768 1596 a
787 1566 916 1596 nacione
932 1566 1188 1606 quemadmodum

279 1616 338 1646 alia
360 1617 438 1646 festa
461 1617 548 1646 beate
572 1615 726 1656 Virginis,
749 1622 779 1645 et
799 1615 883 1655 quod
902 1615 1012 1645 fierent
1030 1615 1188 1656 magistris

279 1664 354 1705 (Fol.
368 1665 429 1705 49),
448 1671 482 1695 ut
497 1665 529 1694 in
546 1665 616 1695 aliis
631 1664 720 1694 festis
737 1664 863 1694 solitum
881 1670 929 1694 est
942 1664 1022 1700 fieri,
1036 1664 1189 1694 distribu-

278 1713 385 1744 ciones
397 1713 420 1744 l.
437 1713 528 1744 Nulla
545 1714 601 1744 suit
616 1719 688 1743 ωηο
703 1713 853 1753 temporis
867 1713 926 1743 alia
944 1712 1145 1753 supplicacio.

319 1762 395 1793 Item
423 1763 500 1793 sacta
521 1762 767 1803 congregacione
787 1762 927 1792 nacionis
942 1763 1023 1802 apud
1042 1762 1187 1792 Sanctum

278 1811 467 1842 Metui-inum
484 1811 540 1841 xl·
558 1811 608 1842 die
624 1811 742 1842 mensis
761 1810 922 1842 Februarii
942 1810 1018 1841 hora
1034 1811 1133 1850 prime
1148 1812 1187 1840 ad

278 1860 463 1891 audiendum
492 1866 669 1901 computum
690 1860 863 1900 recepturis
889 1867 920 1890 et
941 1870 1037 1900 super
1055 1861 1187 1900 quibus-

278 1910 348 1939 dam
373 1909 455 1945 aliis,
475 1910 514 1940 de
535 1909 650 1949 quibus
672 1909 762 1944 infra.
785 1909 891 1939 audito
909 1915 1054 1949 computo
1075 1919 1186 1949 recep-

277 1958 356 1988 toris
372 1965 403 1988 et
415 1968 451 1988 eo
466 1958 504 1988 ab
515 1958 658 1988 omnibus
670 1958 854 1998 approbato,
875 1958 988 1988 mansit
1004 1958 1092 1988 nacio
1104 1958 1185 1988 obli—

277 2013 348 2047 gata
359 2007 484 2036 domino
498 2007 653 2047 receptori
667 2007 699 2036 in
716 2006 758 2037 IX
772 2006 862 2037 libris
880 2013 911 2037 et
925 2006 980 2037 XV
995 2007 1142 2037 denariis.

694 2099 792 2130 18⁷8

321 2171 534 2212 Sequuntur
566 2177 646 2201 acta
678 2177 847 2212 tempore
875 2172 1143 2211 procuratorie

389 2219 561 2260 magistri
591 2219 763 2260 Hugonis
791 2220 834 2250 de
866 2219 1065 2251 Hervorst.

315 2299 422 2330 Primo
437 2300 515 2330 facta
526 2300 774 2340 congregacione
788 2300 929 2330 nacionis
943 2301 1025 2340 apud
1037 2300 1181 2331 Sanctum

275 2348 462 2379 Maturinum
490 2348 546 2379 xl*
571 2349 621 2378 die
649 2348 821 2385 Februarii,
850 2359 932 2379 anno
964 2349 1089 2380 Domini
1120 2360 1182 2390 quo

274 2407 381 2438 supra,
394 2398 432 2427 ad
449 2397 626 2438 eligendum
644 2404 877 2438 procuratorem
889 2398 938 2428 vel
953 2399 991 2428 ad
1002 2398 1182 2429 continuan-

275 2448 346 2478 dum
363 2447 512 2487 priorem,
528 2453 558 2477 et
567 2446 606 2476 ad
621 2446 796 2487 eligendum
812 2446 890 2477 alios
907 2446 1083 2484 officiarios,
1099 2448 1182 2478 scili·

273 2501 323 2526 cet
338 2494 562 2525 examinatores
577 2494 851 2525 determinancium
872 2501 903 2525 et
919 2494 1181 2526 licenciandorum

274 2543 307 2574 in
319 2542 459 2573 examine
477 2542 588 2574 Sancte
601 2543 769 2579 Genovese,
788 2550 818 2573 et
837 2544 876 2573 ad
893 2544 1079 2574 audiendum
1096 2555 1182 2575 com-

272 2598 380 2633 putum
401 2592 584 2632 receptoria,
609 2593 688 2622 facto
704 2592 807 2633 primo
821 2599 966 2633 computo
982 2599 1013 2623 et
1026 2594 1065 2623 ab
1080 2594 1182 2623 omni-

272 2641 332 2671 bus
345 2641 529 2681 approbato,
545 2647 579 2671 ut
591 2650 688 2682 supra
705 2641 855 2682 scriptum
871 2647 929 2677 est,
945 2641 1035 2672 electi
1059 2643 1182 2673 suerunt

273 2689 305 2719 in
325 2689 549 2720 examinatores
565 2689 838 2720 determinancium
858 2690 999 2730 magistri
1015 2690 1181 2721 Mercelius

273 2737 312 2767 de
328 2737 460 2778 lnghen,
476 2736 632 2768 jordanus
651 2738 691 2768 de
712 2738 811 2768 clivis
826 2744 856 2768 et
874 2737 1033 2769 Gerardus
1052 2739 1090 2769 de
1107 2739 1182 2769 Kal-

273 2785 341 2822 ker,
357 2792 388 2816 et
414 2786 447 2816 in
469 2786 697 2816 examinatores
724 2786 986 2817 licenciandorum
1012 2787 1043 2817 in
1069 2787 1181 2818 Sancta

273 2833 432 2865 Genovefa
453 2835 602 2875 magister
626 2834 781 2866 Heni-icus
801 2836 839 2866 de
859 2835 991 2866 Rossem
1006 2846 1064 2877 pro
1080 2837 1181 2877 primo

302 2945 326 2969 1.
359 2943 438 2969 Natio
457 2943 591 2977 puteana
610 2947 671 2977 poet
696 2948 809 2978 quatuor
835 2954 917 2971 annon
938 2946 1069 2971 duntaxat
1096 2947 1180 2972 simile

270 2982 395 3005 tutatum
403 2979 495 3004 edidit.
511 2980 565 3005 rid.
579 2979 698 3005 Cbartul.
714 2981 759 3009 ΙΙΙ,
772 2985 800 3005 n·
813 2982 884 3006 1¹:5⁶.

342 3025 454 3046 ann-rina·
466 3024 590 3046 cun-laea
600 3024 688 3046 vnavn.
698 3025 765 3046 faia.
775 3035 802 3043 -
811 3025 828 3047 Ι.

789 463 903 491 LIBER
924 462 1238 490 PROCURATORUM
1259 461 1440 488 NATIONIS
1458 462 1705 488 ANGLICANAE

1229 982 1263 1008 10

1227 1225 1262 1252 15

1227 1470 1261 1496 20

1225 1714 1258 1741 25

1222 1963 1257 1990 30

1220 2208 1254 2235 35

1219 2452 1253 2479 40

1217 2694 1252 2722 45

2157 462 2209 489 482

1300 547 1417 572 mense,
1446 544 1476 567 et
1496 538 1644 577 magister
1662 537 1819 567 Johannes
1838 537 1985 567 Lubberti
2002 548 2059 577 pro
2073 539 2209 568 secundo

1300 596 1418 616 mense.

1341 635 1416 665 Item
1433 642 1540 675 postea
1558 635 1675 665 electus
1693 636 1749 666 suit
1770 636 1801 665 in
1819 643 2051 676 procuratorem
2070 637 2209 666 nacionis

1301 684 1448 724 magister
1466 685 1558 724 Hugo
1573 685 1612 714 de
1623 684 1777 714 Hervorst
1792 686 1998 719 concorditer.
2018 685 2102 715 nullo
2116 686 2209 715 recla-

1300 739 1412 763 mante.
1439 733 1501 763 Sed
1527 740 1660 773 protunc
1682 733 1883 763 differebatur
1903 744 2014 774 capere
2037 734 2209 773 juramenta

1299 783 1338 811 ab
1353 783 1616 813 examinatoribus
1634 783 1908 812 determinancium
1927 784 2209 823 suprascriptorum

1300 838 1430 871 propter
1460 832 1711 871 impedimentum
1751 842 1789 861 ex
1824 839 1911 871 parte
1953 833 2209 872 congregacionis

1300 880 1453 910 facultatis
1466 881 1593 910 arcium.

1341 929 1416 959 Item
1438 935 1510 959 tunc
1530 940 1567 959 ex
1589 939 1744 959 consensu
1769 929 1894 969 majoris
1916 931 2016 970 partis
2043 931 2210 970 magistro-

1299 988 1367 1008 rum
1381 985 1513 1018 protunc
1531 979 1725 1018 presencium
1744 979 1947 1009 deliberatum
1963 979 2019 1009 suit
2034 980 2209 1010 intrandum

1300 1037 1370 1057 esse
1386 1028 1556 1063 tabernam,
1575 1038 1644 1057 nam
1666 1034 1796 1067 uterque
1814 1028 1982 1058 electorum
2000 1029 2031 1058 in
2054 1029 2210 1058 examina-

1299 1083 1397 1106 torem
1417 1077 1678 1106 licenciandorum
1700 1077 1730 1106 in
1759 1077 1870 1106 Sancta
1897 1077 2055 1107 Genovesa
2080 1078 2164 1107 dedit
2194 1080 2207 1107 1

1301 1126 1437 1155 francum
1452 1127 1489 1154 ad
1504 1127 1741 1166 perpotandum,
1758 1132 1788 1155 et
1806 1132 1990 1166 procurator
2003 1133 2075 1156 tunc
2092 1127 2207 1156 electus

1299 1175 1394 1204 eciam
1418 1175 1560 1214 graciose
1584 1181 1614 1204 et
1640 1175 1810 1204 liberaliter
1837 1175 1965 1205 tradidit
1992 1176 2141 1211 francum,
2172 1187 2208 1206 eo

1299 1224 1383 1263 quod
1399 1224 1556 1253 levaturus
1569 1230 1653 1254 esset
1670 1234 1687 1253 a
1702 1224 1841 1264 quolibet
1858 1225 2133 1254 determinancium
2149 1226 2209 1255 sibi

1294 1272 1437 1313 juraturo
1453 1274 1468 1302 1
1487 1273 1659 1313 g[rossum]
1674 1279 1835 1303 turonens.

1339 1321 1415 1351 Item
1433 1322 1600 1362 penultima
1615 1322 1665 1351 die
1685 1321 1847 1352 Februarii
1867 1323 1943 1352 sacta
1960 1323 2207 1363 congregacione

1298 1370 1439 1400 nacionis
1458 1381 1515 1410 per
1529 1370 1736 1410 juramentum
1754 1371 1835 1411 apud
1857 1371 2002 1401 Sanctum
2022 1371 2208 1402 Maturinum

1298 1419 1375 1449 hora
1396 1420 1561 1449 tex-ciarum
1584 1420 1622 1449 ad
1643 1420 1811 1450 videndum
1835 1421 1874 1449 de
1900 1421 1991 1450 modo
2017 1422 2205 1460 procedendi

1298 1478 1366 1498 cum
1385 1469 1534 1508 magistro
1554 1468 1704 1498 Michaele
1726 1469 1765 1498 de
1789 1469 1922 1508 Prusya,
1945 1470 2062 1500 decano
2078 1470 2208 1500 ecclesie

1297 1517 1518 1553 Warmiensis‚
1536 1518 1575 1547 de
1598 1518 1728 1558 pecunia
1743 1528 1845 1557 quam,
1867 1524 1901 1548 ut
1922 1519 2082 1548 dicebatur
2100 1519 2175 1549 alias
2191 1530 2208 1549 a

1297 1566 1481 1606 quibusdam
1502 1567 1676 1607 suppositis
1694 1567 1846 1602 nacionis,
1872 1567 1940 1606 ipse
1964 1569 2056 1597 debet
2073 1569 2206 1604 nacioni,

1297 1621 1327 1645 et
1341 1616 1506 1655 proposuit
1520 1623 1715 1655 procurator,
1727 1617 1927 1656 congregatis
1945 1616 2114 1657 magistris,
2128 1628 2208 1657 quo-

1297 1666 1388 1694 modo
1396 1665 1464 1704 ipse
1475 1670 1505 1694 et
1517 1671 1660 1705 receptor
1670 1675 1731 1695 una
1739 1675 1807 1694 cum
1819 1665 1941 1695 bedello
1955 1666 2093 1695 adierant
2106 1667 2206 1706 ipsum

1296 1714 1444 1743 decanum
1457 1714 1641 1753 predictum,
1659 1720 1751 1754 prout
1762 1714 1841 1754 ipsis
1853 1721 1919 1744 erat
1931 1714 2100 1754 injunctum
2111 1725 2128 1744 a
2140 1716 2206 1755 qui-

1295 1763 1424 1792 busdam
1449 1763 1608 1803 magistris
1634 1763 1774 1793 nacionis
1806 1773 1863 1803 pro
1895 1764 2025 1793 utilitate
2054 1765 2204 1800 nacionis,

1295 1818 1442 1852 rogantes
1470 1812 1600 1842 eundem
1627 1818 1781 1852 quatenus
1808 1813 1944 1842 solveret
1964 1813 2085 1843 nacioni
2111 1824 2206 1853 pecu-

1294 1860 1375 1890 niam
1391 1871 1482 1900 quam
1498 1861 1558 1890 sibi
1574 1862 1712 1896 deberet,
1732 1868 1762 1891 et
1781 1862 1849 1901 ipse
1873 1862 1974 1891 statim
1993 1863 2135 1902 graciose
2155 1873 2205 1892 re-

1294 1909 1432 1949 spondit.
1450 1910 1556 1939 Primo
1578 1916 1677 1940 tamen
1694 1910 1877 1950 simpliciter
1893 1911 2027 1941 asseruit
2043 1922 2076 1941 se
2092 1911 2204 1942 nullam

1293 1959 1453 1998 pecuniam
1466 1959 1580 1989 debere
1595 1959 1734 1995 nacioni;
1751 1959 1778 1989 si
1790 1969 1865 1989 vero
1878 1959 2011 2000 aliquam
2030 1961 2089 1990 sibi
2108 1962 2204 1990 debe-

1292 2013 1351 2043 ret,
1379 2017 1445 2037 eam
1476 2008 1535 2037 sibi
1558 2008 1679 2038 solvere
1700 2008 1793 2039 vellet
1819 2008 2034 2039 libentissime.
2070 2009 2109 2039 Et
2140 2017 2204 2039 sta-

1291 2057 1345 2086 tim
1361 2057 1438 2086 dixit
1452 2057 1592 2087 bedellus
1607 2058 1691 2097 quod
1702 2058 1842 2088 crederet
1852 2058 1893 2098 (et
1900 2058 2017 2089 audivit
2026 2059 2204 2099 frequenter

1291 2106 1329 2135 de
1346 2105 1405 2135 hoc
1419 2106 1611 2135 mencionem
1627 2106 1658 2136 in
1678 2106 1818 2146 nacione)
1834 2107 1918 2147 quod
1939 2108 2067 2137 deberet
2083 2108 2164 2138 circa
2177 2109 2203 2138 V

1292 2155 1414 2184 francos
1434 2161 1465 2184 et
1490 2155 1550 2185 1111
1571 2155 1690 2185 solidos
1714 2166 1751 2185 ex
1773 2162 1919 2196 computo
1941 2157 2113 2196 receptorie
2134 2167 2200 2192 sue,

1291 2204 1416 2243 quando
1430 2204 1601 2243 resignavit
1620 2214 1705 2234 suam
1721 2205 1938 2244 receptoriam.
1962 2206 2011 2235 Ad
2032 2207 2115 2245 quod
2134 2206 2202 2246 ipse

1291 2253 1455 2292 respondit
1469 2253 1553 2292 quod
1565 2254 1644 2283 bene
1659 2263 1765 2283 verum
1779 2260 1837 2289 est,
1850 2255 1933 2294 quod
1950 2254 2044 2284 semel
2060 2261 2199 2294 tempore

1290 2302 1503 2341 procuratorie
1515 2303 1654 2342 magistri
1669 2302 1796 2332 Henrici
1810 2303 1848 2332 de
1866 2302 1977 2333 Hassia
1993 2304 2151 2334 audiverat
2163 2305 2200 2333 de

1290 2350 1348 2380 hoc
1372 2350 1563 2380 mencionem
1581 2351 1659 2386 fieri,
1688 2358 1718 2381 et
1737 2358 1810 2381 tunc
1835 2353 1902 2391 ipse
1921 2362 1954 2382 se
1973 2354 2140 2388 excusavit,
2164 2363 2200 2382 eo

1290 2399 1373 2439 quod
1396 2399 1427 2429 in
1446 2399 1526 2429 libro
1539 2400 1723 2440 receptoris‚
1739 2407 1834 2441 prout
1846 2401 1935 2437 dixit,
1951 2408 2017 2431 erat
2033 2401 2133 2431 deleta
2149 2402 2200 2431 illa

1290 2448 1431 2488 pecunia,
1443 2448 1515 2478 licet
1529 2458 1591 2479 non
1604 2449 1713 2479 suisset
1723 2450 1823 2479 deleta
1838 2449 1870 2479 in
1881 2450 1960 2480 libro
1974 2451 2196 2490 procuratoris.

1291 2496 1331 2526 Et
1345 2497 1499 2537 quesitum
1516 2503 1588 2528 tunc
1609 2498 1664 2528 fuit
1677 2509 1694 2527 a
1710 2499 1860 2539 magistro
1882 2499 2017 2529 Henrico
2033 2500 2071 2528 de
2088 2499 2199 2529 Hassia

1289 2546 1328 2575 de
1354 2545 1426 2581 isto,
1449 2546 1501 2586 qui
1525 2547 1686 2586 respondit
1704 2557 1738 2577 se
1754 2558 1810 2577 nec
1827 2558 1897 2577 esse
1916 2555 2031 2578 certum
2055 2549 2092 2577 de
2113 2548 2199 2577 solu-

1289 2594 1378 2624 cione
1400 2594 1483 2625 illius
1503 2595 1646 2635 pecunie,
1670 2606 1727 2626 nec
1747 2606 1817 2626 esse
1839 2603 1954 2626 certum
1973 2597 2011 2625 de
2034 2596 2092 2625 hoc
2114 2597 2197 2636 quod

1289 2651 1357 2683 ipse
1387 2654 1450 2673 non
1476 2644 1605 2674 solverit
1633 2655 1710 2675 eam.
1742 2645 1781 2675 Et
1807 2644 1966 2684 subjunxit
1991 2646 2070 2674 idem
2097 2645 2198 2674 domi-

1289 2702 1348 2722 nus
1376 2692 1524 2728 decanus,
1544 2694 1627 2733 quod
1654 2694 1682 2723 si
1711 2700 1795 2724 esset
1811 2694 1924 2734 aliquis
1945 2694 1975 2723 in
1998 2694 2126 2723 nacione
2144 2694 2197 2733 qui

1289 2741 1406 2771 diceret
1424 2741 1456 2771 in
1473 2742 1667 2772 consciencia
1690 2753 1755 2778 sua,
1776 2753 1843 2773 eum
1866 2743 1979 2772 debere
1997 2742 2079 2772 illam
2103 2753 2198 2782 pecu-

1288 2789 1369 2820 niam
1396 2790 1530 2825 nacioni,
1556 2790 1688 2821 libenter
1709 2801 1773 2821 eam
1799 2791 1890 2821 vellet
1915 2791 1974 2821 sibi
2004 2791 2195 2831 persolvere.

1288 2838 1375 2869 Tunc
1390 2845 1575 2879 procurator
1598 2846 1628 2869 et
1651 2846 1793 2879 receptor
1817 2840 1844 2869 ei
1870 2840 2099 2879 responderunt
2113 2840 2195 2880 quod

2091 3030 2115 3050 ³¹
