2632 3464
923 410 1196 437 MEMORABILIA
1215 411 1290 438 NAT
1298 431 1304 438 .
1325 410 1573 438 ANGLICANAE
2144 424 2218 442 nvn

283 500 371 525 nem
388 499 524 524 omnes
539 487 676 524 bursas
691 487 900 529 remisisse,
921 493 1084 536 excepto
1101 486 1240 523 salario
1256 500 1326 536 pro
1344 486 1508 523 bedellis
1527 488 1625 534 (159,
1653 489 1696 524 14
1719 502 1821 538 sqq.;
1846 490 1927 533 164,
1955 491 1997 526 13
2017 503 2120 539 sqq.,
2142 491 2214 536 21).

283 557 514 593 Procurator
527 557 726 605 suspirans
742 556 898 604 scripsit
916 568 923 590 ι
943 555 1074 597 nichil,
1096 555 1230 592 nichil!
1250 557 1348 603 (164,
1367 557 1442 602 35.)
1461 555 1532 592 Vel
1556 569 1564 591 ε
1590 570 1607 590 <t
1629 555 1760 598 nichil,
1780 556 1912 598 nichil,
1929 556 2115 592 ditabitur
2137 559 2217 593 Deo

282 626 468 663 volente»
487 626 584 673 (163,
607 626 679 672 23).
702 624 761 662 Ab
778 638 838 661 an.
862 626 968 668 1355,
990 638 1156 675 sequens
1173 625 1310 661 modus
1331 625 1567 662 servabatur.
1587 626 1779 674 Pauperes
1796 627 1860 674 qui
1884 625 1993 662 liberi
2014 626 2218 662 voluerunt

282 707 370 732 esse
383 709 404 731 a
425 695 616 732 solutione
631 694 846 736 bursarum,
863 695 992 744 jurare
1003 694 1240 738 debuerunt3
1257 709 1274 730 (ι
1292 696 1431 744 primo,
1450 702 1491 731 ut
1509 707 1586 731 non
1600 694 1787 731 haberent
1803 694 1904 731 unde
1925 695 2131 738 solverent,
2146 708 2216 731 nec

282 764 362 807 hic,
385 777 456 802 nec
481 766 520 801 in
541 763 736 814 partibus;
761 763 951 808 secundo,
975 763 1078 813 quod
1107 772 1250 814 quanto
1273 765 1379 814 prius
1400 765 1575 814 pecuniis
1597 763 1700 800 unde
1725 763 1936 806 solverent,
1958 764 2214 808 abundarent,

281 833 448 871 libenter
464 834 609 870 nationi
628 833 676 870 de
696 833 824 870 bursis
841 832 986 870 vellent
1006 833 1229 870 satisfacere
1246 848 1263 869 »
1282 835 1487 881 (179-182).
1510 833 1604 870 Inde
1618 841 1702 870 orta
1717 841 1777 870 est
1793 833 1951 876 locutio,
1968 847 2066 884 quae
2083 842 2217 884 postea

281 915 435 953 semper
455 903 623 939 occurrit
645 915 652 937 t
679 917 696 938 (ι
719 903 860 952 juravit
879 910 1064 939 statutum
1083 905 1322 952 paupertatis
1343 918 1376 947 n,
1398 903 1460 940 vel
1481 903 1709 953 simpliciter
1735 917 1742 939 :
1773 918 1790 938 (ι
1812 904 1954 952 juravit
1975 910 2174 940 statutum.
2198 918 2214 938 »

281 974 448 1009 Primum
467 973 675 1022 vestigium
695 972 809 1021 hujus
831 971 1038 1009 locutionis
1066 974 1281 1009 invenimus
1301 973 1430 1010 verbis
1451 986 1459 1008 :
1492 987 1509 1008 (c
1539 980 1806 1023 paupertatem
1825 974 1953 1023 jurare
1981 987 1997 1008 »
2022 974 2118 1020 (228,
2141 975 2214 1021 41),

279 1042 484 1078 occasione
495 1040 708 1091 cujusdam,
719 1042 782 1091 qui
799 1055 815 1076 c(
832 1054 902 1077 nec
913 1043 1080 1078 parisius
1096 1055 1165 1079 nec
1183 1043 1221 1078 in
1232 1042 1406 1092 partibus
1418 1042 1467 1079 de
1480 1044 1647 1093 propriis
1659 1042 1794 1079 habuit
1804 1044 1825 1079 5
1840 1042 2008 1079 florenos
2020 1044 2216 1080 annuatim

279 1124 508 1148 consumere
531 1125 565 1147 1).
595 1112 650 1148 Ex
669 1111 784 1148 dictis
809 1119 932 1162 patet,
957 1113 1224 1148 remissionem
1248 1112 1449 1149 bursarum
1475 1111 1781 1149 condicionalem
1806 1112 1938 1149 fuisse.
1966 1114 2108 1150 Verum
2137 1121 2214 1156 est,

279 1193 469 1231 pauperes
490 1171 717 1230 plerumque
744 1194 821 1218 non
847 1181 893 1218 ad
918 1182 1159 1231 pinguiorem
1183 1181 1374 1218 fortunam
1396 1182 1633 1231 pervenisse,
1655 1181 1896 1232 proindeque
1917 1182 2010 1218 nihil
2037 1182 2213 1219 solvisse.

280 1250 537 1287 Nihilominus
556 1249 736 1287 condicio
751 1252 928 1300 apposita
945 1263 1012 1287 eos
1027 1250 1227 1301 obligabat
1246 1250 1459 1287 secundum
1476 1252 1755 1288 conscientiam
1773 1264 1900 1302 agere,
1919 1260 1957 1288 et
1969 1253 2024 1288 sic
2041 1252 2216 1289 videmus

281 1321 448 1356 Leonem
463 1319 512 1356 de
530 1319 728 1363 Arnheim,
746 1319 1067 1356 determinantem
1087 1333 1147 1357 an.
1170 1320 1277 1364 1350,
1296 1321 1404 1369 cujus
1421 1320 1537 1357 bursa
1554 1321 1661 1364 nihil,
1679 1334 1740 1357 an.
1763 1322 1856 1357 1362
1870 1321 2033 1358 solvisse
2046 1323 2146 1369 (141,
2165 1323 2212 1370 2).

329 1389 436 1436 Quae
462 1402 578 1438 supra
598 1388 647 1425 de
670 1388 1018 1426 determinantibus
1043 1390 1217 1440 exposita
1241 1397 1343 1434 sunt,
1371 1403 1441 1440 pro
1469 1390 1713 1427 licentiandis
1737 1398 1776 1427 et
1799 1391 2075 1441 incipientibus
2099 1393 2215 1428 etiam

278 1458 421 1501 valent,
438 1466 479 1495 ut
501 1471 579 1495 non
594 1458 728 1495 eadem
749 1459 888 1495 iterum
905 1458 1090 1495 dicamus.

329 1529 383 1564 Ex
400 1527 664 1578 superioribus
684 1535 856 1578 apparet,
875 1527 977 1578 quod
998 1528 1153 1578 quando
1168 1531 1332 1579 gratiam
1353 1529 1401 1566 ad
1416 1529 1552 1566 bursas
1570 1530 1775 1567 solvendas
1796 1531 1982 1581 petebant
2003 1532 2211 1575 candidati,

279 1597 384 1634 natio
413 1597 462 1633 de
484 1597 715 1647 quibusdam
747 1597 884 1634 saltem
911 1597 1038 1634 bursis
1065 1611 1142 1635 non
1179 1598 1443 1649 dispensabat.
1476 1599 1649 1649 Exempli
1679 1601 1817 1648 gratia,
1846 1613 1906 1636 an.
1939 1601 2045 1643 1348,
2070 1601 2214 1651 suppli-

277 1667 380 1703 canti
403 1665 555 1703 cuidam
582 1681 599 1702 «
622 1667 727 1704 natio
754 1668 903 1704 remisit
931 1674 1067 1711 totum,
1098 1676 1251 1718 praeter
1272 1676 1352 1705 tres
1375 1669 1511 1705 bursas
1542 1683 1559 1704 »
1590 1669 1741 1706 debitas
1763 1669 1939 1712 bedellis,
1961 1670 2213 1708 luminaribus

277 1736 439 1772 Nostrae
459 1737 658 1780 Dominae,
681 1737 827 1773 nuntiis
843 1738 882 1772 in
902 1738 1007 1774 curia
1023 1739 1206 1782 Romana,
1230 1739 1254 1774 i.
1278 1751 1312 1774 e.
1337 1731 1483 1775 sextam
1506 1739 1602 1786 (118,
1625 1740 1706 1786 45),
1731 1753 1791 1776 an.
1819 1741 1925 1784 1355,
1949 1748 2103 1790 praeter
2118 1741 2213 1778 duas

276 1804 413 1842 bursas
429 1804 580 1842 debitas
594 1805 758 1843 bedellis
774 1814 814 1842 et
830 1806 962 1843 lumini
981 1808 1022 1843 Β.
1040 1808 1180 1845 Mariae
1197 1809 1294 1854 (177,
1313 1809 1394 1855 48);
1418 1808 1554 1846 eodem
1572 1821 1672 1846 anno
1691 1823 1707 1844 «
1726 1808 1982 1846 deliberatum
2000 1810 2070 1846 fuit
2088 1812 2213 1848 natio-

277 1886 365 1910 nem
389 1874 437 1910 de
461 1874 589 1911 bursis
607 1874 862 1919 bedellorum,
886 1889 956 1912 nec
977 1876 1026 1912 de
1046 1876 1204 1914 dimidia
1224 1877 1340 1914 bursa
1365 1879 1406 1914 B.
1432 1879 1614 1927 Virginis,
1638 1891 1709 1914 nec
1732 1878 1780 1915 de
1806 1880 1955 1928 integra
1976 1879 2091 1916 bursa
2115 1894 2214 1930 quae

277 1946 411 1994 reponi
437 1944 537 1982 solet
566 1944 613 1982 ad
641 1958 782 1991 arcam,
807 1945 855 1982 ad
882 1946 1131 1983 muniendum
1160 1959 1201 1983 se
1226 1946 1274 1983 de
1299 1947 1616 1984 altercationibus
1641 1949 1861 1984 artistarum
1885 1962 1972 1985 cum
1998 1950 2210 2000 theologis,

277 2014 383 2051 nullo
406 2014 521 2052 modo
542 2028 658 2065 posse
678 2015 919 2066 dispensare,
943 2016 1011 2052 sed
1032 2016 1156 2052 solum
1177 2015 1225 2052 de
1249 2016 1371 2053 tribus
1397 2017 1482 2053 aliis
1504 2017 1632 2054 bursis
1657 2017 1799 2054 habere
1820 2025 2052 2068 potestatem
2081 2022 2212 2057 remit-

276 2082 383 2120 tendi
406 2097 424 2118 ³>
444 2084 541 2130 (181,
562 2084 634 2131 21).
656 2083 766 2121 Unde
787 2092 893 2134 patet
912 2098 932 2121 e
953 2086 1122 2135 quinque
1144 2085 1271 2121 bursis
1292 2085 1496 2122 ordinariis
1518 2099 1631 2123 unam
1655 2086 1822 2132 bedeflo,
1849 2087 2046 2125 dimidiam
2069 2090 2212 2127 subbe-

276 2151 380 2189 dello
394 2153 419 2196 ¹,
443 2153 640 2189 dimidiam
656 2153 910 2191 luminaribus
921 2154 1112 2191 ecclesiae
1128 2156 1290 2191 Nostrae
1303 2156 1489 2193 Dominae
1503 2156 1639 2193 saltem
1656 2158 1693 2192 in
1709 2157 1836 2194 medio
1851 2159 1995 2195 saeculi
2010 2173 2070 2195 xiv
2091 2173 2211 2196 reser-

274 2229 402 2258 vatam
420 2235 520 2259 esse.
1152 2273 1154 2275 .
1459 2274 1464 2276 .

326 2291 513 2341 Equidem
530 2291 672 2329 bedelli
693 2294 846 2343 saepius
864 2301 1078 2343 queruntur
1092 2293 1195 2344 quod
1218 2293 1270 2330 illi
1287 2295 1500 2345 dispensati
1521 2310 1537 2330 «
1561 2295 1652 2332 dum
1669 2304 1798 2334 tamen
1819 2299 2056 2335 satisfaciant
2078 2299 2211 2336 bedel-

275 2360 324 2397 lis
346 2374 364 2396 ι)
388 2374 474 2398 raro
496 2361 765 2399 condicionem
789 2375 872 2399 eam
894 2363 1129 2413 adimpleant
1150 2364 1244 2410 (180,
1271 2365 1313 2408 ss;
1332 2365 1417 2408 348,
1441 2366 1513 2412 31),
1534 2373 1572 2402 et
1590 2367 1706 2403 toties
1729 2368 1834 2404 natio
1854 2367 2077 2405 dilationem
2097 2368 2145 2405 de
2162 2370 2208 2406 iis

275 2429 403 2468 bursis
423 2432 627 2468 recusavit.

324 2502 513 2538 Remissio
527 2500 727 2538 bursarum
743 2508 819 2537 tam
834 2514 950 2551 saepe
964 2515 984 2538 a
997 2502 1343 2539 determinantibus
1361 2504 1630 2553 postulabatur
1645 2513 1686 2542 ut
1705 2507 1849 2542 nationi
1867 2507 2079 2543 cavendum
2096 2507 2210 2545 fuerit

275 2583 324 2607 ne
343 2570 484 2607 divites
497 2570 692 2607 scholares
706 2583 789 2607 eam
806 2578 983 2620 peterent
1002 2573 1098 2618 (174,
1116 2572 1164 2619 6).
1186 2572 1297 2608 Anno
1315 2573 1420 2615 1380,
1441 2573 1877 2623 specialejuramentum
1896 2589 1964 2625 pro
1984 2576 2207 2614 dilationem

274 2639 334 2676 vel
354 2641 560 2676 terminum
577 2639 884 2690 supplicantibus
905 2642 1009 2678 natio
1029 2643 1208 2691 concepit
1226 2642 1326 2692 (583,
1350 2644 1423 2689 41),
1448 2642 1515 2679 sed
1536 2651 1616 2680 tum
1637 2644 1871 2682 definitivam
1897 2646 2055 2682 formam
2074 2646 2207 2683 usibus

270 2709 414 2758 jamdiu
436 2709 657 2759 vigentibus
682 2709 801 2746 dedit.

316 2813 343 2842 1.
388 2813 471 2842 Idem
500 2823 587 2849 usus,
610 2813 711 2853 quoad
735 2819 854 2853 partem
880 2814 1010 2844 bedenis
1036 2815 1182 2849 debitam,
1293 2817 1459 2856 principali
1476 2827 1532 2856 pro
1550 2818 1689 2857 quolibet
1705 2819 1940 2854 determinante,
1956 2819 2142 2850 licentiando
2153 2827 2205 2850 aut

273 2861 364 2891 etiam
379 2873 428 2892 an.
447 2862 522 2892 1425
536 2862 655 2902 viguit5
673 2872 742 2892 nam
758 2863 788 2892 in
812 2863 968 2903 principio
983 2864 1054 2894 libri
1073 2874 1183 2903 recep·
1292 2866 1454 2906 inceptui-o
1484 2877 1574 2896 unani
1599 2868 1738 2902 bursam;
1764 2868 1833 2897 item
1865 2869 2047 2898 subbedcllo
2074 2870 2203 2899 medium

273 2910 351 2940 toris
367 2911 501 2941 nationis
519 2911 717 2942 Alemanniae
734 2911 846 2952 (Arch.
864 2919 926 2942 nat.
942 2913 1014 2942 Par.
1034 2913 1072 2942 H.
1091 2915 1180 2948 2587,
1293 2916 1428 2944 bursam.
1443 2928 1455 2942 »

274 2959 326 2989 fol.
344 2959 402 2999 1¹⁸⁹)
421 2961 569 3000 scriptum
586 2967 652 2991 est:
672 2973 685 2988 α
702 2960 777 2991 Item
794 2968 938 3001 receptor
955 2963 1046 2992 debet
1060 2963 1181 2992 bedello
