2632 3464
309 442 367 468 765
810 441 924 468 LIBER
949 440 1261 467 PROCURATORUM
1287 440 1467 468 NATIONIS
1485 442 1730 469 ANGLICANAE
2177 445 2229 471 766

309 518 378 558 glie
405 528 486 548 anno
514 518 639 548 Domini
666 528 729 558 quo
752 527 858 557 supra,
889 516 1000 546 XXVI·
1025 515 1075 545 die
1101 516 1217 546 mensis

316 566 488 602 Februarii,
510 567 543 596 in
564 567 655 596 nonis
676 566 789 596 Nostre
810 566 940 596 Domine
963 572 1034 605 post
1055 565 1217 604 prandium

308 616 398 656 apud
425 616 571 646 Sanctum
592 615 778 646 Maturinum
804 625 900 655 super
920 615 1041 644 duobus
1066 614 1214 643 articulis.

314 665 439 695 Primus
456 671 521 695 erat
535 665 574 695 ad
587 665 830 705 dispensandum
845 674 912 694 cum
925 663 1080 703 aliquibus
1092 663 1217 692 bachal-

314 713 413 750 lariis,
431 714 485 754 qui
500 714 644 754 petebant
660 713 842 743 dilacionem
859 713 1022 742 bursarum
1036 722 1094 752 pro
1113 713 1217 741 deter-

312 763 477 798 minancia,
510 762 583 803 quia
608 762 668 803 ipsi
694 762 838 792 dicebant
861 771 894 791 se
917 768 990 791 tunc
1012 771 1075 790 non
1103 760 1216 790 habere

314 812 486 842 facultatem
503 811 644 842 solvendi
669 810 844 852 hujusmodi
860 811 971 840 bursas
989 820 1046 850 pro
1070 811 1216 840 determi-

317 861 426 890 nancia
443 870 499 901 per
513 870 568 891 eos
584 861 714 890 debitas.
733 861 780 889 2⁸²·
793 859 941 890 articulus
959 859 1014 889 suit
1029 869 1123 899 super
1140 869 1216 899 sup-

314 909 538 949 plicacionibus
557 915 588 940 et
613 908 744 949 injuriisss
767 908 806 938 Et
826 908 1080 948 supplicaverunt
1102 908 1215 938 ibidem

314 958 346 988 in
364 958 492 988 nacione
501 958 547 988 illi
558 958 675 988 domini
686 958 740 998 qui
752 958 901 987 deberent
915 957 1119 987 determinare
1132 957 1215 997 quod

313 1006 376 1047 ipsi
393 1013 523 1047 possent
534 1017 652 1047 ponere
667 1007 799 1047 pignera
813 1016 871 1046 pro
888 1006 992 1036 bursis
1007 1006 1216 1036 determinan-

305 1055 372 1091 cie,
396 1062 427 1086 et
449 1062 536 1086 erant
566 1055 622 1086 Vll
646 1056 856 1096 supplicantes
883 1062 914 1085 et
938 1055 1061 1085 nomina
1092 1055 1215 1085 illorum

312 1104 463 1135 habentur
477 1105 509 1134 in
522 1104 582 1135 alio
599 1105 694 1134 latere
710 1115 768 1145 per
783 1111 852 1134 ante
867 1114 935 1134 cum
950 1104 1126 1134 nominibus
1138 1104 1215 1134 alio-

309 1163 378 1183 rum
397 1153 682 1183 determinancium.
704 1153 806 1194 Super
827 1153 928 1194 primo
948 1153 1078 1183 articulo
1101 1153 1216 1193 placuit

313 1202 436 1232 nacioni
454 1202 637 1243 dispensare
656 1212 724 1233 cum
741 1202 832 1243 ipsis,
849 1202 907 1232 hoc
925 1202 1029 1232 addito
1044 1203 1127 1242 quod
1145 1202 1215 1242 qui-

312 1251 388 1282 libet
404 1251 526 1282 illorum
534 1251 655 1292 juraret
665 1250 835 1292 juramenta
848 1251 998 1291 requisita
1015 1261 1072 1291 pro
1086 1251 1148 1281 illis
1161 1251 1214 1291 qui

311 1301 459 1341 petebant
488 1300 670 1330 dilacionem
703 1301 878 1336 bursarum,
907 1307 938 1330 et
968 1300 1026 1330 hoc
1060 1300 1092 1330 in
1125 1300 1216 1340 plena

312 1349 452 1380 nacione.
471 1349 511 1379 Et
529 1349 571 1380 ita
590 1351 700 1379 sactum
718 1355 775 1380 est.
796 1349 897 1389 Super
915 1350 946 1379 2⁰
967 1349 1215 1390 supplicaciones

307 1409 418 1429 eorum
441 1399 563 1429 fuerunt
584 1408 743 1434 concesse,
766 1398 824 1429 boc
845 1399 950 1428 addito
975 1399 1059 1438 quod
1081 1399 1216 1428 facerent

309 1448 481 1478 secundum
495 1453 607 1477 statuta
620 1447 770 1477 nacionis.
786 1447 826 1478 Et
839 1448 880 1477 ita
893 1448 1031 1477 fecerunt
1043 1453 1102 1478 etc.

352 1496 427 1526 ltem
445 1497 522 1526 facta
536 1497 783 1537 congregacione
797 1496 937 1526 nacionis
951 1496 1121 1536 Anglicane
1134 1506 1215 1526 anno

313 1545 438 1575 Domini
466 1555 528 1585 quo
555 1555 667 1585 supra,
694 1545 800 1575 ultima
825 1545 875 1575 die
901 1546 1016 1575 mensis
1041 1545 1212 1582 Februarii,

313 1593 390 1624 hora
412 1594 445 1624 3·
467 1600 540 1634 post
564 1594 728 1635 prandium
752 1595 834 1634 apud
860 1594 1004 1624 Sanctum
1027 1594 1214 1624 Maturinum

313 1653 410 1683 super
427 1643 529 1673 tribus
545 1643 696 1673 articulis.
720 1643 844 1673 Primus
863 1650 929 1674 erat
947 1653 1042 1684 super
1060 1643 1214 1684 aliquibus

311 1692 511 1732 tangentibus
530 1692 678 1722 honorem
697 1692 848 1727 nacionis,
867 1698 897 1722 et
918 1692 976 1722 hoc
997 1692 1095 1723 valde.
1117 1692 1214 1733 Cujus

304 1740 431 1771 articuli
448 1741 480 1771 3·
491 1747 580 1771 erant
587 1747 710 1781 puncta.
722 1741 860 1771 Primum
870 1747 937 1772 erat
948 1742 986 1771 de
994 1741 1214 1782 proposicione

310 1789 413 1820 habita
428 1799 531 1820 coram
543 1790 669 1820 domino
684 1790 761 1820 duce
777 1790 895 1820 Biturie
906 1800 1001 1830 super
1019 1791 1096 1820 lacto
1109 1797 1213 1821 sancte

309 1839 434 1869 unionis
450 1849 507 1879 per
520 1839 600 1869 viam
613 1839 845 1875 subtractionis,
860 1839 931 1879 quia
945 1839 1088 1869 dominus
1104 1850 1212 1879 procu-

308 1894 395 1918 rator
412 1887 600 1928 supplicavit
620 1888 745 1918 domino
764 1889 964 1928 proponenti,
985 1888 1103 1918 scilicet
1119 1889 1212 1930 magi-

307 1942 375 1966 stro
403 1936 572 1967 Wilhelmo
591 1937 630 1966 de
657 1936 831 1972 Gardino‘,
853 1938 937 1977 quod
963 1937 1030 1977 ipse
1051 1944 1213 1968 excusaret

308 1985 466 2015 nacionem
486 1986 519 2015 in
536 1986 597 2016 isto
614 1987 703 2022 facto,
720 1995 788 2015 cum
806 1986 949 2016 dominus
968 1986 1093 2016 rector²
1110 1987 1212 2017 omnia

306 2034 359 2064 illa
380 2044 440 2074 que
463 2041 536 2064 tunc
559 2035 641 2071 fecit,
663 2035 734 2065 fecit
754 2041 861 2065 contra
879 2045 1060 2065 concessum
1083 2042 1112 2065 et
1135 2046 1211 2065 con-

307 2083 411 2113 silium
437 2083 592 2118 nacionis,
620 2082 707 2123 cujus
728 2084 905 2124 oppositum
925 2085 957 2114 in
983 2094 1038 2114 sua
1061 2084 1210 2115 electione

306 2132 462 2172 promisit.
489 2132 528 2162 Et
549 2132 736 2172 supplicavit
757 2133 900 2163 dominus
923 2140 1117 2173 procurator,
1139 2134 1210 2174 quia

305 2180 363 2211 boc
386 2181 457 2211 fecit
485 2191 542 2220 per
568 2181 731 2211 consilium
757 2181 928 2222 aliquorum
956 2183 1171 2223 magistrorum
1183 2182 1207 2219 ⁸,

303 2230 390 2270 quod
409 2230 440 2259 in
460 2229 518 2259 hoc
532 2230 698 2261 haberetur
711 2237 818 2271 gratus
833 2238 863 2261 et
877 2238 1014 2262 avoatus.

336 2323 358 2347 1.
393 2324 462 2357 Mag.
477 2323 503 2347 in
519 2323 607 2352 theol..
622 2323 655 2348 de
666 2332 716 2356 qao
726 2323 825 2356 plur-iu
841 2323 868 2348 in
880 2323 1008 2353 Chai-tul..
1022 2324 1067 2354 ΙΙΙ,
1080 2327 1105 2348 cl
1120 2333 1207 2357 nupta,

335 2395 359 2419 2.
392 2394 519 2419 Esuriens
531 2394 655 2419 Poelman
669 2394 702 2419 de
712 2394 845 2419 Amheim.

335 2431 359 2454 8.
392 2431 429 2454 De
440 2432 511 2463 sacto
523 2429 579 2459 hoc,
593 2430 722 2463 huc-unque
734 2430 830 2464 ignoto,
842 2430 892 2454 uid.
903 2430 1031 2459 Chare-11„
1043 2431 1084 2455 IV.
1095 2431 1210 2456 Breviter

307 2465 351 2490 laio
369 2465 498 2498 quaedam
516 2466 663 2498 reseremus.
678 2467 823 2498 Antequam
839 2474 885 2490 rem
901 2467 990 2490 Remos
1005 2466 1042 2490 ad
1056 2466 1209 2500 colloquium

301 2503 428 2535 pergeret.
438 2501 516 2525 ualuit
530 2501 694 2526 Universum.
704 2501 787 2526 Parin.
800 2501 985 2526 conclusionem
994 2501 1088 2526 habere
1099 2503 1132 2527 de
1144 2503 1208 2527 anb-

305 2536 433 2561 menone
454 2536 641 2561 beneficiorum
659 2537 797 2561 Benedicto
818 2538 880 2561 xm
893 2537 966 2569 (uid.,
983 2545 1010 2569 p.
1028 2538 1081 2567 760.
1099 2538 1112 2562 1
1130 2539 1206 2571 sqq).

307 2571 442 2596 emt-noio
457 2571 635 2596 Univenitatie
645 2575 707 2596 tune
718 2572 820 2596 minime
833 2580 936 2597 concon
945 2573 1008 2604 suit,
1027 2575 1054 2597 ut
1063 2573 1140 2597 etiam
1148 2577 1208 2606 pout

308 2607 411 2640 aliquae
418 2615 516 2631 menan
527 2607 552 2631 ia
565 2607 673 2632 concilio
685 2607 832 2632 Parisiemi.
844 2608 966 2632 Poelman
979 2607 1010 2632 de
1020 2608 1152 2637 Arnheim.
1164 2610 1210 2642 qui

305 2643 372 2667 sieut
393 2642 453 2667 olim
469 2651 521 2675 pra
538 2642 664 2668 Clemente
680 2644 724 2667 Vl!
738 2643 799 2672 (oid.
812 2651 890 2676 :upra
908 2651 935 2676 p.
953 2644 1007 2672 021.
1020 2644 1058 2673 2⁶.
1073 2646 1097 2668 et
1107 2647 1207 2676 poclm,

298 2677 398 2702 deindo
412 2685 440 2710 p.
453 2678 508 2706 slas.
523 2678 570 2708 [ὥς
584 2679 639 2707 661,
656 2678 705 2711 14),
717 2678 755 2702 εἰσ
765 2686 842 2707 nunc.
855 2681 943 2703 contra
960 2679 1098 2703 maa-imam
1106 2683 1208 2712 partem

305 2713 492 2742 vatim-citatio,
502 2721 550 2746 pro
561 2713 698 2738 Benedicta
709 2714 769 2746 suit,
782 2714 808 2738 in
821 2723 870 2747 quo
887 2714 920 2738 ab
938 2714 1067 2747 aliquibus
1079 2715 1208 2747 magistris

308 2747 487 2772 vatur-untia
500 2748 683 2782 adjuvabatur.
697 2750 730 2773 Et
740 2749 778 2773 eie
789 2758 816 2774 uo
827 2749 943 2782 opposuit
954 2749 1111 2774 conclusioni
1121 2751 1208 2775 κείο-

304 2783 347 2807 m'a
360 2783 528 2816 Aaglioanao,
539 2792 605 2816 qaae
617 2787 673 2809 erat
680 2793 730 2817 pro
740 2785 920 2814 eubtractione,
932 2785 994 2817 quia
1003 2785 1079 2813 dimit.
1093 2794 1142 2810 non
1154 2794 1208 2811 ene

300 2818 479 2847 renuardum,
489 2827 536 2843 nce
551 2820 675 2845 conclusit
686 2820 822 2844 necandum
834 2820 1019 2845 conclusionem
1033 2821 1208 2846 Univenitatia

305 2853 362 2887 tagi
377 2854 510 2879 vaduam.
530 2855 661 2887 Impediunt
675 2855 752 2880 etiam
769 2855 916 2880 Gallicanon
935 2859 959 2880 et
977 2857 1145 2880 Normanaon.
1165 2856 1208 2881 Ad

304 2888 392 2914 simite
402 2890 500 2921 saetam
515 2889 648 2915 alludobae
660 2891 752 2916 Petrus
764 2892 863 2922 Ravati,
875 2891 949 2924 epioe.
961 2893 986 2916 S.
1000 2891 1086 2916 Pontii
1096 2892 1122 2916 ia
1132 2893 1207 2917 tortio

303 2924 414 2949 concilio
431 2925 524 2954 Paris..
547 2926 632 2951 dicatu
654 2935 660 2951 ι
679 2927 715 2951 De
738 2927 914 2952 Universitate
932 2927 1015 2952 Paris.
1034 2928 1089 2952 aine
1110 2927 1207 2960 injuria

300 2959 484 2993 cujuscunque
495 2960 625 2993 loquendo
635 2962 730 2987 dieitur
740 2971 755 2987 a
765 2963 904 2995 fldedigrni·
918 2963 1001 2996 ipsiu·
1012 2963 1206 2993 naim-nitatis,

1252 961 1286 987 10

1364 517 1423 545 2¹¹⁰·
1439 523 1584 556 punctum
1605 525 1669 547 erat
1690 519 1727 547 de
1746 519 1853 548 codem
1870 520 1948 548 sacto
1972 526 2003 549 et
2023 521 2060 549 de
2081 521 2228 560 proposi-

1326 565 1414 594 cione
1429 566 1569 595 habenda
1586 576 1687 595 coram
1703 567 1827 596 domino
1841 574 1947 598 nostro
1962 579 2034 608 rege
2047 570 2084 598 de
2106 569 2164 598 isto
2178 580 2227 599 eo-

1325 615 1394 643 dem
1417 615 1495 644 facto
1517 615 1640 644 unionis
1661 625 1716 655 per
1735 616 1814 645 viam
1841 617 2087 647 substractionis.
2109 618 2147 647 Et
2163 626 2228 648 erat

1325 669 1472 704 punctum
1497 664 1567 699 tale,
1593 674 1630 693 an
1660 665 1803 694 dominus
1832 672 2015 705 procurator
2041 666 2168 696 haberet
2190 678 2226 696 ex

1325 719 1412 751 parte
1429 712 1569 742 nacionis
1589 713 1766 752 supplicare
1783 714 1908 743 domino
1927 715 2125 754 proponenti,
2146 715 2227 745 scili-

1325 767 1374 791 cet
1385 761 1536 801 magistro
1548 761 1681 791 Johanni
1691 761 1812 797 Luketi‚
1828 764 1910 802 quod
1928 763 2022 792 eciam
2038 774 2140 793 coram
2154 775 2226 804 rege

1325 817 1487 840 excusaret
1503 810 1662 840 nacionem
1681 811 1712 840 in
1730 811 1790 841 isto
1806 812 1895 847 sacto,
1912 812 2044 842 dicendo
2062 813 2122 842 sibi
2145 814 2227 853 quod

1326 859 1415 889 nacio
1433 865 1480 889 est
1496 865 1526 888 et
1545 859 1602 889 suit
1617 869 1740 899 semper
1755 870 1812 900 pro
1834 861 2031 891 conclusione
2054 871 2108 891 sua
2126 862 2227 891 habita

1323 908 1355 938 in
1368 908 1499 938 consilio
1514 919 1570 938 suo
1585 908 1690 938 ultime
1705 909 1859 939 celebrato
1874 920 1969 950 super
1983 911 2043 940 isto
2060 911 2137 940 sacto
2149 910 2172 946 ⁴,
2198 918 2228 940 et

1323 958 1406 997 quod
1423 957 1566 987 dominus
1583 964 1685 987 rector
1701 958 1785 988 solus
1804 965 1852 988 est
1869 959 1921 999 qui
1935 965 1982 989 est
1999 965 2106 989 contra
2121 960 2227 989 nacio-

1322 1016 1404 1042 nem,
1425 1016 1487 1036 non
1504 1007 1644 1036 obstante
1663 1008 1746 1046 quod
1765 1007 1806 1037 sit
1825 1008 1862 1037 de
1885 1008 2024 1044 nacione,
2044 1015 2073 1037 et
2097 1009 2227 1048 opposi-

1323 1061 1385 1085 tum
1400 1055 1432 1084 in
1445 1055 1573 1085 nacione
1592 1055 1806 1097 promis[er]it.

1363 1105 1421 1134 3⁰¹²
1437 1110 1584 1144 punctum
1597 1111 1662 1134 erat
1677 1106 1714 1134 de
1728 1105 1867 1134 ulteriori
1884 1106 1973 1135 modo
1988 1107 2176 1145 procedendi
2195 1107 2226 1135 in

1274 1152 1276 1155 ’
1323 1153 1383 1183 isto
1401 1154 1494 1188 factm
1518 1153 1591 1192 quia
1613 1154 1756 1184 dominus
1777 1160 1961 1194 procurator
1979 1155 2148 1194 requisitus
2173 1156 2227 1184 suit

1252 1206 1286 1232 15

1251 1451 1285 1478 20

1251 1697 1284 1723 25

1249 1942 1283 1968 30

1246 2187 1280 2213 35

1322 1212 1380 1242 per
1391 1208 1608 1242 procuratores
1621 1203 1700 1232 duos
1712 1202 1839 1232 aliarum
1852 1203 2013 1232 nacionum
2024 1203 2048 1238 ³,
2061 1204 2142 1243 quod
2159 1204 2226 1243 ipse

1323 1251 1485 1281 assisteret
1498 1251 1577 1290 ipsis
1592 1251 1623 1280 in
1638 1251 1707 1281 istis
1721 1252 1818 1287 sactis,
1835 1258 1950 1281 attento
1966 1251 2018 1282 illo
2034 1253 2117 1292 quod
2132 1253 2227 1282 domi-

1323 1310 1382 1330 nus
1404 1306 1507 1330 rector
1525 1300 1556 1329 in
1578 1300 1631 1329 illo
1652 1300 1750 1330 noluit
1769 1301 1940 1340 procedere
1964 1302 2130 1330 secundum
2151 1312 2226 1331 con-

1323 1349 1493 1379 clusionem
1519 1360 1576 1389 per
1598 1349 1835 1379 Universitatem
1861 1350 1986 1379 domino
2012 1350 2077 1390 regi
2103 1357 2132 1379 et
2159 1350 2226 1390 ejus

1323 1398 1454 1428 consilio
1478 1399 1635 1434 traditam3
1663 1399 1757 1428 eciam
1781 1399 1849 1428 viso
1874 1398 1942 1434 illo,
1971 1399 2054 1438 quod
2082 1399 2224 1429 dominus

1322 1454 1425 1477 rector
1442 1447 1540 1477 noluit
1551 1447 1735 1477 concludere
1751 1448 1918 1477 secundum
1934 1447 2078 1487 majorem
2094 1454 2223 1488 partem,

1323 1497 1462 1537 quamvis
1473 1495 1486 1515 ⁶
1502 1496 1673 1536 requisitus
1688 1506 1745 1536 per
1759 1496 1834 1526 alias
1849 1496 2016 1526 facultates.

1361 1547 1407 1575 2¹¹·
1423 1545 1571 1575 articulus
1582 1546 1639 1575 fuit
1655 1545 1764 1575 iterum
1780 1546 1817 1574 ad
1831 1546 2077 1575 distribuendum
2090 1556 2222 1575 menses.

1321 1595 1368 1624 3¹²·
1380 1594 1436 1624 suit
1453 1605 1548 1634 super
1565 1594 1850 1634 supplicacionibus
1867 1601 1897 1624 et
1914 1593 2047 1634 injuriis.

1363 1643 1464 1683 Super
1483 1644 1583 1683 primo
1605 1643 1745 1678 articulo,
1762 1643 1863 1682 primo
1884 1653 1978 1682 super
1995 1643 2094 1682 primo
2110 1650 2222 1683 puncto

1322 1692 1428 1722 habuit
1435 1693 1522 1722 nacio
1538 1692 1734 1722 concorditer
1742 1692 1897 1721 dominum
1911 1698 2142 1732 procuratorem
2156 1703 2223 1732 gra-

1321 1747 1384 1771 tum
1408 1748 1438 1771 et
1459 1747 1599 1771 avoatum
1622 1741 1653 1770 in
1673 1741 1726 1770 illo
1746 1741 1836 1776 sacto,
1858 1751 1928 1780 ymo
1951 1740 2056 1780 plures
2080 1741 2224 1771 dixerunt

1321 1791 1404 1831 quod
1420 1790 1561 1820 dominus
1577 1796 1760 1830 procurator
1772 1800 1828 1829 per
1842 1789 2042 1830 juramentum
2059 1800 2146 1820 suum
2165 1790 2222 1820 hoc

1321 1840 1420 1870 facere
1438 1840 1614 1875 tenebatur,
1643 1839 1714 1879 quia
1733 1838 1783 1868 illa
1805 1839 1995 1878 supplicacio
2018 1839 2073 1868 fuit
2094 1839 2221 1869 maxime

1321 1888 1495 1918 necessaria
1512 1889 1551 1918 ad
1572 1889 1674 1923 finem,
1693 1894 1726 1918 ut
1747 1887 1847 1917 honor
1872 1888 2012 1917 nacionis
2032 1895 2218 1918 servaretur.

1360 1937 1463 1977 Super
1476 1938 1508 1966 2⁰
1518 1944 1632 1977 puncto
1647 1936 1782 1977 ejusdem
1795 1936 1915 1966 articuli
1929 1937 1983 1966 suit
1995 1937 2137 1966 dominus
2151 1947 2220 1976 pro-

1319 1993 1442 2016 curator
1457 1986 1652 2016 concorditer
1669 1986 1837 2026 requisitus
1856 1996 1912 2025 per
1929 1996 2035 2015 omnes
2056 1986 2220 2026 magistros

1318 2035 1469 2071 nacionis,
1485 2036 1569 2075 quod
1592 2035 1781 2075 supplicaret
1802 2035 1925 2064 domino
1948 2034 2147 2075 proponenti,
2166 2035 2218 2075 qui

1317 2095 1420 2115 coram
1442 2085 1566 2114 domino
1590 2094 1662 2124 rege
1684 2090 1731 2113 est
1753 2083 1972 2123 propositurus
1993 2084 2073 2113 istud
2098 2084 2217 2118 sactum,

1317 2134 1402 2173 quod
1416 2134 1483 2174 ipse
1501 2133 1594 2163 vellet
1608 2133 1766 2162 nacionem
1786 2139 1920 2162 nostram
1937 2143 2084 2162 excusare
2100 2132 2130 2161 in
2146 2133 2216 2168 isto,

1317 2182 1449 2212 dicendo
1464 2183 1547 2222 quod
1565 2183 1633 2222 ipsa
1650 2188 1696 2211 est
1714 2191 1836 2221 semper
1856 2188 1885 2211 et
1903 2181 1957 2211 suit
1975 2192 2097 2221 semper
2112 2182 2142 2211 in
2159 2182 2218 2211 isto

1318 2232 1396 2262 facto
1412 2238 1556 2272 prompta
1575 2238 1605 2261 et
1623 2237 1738 2271 parata.
1757 2237 1787 2260 et
1802 2240 1924 2270 semper
1944 2231 1999 2260 suit
2019 2241 2075 2270 pro
2092 2230 2218 2260 conclu-

1315 2324 1386 2357 qnod
1397 2332 1547 2356 quanquam
1561 2323 1611 2347 ista
1626 2323 1690 2347 fiant
1704 2324 1808 2347 nomine
1820 2323 1913 2355 ipsius,
1926 2326 2010 2346 tamen
2025 2322 2045 2346 si
2062 2322 2116 2354 regi
2129 2323 2217 2354 place-

1316 2363 1356 2385 ret
1367 2361 1451 2384 facere
1463 2359 1626 2391 perscrutari
1639 2362 1699 2382 vota
1713 2358 1889 2390 singulorum,
1906 2358 2066 2389 reperiretur
2075 2357 2143 2389 quod
2154 2366 2217 2382 con—

1316 2395 1432 2420 siderata
1450 2394 1615 2423 auctoritate,
1633 2394 1687 2418 zelo
1706 2397 1732 2417 et
1752 2394 1836 2426 gradu
1860 2393 2070 2425 suppositorum,
2091 2393 2142 2417 ista
2166 2402 2216 2418 non

1316 2431 1462 2463 procedunt
1473 2430 1506 2454 de
1517 2430 1651 2454 voluntate
1663 2429 1743 2454 totius
1752 2429 1946 2457 Universitatis,
1957 2437 2017 2460 ymo
2028 2432 2056 2452 ut
2068 2428 2103 2451 ita
2114 2428 2215 2460 loquar,

1316 2474 1363 2491 uec
1386 2465 1479 2493 medie,
1497 2473 1543 2489 nec
1565 2465 1675 2489 forsitan
1694 2464 1773 2488 tercie
1793 2464 1876 2496 partis
1900 2464 1986 2495 (Ar-cb.
2009 2464 2063 2487 Vat.
2086 2471 2152 2489 arm.
2176 2465 2215 2493 511.

1316 2506 1343 2526 n·
1362 2501 1405 2530 2¹,
1426 2501 1470 2525 fol.
1491 2500 1564 2529 22³⁸:
1586 2500 1763 2532 compendiaco
1784 2500 1809 2523 in
1829 2499 1930 2523 Concil.
1950 2499 1990 2522 od.
2013 2499 2215 2529 Lunx-uun,

1317 2537 1401 2566 xxw,
1415 2537 1480 2566 8108).
1494 2536 1608 2560 Additur
1621 2544 1629 2559 :
1648 2544 1659 2559 α
1674 2536 1705 2559 Et
1724 2535 1766 2559 hic
1783 2535 1881 2559 domini
1894 2534 1926 2558 de
1942 2534 2117 2559 Univcraitnte
2134 2534 2216 2567 aliqui

1315 2575 1522 2599 murmurarunt,
1542 2571 1658 2595 dicente·
1678 2571 1747 2602 quod
1766 2578 1817 2594 non
1839 2573 1895 2594 erat
1915 2578 2003 2593 verum
2021 2578 2033 2593 ι»
2050 2569 2130 2601 (deut
2146 2570 2217 2602 apud

1315 2607 1508 2632 Luna-Manat
1519 2610 1544 2630 et
1556 2606 1626 2638 apud
1634 2606 1745 2638 Euius).
1757 2608 1828 2630 Certe
1837 2607 1922 2629 Petrus
1935 2605 2027 2628 Ravati
2034 2605 2216 2629 immoderatus

1314 2643 1374 2675 suit.
1383 2644 1474 2667 Tamen
1486 2642 1588 2675 aliquid
1597 2642 1650 2666 veri
1662 2642 1757 2665 latebat
1767 2642 1791 2665 in
1803 2641 1857 2674 eju:
1869 2640 2002 2667 neate-ntia.
2013 2643 2039 2663 ut
2051 2649 2064 2664 e
2076 2640 2215 2672 superiori-

1316 2679 1361 2703 Ima
1377 2681 1402 2703 et
1421 2687 1454 2702 ex
1470 2679 1540 2711 sacto
1558 2678 1767 2709 juramentorum
1785 2676 1849 2709 (vid.
1870 2684 1962 2708 supra,
1980 2684 2006 2707 p.
2025 2676 2079 2708 753)
2099 2679 2215 2707 apparet.

1315 2714 1383 2739 Idem
1391 2714 1455 2738 dicit
1463 2713 1713 2746 magisterNicoluus
1723 2712 1850 2736 Becher-er
1861 2719 1866 2735 :
1876 2719 1954 2743 quam
1965 2710 2214 2735 substractionem...

1315 2757 1426 2774 unacum
1450 2748 1635 2773 Universitatis
1665 2747 1757 2779 majori
1778 2750 1854 2779 paru
1883 2747 2079 2773 concluserunt.
2102 2749 2216 2770 attamen

1315 2785 1518 2818 quamplurimis
1535 2784 1613 2808 tacite
1632 2792 1683 2807 non
1702 2782 1934 2810 consentientibus.
1949 2786 2005 2805 ut...
2021 2781 2141 2813 pluribus
2154 2782 2217 2806 doc-

1315 2821 1416 2846 toribus
1431 2820 1618 2852 magistrisque
1637 2818 1820 2843 Universitati·
1835 2818 1902 2841 alme
1914 2817 1997 2842 Paria.
2011 2817 2215 2845 wzmucnn.

1316 2857 1443 2882 Dent-che
1453 2855 1693 2887 Reiclistagnakten,
1703 2854 1731 2881 V,
1746 2862 1770 2885 p.
1783 2854 1835 2877 597.

1345 2893 1369 2916 4.
1402 2893 1430 2915 ln
1446 2891 1558 2915 secundo
1575 2889 1691 2914 Concilio
1708 2889 1800 2918 Parin„
1815 2888 1846 2912 de
1858 2897 1907 2920 quo
1921 2896 2009 2920 cupra,
2023 2896 2049 2920 p.
2063 2888 2117 2917 721,
2128 2891 2181 2914 noe.
2192 2889 2217 2912 2.

1346 2929 1369 2952 ὅ.
1402 2929 1461 2952 Nat.
1479 2926 1573 2951 Gallie.
1586 2929 1610 2950 ct
1623 2925 1764 2950 Normann.

1345 2964 1369 2987 6.
1403 2964 1450 2986 Mn.
1461 2966 1487 2986 et
1496 2961 1566 2993 quia.

2273 13 2279 20 ·
2322 21 2324 23 .
2342 16 2354 37 ᾗ
2455 0 2632 32 <vr-&ms
