<?xml version="1.0" encoding="UTF-8"?>
<!DOCTYPE html PUBLIC "-//W3C//DTD XHTML 1.0 Transitional//EN"
    "http://www.w3.org/TR/xhtml1/DTD/xhtml1-transitional.dtd">
<html xmlns="http://www.w3.org/1999/xhtml" xml:lang="en" lang="en">
 <head>
  <title>
</title>
<meta http-equiv="Content-Type" content="text/html;charset=utf-8" />
  <meta name='ocr-system' content='tesseract 3.04.00' />
  <meta name='ocr-capabilities' content='ocr_page ocr_carea ocr_par ocr_line ocrx_word'/>
</head>
<body>
  <div class='ocr_page' id='page_1' title='image "auctariumchartul01univuoft_0170.png"; bbox 0 0 2632 3464; ppageno 0'>
   <div class='ocr_carea' id='block_1_1' title="bbox 444 409 493 434">
    <p class='ocr_par' dir='ltr' id='par_1_1' title="bbox 444 409 493 434">
     <span class='ocr_line' id='line_1_1' title="bbox 444 409 493 434; baseline 0.02 -1"><span class='ocrx_word' id='word_1_1' title='bbox 444 409 493 434; x_wconf 84' lang='lat'>167</span> 
     </span>
    </p>
   </div>
   <div class='ocr_carea' id='block_1_2' title="bbox 442 482 1356 807">
    <p class='ocr_par' dir='ltr' id='par_1_2' title="bbox 442 482 1356 719">
     <span class='ocr_line' id='line_1_2' title="bbox 443 482 1355 522; baseline -0.001 -10"><span class='ocrx_word' id='word_1_2' title='bbox 443 490 576 512; x_wconf 89' lang='lat' dir='ltr'>ratorem</span> <span class='ocrx_word' id='word_1_3' title='bbox 599 483 738 511; x_wconf 87' lang='lat' dir='ltr'>nacionis</span> <span class='ocrx_word' id='word_1_4' title='bbox 763 482 949 522; x_wconf 84' lang='lat' dir='ltr'>Anglicane,</span> <span class='ocrx_word' id='word_1_5' title='bbox 971 482 1002 511; x_wconf 92' lang='lat' dir='ltr'>in</span> <span class='ocrx_word' id='word_1_6' title='bbox 1030 482 1116 521; x_wconf 89' lang='lat' dir='ltr'>cujus</span> <span class='ocrx_word' id='word_1_7' title='bbox 1140 482 1355 522; x_wconf 87' lang='lat' dir='ltr'>procuratoria</span> 
     </span>
     <span class='ocr_line' id='line_1_3' title="bbox 443 531 1354 572; baseline -0.001 -11"><span class='ocrx_word' id='word_1_8' title='bbox 443 533 598 572; x_wconf 88' lang='lat' dir='ltr'>inceptum</span> <span class='ocrx_word' id='word_1_9' title='bbox 614 538 662 561; x_wconf 90' lang='lat' dir='ltr'>est</span> <span class='ocrx_word' id='word_1_10' title='bbox 679 531 812 571; x_wconf 85' lang='lat' dir='ltr'>litigium</span> <span class='ocrx_word' id='word_1_11' title='bbox 828 542 884 571; x_wconf 87' lang='lat' dir='ltr'>per</span> <span class='ocrx_word' id='word_1_12' title='bbox 899 531 1141 561; x_wconf 88' lang='lat' dir='ltr'>Universitatem</span> <span class='ocrx_word' id='word_1_13' title='bbox 1158 538 1267 561; x_wconf 91' lang='lat' dir='ltr'>contra</span> <span class='ocrx_word' id='word_1_14' title='bbox 1282 542 1354 571; x_wconf 91' lang='lat' dir='ltr'>pre-</span> 
     </span>
     <span class='ocr_line' id='line_1_4' title="bbox 443 580 1355 620; baseline -0.001 -10"><span class='ocrx_word' id='word_1_15' title='bbox 443 582 577 620; x_wconf 84' lang='lat' dir='ltr'>positum</span> <span class='ocrx_word' id='word_1_16' title='bbox 591 580 813 610; x_wconf 83' lang='lat' dir='ltr'>Parisiensem⁴</span> <span class='ocrx_word' id='word_1_17' title='bbox 833 591 928 620; x_wconf 88' lang='lat' dir='ltr'>super</span> <span class='ocrx_word' id='word_1_18' title='bbox 946 581 1121 620; x_wconf 90' lang='lat' dir='ltr'>atemptatis</span> <span class='ocrx_word' id='word_1_19' title='bbox 1138 587 1245 610; x_wconf 85' lang='lat' dir='ltr'>contra</span> <span class='ocrx_word' id='word_1_20' title='bbox 1256 580 1355 619; x_wconf 88' lang='lat' dir='ltr'>privi-</span> 
     </span>
     <span class='ocr_line' id='line_1_5' title="bbox 442 629 1356 670; baseline -0.001 -11"><span class='ocrx_word' id='word_1_21' title='bbox 442 631 522 670; x_wconf 88' lang='lat' dir='ltr'>legia</span> <span class='ocrx_word' id='word_1_22' title='bbox 538 637 567 659; x_wconf 91' lang='lat' dir='ltr'>et</span> <span class='ocrx_word' id='word_1_23' title='bbox 583 630 724 670; x_wconf 91' lang='lat' dir='ltr'>pluribus</span> <span class='ocrx_word' id='word_1_24' title='bbox 743 629 866 670; x_wconf 88' lang='lat' dir='ltr'>injuriis</span> <span class='ocrx_word' id='word_1_25' title='bbox 885 630 1044 670; x_wconf 81' lang='lat' dir='ltr'>magistris</span> <span class='ocrx_word' id='word_1_26' title='bbox 1062 637 1091 659; x_wconf 92' lang='lat' dir='ltr'>et</span> <span class='ocrx_word' id='word_1_27' title='bbox 1109 630 1282 659; x_wconf 88' lang='lat' dir='ltr'>scolaribus</span> <span class='ocrx_word' id='word_1_28' title='bbox 1299 639 1356 668; x_wconf 94' lang='lat' dir='ltr'>per</span> 
     </span>
     <span class='ocr_line' id='line_1_6' title="bbox 442 679 723 719; baseline 0 -11"><span class='ocrx_word' id='word_1_29' title='bbox 442 679 543 719; x_wconf 92' lang='lat' dir='ltr'>ipsum</span> <span class='ocrx_word' id='word_1_30' title='bbox 563 679 723 719; x_wconf 86' lang='lat' dir='ltr'>irrogatis.</span> 
     </span>
    </p>

    <p class='ocr_par' dir='ltr' id='par_1_3' title="bbox 442 727 1354 807">
     <span class='ocr_line' id='line_1_7' title="bbox 483 727 1354 766; baseline -0.003 -8"><span class='ocrx_word' id='word_1_31' title='bbox 483 728 523 758; x_wconf 90' lang='lat' dir='ltr'>Et</span> <span class='ocrx_word' id='word_1_32' title='bbox 537 727 776 758; x_wconf 75' lang='lat' dir='ltr'>determinavit²</span> <span class='ocrx_word' id='word_1_33' title='bbox 796 728 974 758; x_wconf 88' lang='lat' dir='ltr'>Bernardus</span> <span class='ocrx_word' id='word_1_34' title='bbox 998 729 1035 756; x_wconf 92' lang='lat' dir='ltr'>de</span> <span class='ocrx_word' id='word_1_35' title='bbox 1061 727 1156 756; x_wconf 88' lang='lat' dir='ltr'>Dacia</span> <span class='ocrx_word' id='word_1_36' title='bbox 1179 728 1236 756; x_wconf 90' lang='lat' dir='ltr'>sub</span> <span class='ocrx_word' id='word_1_37' title='bbox 1260 727 1354 766; x_wconf 90' lang='lat' dir='ltr'>magi-</span> 
     </span>
     <span class='ocr_line' id='line_1_8' title="bbox 442 778 709 807; baseline 0 0"><span class='ocrx_word' id='word_1_38' title='bbox 442 784 507 807; x_wconf 90' lang='lat' dir='ltr'>stro</span> <span class='ocrx_word' id='word_1_39' title='bbox 524 778 709 807; x_wconf 89' lang='lat' dir='ltr'>Wesekino.</span> 
     </span>
    </p>
   </div>
   <div class='ocr_carea' id='block_1_3' title="bbox 727 871 1068 981">
    <p class='ocr_par' dir='ltr' id='par_1_4' title="bbox 727 871 1068 981">
     <span class='ocr_line' id='line_1_9' title="bbox 849 871 946 900; baseline 0 -1"><span class='ocrx_word' id='word_1_40' title='bbox 849 871 946 900; x_wconf 88' lang='lat'>1353</span> 
     </span>
     <span class='ocr_line' id='line_1_10' title="bbox 727 941 1068 981; baseline 0.003 -11"><span class='ocrx_word' id='word_1_41' title='bbox 727 941 931 981; x_wconf 86' lang='lat' dir='ltr'>[Eglingus</span> <span class='ocrx_word' id='word_1_42' title='bbox 962 942 1068 979; x_wconf 87' lang='lat' dir='ltr'>Bos.]</span> 
     </span>
    </p>
   </div>
   <div class='ocr_carea' id='block_1_4' title="bbox 437 1021 1353 1544">
    <p class='ocr_par' dir='ltr' id='par_1_5' title="bbox 439 1021 1353 1357">
     <span class='ocr_line' id='line_1_11' title="bbox 480 1021 1351 1058; baseline -0.001 -6"><span class='ocrx_word' id='word_1_43' title='bbox 480 1023 570 1052; x_wconf 92' lang='lat' dir='ltr'>Anno</span> <span class='ocrx_word' id='word_1_44' title='bbox 599 1022 723 1052; x_wconf 86' lang='lat' dir='ltr'>Domini</span> <span class='ocrx_word' id='word_1_45' title='bbox 753 1023 842 1057; x_wconf 86' lang='lat'><strong>1353,</strong></span> <span class='ocrx_word' id='word_1_46' title='bbox 867 1022 983 1051; x_wconf 84' lang='lat' dir='ltr'>mensis</span> <span class='ocrx_word' id='word_1_47' title='bbox 1007 1021 1190 1051; x_wconf 84' lang='lat' dir='ltr'>Decembris</span> <span class='ocrx_word' id='word_1_48' title='bbox 1217 1022 1266 1051; x_wconf 90' lang='lat' dir='ltr'>die</span> <span class='ocrx_word' id='word_1_49' title='bbox 1291 1023 1351 1058; x_wconf 68' lang='lat'>16³,</span> 
     </span>
     <span class='ocr_line' id='line_1_12' title="bbox 441 1071 1353 1111; baseline -0.002 -9"><span class='ocrx_word' id='word_1_50' title='bbox 441 1073 514 1102; x_wconf 85' lang='lat' dir='ltr'>facta</span> <span class='ocrx_word' id='word_1_51' title='bbox 533 1072 780 1111; x_wconf 84' lang='lat' dir='ltr'>congregacione</span> <span class='ocrx_word' id='word_1_52' title='bbox 792 1071 1011 1111; x_wconf 85' lang='lat' dir='ltr'>magistrorum</span> <span class='ocrx_word' id='word_1_53' title='bbox 1025 1071 1165 1100; x_wconf 82' lang='lat' dir='ltr'>nacionis</span> <span class='ocrx_word' id='word_1_54' title='bbox 1183 1071 1353 1111; x_wconf 89' lang='lat' dir='ltr'>Anglicane</span> 
     </span>
     <span class='ocr_line' id='line_1_13' title="bbox 440 1120 1351 1161; baseline -0.002 -10"><span class='ocrx_word' id='word_1_55' title='bbox 440 1122 521 1161; x_wconf 85' lang='lat' dir='ltr'>apud</span> <span class='ocrx_word' id='word_1_56' title='bbox 531 1122 677 1150; x_wconf 86' lang='lat' dir='ltr'>Sanctum</span> <span class='ocrx_word' id='word_1_57' title='bbox 688 1120 843 1150; x_wconf 90' lang='lat' dir='ltr'>Julianum</span> <span class='ocrx_word' id='word_1_58' title='bbox 855 1130 950 1160; x_wconf 87' lang='lat' dir='ltr'>super</span> <span class='ocrx_word' id='word_1_59' title='bbox 958 1120 1114 1150; x_wconf 83' lang='lat' dir='ltr'>eleccione</span> <span class='ocrx_word' id='word_1_60' title='bbox 1127 1120 1351 1159; x_wconf 78' lang='lat' dir='ltr'>procuratoris,</span> 
     </span>
     <span class='ocr_line' id='line_1_14' title="bbox 439 1169 1352 1209; baseline 0 -10"><span class='ocrx_word' id='word_1_61' title='bbox 439 1171 555 1200; x_wconf 88' lang='lat' dir='ltr'>electus</span> <span class='ocrx_word' id='word_1_62' title='bbox 574 1170 630 1199; x_wconf 90' lang='lat' dir='ltr'>fuit</span> <span class='ocrx_word' id='word_1_63' title='bbox 647 1170 845 1199; x_wconf 88' lang='lat' dir='ltr'>concorditer</span> <span class='ocrx_word' id='word_1_64' title='bbox 862 1170 892 1198; x_wconf 92' lang='lat' dir='ltr'>in</span> <span class='ocrx_word' id='word_1_65' title='bbox 904 1176 1137 1209; x_wconf 88' lang='lat' dir='ltr'>procuratorem</span> <span class='ocrx_word' id='word_1_66' title='bbox 1154 1170 1234 1199; x_wconf 91' lang='lat' dir='ltr'>dicte</span> <span class='ocrx_word' id='word_1_67' title='bbox 1250 1169 1352 1199; x_wconf 85' lang='lat' dir='ltr'>nacio-</span> 
     </span>
     <span class='ocr_line' id='line_1_15' title="bbox 439 1219 1352 1258; baseline -0.001 -9"><span class='ocrx_word' id='word_1_68' title='bbox 439 1220 488 1249; x_wconf 87' lang='lat' dir='ltr'>nis</span> <span class='ocrx_word' id='word_1_69' title='bbox 507 1219 655 1258; x_wconf 84' lang='lat' dir='ltr'>magister</span> <span class='ocrx_word' id='word_1_70' title='bbox 671 1219 848 1258; x_wconf 86' lang='lat' dir='ltr'>Eglinghus</span> <span class='ocrx_word' id='word_1_71' title='bbox 868 1219 942 1254; x_wconf 88' lang='lat' dir='ltr'>Bos,</span> <span class='ocrx_word' id='word_1_72' title='bbox 963 1219 1096 1248; x_wconf 87' lang='lat' dir='ltr'>clericus</span> <span class='ocrx_word' id='word_1_73' title='bbox 1113 1219 1352 1248; x_wconf 89' lang='lat' dir='ltr'>Hildensemen-</span> 
     </span>
     <span class='ocr_line' id='line_1_16' title="bbox 440 1267 1352 1308; baseline 0 -10"><span class='ocrx_word' id='word_1_74' title='bbox 440 1269 484 1298; x_wconf 87' lang='lat' dir='ltr'>sis</span> <span class='ocrx_word' id='word_1_75' title='bbox 502 1269 659 1308; x_wconf 83' lang='lat' dir='ltr'>dyocesis,</span> <span class='ocrx_word' id='word_1_76' title='bbox 677 1268 762 1297; x_wconf 92' lang='lat' dir='ltr'>nullo</span> <span class='ocrx_word' id='word_1_77' title='bbox 781 1269 903 1307; x_wconf 88' lang='lat' dir='ltr'>penitus</span> <span class='ocrx_word' id='word_1_78' title='bbox 919 1268 1116 1303; x_wconf 85' lang='lat' dir='ltr'>reclamante,</span> <span class='ocrx_word' id='word_1_79' title='bbox 1130 1269 1160 1297; x_wconf 90' lang='lat' dir='ltr'>in</span> <span class='ocrx_word' id='word_1_80' title='bbox 1177 1267 1264 1308; x_wconf 88' lang='lat' dir='ltr'>cujus</span> <span class='ocrx_word' id='word_1_81' title='bbox 1276 1279 1352 1308; x_wconf 88' lang='lat' dir='ltr'>pro-</span> 
     </span>
     <span class='ocr_line' id='line_1_17' title="bbox 439 1318 1104 1357; baseline -0.002 -10"><span class='ocrx_word' id='word_1_82' title='bbox 439 1318 592 1347; x_wconf 86' lang='lat' dir='ltr'>curatoria</span> <span class='ocrx_word' id='word_1_83' title='bbox 608 1323 675 1346; x_wconf 89' lang='lat' dir='ltr'>acta</span> <span class='ocrx_word' id='word_1_84' title='bbox 691 1324 764 1346; x_wconf 91' lang='lat' dir='ltr'>sunt</span> <span class='ocrx_word' id='word_1_85' title='bbox 779 1327 838 1357; x_wconf 88' lang='lat' dir='ltr'>que</span> <span class='ocrx_word' id='word_1_86' title='bbox 855 1324 1030 1357; x_wconf 92' lang='lat' dir='ltr'>sequuntur</span> <span class='ocrx_word' id='word_1_87' title='bbox 1045 1324 1104 1347; x_wconf 92' lang='lat' dir='ltr'>etc.</span> 
     </span>
    </p>

    <p class='ocr_par' dir='ltr' id='par_1_6' title="bbox 437 1367 1352 1544">
     <span class='ocr_line' id='line_1_18' title="bbox 480 1367 1351 1406; baseline 0.001 -11"><span class='ocrx_word' id='word_1_88' title='bbox 480 1367 585 1396; x_wconf 86' lang='lat' dir='ltr'>Primo</span> <span class='ocrx_word' id='word_1_89' title='bbox 604 1377 786 1396; x_wconf 90' lang='lat' dir='ltr'>concessum</span> <span class='ocrx_word' id='word_1_90' title='bbox 806 1367 861 1396; x_wconf 88' lang='lat' dir='ltr'>fuit</span> <span class='ocrx_word' id='word_1_91' title='bbox 879 1367 1028 1406; x_wconf 88' lang='lat' dir='ltr'>magistro</span> <span class='ocrx_word' id='word_1_92' title='bbox 1045 1367 1178 1396; x_wconf 81' lang='lat' dir='ltr'>Johanni</span> <span class='ocrx_word' id='word_1_93' title='bbox 1193 1368 1231 1396; x_wconf 88' lang='lat' dir='ltr'>de</span> <span class='ocrx_word' id='word_1_94' title='bbox 1251 1367 1351 1397; x_wconf 88' lang='lat' dir='ltr'>Lova-</span> 
     </span>
     <span class='ocr_line' id='line_1_19' title="bbox 438 1415 1349 1456; baseline 0 -11"><span class='ocrx_word' id='word_1_95' title='bbox 438 1416 490 1445; x_wconf 93' lang='lat' dir='ltr'>nio</span> <span class='ocrx_word' id='word_1_96' title='bbox 507 1416 537 1445; x_wconf 92' lang='lat' dir='ltr'>in</span> <span class='ocrx_word' id='word_1_97' title='bbox 551 1415 799 1456; x_wconf 82' lang='lat' dir='ltr'>congregacione</span> <span class='ocrx_word' id='word_1_98' title='bbox 813 1416 952 1445; x_wconf 87' lang='lat' dir='ltr'>nacionis</span> <span class='ocrx_word' id='word_1_99' title='bbox 968 1423 1001 1446; x_wconf 90' lang='lat' dir='ltr'>ut</span> <span class='ocrx_word' id='word_1_100' title='bbox 1016 1427 1073 1456; x_wconf 91' lang='lat' dir='ltr'>pro</span> <span class='ocrx_word' id='word_1_101' title='bbox 1088 1427 1148 1445; x_wconf 93' lang='lat' dir='ltr'>uno</span> <span class='ocrx_word' id='word_1_102' title='bbox 1162 1416 1349 1452; x_wconf 83' lang='lat' dir='ltr'>bachalario,</span> 
     </span>
     <span class='ocr_line' id='line_1_20' title="bbox 439 1465 1352 1505; baseline 0.001 -11"><span class='ocrx_word' id='word_1_103' title='bbox 439 1476 529 1505; x_wconf 89' lang='lat' dir='ltr'>quem</span> <span class='ocrx_word' id='word_1_104' title='bbox 556 1476 573 1494; x_wconf 89' lang='lat' dir='ltr'>a</span> <span class='ocrx_word' id='word_1_105' title='bbox 604 1465 733 1494; x_wconf 87' lang='lat' dir='ltr'>nacione</span> <span class='ocrx_word' id='word_1_106' title='bbox 770 1465 884 1494; x_wconf 89' lang='lat' dir='ltr'>habere</span> <span class='ocrx_word' id='word_1_107' title='bbox 917 1466 1063 1501; x_wconf 86' lang='lat' dir='ltr'>debebat,</span> <span class='ocrx_word' id='word_1_108' title='bbox 1097 1477 1190 1495; x_wconf 89' lang='lat' dir='ltr'>unum</span> <span class='ocrx_word' id='word_1_109' title='bbox 1224 1466 1352 1496; x_wconf 87' lang='lat' dir='ltr'>haberet</span> 
     </span>
     <span class='ocr_line' id='line_1_21' title="bbox 437 1515 704 1544; baseline -0.004 0"><span class='ocrx_word' id='word_1_110' title='bbox 437 1515 704 1544; x_wconf 84' lang='lat' dir='ltr'>determinantem.</span> 
     </span>
    </p>
   </div>
   <div class='ocr_carea' id='block_1_5' title="bbox 605 1609 1180 1721">
    <p class='ocr_par' dir='ltr' id='par_1_7' title="bbox 605 1609 1180 1721">
     <span class='ocr_line' id='line_1_22' title="bbox 848 1609 946 1638; baseline 0 -1"><span class='ocrx_word' id='word_1_111' title='bbox 848 1609 946 1638; x_wconf 84' lang='lat'>1354</span> 
     </span>
     <span class='ocr_line' id='line_1_23' title="bbox 605 1680 1180 1721; baseline 0.003 -12"><span class='ocrx_word' id='word_1_112' title='bbox 605 1680 678 1720; x_wconf 78' lang='lat' dir='ltr'><em>(Fol.</em></span> <span class='ocrx_word' id='word_1_113' title='bbox 698 1680 950 1720; x_wconf 76' lang='lat' dir='ltr'>21)J0hannes</span> <span class='ocrx_word' id='word_1_114' title='bbox 978 1682 1020 1710; x_wconf 92' lang='lat' dir='ltr'>de</span> <span class='ocrx_word' id='word_1_115' title='bbox 1048 1681 1180 1721; x_wconf 87' lang='lat' dir='ltr'>Aquis.</span> 
     </span>
    </p>
   </div>
   <div class='ocr_carea' id='block_1_6' title="bbox 432 1741 1350 2736">
    <p class='ocr_par' dir='ltr' id='par_1_8' title="bbox 754 1741 835 1753">
     <span class='ocr_line' id='line_1_24' title="bbox 754 1741 835 1753; baseline 0 0"><span class='ocrx_word' id='word_1_116' title='bbox 754 1741 766 1753; x_wconf 87' lang='grc'><strong>0</strong></span> <span class='ocrx_word' id='word_1_117' title='bbox 822 1741 835 1753; x_wconf 87' lang='grc'><strong>0</strong></span> 
     </span>
    </p>

    <p class='ocr_par' dir='ltr' id='par_1_9' title="bbox 435 1761 1350 2098">
     <span class='ocr_line' id='line_1_25' title="bbox 475 1761 1349 1802; baseline 0.001 -11"><span class='ocrx_word' id='word_1_118' title='bbox 475 1762 567 1791; x_wconf 88' lang='lat' dir='ltr'>Anno</span> <span class='ocrx_word' id='word_1_119' title='bbox 594 1761 718 1790; x_wconf 91' lang='lat' dir='ltr'>Domini</span> <span class='ocrx_word' id='word_1_120' title='bbox 748 1761 995 1796; x_wconf 87' lang='lat' dir='ltr'>M.CCC.LIIII,</span> <span class='ocrx_word' id='word_1_121' title='bbox 1020 1762 1150 1792; x_wconf 72' lang='lat' dir='ltr'>octava-&#39;⁶</span> <span class='ocrx_word' id='word_1_122' title='bbox 1174 1763 1349 1802; x_wconf 87' lang='lat' dir='ltr'>Epiphanie</span> 
     </span>
     <span class='ocr_line' id='line_1_26' title="bbox 438 1810 1350 1852; baseline 0.002 -12"><span class='ocrx_word' id='word_1_123' title='bbox 438 1810 574 1845; x_wconf 91' lang='lat' dir='ltr'>Domini,</span> <span class='ocrx_word' id='word_1_124' title='bbox 586 1811 663 1839; x_wconf 84' lang='lat' dir='ltr'>facta</span> <span class='ocrx_word' id='word_1_125' title='bbox 677 1811 925 1850; x_wconf 85' lang='lat' dir='ltr'>congregacione</span> <span class='ocrx_word' id='word_1_126' title='bbox 935 1811 1075 1840; x_wconf 88' lang='lat' dir='ltr'>nacionis</span> <span class='ocrx_word' id='word_1_127' title='bbox 1084 1811 1256 1851; x_wconf 90' lang='lat' dir='ltr'>Anglicane</span> <span class='ocrx_word' id='word_1_128' title='bbox 1268 1813 1350 1852; x_wconf 84' lang='lat' dir='ltr'>apud</span> 
     </span>
     <span class='ocr_line' id='line_1_27' title="bbox 438 1859 1348 1900; baseline 0.003 -12"><span class='ocrx_word' id='word_1_129' title='bbox 438 1860 582 1889; x_wconf 90' lang='lat' dir='ltr'>Sanctum</span> <span class='ocrx_word' id='word_1_130' title='bbox 611 1859 798 1888; x_wconf 88' lang='lat' dir='ltr'>Maturinum</span> <span class='ocrx_word' id='word_1_131' title='bbox 829 1870 924 1899; x_wconf 89' lang='lat' dir='ltr'>super</span> <span class='ocrx_word' id='word_1_132' title='bbox 955 1860 1110 1890; x_wconf 88' lang='lat' dir='ltr'>eleccione</span> <span class='ocrx_word' id='word_1_133' title='bbox 1136 1862 1348 1900; x_wconf 83' lang='lat' dir='ltr'>procuratoris</span> 
     </span>
     <span class='ocr_line' id='line_1_28' title="bbox 436 1908 1348 1950; baseline 0.004 -13"><span class='ocrx_word' id='word_1_134' title='bbox 436 1909 585 1943; x_wconf 88' lang='lat' dir='ltr'>facienda,</span> <span class='ocrx_word' id='word_1_135' title='bbox 603 1908 720 1938; x_wconf 86' lang='lat' dir='ltr'>electus</span> <span class='ocrx_word' id='word_1_136' title='bbox 736 1909 792 1938; x_wconf 88' lang='lat' dir='ltr'>fuit</span> <span class='ocrx_word' id='word_1_137' title='bbox 803 1909 833 1938; x_wconf 92' lang='lat' dir='ltr'>in</span> <span class='ocrx_word' id='word_1_138' title='bbox 851 1916 1082 1948; x_wconf 85' lang='lat' dir='ltr'>procuratorem</span> <span class='ocrx_word' id='word_1_139' title='bbox 1095 1909 1232 1950; x_wconf 91' lang='lat' dir='ltr'>ejusdem</span> <span class='ocrx_word' id='word_1_140' title='bbox 1242 1911 1348 1941; x_wconf 85' lang='lat' dir='ltr'>nacio-</span> 
     </span>
     <span class='ocr_line' id='line_1_29' title="bbox 436 1957 1349 2000; baseline 0.004 -14"><span class='ocrx_word' id='word_1_141' title='bbox 436 1958 485 1987; x_wconf 88' lang='lat' dir='ltr'>nis</span> <span class='ocrx_word' id='word_1_142' title='bbox 500 1958 648 1997; x_wconf 78' lang='lat' dir='ltr'>magister</span> <span class='ocrx_word' id='word_1_143' title='bbox 663 1958 819 1987; x_wconf 87' lang='lat' dir='ltr'>Jobannes</span> <span class='ocrx_word' id='word_1_144' title='bbox 837 1957 937 1987; x_wconf 89' lang='lat' dir='ltr'>dictus</span> <span class='ocrx_word' id='word_1_145' title='bbox 956 1959 1083 1988; x_wconf 88' lang='lat' dir='ltr'>Resdail</span> <span class='ocrx_word' id='word_1_146' title='bbox 1101 1960 1139 1989; x_wconf 91' lang='lat' dir='ltr'>de</span> <span class='ocrx_word' id='word_1_147' title='bbox 1154 1959 1254 2000; x_wconf 90' lang='lat' dir='ltr'>Aquis</span> <span class='ocrx_word' id='word_1_148' title='bbox 1273 1971 1349 1990; x_wconf 93' lang='lat' dir='ltr'>con-</span> 
     </span>
     <span class='ocr_line' id='line_1_30' title="bbox 435 2007 1348 2047; baseline 0.005 -12"><span class='ocrx_word' id='word_1_149' title='bbox 435 2007 583 2041; x_wconf 88' lang='lat' dir='ltr'>corditer,</span> <span class='ocrx_word' id='word_1_150' title='bbox 607 2007 692 2036; x_wconf 93' lang='lat' dir='ltr'>nullo</span> <span class='ocrx_word' id='word_1_151' title='bbox 712 2007 931 2047; x_wconf 80' lang='lat' dir='ltr'>magistrorum</span> <span class='ocrx_word' id='word_1_152' title='bbox 954 2009 1078 2047; x_wconf 84' lang='lat' dir='ltr'>penitus</span> <span class='ocrx_word' id='word_1_153' title='bbox 1095 2009 1291 2040; x_wconf 86' lang='lat' dir='ltr'>reclamante.</span> <span class='ocrx_word' id='word_1_154' title='bbox 1314 2011 1348 2040; x_wconf 92' lang='lat' dir='ltr'>In</span> 
     </span>
     <span class='ocr_line' id='line_1_31' title="bbox 435 2055 1310 2098; baseline 0.005 -13"><span class='ocrx_word' id='word_1_155' title='bbox 435 2055 522 2096; x_wconf 87' lang='lat' dir='ltr'>cujus</span> <span class='ocrx_word' id='word_1_156' title='bbox 542 2057 754 2095; x_wconf 85' lang='lat' dir='ltr'>procuratoria</span> <span class='ocrx_word' id='word_1_157' title='bbox 771 2057 845 2086; x_wconf 81' lang='lat' dir='ltr'>facta</span> <span class='ocrx_word' id='word_1_158' title='bbox 865 2063 936 2086; x_wconf 89' lang='lat' dir='ltr'>sunt</span> <span class='ocrx_word' id='word_1_159' title='bbox 954 2057 1009 2087; x_wconf 92' lang='lat' dir='ltr'>hec</span> <span class='ocrx_word' id='word_1_160' title='bbox 1024 2056 1109 2098; x_wconf 89' lang='lat' dir='ltr'>[que]</span> <span class='ocrx_word' id='word_1_161' title='bbox 1127 2065 1310 2098; x_wconf 88' lang='lat' dir='ltr'>sequuntur.</span> 
     </span>
    </p>

    <p class='ocr_par' dir='ltr' id='par_1_10' title="bbox 433 2106 1348 2343">
     <span class='ocr_line' id='line_1_32' title="bbox 477 2106 1348 2146; baseline 0.005 -12"><span class='ocrx_word' id='word_1_162' title='bbox 477 2106 551 2134; x_wconf 89' lang='lat' dir='ltr'>Item</span> <span class='ocrx_word' id='word_1_163' title='bbox 577 2107 654 2134; x_wconf 88' lang='lat' dir='ltr'>facta</span> <span class='ocrx_word' id='word_1_164' title='bbox 683 2106 931 2146; x_wconf 81' lang='lat' dir='ltr'>congregacione</span> <span class='ocrx_word' id='word_1_165' title='bbox 957 2107 1176 2146; x_wconf 88' lang='lat' dir='ltr'>magistrorum</span> <span class='ocrx_word' id='word_1_166' title='bbox 1208 2109 1348 2138; x_wconf 87' lang='lat' dir='ltr'>nacionis</span> 
     </span>
     <span class='ocr_line' id='line_1_33' title="bbox 436 2154 1347 2196; baseline 0.005 -13"><span class='ocrx_word' id='word_1_167' title='bbox 436 2155 573 2194; x_wconf 84' lang='lat' dir='ltr'>predicte</span> <span class='ocrx_word' id='word_1_168' title='bbox 603 2154 633 2183; x_wconf 91' lang='lat' dir='ltr'>in</span> <span class='ocrx_word' id='word_1_169' title='bbox 667 2155 716 2184; x_wconf 90' lang='lat' dir='ltr'>die</span> <span class='ocrx_word' id='word_1_170' title='bbox 744 2155 876 2195; x_wconf 85' lang='lat' dir='ltr'>Agnetis</span> <span class='ocrx_word' id='word_1_171' title='bbox 905 2156 1038 2196; x_wconf 80' lang='lat' dir='ltr'>virginis</span> <span class='ocrx_word' id='word_1_172' title='bbox 1050 2155 1060 2174; x_wconf 76' lang='lat'>⁴</span> <span class='ocrx_word' id='word_1_173' title='bbox 1091 2158 1173 2196; x_wconf 90' lang='lat' dir='ltr'>apud</span> <span class='ocrx_word' id='word_1_174' title='bbox 1203 2158 1347 2188; x_wconf 90' lang='lat' dir='ltr'>Sanctum</span> 
     </span>
     <span class='ocr_line' id='line_1_34' title="bbox 433 2204 1346 2244; baseline 0.005 -12"><span class='ocrx_word' id='word_1_175' title='bbox 433 2204 588 2233; x_wconf 67' lang='lat' dir='ltr'>‚lulianum</span> <span class='ocrx_word' id='word_1_176' title='bbox 611 2214 778 2243; x_wconf 83' lang='lat' dir='ltr'>pauperem</span> <span class='ocrx_word' id='word_1_177' title='bbox 806 2215 901 2244; x_wconf 89' lang='lat' dir='ltr'>super</span> <span class='ocrx_word' id='word_1_178' title='bbox 925 2205 1080 2235; x_wconf 85' lang='lat' dir='ltr'>eleccione</span> <span class='ocrx_word' id='word_1_179' title='bbox 1104 2206 1346 2237; x_wconf 83' lang='lat' dir='ltr'>examinancium</span> 
     </span>
     <span class='ocr_line' id='line_1_35' title="bbox 434 2253 1348 2296; baseline 0.005 -15"><span class='ocrx_word' id='word_1_180' title='bbox 434 2254 515 2292; x_wconf 88' lang='lat' dir='ltr'>apud</span> <span class='ocrx_word' id='word_1_181' title='bbox 530 2253 671 2282; x_wconf 81' lang='lat' dir='ltr'>Sanctam</span> <span class='ocrx_word' id='word_1_182' title='bbox 689 2253 868 2283; x_wconf 89' lang='lat' dir='ltr'>Genofefam</span> <span class='ocrx_word' id='word_1_183' title='bbox 883 2255 1032 2289; x_wconf 81' lang='lat' dir='ltr'>facienda,</span> <span class='ocrx_word' id='word_1_184' title='bbox 1048 2255 1164 2285; x_wconf 88' lang='lat' dir='ltr'>electus</span> <span class='ocrx_word' id='word_1_185' title='bbox 1178 2256 1235 2285; x_wconf 80' lang='lat' dir='ltr'>fuit</span> <span class='ocrx_word' id='word_1_186' title='bbox 1250 2257 1348 2296; x_wconf 90' lang='lat' dir='ltr'>magi-</span> 
     </span>
     <span class='ocr_line' id='line_1_36' title="bbox 434 2302 1345 2343; baseline 0.004 -12"><span class='ocrx_word' id='word_1_187' title='bbox 434 2308 498 2331; x_wconf 89' lang='lat' dir='ltr'>ster</span> <span class='ocrx_word' id='word_1_188' title='bbox 511 2302 676 2332; x_wconf 86' lang='lat' dir='ltr'>Wiskinus</span> <span class='ocrx_word' id='word_1_189' title='bbox 689 2302 772 2332; x_wconf 92' lang='lat' dir='ltr'>nullo</span> <span class='ocrx_word' id='word_1_190' title='bbox 784 2303 1004 2342; x_wconf 88' lang='lat' dir='ltr'>magistrorum</span> <span class='ocrx_word' id='word_1_191' title='bbox 1015 2304 1139 2343; x_wconf 89' lang='lat' dir='ltr'>penitus</span> <span class='ocrx_word' id='word_1_192' title='bbox 1148 2306 1345 2336; x_wconf 87' lang='lat' dir='ltr'>reclamante.</span> 
     </span>
    </p>

    <p class='ocr_par' dir='ltr' id='par_1_11' title="bbox 432 2351 1347 2736">
     <span class='ocr_line' id='line_1_37' title="bbox 476 2351 1347 2393; baseline 0.006 -13"><span class='ocrx_word' id='word_1_193' title='bbox 476 2351 550 2380; x_wconf 87' lang='lat' dir='ltr'>Item</span> <span class='ocrx_word' id='word_1_194' title='bbox 573 2352 650 2381; x_wconf 88' lang='lat' dir='ltr'>facta</span> <span class='ocrx_word' id='word_1_195' title='bbox 667 2353 915 2392; x_wconf 82' lang='lat' dir='ltr'>congregacione</span> <span class='ocrx_word' id='word_1_196' title='bbox 938 2353 1075 2392; x_wconf 85' lang='lat' dir='ltr'>generali</span> <span class='ocrx_word' id='word_1_197' title='bbox 1098 2355 1180 2393; x_wconf 89' lang='lat' dir='ltr'>apud</span> <span class='ocrx_word' id='word_1_198' title='bbox 1202 2355 1347 2385; x_wconf 87' lang='lat' dir='ltr'>Sanctum</span> 
     </span>
     <span class='ocr_line' id='line_1_38' title="bbox 434 2400 1347 2442; baseline 0.005 -13"><span class='ocrx_word' id='word_1_199' title='bbox 434 2400 621 2429; x_wconf 88' lang='lat' dir='ltr'>Maturinum</span> <span class='ocrx_word' id='word_1_200' title='bbox 647 2401 677 2430; x_wconf 91' lang='lat' dir='ltr'>in</span> <span class='ocrx_word' id='word_1_201' title='bbox 701 2401 750 2430; x_wconf 89' lang='lat' dir='ltr'>die</span> <span class='ocrx_word' id='word_1_202' title='bbox 772 2401 880 2431; x_wconf 89' lang='lat' dir='ltr'>Brisce</span> <span class='ocrx_word' id='word_1_203' title='bbox 902 2402 1058 2442; x_wconf 87' lang='lat' dir='ltr'>virginis⁵</span> <span class='ocrx_word' id='word_1_204' title='bbox 1079 2413 1173 2442; x_wconf 90' lang='lat' dir='ltr'>super</span> <span class='ocrx_word' id='word_1_205' title='bbox 1198 2405 1347 2434; x_wconf 83' lang='lat' dir='ltr'>missione</span> 
     </span>
     <span class='ocr_line' id='line_1_39' title="bbox 434 2450 1347 2490; baseline 0.005 -12"><span class='ocrx_word' id='word_1_206' title='bbox 434 2456 463 2478; x_wconf 91' lang='lat' dir='ltr'>et</span> <span class='ocrx_word' id='word_1_207' title='bbox 479 2450 671 2489; x_wconf 87' lang='lat' dir='ltr'>sigillacione</span> <span class='ocrx_word' id='word_1_208' title='bbox 688 2450 803 2485; x_wconf 84' lang='lat' dir='ltr'>littere,</span> <span class='ocrx_word' id='word_1_209' title='bbox 820 2462 910 2490; x_wconf 89' lang='lat' dir='ltr'>quam</span> <span class='ocrx_word' id='word_1_210' title='bbox 924 2451 1118 2482; x_wconf 86' lang='lat' dir='ltr'>Universitas</span> <span class='ocrx_word' id='word_1_211' title='bbox 1133 2453 1265 2483; x_wconf 87' lang='lat' dir='ltr'>debebat</span> <span class='ocrx_word' id='word_1_212' title='bbox 1280 2454 1347 2484; x_wconf 90' lang='lat' dir='ltr'>mit-</span> 
     </span>
     <span class='ocr_line' id='line_1_40' title="bbox 433 2499 1345 2541; baseline 0.007 -14"><span class='ocrx_word' id='word_1_213' title='bbox 433 2504 497 2528; x_wconf 91' lang='lat' dir='ltr'>tere</span> <span class='ocrx_word' id='word_1_214' title='bbox 516 2499 583 2538; x_wconf 87' lang='lat' dir='ltr'>regi</span> <span class='ocrx_word' id='word_1_215' title='bbox 602 2499 738 2528; x_wconf 87' lang='lat' dir='ltr'>Navarre</span> <span class='ocrx_word' id='word_1_216' title='bbox 757 2510 852 2539; x_wconf 89' lang='lat' dir='ltr'>super</span> <span class='ocrx_word' id='word_1_217' title='bbox 870 2501 1075 2540; x_wconf 83' lang='lat' dir='ltr'>responsione</span> <span class='ocrx_word' id='word_1_218' title='bbox 1091 2502 1345 2541; x_wconf 88' lang='lat' dir='ltr'>supplicacionis,</span> 
     </span>
     <span class='ocr_line' id='line_1_41' title="bbox 434 2548 1346 2591; baseline 0.007 -15"><span class='ocrx_word' id='word_1_219' title='bbox 434 2558 524 2586; x_wconf 87' lang='lat' dir='ltr'>quam</span> <span class='ocrx_word' id='word_1_220' title='bbox 544 2548 739 2578; x_wconf 84' lang='lat' dir='ltr'>Universitas</span> <span class='ocrx_word' id='word_1_221' title='bbox 756 2549 864 2578; x_wconf 89' lang='lat' dir='ltr'>debuit</span> <span class='ocrx_word' id='word_1_222' title='bbox 882 2550 981 2579; x_wconf 88' lang='lat' dir='ltr'>facere</span> <span class='ocrx_word' id='word_1_223' title='bbox 999 2560 1101 2579; x_wconf 90' lang='lat' dir='ltr'>coram</span> <span class='ocrx_word' id='word_1_224' title='bbox 1122 2561 1196 2591; x_wconf 86' lang='lat' dir='ltr'>rege</span> <span class='ocrx_word' id='word_1_225' title='bbox 1218 2552 1346 2582; x_wconf 86' lang='lat' dir='ltr'>Francie</span> 
     </span>
     <span class='ocr_line' id='line_1_42' title="bbox 434 2598 1346 2642; baseline 0.007 -16"><span class='ocrx_word' id='word_1_226' title='bbox 434 2607 528 2636; x_wconf 86' lang='lat' dir='ltr'>super</span> <span class='ocrx_word' id='word_1_227' title='bbox 562 2598 775 2627; x_wconf 88' lang='lat' dir='ltr'>interfectione</span> <span class='ocrx_word' id='word_1_228' title='bbox 809 2599 1030 2628; x_wconf 84' lang='lat' dir='ltr'>constabularii</span> <span class='ocrx_word' id='word_1_229' title='bbox 1043 2599 1055 2617; x_wconf 69' lang='grc' dir='ltr'><strong>θ</strong></span> <span class='ocrx_word' id='word_1_230' title='bbox 1089 2599 1227 2639; x_wconf 89' lang='lat' dir='ltr'>ejusdem</span> <span class='ocrx_word' id='word_1_231' title='bbox 1261 2603 1346 2642; x_wconf 87' lang='lat' dir='ltr'>regis</span> 
     </span>
     <span class='ocr_line' id='line_1_43' title="bbox 435 2646 1346 2691; baseline 0.008 -17"><span class='ocrx_word' id='word_1_232' title='bbox 435 2646 580 2682; x_wconf 87' lang='lat' dir='ltr'>Francie,</span> <span class='ocrx_word' id='word_1_233' title='bbox 598 2647 849 2677; x_wconf 87' lang='lat' dir='ltr'>deliberaverunt</span> <span class='ocrx_word' id='word_1_234' title='bbox 868 2658 975 2677; x_wconf 90' lang='lat' dir='ltr'>omnes</span> <span class='ocrx_word' id='word_1_235' title='bbox 996 2649 1155 2679; x_wconf 85' lang='lat' dir='ltr'>facultates</span> <span class='ocrx_word' id='word_1_236' title='bbox 1176 2652 1259 2689; x_wconf 88' lang='lat' dir='ltr'>quod</span> <span class='ocrx_word' id='word_1_237' title='bbox 1279 2652 1346 2691; x_wconf 89' lang='lat' dir='ltr'>pla-</span> 
     </span>
     <span class='ocr_line' id='line_1_44' title="bbox 432 2695 1346 2736; baseline 0.008 -13"><span class='ocrx_word' id='word_1_238' title='bbox 432 2702 517 2724; x_wconf 90' lang='lat' dir='ltr'>ceret</span> <span class='ocrx_word' id='word_1_239' title='bbox 535 2695 579 2724; x_wconf 90' lang='lat' dir='ltr'>eis</span> <span class='ocrx_word' id='word_1_240' title='bbox 597 2696 749 2736; x_wconf 86' lang='lat' dir='ltr'>sigillacio</span> <span class='ocrx_word' id='word_1_241' title='bbox 767 2703 797 2725; x_wconf 89' lang='lat' dir='ltr'>et</span> <span class='ocrx_word' id='word_1_242' title='bbox 815 2696 935 2732; x_wconf 86' lang='lat' dir='ltr'>missio,</span> <span class='ocrx_word' id='word_1_243' title='bbox 954 2698 1120 2727; x_wconf 90' lang='lat' dir='ltr'>dummodo</span> <span class='ocrx_word' id='word_1_244' title='bbox 1136 2698 1195 2728; x_wconf 90' lang='lat' dir='ltr'>hoc</span> <span class='ocrx_word' id='word_1_245' title='bbox 1210 2701 1346 2730; x_wconf 89' lang='lat' dir='ltr'>vocabu-</span> 
     </span>
    </p>
   </div>
   <div class='ocr_carea' id='block_1_7' title="bbox 463 2789 1015 2956">
    <p class='ocr_par' dir='ltr' id='par_1_12' title="bbox 464 2789 919 2814">
     <span class='ocr_line' id='line_1_45' title="bbox 464 2789 919 2814; baseline 0.004 -2"><span class='ocrx_word' id='word_1_246' title='bbox 464 2789 487 2812; x_wconf 86' lang='grc'>1.</span> <span class='ocrx_word' id='word_1_247' title='bbox 522 2789 699 2813; x_wconf 76' lang='lat' dir='ltr'>Alexandrum</span> <span class='ocrx_word' id='word_1_248' title='bbox 713 2790 744 2813; x_wconf 87' lang='lat' dir='ltr'>de</span> <span class='ocrx_word' id='word_1_249' title='bbox 758 2790 919 2814; x_wconf 82' lang='lat' dir='ltr'>Crevecoeur.</span> 
     </span>
    </p>

    <p class='ocr_par' dir='ltr' id='par_1_13' title="bbox 464 2825 1015 2885">
     <span class='ocr_line' id='line_1_46' title="bbox 464 2825 1015 2858; baseline 0.007 -11"><span class='ocrx_word' id='word_1_250' title='bbox 464 2825 485 2848; x_wconf 83' lang='lat'>2.</span> <span class='ocrx_word' id='word_1_251' title='bbox 526 2826 606 2848; x_wconf 77' lang='lat' dir='ltr'>Verba</span> <span class='ocrx_word' id='word_1_252' title='bbox 619 2834 685 2857; x_wconf 83' lang='lat' dir='ltr'>quae</span> <span class='ocrx_word' id='word_1_253' title='bbox 697 2829 837 2858; x_wconf 70' lang='lat' dir='ltr'>sequuntur</span> <span class='ocrx_word' id='word_1_254' title='bbox 851 2826 935 2850; x_wconf 75' lang='lat' dir='ltr'>deleta</span> <span class='ocrx_word' id='word_1_255' title='bbox 949 2829 1015 2851; x_wconf 69' lang='lat' dir='ltr'>sunl.</span> 
     </span>
     <span class='ocr_line' id='line_1_47' title="bbox 465 2860 693 2885; baseline 0.013 -3"><span class='ocrx_word' id='word_1_256' title='bbox 465 2861 486 2883; x_wconf 84' lang='lat'>3.</span> <span class='ocrx_word' id='word_1_257' title='bbox 523 2860 552 2884; x_wconf 81' lang='lat'>13</span> <span class='ocrx_word' id='word_1_258' title='bbox 565 2861 693 2885; x_wconf 60' lang='lat' dir='ltr'>Januarizl</span> 
     </span>
    </p>

    <p class='ocr_par' dir='ltr' id='par_1_14' title="bbox 463 2896 691 2920">
     <span class='ocr_line' id='line_1_48' title="bbox 463 2896 691 2920; baseline 0.009 -2"><span class='ocrx_word' id='word_1_259' title='bbox 463 2897 485 2918; x_wconf 76' lang='lat'>4.</span> <span class='ocrx_word' id='word_1_260' title='bbox 521 2896 547 2919; x_wconf 83' lang='lat'>21</span> <span class='ocrx_word' id='word_1_261' title='bbox 563 2897 691 2920; x_wconf 79' lang='lat' dir='ltr'>Ianuarii.</span> 
     </span>
    </p>

    <p class='ocr_par' dir='ltr' id='par_1_15' title="bbox 465 2933 690 2956">
     <span class='ocr_line' id='line_1_49' title="bbox 465 2933 690 2956; baseline 0.009 -2"><span class='ocrx_word' id='word_1_262' title='bbox 465 2933 486 2955; x_wconf 82' lang='lat'>5.</span> <span class='ocrx_word' id='word_1_263' title='bbox 521 2933 550 2955; x_wconf 79' lang='lat'>18</span> <span class='ocrx_word' id='word_1_264' title='bbox 562 2933 690 2956; x_wconf 74' lang='lat' dir='ltr'>Ianuarii.</span> 
     </span>
    </p>
   </div>
   <div class='ocr_carea' id='block_1_8' title="bbox 987 406 1837 434">
    <p class='ocr_par' dir='ltr' id='par_1_16' title="bbox 987 406 1837 434">
     <span class='ocr_line' id='line_1_50' title="bbox 987 406 1837 434; baseline 0.001 -1"><span class='ocrx_word' id='word_1_265' title='bbox 987 406 1212 433; x_wconf 86' lang='lat' dir='ltr'>AUCTARIUM</span> <span class='ocrx_word' id='word_1_266' title='bbox 1237 406 1497 432; x_wconf 82' lang='lat' dir='ltr'>CHARTULARII</span> <span class='ocrx_word' id='word_1_267' title='bbox 1522 407 1696 433; x_wconf 89' lang='lat' dir='ltr'>UNIVERS.</span> <span class='ocrx_word' id='word_1_268' title='bbox 1718 407 1837 434; x_wconf 84' lang='lat' dir='ltr'>PARIS.</span> 
     </span>
    </p>
   </div>
   <div class='ocr_carea' id='block_1_9' title="bbox 1410 683 1426 708">
    <p class='ocr_par' dir='ltr' id='par_1_17' title="bbox 1410 683 1426 708">
     <span class='ocr_line' id='line_1_51' title="bbox 1410 683 1426 708; baseline 0 0"><span class='ocrx_word' id='word_1_269' title='bbox 1410 683 1426 708; x_wconf 83' lang='lat'>5</span> 
     </span>
    </p>
   </div>
   <div class='ocr_carea' id='block_1_10' title="bbox 1392 929 1425 954">
    <p class='ocr_par' dir='ltr' id='par_1_18' title="bbox 1392 929 1425 954">
     <span class='ocr_line' id='line_1_52' title="bbox 1392 929 1425 954; baseline 0 0"><span class='ocrx_word' id='word_1_270' title='bbox 1392 929 1425 954; x_wconf 93' lang='grc'>10</span> 
     </span>
    </p>
   </div>
   <div class='ocr_carea' id='block_1_11' title="bbox 1391 1175 1424 1200">
    <p class='ocr_par' dir='ltr' id='par_1_19' title="bbox 1391 1175 1424 1200">
     <span class='ocr_line' id='line_1_53' title="bbox 1391 1175 1424 1200; baseline 0 0"><span class='ocrx_word' id='word_1_271' title='bbox 1391 1175 1424 1200; x_wconf 90' lang='grc'>15</span> 
     </span>
    </p>
   </div>
   <div class='ocr_carea' id='block_1_12' title="bbox 1389 1421 1422 1447">
    <p class='ocr_par' dir='ltr' id='par_1_20' title="bbox 1389 1421 1422 1447">
     <span class='ocr_line' id='line_1_54' title="bbox 1389 1421 1422 1447; baseline 0.03 -1"><span class='ocrx_word' id='word_1_272' title='bbox 1389 1421 1422 1447; x_wconf 89' lang='grc'>20</span> 
     </span>
    </p>
   </div>
   <div class='ocr_carea' id='block_1_13' title="bbox 1387 1668 1421 1694">
    <p class='ocr_par' dir='ltr' id='par_1_21' title="bbox 1387 1668 1421 1694">
     <span class='ocr_line' id='line_1_55' title="bbox 1387 1668 1421 1694; baseline 0.029 -1"><span class='ocrx_word' id='word_1_273' title='bbox 1387 1668 1421 1694; x_wconf 83' lang='grc'>25</span> 
     </span>
    </p>
   </div>
   <div class='ocr_carea' id='block_1_14' title="bbox 1387 1911 1457 1940">
    <p class='ocr_par' dir='ltr' id='par_1_22' title="bbox 1387 1911 1457 1940">
     <span class='ocr_line' id='line_1_56' title="bbox 1387 1911 1457 1940; baseline 0 0"><span class='ocrx_word' id='word_1_274' title='bbox 1387 1911 1457 1940; x_wconf 82' lang='grc'>30’</span> 
     </span>
    </p>
   </div>
   <div class='ocr_carea' id='block_1_15' title="bbox 1385 2161 1419 2186">
    <p class='ocr_par' dir='ltr' id='par_1_23' title="bbox 1385 2161 1419 2186">
     <span class='ocr_line' id='line_1_57' title="bbox 1385 2161 1419 2186; baseline 0 0"><span class='ocrx_word' id='word_1_275' title='bbox 1385 2161 1419 2186; x_wconf 89' lang='grc'>35</span> 
     </span>
    </p>
   </div>
   <div class='ocr_carea' id='block_1_16' title="bbox 1385 2406 1419 2433">
    <p class='ocr_par' dir='ltr' id='par_1_24' title="bbox 1385 2406 1419 2433">
     <span class='ocr_line' id='line_1_58' title="bbox 1385 2406 1419 2433; baseline 0.029 -1"><span class='ocrx_word' id='word_1_276' title='bbox 1385 2406 1419 2433; x_wconf 85' lang='grc'>40</span> 
     </span>
    </p>
   </div>
   <div class='ocr_carea' id='block_1_17' title="bbox 1383 2653 1417 2679">
    <p class='ocr_par' dir='ltr' id='par_1_25' title="bbox 1383 2653 1417 2679">
     <span class='ocr_line' id='line_1_59' title="bbox 1383 2653 1417 2679; baseline 0.029 -1"><span class='ocrx_word' id='word_1_277' title='bbox 1383 2653 1417 2679; x_wconf 85' lang='grc'>45</span> 
     </span>
    </p>
   </div>
   <div class='ocr_carea' id='block_1_18' title="bbox 2323 409 2376 436">
    <p class='ocr_par' dir='ltr' id='par_1_26' title="bbox 2323 409 2376 436">
     <span class='ocr_line' id='line_1_60' title="bbox 2323 409 2376 436; baseline 0 -1"><span class='ocrx_word' id='word_1_278' title='bbox 2323 409 2376 436; x_wconf 82' lang='grc'>168</span> 
     </span>
    </p>
   </div>
   <div class='ocr_carea' id='block_1_19' title="bbox 1458 483 2376 1845">
    <p class='ocr_par' dir='ltr' id='par_1_27' title="bbox 1462 483 2376 1251">
     <span class='ocr_line' id='line_1_61' title="bbox 1464 483 2376 523; baseline 0.004 -11"><span class='ocrx_word' id='word_1_279' title='bbox 1464 483 1526 512; x_wconf 90' lang='lat' dir='ltr'>lum</span> <span class='ocrx_word' id='word_1_280' title='bbox 1546 495 1560 511; x_wconf 73' lang='grc' dir='ltr'>α</span> <span class='ocrx_word' id='word_1_281' title='bbox 1575 490 1678 513; x_wconf 90' lang='lat' dir='ltr'>rector</span> <span class='ocrx_word' id='word_1_282' title='bbox 1693 496 1706 512; x_wconf 77' lang='lat' dir='ltr'>n</span> <span class='ocrx_word' id='word_1_283' title='bbox 1729 483 1952 523; x_wconf 82' lang='lat' dir='ltr'>deponeretur⁷</span> <span class='ocrx_word' id='word_1_284' title='bbox 1965 507 1972 513; x_wconf 87' lang='lat'><em>.</em></span> <span class='ocrx_word' id='word_1_285' title='bbox 1988 484 2028 514; x_wconf 86' lang='lat' dir='ltr'>Et</span> <span class='ocrx_word' id='word_1_286' title='bbox 2045 485 2075 514; x_wconf 91' lang='lat' dir='ltr'>in</span> <span class='ocrx_word' id='word_1_287' title='bbox 2091 485 2152 515; x_wconf 87' lang='lat' dir='ltr'>isto</span> <span class='ocrx_word' id='word_1_288' title='bbox 2165 486 2292 516; x_wconf 83' lang='lat' dir='ltr'>facultas</span> <span class='ocrx_word' id='word_1_289' title='bbox 2307 493 2376 516; x_wconf 88' lang='lat' dir='ltr'>teo-</span> 
     </span>
     <span class='ocr_line' id='line_1_62' title="bbox 1464 532 2374 572; baseline 0.004 -11"><span class='ocrx_word' id='word_1_290' title='bbox 1464 532 1605 572; x_wconf 83' lang='lat' dir='ltr'>logorum</span> <span class='ocrx_word' id='word_1_291' title='bbox 1625 539 1656 562; x_wconf 87' lang='lat' dir='ltr'>et</span> <span class='ocrx_word' id='word_1_292' title='bbox 1676 533 1912 563; x_wconf 85' lang='lat' dir='ltr'>decretistarum</span> <span class='ocrx_word' id='word_1_293' title='bbox 1929 535 2153 570; x_wconf 87' lang='lat' dir='ltr'>concordabat,</span> <span class='ocrx_word' id='word_1_294' title='bbox 2173 535 2229 564; x_wconf 90' lang='lat' dir='ltr'>sed</span> <span class='ocrx_word' id='word_1_295' title='bbox 2245 535 2304 564; x_wconf 90' lang='lat' dir='ltr'>alie</span> <span class='ocrx_word' id='word_1_296' title='bbox 2315 535 2374 566; x_wconf 90' lang='lat' dir='ltr'>due</span> 
     </span>
     <span class='ocr_line' id='line_1_63' title="bbox 1464 582 2374 624; baseline 0.003 -13"><span class='ocrx_word' id='word_1_297' title='bbox 1464 582 1502 611; x_wconf 88' lang='lat' dir='ltr'>de</span> <span class='ocrx_word' id='word_1_298' title='bbox 1523 582 1680 621; x_wconf 89' lang='lat' dir='ltr'>opposito.</span> <span class='ocrx_word' id='word_1_299' title='bbox 1712 582 1787 612; x_wconf 85' lang='lat' dir='ltr'>Item</span> <span class='ocrx_word' id='word_1_300' title='bbox 1815 584 1920 612; x_wconf 90' lang='lat' dir='ltr'>eadem</span> <span class='ocrx_word' id='word_1_301' title='bbox 1947 582 1997 612; x_wconf 83' lang='lat' dir='ltr'>die</span> <span class='ocrx_word' id='word_1_302' title='bbox 2025 583 2103 612; x_wconf 83' lang='lat' dir='ltr'>facta</span> <span class='ocrx_word' id='word_1_303' title='bbox 2127 584 2374 624; x_wconf 79' lang='lat' dir='ltr'>congregacione</span> 
     </span>
     <span class='ocr_line' id='line_1_64' title="bbox 1464 631 2374 673; baseline 0.004 -14"><span class='ocrx_word' id='word_1_304' title='bbox 1464 631 1616 660; x_wconf 83' lang='lat' dir='ltr'>facultatis</span> <span class='ocrx_word' id='word_1_305' title='bbox 1633 631 1749 661; x_wconf 85' lang='lat' dir='ltr'>arcium</span> <span class='ocrx_word' id='word_1_306' title='bbox 1766 631 1881 661; x_wconf 89' lang='lat' dir='ltr'>ibidem</span> <span class='ocrx_word' id='word_1_307' title='bbox 1900 642 1995 671; x_wconf 89' lang='lat' dir='ltr'>super</span> <span class='ocrx_word' id='word_1_308' title='bbox 2009 632 2169 672; x_wconf 87' lang='lat' dir='ltr'>posicione</span> <span class='ocrx_word' id='word_1_309' title='bbox 2185 631 2276 673; x_wconf 84' lang='lat' dir='ltr'>hujus</span> <span class='ocrx_word' id='word_1_310' title='bbox 2286 643 2374 663; x_wconf 89' lang='lat' dir='ltr'>voca-</span> 
     </span>
     <span class='ocr_line' id='line_1_65' title="bbox 1464 680 2375 720; baseline 0.003 -12"><span class='ocrx_word' id='word_1_311' title='bbox 1464 680 1528 709; x_wconf 92' lang='lat' dir='ltr'>buli</span> <span class='ocrx_word' id='word_1_312' title='bbox 1543 692 1557 707; x_wconf 81' lang='lat'>‹1</span> <span class='ocrx_word' id='word_1_313' title='bbox 1568 681 1699 710; x_wconf 88' lang='lat' dir='ltr'>rectoris</span> <span class='ocrx_word' id='word_1_314' title='bbox 1711 693 1724 708; x_wconf 81' lang='grc' dir='ltr'>ι)</span> <span class='ocrx_word' id='word_1_315' title='bbox 1739 680 1771 709; x_wconf 90' lang='lat' dir='ltr'>in</span> <span class='ocrx_word' id='word_1_316' title='bbox 1786 681 1927 720; x_wconf 90' lang='lat' dir='ltr'>predicta</span> <span class='ocrx_word' id='word_1_317' title='bbox 1941 681 2054 716; x_wconf 84' lang='lat' dir='ltr'>littera,</span> <span class='ocrx_word' id='word_1_318' title='bbox 2071 681 2275 711; x_wconf 81' lang='lat' dir='ltr'>deliberatum</span> <span class='ocrx_word' id='word_1_319' title='bbox 2290 682 2347 712; x_wconf 89' lang='lat' dir='ltr'>fuit</span> <span class='ocrx_word' id='word_1_320' title='bbox 2358 693 2375 711; x_wconf 88' lang='lat' dir='ltr'>a</span> 
     </span>
     <span class='ocr_line' id='line_1_66' title="bbox 1464 729 2375 771; baseline 0.002 -13"><span class='ocrx_word' id='word_1_321' title='bbox 1464 730 1507 758; x_wconf 72' lang='lat'>4⁰¹</span> <span class='ocrx_word' id='word_1_322' title='bbox 1522 729 1776 768; x_wconf 86' lang='lat' dir='ltr'>procuratoribus</span> <span class='ocrx_word' id='word_1_323' title='bbox 1794 730 1992 760; x_wconf 88' lang='lat' dir='ltr'>concorditer</span> <span class='ocrx_word' id='word_1_324' title='bbox 2013 731 2097 770; x_wconf 89' lang='lat' dir='ltr'>quod</span> <span class='ocrx_word' id='word_1_325' title='bbox 2112 741 2268 770; x_wconf 89' lang='lat' dir='ltr'>nunquam</span> <span class='ocrx_word' id='word_1_326' title='bbox 2284 731 2375 771; x_wconf 88' lang='lat' dir='ltr'>sigil-</span> 
     </span>
     <span class='ocr_line' id='line_1_67' title="bbox 1463 778 2374 821; baseline 0.003 -14"><span class='ocrx_word' id='word_1_327' title='bbox 1463 778 1580 808; x_wconf 89' lang='lat' dir='ltr'>laretur</span> <span class='ocrx_word' id='word_1_328' title='bbox 1590 778 1726 818; x_wconf 88' lang='lat' dir='ltr'>predicta</span> <span class='ocrx_word' id='word_1_329' title='bbox 1738 778 1851 814; x_wconf 86' lang='lat' dir='ltr'>littera,</span> <span class='ocrx_word' id='word_1_330' title='bbox 1862 779 1937 819; x_wconf 90' lang='lat' dir='ltr'>quin</span> <span class='ocrx_word' id='word_1_331' title='bbox 1953 779 2125 819; x_wconf 87' lang='lat' dir='ltr'>predictum</span> <span class='ocrx_word' id='word_1_332' title='bbox 2137 781 2266 810; x_wconf 84' lang='lat' dir='ltr'>verbum</span> <span class='ocrx_word' id='word_1_333' title='bbox 2279 790 2374 821; x_wconf 85' lang='lat' dir='ltr'>appo·</span> 
     </span>
     <span class='ocr_line' id='line_1_68' title="bbox 1463 828 2373 869; baseline 0.004 -13"><span class='ocrx_word' id='word_1_334' title='bbox 1463 834 1599 857; x_wconf 90' lang='lat' dir='ltr'>neretur.</span> <span class='ocrx_word' id='word_1_335' title='bbox 1627 828 1702 857; x_wconf 89' lang='lat' dir='ltr'>Item</span> <span class='ocrx_word' id='word_1_336' title='bbox 1727 829 1804 858; x_wconf 87' lang='lat' dir='ltr'>facta</span> <span class='ocrx_word' id='word_1_337' title='bbox 1825 828 2074 868; x_wconf 84' lang='lat' dir='ltr'>congregacione</span> <span class='ocrx_word' id='word_1_338' title='bbox 2099 829 2131 858; x_wconf 91' lang='lat' dir='ltr'>in</span> <span class='ocrx_word' id='word_1_339' title='bbox 2156 829 2206 859; x_wconf 86' lang='lat' dir='ltr'>die</span> <span class='ocrx_word' id='word_1_340' title='bbox 2231 829 2373 869; x_wconf 82' lang='lat' dir='ltr'>sequenti</span> 
     </span>
     <span class='ocr_line' id='line_1_69' title="bbox 1463 876 2374 917; baseline 0.003 -12"><span class='ocrx_word' id='word_1_341' title='bbox 1463 876 1614 906; x_wconf 85' lang='lat' dir='ltr'>facultatis</span> <span class='ocrx_word' id='word_1_342' title='bbox 1650 877 1766 906; x_wconf 91' lang='lat' dir='ltr'>arcium</span> <span class='ocrx_word' id='word_1_343' title='bbox 1800 878 1882 917; x_wconf 87' lang='lat' dir='ltr'>apud</span> <span class='ocrx_word' id='word_1_344' title='bbox 1913 877 2055 907; x_wconf 89' lang='lat' dir='ltr'>Sanctam</span> <span class='ocrx_word' id='word_1_345' title='bbox 2086 877 2263 908; x_wconf 79' lang='lat' dir='ltr'>Genofesam</span> <span class='ocrx_word' id='word_1_346' title='bbox 2298 879 2374 909; x_wconf 85' lang='lat' dir='ltr'>hora</span> 
     </span>
     <span class='ocr_line' id='line_1_70' title="bbox 1462 926 2373 968; baseline 0.003 -13"><span class='ocrx_word' id='word_1_347' title='bbox 1462 936 1662 965; x_wconf 79' lang='lat' dir='ltr'>vesperarum</span> <span class='ocrx_word' id='word_1_348' title='bbox 1688 936 1782 966; x_wconf 88' lang='lat' dir='ltr'>super</span> <span class='ocrx_word' id='word_1_349' title='bbox 1806 926 1946 966; x_wconf 88' lang='lat' dir='ltr'>predicta</span> <span class='ocrx_word' id='word_1_350' title='bbox 1970 927 2164 967; x_wconf 88' lang='lat' dir='ltr'>sigillacione</span> <span class='ocrx_word' id='word_1_351' title='bbox 2182 927 2283 957; x_wconf 91' lang='lat' dir='ltr'>littere</span> <span class='ocrx_word' id='word_1_352' title='bbox 2305 928 2373 968; x_wconf 84' lang='lat' dir='ltr'>regi</span> 
     </span>
     <span class='ocr_line' id='line_1_71' title="bbox 1464 975 2373 1016; baseline 0.003 -12"><span class='ocrx_word' id='word_1_353' title='bbox 1464 975 1601 1004; x_wconf 86' lang='lat' dir='ltr'>Navarre</span> <span class='ocrx_word' id='word_1_354' title='bbox 1619 975 1765 1005; x_wconf 91' lang='lat' dir='ltr'>mittende</span> <span class='ocrx_word' id='word_1_355' title='bbox 1781 982 1811 1005; x_wconf 92' lang='lat' dir='ltr'>et</span> <span class='ocrx_word' id='word_1_356' title='bbox 1830 976 1867 1005; x_wconf 90' lang='lat' dir='ltr'>de</span> <span class='ocrx_word' id='word_1_357' title='bbox 1885 976 2104 1015; x_wconf 85' lang='lat' dir='ltr'>preposicione</span> <span class='ocrx_word' id='word_1_358' title='bbox 2120 975 2212 1016; x_wconf 88' lang='lat' dir='ltr'>hujus</span> <span class='ocrx_word' id='word_1_359' title='bbox 2230 977 2373 1007; x_wconf 87' lang='lat' dir='ltr'>vocabuli</span> 
     </span>
     <span class='ocr_line' id='line_1_72' title="bbox 1465 1023 2373 1066; baseline 0.004 -14"><span class='ocrx_word' id='word_1_360' title='bbox 1465 1037 1478 1052; x_wconf 81' lang='grc' dir='ltr'>α</span> <span class='ocrx_word' id='word_1_361' title='bbox 1495 1030 1599 1053; x_wconf 91' lang='lat' dir='ltr'>rector</span> <span class='ocrx_word' id='word_1_362' title='bbox 1614 1036 1641 1059; x_wconf 73' lang='lat' dir='ltr'>n,</span> <span class='ocrx_word' id='word_1_363' title='bbox 1659 1023 1861 1054; x_wconf 87' lang='lat' dir='ltr'>deliberatum</span> <span class='ocrx_word' id='word_1_364' title='bbox 1877 1025 1933 1054; x_wconf 86' lang='lat' dir='ltr'>fuit</span> <span class='ocrx_word' id='word_1_365' title='bbox 1947 1026 2145 1055; x_wconf 85' lang='lat' dir='ltr'>concorditer</span> <span class='ocrx_word' id='word_1_366' title='bbox 2157 1027 2241 1065; x_wconf 91' lang='lat' dir='ltr'>quod</span> <span class='ocrx_word' id='word_1_367' title='bbox 2257 1026 2373 1066; x_wconf 88' lang='lat' dir='ltr'>sigilla-</span> 
     </span>
     <span class='ocr_line' id='line_1_73' title="bbox 1463 1074 2373 1114; baseline 0.003 -12"><span class='ocrx_word' id='word_1_368' title='bbox 1463 1080 1548 1103; x_wconf 88' lang='lat' dir='ltr'>retur</span> <span class='ocrx_word' id='word_1_369' title='bbox 1563 1074 1671 1102; x_wconf 87' lang='lat' dir='ltr'>eodem</span> <span class='ocrx_word' id='word_1_370' title='bbox 1685 1083 1816 1113; x_wconf 88' lang='lat' dir='ltr'>vespere</span> <span class='ocrx_word' id='word_1_371' title='bbox 1832 1079 1862 1103; x_wconf 85' lang='lat' dir='ltr'>et</span> <span class='ocrx_word' id='word_1_372' title='bbox 1874 1084 1942 1103; x_wconf 90' lang='lat' dir='ltr'>cum</span> <span class='ocrx_word' id='word_1_373' title='bbox 1958 1074 2160 1114; x_wconf 85' lang='lat' dir='ltr'>apposicione</span> <span class='ocrx_word' id='word_1_374' title='bbox 2176 1074 2266 1114; x_wconf 88' lang='lat' dir='ltr'>hujus</span> <span class='ocrx_word' id='word_1_375' title='bbox 2279 1086 2373 1105; x_wconf 86' lang='lat' dir='ltr'>voca-</span> 
     </span>
     <span class='ocr_line' id='line_1_74' title="bbox 1462 1123 2373 1164; baseline 0.002 -12"><span class='ocrx_word' id='word_1_376' title='bbox 1462 1123 1527 1152; x_wconf 92' lang='lat' dir='ltr'>buli</span> <span class='ocrx_word' id='word_1_377' title='bbox 1545 1135 1558 1150; x_wconf 80' lang='lat'>«</span> <span class='ocrx_word' id='word_1_378' title='bbox 1574 1129 1677 1152; x_wconf 88' lang='lat' dir='ltr'>rector</span> <span class='ocrx_word' id='word_1_379' title='bbox 1692 1135 1718 1152; x_wconf 86' lang='lat'>».</span> <span class='ocrx_word' id='word_1_380' title='bbox 1734 1123 1775 1152; x_wconf 93' lang='lat' dir='ltr'>Et</span> <span class='ocrx_word' id='word_1_381' title='bbox 1791 1123 1833 1152; x_wconf 88' lang='lat' dir='ltr'>ita</span> <span class='ocrx_word' id='word_1_382' title='bbox 1849 1124 1959 1152; x_wconf 86' lang='lat' dir='ltr'>factum</span> <span class='ocrx_word' id='word_1_383' title='bbox 1976 1124 2043 1154; x_wconf 89' lang='lat' dir='ltr'>fuit.</span> <span class='ocrx_word' id='word_1_384' title='bbox 2061 1124 2102 1153; x_wconf 86' lang='lat' dir='ltr'>Et</span> <span class='ocrx_word' id='word_1_385' title='bbox 2114 1130 2245 1164; x_wconf 89' lang='lat' dir='ltr'>propter</span> <span class='ocrx_word' id='word_1_386' title='bbox 2259 1125 2373 1154; x_wconf 87' lang='lat' dir='ltr'>absen-</span> 
     </span>
     <span class='ocr_line' id='line_1_75' title="bbox 1462 1172 2374 1213; baseline 0.002 -12"><span class='ocrx_word' id='word_1_387' title='bbox 1462 1173 1539 1202; x_wconf 86' lang='lat' dir='ltr'>ciam</span> <span class='ocrx_word' id='word_1_388' title='bbox 1566 1172 1755 1202; x_wconf 89' lang='lat' dir='ltr'>medicorum</span> <span class='ocrx_word' id='word_1_389' title='bbox 1784 1172 1840 1202; x_wconf 88' lang='lat' dir='ltr'>fuit</span> <span class='ocrx_word' id='word_1_390' title='bbox 1871 1182 1977 1203; x_wconf 90' lang='lat' dir='ltr'>eorum</span> <span class='ocrx_word' id='word_1_391' title='bbox 2007 1183 2077 1202; x_wconf 88' lang='lat' dir='ltr'>sera</span> <span class='ocrx_word' id='word_1_392' title='bbox 2107 1173 2145 1202; x_wconf 91' lang='lat' dir='ltr'>de</span> <span class='ocrx_word' id='word_1_393' title='bbox 2171 1183 2267 1213; x_wconf 82' lang='lat' dir='ltr'>parva</span> <span class='ocrx_word' id='word_1_394' title='bbox 2295 1174 2374 1203; x_wconf 86' lang='lat' dir='ltr'>cista</span> 
     </span>
     <span class='ocr_line' id='line_1_76' title="bbox 1462 1222 1567 1251; baseline -0.01 0"><span class='ocrx_word' id='word_1_395' title='bbox 1462 1222 1567 1251; x_wconf 85' lang='lat' dir='ltr'>fracta.</span> 
     </span>
    </p>

    <p class='ocr_par' dir='ltr' id='par_1_28' title="bbox 1459 1269 2372 1557">
     <span class='ocr_line' id='line_1_77' title="bbox 1503 1269 2372 1311; baseline 0.002 -11"><span class='ocrx_word' id='word_1_396' title='bbox 1503 1271 1577 1300; x_wconf 88' lang='lat' dir='ltr'>Item</span> <span class='ocrx_word' id='word_1_397' title='bbox 1596 1269 1712 1310; x_wconf 90' lang='lat' dir='ltr'>juravit</span> <span class='ocrx_word' id='word_1_398' title='bbox 1730 1271 1874 1300; x_wconf 91' lang='lat' dir='ltr'>dominus</span> <span class='ocrx_word' id='word_1_399' title='bbox 1895 1271 2059 1301; x_wconf 88' lang='lat' dir='ltr'>Conradus</span> <span class='ocrx_word' id='word_1_400' title='bbox 2079 1272 2234 1311; x_wconf 85' lang='lat' dir='ltr'>quondam</span> <span class='ocrx_word' id='word_1_401' title='bbox 2254 1271 2372 1302; x_wconf 89' lang='lat' dir='ltr'>Thome</span> 
     </span>
     <span class='ocr_line' id='line_1_78' title="bbox 1461 1319 2372 1360; baseline 0.002 -11"><span class='ocrx_word' id='word_1_402' title='bbox 1461 1321 1535 1350; x_wconf 88' lang='lat' dir='ltr'>dicti</span> <span class='ocrx_word' id='word_1_403' title='bbox 1565 1320 1723 1359; x_wconf 83' lang='lat' dir='ltr'>Ranspuic</span> <span class='ocrx_word' id='word_1_404' title='bbox 1750 1321 1788 1349; x_wconf 91' lang='lat' dir='ltr'>de</span> <span class='ocrx_word' id='word_1_405' title='bbox 1816 1319 1918 1359; x_wconf 90' lang='lat' dir='ltr'>Aquis</span> <span class='ocrx_word' id='word_1_406' title='bbox 1953 1320 2006 1360; x_wconf 89' lang='lat' dir='ltr'>qui</span> <span class='ocrx_word' id='word_1_407' title='bbox 2034 1327 2194 1360; x_wconf 81' lang='lat' dir='ltr'>reputatus</span> <span class='ocrx_word' id='word_1_408' title='bbox 2223 1321 2280 1350; x_wconf 84' lang='lat' dir='ltr'>fuit</span> <span class='ocrx_word' id='word_1_409' title='bbox 2302 1327 2372 1351; x_wconf 84' lang='lat' dir='ltr'>actu</span> 
     </span>
     <span class='ocr_line' id='line_1_79' title="bbox 1461 1369 2372 1410; baseline 0.002 -12"><span class='ocrx_word' id='word_1_410' title='bbox 1461 1370 1670 1399; x_wconf 84' lang='lat' dir='ltr'>determinans</span> <span class='ocrx_word' id='word_1_411' title='bbox 1694 1369 1835 1409; x_wconf 85' lang='lat' dir='ltr'>magistri</span> <span class='ocrx_word' id='word_1_412' title='bbox 1863 1369 2013 1399; x_wconf 88' lang='lat' dir='ltr'>Johannis</span> <span class='ocrx_word' id='word_1_413' title='bbox 2040 1370 2078 1399; x_wconf 90' lang='lat' dir='ltr'>de</span> <span class='ocrx_word' id='word_1_414' title='bbox 2100 1370 2255 1405; x_wconf 88' lang='lat' dir='ltr'>Wesalia,</span> <span class='ocrx_word' id='word_1_415' title='bbox 2284 1369 2372 1410; x_wconf 89' lang='lat' dir='ltr'>cujus</span> 
     </span>
     <span class='ocr_line' id='line_1_80' title="bbox 1460 1418 2372 1460; baseline 0.002 -12"><span class='ocrx_word' id='word_1_416' title='bbox 1460 1420 1554 1448; x_wconf 90' lang='lat' dir='ltr'>bursa</span> <span class='ocrx_word' id='word_1_417' title='bbox 1572 1419 1642 1448; x_wconf 90' lang='lat' dir='ltr'>VIII</span> <span class='ocrx_word' id='word_1_418' title='bbox 1664 1418 1734 1454; x_wconf 87' lang='lat' dir='ltr'>sol.,</span> <span class='ocrx_word' id='word_1_419' title='bbox 1755 1425 1786 1448; x_wconf 92' lang='lat' dir='ltr'>et</span> <span class='ocrx_word' id='word_1_420' title='bbox 1809 1428 1882 1448; x_wconf 85' lang='lat' dir='ltr'>suas</span> <span class='ocrx_word' id='word_1_421' title='bbox 1905 1419 2017 1448; x_wconf 86' lang='lat' dir='ltr'>bursas</span> <span class='ocrx_word' id='word_1_422' title='bbox 2041 1419 2201 1458; x_wconf 89' lang='lat' dir='ltr'>predictus</span> <span class='ocrx_word' id='word_1_423' title='bbox 2223 1419 2372 1460; x_wconf 82' lang='lat' dir='ltr'>magister</span> 
     </span>
     <span class='ocr_line' id='line_1_81' title="bbox 1459 1467 2372 1509; baseline 0.002 -12"><span class='ocrx_word' id='word_1_424' title='bbox 1459 1468 1616 1498; x_wconf 85' lang='lat' dir='ltr'>Jobannes</span> <span class='ocrx_word' id='word_1_425' title='bbox 1636 1468 1826 1507; x_wconf 85' lang='lat' dir='ltr'>computavit</span> <span class='ocrx_word' id='word_1_426' title='bbox 1841 1467 1964 1497; x_wconf 89' lang='lat' dir='ltr'>nacioni</span> <span class='ocrx_word' id='word_1_427' title='bbox 1981 1478 2028 1497; x_wconf 90' lang='lat' dir='ltr'>me</span> <span class='ocrx_word' id='word_1_428' title='bbox 2049 1475 2205 1507; x_wconf 87' lang='lat' dir='ltr'>presente,</span> <span class='ocrx_word' id='word_1_429' title='bbox 2221 1469 2372 1509; x_wconf 83' lang='lat' dir='ltr'>magistro</span> 
     </span>
     <span class='ocr_line' id='line_1_82' title="bbox 1461 1517 2328 1557; baseline 0.002 -11"><span class='ocrx_word' id='word_1_430' title='bbox 1461 1517 1614 1557; x_wconf 91' lang='lat' dir='ltr'>Engelino</span> <span class='ocrx_word' id='word_1_431' title='bbox 1627 1527 1686 1557; x_wconf 89' lang='lat' dir='ltr'>pro</span> <span class='ocrx_word' id='word_1_432' title='bbox 1699 1524 1772 1546; x_wconf 93' lang='lat' dir='ltr'>tunc</span> <span class='ocrx_word' id='word_1_433' title='bbox 1788 1523 1991 1557; x_wconf 88' lang='lat' dir='ltr'>procuratore</span> <span class='ocrx_word' id='word_1_434' title='bbox 2008 1517 2148 1547; x_wconf 91' lang='lat' dir='ltr'>nacionis</span> <span class='ocrx_word' id='word_1_435' title='bbox 2164 1518 2328 1548; x_wconf 86' lang='lat' dir='ltr'>existente.</span> 
     </span>
    </p>

    <p class='ocr_par' dir='ltr' id='par_1_29' title="bbox 1458 1566 2372 1803">
     <span class='ocr_line' id='line_1_83' title="bbox 1501 1566 2372 1608; baseline 0.001 -12"><span class='ocrx_word' id='word_1_436' title='bbox 1501 1567 1575 1596; x_wconf 89' lang='lat' dir='ltr'>Item</span> <span class='ocrx_word' id='word_1_437' title='bbox 1590 1577 1671 1596; x_wconf 87' lang='lat' dir='ltr'>anno</span> <span class='ocrx_word' id='word_1_438' title='bbox 1684 1566 1808 1596; x_wconf 88' lang='lat' dir='ltr'>Domini</span> <span class='ocrx_word' id='word_1_439' title='bbox 1826 1566 2082 1602; x_wconf 85' lang='lat' dir='ltr'>M⁰.CCC⁰L1111,</span> <span class='ocrx_word' id='word_1_440' title='bbox 2105 1567 2182 1596; x_wconf 87' lang='lat' dir='ltr'>facta</span> <span class='ocrx_word' id='word_1_441' title='bbox 2199 1577 2372 1608; x_wconf 83' lang='lat' dir='ltr'>congrega-</span> 
     </span>
     <span class='ocr_line' id='line_1_84' title="bbox 1459 1615 2370 1656; baseline 0 -10"><span class='ocrx_word' id='word_1_442' title='bbox 1459 1616 1547 1646; x_wconf 85' lang='lat' dir='ltr'>cione</span> <span class='ocrx_word' id='word_1_443' title='bbox 1574 1615 1727 1646; x_wconf 84' lang='lat' dir='ltr'>facultatis</span> <span class='ocrx_word' id='word_1_444' title='bbox 1749 1616 1831 1655; x_wconf 87' lang='lat' dir='ltr'>apud</span> <span class='ocrx_word' id='word_1_445' title='bbox 1857 1615 2003 1644; x_wconf 88' lang='lat' dir='ltr'>Sanctum</span> <span class='ocrx_word' id='word_1_446' title='bbox 2024 1615 2178 1645; x_wconf 86' lang='lat' dir='ltr'>Julianum</span> <span class='ocrx_word' id='word_1_447' title='bbox 2202 1627 2370 1656; x_wconf 88' lang='lat' dir='ltr'>pauperem</span> 
     </span>
     <span class='ocr_line' id='line_1_85' title="bbox 1459 1663 2371 1706; baseline 0.001 -11"><span class='ocrx_word' id='word_1_448' title='bbox 1459 1676 1555 1706; x_wconf 90' lang='lat' dir='ltr'>super</span> <span class='ocrx_word' id='word_1_449' title='bbox 1563 1665 1796 1704; x_wconf 89' lang='lat' dir='ltr'>computacione</span> <span class='ocrx_word' id='word_1_450' title='bbox 1804 1663 1923 1704; x_wconf 88' lang='lat' dir='ltr'>antiqui</span> <span class='ocrx_word' id='word_1_451' title='bbox 1936 1664 2068 1694; x_wconf 90' lang='lat' dir='ltr'>rectoris</span> <span class='ocrx_word' id='word_1_452' title='bbox 2082 1665 2231 1701; x_wconf 82' lang='lat' dir='ltr'>facienda,</span> <span class='ocrx_word' id='word_1_453' title='bbox 2246 1676 2371 1706; x_wconf 90' lang='lat' dir='ltr'>compu-</span> 
     </span>
     <span class='ocr_line' id='line_1_86' title="bbox 1458 1713 2371 1754; baseline 0.001 -10"><span class='ocrx_word' id='word_1_454' title='bbox 1458 1715 1535 1744; x_wconf 90' lang='lat' dir='ltr'>tavit</span> <span class='ocrx_word' id='word_1_455' title='bbox 1549 1715 1720 1754; x_wconf 91' lang='lat' dir='ltr'>predictus,</span> <span class='ocrx_word' id='word_1_456' title='bbox 1733 1720 1835 1743; x_wconf 86' lang='lat' dir='ltr'>rector</span> <span class='ocrx_word' id='word_1_457' title='bbox 1851 1720 1881 1743; x_wconf 89' lang='lat' dir='ltr'>et</span> <span class='ocrx_word' id='word_1_458' title='bbox 1892 1713 1947 1743; x_wconf 88' lang='lat' dir='ltr'>suit</span> <span class='ocrx_word' id='word_1_459' title='bbox 1957 1720 2119 1753; x_wconf 86' lang='lat' dir='ltr'>compotus</span> <span class='ocrx_word' id='word_1_460' title='bbox 2135 1713 2201 1754; x_wconf 92' lang='lat' dir='ltr'>ejus</span> <span class='ocrx_word' id='word_1_461' title='bbox 2219 1715 2256 1744; x_wconf 91' lang='lat' dir='ltr'>ab</span> <span class='ocrx_word' id='word_1_462' title='bbox 2272 1715 2371 1745; x_wconf 89' lang='lat' dir='ltr'>omni-</span> 
     </span>
     <span class='ocr_line' id='line_1_87' title="bbox 1459 1764 1735 1803; baseline -0.007 -9"><span class='ocrx_word' id='word_1_463' title='bbox 1459 1765 1517 1794; x_wconf 88' lang='lat' dir='ltr'>bus</span> <span class='ocrx_word' id='word_1_464' title='bbox 1535 1764 1735 1803; x_wconf 86' lang='lat' dir='ltr'>approbatus.</span> 
     </span>
    </p>

    <p class='ocr_par' dir='ltr' id='par_1_30' title="bbox 1865 1816 1964 1845">
     <span class='ocr_line' id='line_1_88' title="bbox 1865 1816 1964 1845; baseline 0 0"><span class='ocrx_word' id='word_1_465' title='bbox 1865 1816 1964 1845; x_wconf 82' lang='lat'><strong>1354</strong></span> 
     </span>
    </p>
   </div>
   <div class='ocr_carea' id='block_1_20' title="bbox 1728 1883 2101 1923">
    <p class='ocr_par' dir='ltr' id='par_1_31' title="bbox 1728 1883 2101 1923">
     <span class='ocr_line' id='line_1_89' title="bbox 1728 1883 2101 1923; baseline 0.003 -11"><span class='ocrx_word' id='word_1_466' title='bbox 1728 1883 1956 1923; x_wconf 87' lang='lat' dir='ltr'>[Englingus</span> <span class='ocrx_word' id='word_1_467' title='bbox 1995 1883 2101 1922; x_wconf 88' lang='lat' dir='ltr'>Bos.]</span> 
     </span>
    </p>
   </div>
   <div class='ocr_carea' id='block_1_21' title="bbox 1455 1959 2370 2540">
    <p class='ocr_par' dir='ltr' id='par_1_32' title="bbox 1457 1959 2370 2294">
     <span class='ocr_line' id='line_1_90' title="bbox 1498 1959 2370 1996; baseline 0.001 -6"><span class='ocrx_word' id='word_1_468' title='bbox 1498 1960 1589 1990; x_wconf 91' lang='lat' dir='ltr'>Anno</span> <span class='ocrx_word' id='word_1_469' title='bbox 1604 1960 1728 1990; x_wconf 91' lang='lat' dir='ltr'>Domini</span> <span class='ocrx_word' id='word_1_470' title='bbox 1746 1960 1834 1995; x_wconf 83' lang='lat'>1354,</span> <span class='ocrx_word' id='word_1_471' title='bbox 1847 1960 1963 1989; x_wconf 90' lang='lat' dir='ltr'>mensis</span> <span class='ocrx_word' id='word_1_472' title='bbox 1974 1959 2136 1989; x_wconf 84' lang='lat' dir='ltr'>Februarii</span> <span class='ocrx_word' id='word_1_473' title='bbox 2152 1960 2201 1990; x_wconf 89' lang='lat' dir='ltr'>die</span> <span class='ocrx_word' id='word_1_474' title='bbox 2219 1961 2278 1996; x_wconf 74' lang='lat'>10¹,</span> <span class='ocrx_word' id='word_1_475' title='bbox 2293 1961 2370 1991; x_wconf 71' lang='lat' dir='ltr'>facta</span> 
     </span>
     <span class='ocr_line' id='line_1_91' title="bbox 1458 2009 2369 2050; baseline 0.001 -11"><span class='ocrx_word' id='word_1_476' title='bbox 1458 2009 1706 2050; x_wconf 84' lang='lat' dir='ltr'>congregacione</span> <span class='ocrx_word' id='word_1_477' title='bbox 1731 2009 1870 2039; x_wconf 90' lang='lat' dir='ltr'>nacionis</span> <span class='ocrx_word' id='word_1_478' title='bbox 1904 2009 2075 2049; x_wconf 85' lang='lat' dir='ltr'>Anglicane</span> <span class='ocrx_word' id='word_1_479' title='bbox 2108 2011 2190 2049; x_wconf 90' lang='lat' dir='ltr'>apud</span> <span class='ocrx_word' id='word_1_480' title='bbox 2224 2009 2369 2040; x_wconf 88' lang='lat' dir='ltr'>Sanctum</span> 
     </span>
     <span class='ocr_line' id='line_1_92' title="bbox 1457 2058 2369 2098; baseline 0.001 -10"><span class='ocrx_word' id='word_1_481' title='bbox 1457 2058 1611 2088; x_wconf 69' lang='lat' dir='ltr'>,lulianum</span> <span class='ocrx_word' id='word_1_482' title='bbox 1637 2068 1804 2098; x_wconf 86' lang='lat' dir='ltr'>pauperem</span> <span class='ocrx_word' id='word_1_483' title='bbox 1839 2068 1935 2098; x_wconf 88' lang='lat' dir='ltr'>super</span> <span class='ocrx_word' id='word_1_484' title='bbox 1967 2058 2122 2088; x_wconf 91' lang='lat' dir='ltr'>eleccione</span> <span class='ocrx_word' id='word_1_485' title='bbox 2157 2059 2369 2098; x_wconf 85' lang='lat' dir='ltr'>procuratoris</span> 
     </span>
     <span class='ocr_line' id='line_1_93' title="bbox 1458 2107 2369 2147; baseline 0.001 -10"><span class='ocrx_word' id='word_1_486' title='bbox 1458 2108 1607 2143; x_wconf 87' lang='lat' dir='ltr'>facienda,</span> <span class='ocrx_word' id='word_1_487' title='bbox 1627 2107 1743 2137; x_wconf 91' lang='lat' dir='ltr'>electus</span> <span class='ocrx_word' id='word_1_488' title='bbox 1757 2107 1814 2137; x_wconf 80' lang='lat' dir='ltr'>suit</span> <span class='ocrx_word' id='word_1_489' title='bbox 1831 2107 1862 2136; x_wconf 91' lang='lat' dir='ltr'>in</span> <span class='ocrx_word' id='word_1_490' title='bbox 1879 2114 2112 2147; x_wconf 84' lang='lat' dir='ltr'>procuratorem</span> <span class='ocrx_word' id='word_1_491' title='bbox 2130 2108 2211 2137; x_wconf 90' lang='lat' dir='ltr'>dicte</span> <span class='ocrx_word' id='word_1_492' title='bbox 2228 2108 2369 2138; x_wconf 84' lang='lat' dir='ltr'>nacionis</span> 
     </span>
     <span class='ocr_line' id='line_1_94' title="bbox 1458 2156 2369 2197; baseline 0.001 -11"><span class='ocrx_word' id='word_1_493' title='bbox 1458 2157 1607 2197; x_wconf 87' lang='lat' dir='ltr'>magister</span> <span class='ocrx_word' id='word_1_494' title='bbox 1635 2156 1810 2197; x_wconf 89' lang='lat' dir='ltr'>Eglinghus</span> <span class='ocrx_word' id='word_1_495' title='bbox 1840 2156 1903 2186; x_wconf 90' lang='lat' dir='ltr'>Bos</span> <span class='ocrx_word' id='word_1_496' title='bbox 1934 2157 1971 2186; x_wconf 93' lang='lat' dir='ltr'>de</span> <span class='ocrx_word' id='word_1_497' title='bbox 2005 2156 2205 2192; x_wconf 90' lang='lat' dir='ltr'>Brunswich,</span> <span class='ocrx_word' id='word_1_498' title='bbox 2235 2157 2369 2187; x_wconf 88' lang='lat' dir='ltr'>clericus</span> 
     </span>
     <span class='ocr_line' id='line_1_95' title="bbox 1458 2205 2370 2246; baseline 0 -10"><span class='ocrx_word' id='word_1_499' title='bbox 1458 2205 1760 2236; x_wconf 86' lang='lat' dir='ltr'>Hildensummensis</span> <span class='ocrx_word' id='word_1_500' title='bbox 1789 2206 1950 2245; x_wconf 88' lang='lat' dir='ltr'>dyocesis,</span> <span class='ocrx_word' id='word_1_501' title='bbox 1975 2206 2006 2235; x_wconf 93' lang='lat' dir='ltr'>in</span> <span class='ocrx_word' id='word_1_502' title='bbox 2033 2205 2120 2245; x_wconf 90' lang='lat' dir='ltr'>cujus</span> <span class='ocrx_word' id='word_1_503' title='bbox 2156 2207 2370 2246; x_wconf 87' lang='lat' dir='ltr'>procuratoria</span> 
     </span>
     <span class='ocr_line' id='line_1_96' title="bbox 1457 2255 1969 2294; baseline -0.002 -9"><span class='ocrx_word' id='word_1_504' title='bbox 1457 2257 1535 2285; x_wconf 90' lang='lat' dir='ltr'>facta</span> <span class='ocrx_word' id='word_1_505' title='bbox 1553 2262 1624 2285; x_wconf 90' lang='lat' dir='ltr'>sunt</span> <span class='ocrx_word' id='word_1_506' title='bbox 1639 2255 1695 2285; x_wconf 87' lang='lat' dir='ltr'>hec</span> <span class='ocrx_word' id='word_1_507' title='bbox 1711 2265 1770 2294; x_wconf 90' lang='lat' dir='ltr'>que</span> <span class='ocrx_word' id='word_1_508' title='bbox 1787 2261 1969 2294; x_wconf 87' lang='lat' dir='ltr'>sequuntur.</span> 
     </span>
    </p>

    <p class='ocr_par' dir='ltr' id='par_1_33' title="bbox 1457 2304 2369 2433">
     <span class='ocr_line' id='line_1_97' title="bbox 1497 2304 2368 2345; baseline 0 -11"><span class='ocrx_word' id='word_1_509' title='bbox 1497 2305 1603 2334; x_wconf 92' lang='lat' dir='ltr'>Primo</span> <span class='ocrx_word' id='word_1_510' title='bbox 1614 2304 1794 2334; x_wconf 87' lang='lat' dir='ltr'>licenciatus</span> <span class='ocrx_word' id='word_1_511' title='bbox 1803 2304 1860 2334; x_wconf 89' lang='lat' dir='ltr'>fuit</span> <span class='ocrx_word' id='word_1_512' title='bbox 1870 2304 2014 2334; x_wconf 90' lang='lat' dir='ltr'>dominus</span> <span class='ocrx_word' id='word_1_513' title='bbox 2024 2304 2172 2334; x_wconf 90' lang='lat' dir='ltr'>Hinricus</span> <span class='ocrx_word' id='word_1_514' title='bbox 2181 2305 2219 2334; x_wconf 88' lang='lat' dir='ltr'>de</span> <span class='ocrx_word' id='word_1_515' title='bbox 2228 2305 2368 2345; x_wconf 90' lang='lat' dir='ltr'>Kempen</span> 
     </span>
     <span class='ocr_line' id='line_1_98' title="bbox 1457 2352 2369 2394; baseline -0.001 -10"><span class='ocrx_word' id='word_1_516' title='bbox 1457 2355 1515 2384; x_wconf 93' lang='lat' dir='ltr'>sub</span> <span class='ocrx_word' id='word_1_517' title='bbox 1540 2354 1689 2394; x_wconf 88' lang='lat' dir='ltr'>magistro</span> <span class='ocrx_word' id='word_1_518' title='bbox 1715 2353 1855 2383; x_wconf 84' lang='lat' dir='ltr'>Johanne</span> <span class='ocrx_word' id='word_1_519' title='bbox 1880 2354 1917 2382; x_wconf 90' lang='lat' dir='ltr'>de</span> <span class='ocrx_word' id='word_1_520' title='bbox 1941 2353 2098 2389; x_wconf 87' lang='lat' dir='ltr'>Wesalia,</span> <span class='ocrx_word' id='word_1_521' title='bbox 2122 2352 2209 2394; x_wconf 85' lang='lat' dir='ltr'>cujus</span> <span class='ocrx_word' id='word_1_522' title='bbox 2231 2354 2326 2384; x_wconf 78' lang='lat' dir='ltr'>bursa</span> <span class='ocrx_word' id='word_1_523' title='bbox 2349 2354 2369 2383; x_wconf 81' lang='lat'><strong>4</strong></span> 
     </span>
     <span class='ocr_line' id='line_1_99' title="bbox 1457 2402 1789 2433; baseline -0.003 0"><span class='ocrx_word' id='word_1_524' title='bbox 1457 2403 1550 2433; x_wconf 88' lang='lat' dir='ltr'>solidi</span> <span class='ocrx_word' id='word_1_525' title='bbox 1564 2413 1632 2433; x_wconf 90' lang='lat' dir='ltr'>cum</span> <span class='ocrx_word' id='word_1_526' title='bbox 1649 2402 1789 2432; x_wconf 86' lang='lat' dir='ltr'>dimidio.</span> 
     </span>
    </p>

    <p class='ocr_par' dir='ltr' id='par_1_34' title="bbox 1455 2451 2369 2540">
     <span class='ocr_line' id='line_1_100' title="bbox 1498 2451 2367 2492; baseline 0 -10"><span class='ocrx_word' id='word_1_527' title='bbox 1498 2453 1572 2482; x_wconf 88' lang='lat' dir='ltr'>Item</span> <span class='ocrx_word' id='word_1_528' title='bbox 1599 2451 1743 2481; x_wconf 88' lang='lat' dir='ltr'>dominus</span> <span class='ocrx_word' id='word_1_529' title='bbox 1775 2451 1932 2481; x_wconf 89' lang='lat' dir='ltr'>Jobannes</span> <span class='ocrx_word' id='word_1_530' title='bbox 1969 2451 2101 2491; x_wconf 82' lang='lat' dir='ltr'>Beyssel</span> <span class='ocrx_word' id='word_1_531' title='bbox 2129 2452 2186 2481; x_wconf 91' lang='lat' dir='ltr'>sub</span> <span class='ocrx_word' id='word_1_532' title='bbox 2218 2452 2367 2492; x_wconf 84' lang='lat' dir='ltr'>magistro</span> 
     </span>
     <span class='ocr_line' id='line_1_101' title="bbox 1455 2500 2369 2540; baseline 0 -9"><span class='ocrx_word' id='word_1_533' title='bbox 1455 2502 1595 2531; x_wconf 84' lang='lat' dir='ltr'>Johanne</span> <span class='ocrx_word' id='word_1_534' title='bbox 1622 2501 1660 2530; x_wconf 88' lang='lat' dir='ltr'>de</span> <span class='ocrx_word' id='word_1_535' title='bbox 1686 2500 1828 2531; x_wconf 83' lang='lat' dir='ltr'>Wesalia</span> <span class='ocrx_word' id='word_1_536' title='bbox 1854 2501 1910 2530; x_wconf 83' lang='lat' dir='ltr'>fuit</span> <span class='ocrx_word' id='word_1_537' title='bbox 1931 2500 2125 2536; x_wconf 88' lang='lat' dir='ltr'>licenciatus,</span> <span class='ocrx_word' id='word_1_538' title='bbox 2156 2500 2244 2540; x_wconf 88' lang='lat' dir='ltr'>cujus</span> <span class='ocrx_word' id='word_1_539' title='bbox 2271 2502 2369 2531; x_wconf 86' lang='lat' dir='ltr'>bursa</span> 
     </span>
    </p>
   </div>
   <div class='ocr_carea' id='block_1_22' title="bbox 1455 2550 2372 2738">
    <p class='ocr_par' dir='ltr' id='par_1_35' title="bbox 1455 2550 1620 2580">
     <span class='ocr_line' id='line_1_102' title="bbox 1455 2550 1620 2580; baseline 0 0"><span class='ocrx_word' id='word_1_540' title='bbox 1455 2550 1495 2580; x_wconf 91' lang='lat' dir='ltr'>VI</span> <span class='ocrx_word' id='word_1_541' title='bbox 1513 2551 1620 2580; x_wconf 85' lang='lat' dir='ltr'>solidi.</span> 
     </span>
    </p>

    <p class='ocr_par' dir='ltr' id='par_1_36' title="bbox 1455 2599 2372 2738">
     <span class='ocr_line' id='line_1_103' title="bbox 1496 2599 2367 2630; baseline -0.001 -1"><span class='ocrx_word' id='word_1_542' title='bbox 1496 2600 1571 2630; x_wconf 89' lang='lat' dir='ltr'>Item</span> <span class='ocrx_word' id='word_1_543' title='bbox 1592 2599 1735 2629; x_wconf 90' lang='lat' dir='ltr'>dominus</span> <span class='ocrx_word' id='word_1_544' title='bbox 1755 2599 1934 2628; x_wconf 87' lang='lat' dir='ltr'>Bernardus</span> <span class='ocrx_word' id='word_1_545' title='bbox 1955 2599 2080 2628; x_wconf 90' lang='lat' dir='ltr'>Vreden</span> <span class='ocrx_word' id='word_1_546' title='bbox 2102 2600 2140 2628; x_wconf 91' lang='lat' dir='ltr'>de</span> <span class='ocrx_word' id='word_1_547' title='bbox 2161 2599 2257 2628; x_wconf 89' lang='lat' dir='ltr'>Dacia</span> <span class='ocrx_word' id='word_1_548' title='bbox 2276 2599 2367 2629; x_wconf 91' lang='lat' dir='ltr'>Otto-</span> 
     </span>
     <span class='ocr_line' id='line_1_104' title="bbox 1455 2648 2372 2688; baseline 0 -10"><span class='ocrx_word' id='word_1_549' title='bbox 1455 2649 1574 2679; x_wconf 87' lang='lat' dir='ltr'>niensis</span> <span class='ocrx_word' id='word_1_550' title='bbox 1589 2649 1734 2688; x_wconf 89' lang='lat' dir='ltr'>dyocesis</span> <span class='ocrx_word' id='word_1_551' title='bbox 1748 2648 1928 2678; x_wconf 87' lang='lat' dir='ltr'>licenciatus</span> <span class='ocrx_word' id='word_1_552' title='bbox 1941 2648 1996 2678; x_wconf 87' lang='lat' dir='ltr'>fuit</span> <span class='ocrx_word' id='word_1_553' title='bbox 2007 2649 2064 2678; x_wconf 92' lang='lat' dir='ltr'>sub</span> <span class='ocrx_word' id='word_1_554' title='bbox 2075 2648 2224 2688; x_wconf 87' lang='lat' dir='ltr'>magistro</span> <span class='ocrx_word' id='word_1_555' title='bbox 2236 2648 2372 2678; x_wconf 85' lang='lat' dir='ltr'>Alberto-</span> 
     </span>
     <span class='ocr_line' id='line_1_105' title="bbox 1455 2696 2042 2738; baseline -0.003 -10"><span class='ocrx_word' id='word_1_556' title='bbox 1455 2699 1492 2728; x_wconf 93' lang='lat' dir='ltr'>de</span> <span class='ocrx_word' id='word_1_557' title='bbox 1509 2698 1653 2734; x_wconf 86' lang='lat' dir='ltr'>Saxonia,</span> <span class='ocrx_word' id='word_1_558' title='bbox 1670 2697 1758 2738; x_wconf 87' lang='lat' dir='ltr'>cujus</span> <span class='ocrx_word' id='word_1_559' title='bbox 1770 2699 1863 2727; x_wconf 88' lang='lat' dir='ltr'>bursa</span> <span class='ocrx_word' id='word_1_560' title='bbox 1881 2696 1921 2727; x_wconf 90' lang='lat' dir='ltr'>VI</span> <span class='ocrx_word' id='word_1_561' title='bbox 1939 2697 2042 2727; x_wconf 85' lang='lat' dir='ltr'>solidi.</span> 
     </span>
    </p>
   </div>
   <div class='ocr_carea' id='block_1_23' title="bbox 1453 2795 2367 2970">
    <p class='ocr_par' dir='ltr' id='par_1_37' title="bbox 1453 2795 2367 2864">
     <span class='ocr_line' id='line_1_106' title="bbox 1485 2795 2367 2825; baseline -0.001 -5"><span class='ocrx_word' id='word_1_562' title='bbox 1485 2797 1508 2820; x_wconf 80' lang='lat'>6.</span> <span class='ocrx_word' id='word_1_563' title='bbox 1542 2796 1630 2820; x_wconf 78' lang='lat' dir='ltr'>Caroli</span> <span class='ocrx_word' id='word_1_564' title='bbox 1649 2796 1681 2820; x_wconf 81' lang='lat' dir='ltr'>de</span> <span class='ocrx_word' id='word_1_565' title='bbox 1702 2796 1728 2820; x_wconf 79' lang='lat' dir='ltr'>ln</span> <span class='ocrx_word' id='word_1_566' title='bbox 1752 2795 1845 2825; x_wconf 72' lang='lat' dir='ltr'>Cerdo,</span> <span class='ocrx_word' id='word_1_567' title='bbox 1864 2795 1968 2820; x_wconf 84' lang='lat' dir='ltr'>comitis</span> <span class='ocrx_word' id='word_1_568' title='bbox 1988 2795 2170 2820; x_wconf 81' lang='lat' dir='ltr'>Montisfortis.</span> <span class='ocrx_word' id='word_1_569' title='bbox 2197 2795 2251 2819; x_wconf 80' lang='lat' dir='ltr'>Vid.</span> <span class='ocrx_word' id='word_1_570' title='bbox 2269 2796 2302 2820; x_wconf 81' lang='lat' dir='ltr'>de</span> <span class='ocrx_word' id='word_1_571' title='bbox 2318 2795 2367 2819; x_wconf 78' lang='grc' dir='ltr'><strong><em>Ιιοσ</em></strong></span> 
     </span>
     <span class='ocr_line' id='line_1_107' title="bbox 1453 2831 2365 2864; baseline 0.002 -10"><span class='ocrx_word' id='word_1_572' title='bbox 1453 2832 1524 2863; x_wconf 78' lang='lat' dir='ltr'>sacto</span> <span class='ocrx_word' id='word_1_573' title='bbox 1537 2832 1585 2856; x_wconf 84' lang='lat' dir='ltr'>Les</span> <span class='ocrx_word' id='word_1_574' title='bbox 1596 2831 1695 2856; x_wconf 77' lang='lat' dir='ltr'>Grund.</span> <span class='ocrx_word' id='word_1_575' title='bbox 1707 2831 1870 2863; x_wconf 74' lang='lat' dir='ltr'>Chroniques</span> <span class='ocrx_word' id='word_1_576' title='bbox 1884 2831 1916 2855; x_wconf 88' lang='lat' dir='ltr'>de</span> <span class='ocrx_word' id='word_1_577' title='bbox 1926 2832 2033 2860; x_wconf 79' lang='lat' dir='ltr'>France,</span> <span class='ocrx_word' id='word_1_578' title='bbox 2043 2831 2081 2855; x_wconf 85' lang='lat' dir='ltr'>ed.</span> <span class='ocrx_word' id='word_1_579' title='bbox 2095 2833 2123 2855; x_wconf 87' lang='lat' dir='ltr'>P.</span> <span class='ocrx_word' id='word_1_580' title='bbox 2133 2831 2215 2860; x_wconf 75' lang='lat' dir='ltr'>Paris,</span> <span class='ocrx_word' id='word_1_581' title='bbox 2228 2831 2270 2861; x_wconf 85' lang='lat' dir='ltr'>VI,</span> <span class='ocrx_word' id='word_1_582' title='bbox 2280 2832 2292 2855; x_wconf 93' lang='lat'>7</span> <span class='ocrx_word' id='word_1_583' title='bbox 2307 2839 2365 2864; x_wconf 74' lang='lat' dir='ltr'>sqq.</span> 
     </span>
    </p>

    <p class='ocr_par' dir='ltr' id='par_1_38' title="bbox 1455 2866 2366 2970">
     <span class='ocr_line' id='line_1_108' title="bbox 1486 2866 2366 2900; baseline 0 -9"><span class='ocrx_word' id='word_1_584' title='bbox 1486 2868 1509 2891; x_wconf 88' lang='lat'>7.</span> <span class='ocrx_word' id='word_1_585' title='bbox 1543 2868 1562 2891; x_wconf 90' lang='grc' dir='ltr'>Ι.</span> <span class='ocrx_word' id='word_1_586' title='bbox 1579 2876 1600 2892; x_wconf 85' lang='lat' dir='ltr'>e.</span> <span class='ocrx_word' id='word_1_587' title='bbox 1616 2867 1786 2899; x_wconf 68' lang='lat' dir='ltr'>facultatibus</span> <span class='ocrx_word' id='word_1_588' title='bbox 1801 2866 1975 2900; x_wconf 77' lang='lat' dir='ltr'>theologorum</span> <span class='ocrx_word' id='word_1_589' title='bbox 1989 2870 2014 2891; x_wconf 78' lang='lat' dir='ltr'>et</span> <span class='ocrx_word' id='word_1_590' title='bbox 2031 2867 2189 2891; x_wconf 70' lang='lat' dir='ltr'>decretorum</span> <span class='ocrx_word' id='word_1_591' title='bbox 2202 2875 2252 2891; x_wconf 83' lang='lat' dir='ltr'>non</span> <span class='ocrx_word' id='word_1_592' title='bbox 2265 2866 2366 2899; x_wconf 77' lang='lat' dir='ltr'>placuit</span> 
     </span>
     <span class='ocr_line' id='line_1_109' title="bbox 1455 2902 2365 2935; baseline 0 -9"><span class='ocrx_word' id='word_1_593' title='bbox 1455 2902 1587 2934; x_wconf 67' lang='lat' dir='ltr'>inscriptio</span> <span class='ocrx_word' id='word_1_594' title='bbox 1604 2910 1609 2926; x_wconf 73' lang='grc' dir='ltr'><strong><em>ι</em></strong></span> <span class='ocrx_word' id='word_1_595' title='bbox 1626 2903 1678 2927; x_wconf 85' lang='lat' dir='ltr'>Nos</span> <span class='ocrx_word' id='word_1_596' title='bbox 1696 2907 1782 2927; x_wconf 82' lang='lat' dir='ltr'>rector</span> <span class='ocrx_word' id='word_1_597' title='bbox 1794 2906 1820 2927; x_wconf 85' lang='lat' dir='ltr'>et</span> <span class='ocrx_word' id='word_1_598' title='bbox 1834 2903 2001 2927; x_wconf 75' lang='lat' dir='ltr'>Universitns</span> <span class='ocrx_word' id='word_1_599' title='bbox 2020 2902 2223 2935; x_wconf 75' lang='lat' dir='ltr'>magistrorum,</span> <span class='ocrx_word' id='word_1_600' title='bbox 2240 2905 2287 2927; x_wconf 76' lang='lat' dir='ltr'>etc.</span> <span class='ocrx_word' id='word_1_601' title='bbox 2308 2902 2365 2927; x_wconf 83' lang='lat' dir='ltr'>Vid.</span> 
     </span>
     <span class='ocr_line' id='line_1_110' title="bbox 1456 2938 2206 2970; baseline 0 -8"><span class='ocrx_word' id='word_1_602' title='bbox 1456 2939 1584 2970; x_wconf 83' lang='lat' dir='ltr'>Churtul.,</span> <span class='ocrx_word' id='word_1_603' title='bbox 1601 2938 1637 2962; x_wconf 85' lang='lat' dir='ltr'>ad</span> <span class='ocrx_word' id='word_1_604' title='bbox 1649 2947 1693 2963; x_wconf 84' lang='lat' dir='ltr'>an.</span> <span class='ocrx_word' id='word_1_605' title='bbox 1706 2939 1775 2968; x_wconf 70' lang='lat'><strong>1347,</strong></span> <span class='ocrx_word' id='word_1_606' title='bbox 1790 2943 1817 2962; x_wconf 68' lang='grc' dir='ltr'>η’</span> <span class='ocrx_word' id='word_1_607' title='bbox 1830 2939 1899 2967; x_wconf 82' lang='lat'>1143,</span> <span class='ocrx_word' id='word_1_608' title='bbox 1914 2941 1938 2962; x_wconf 80' lang='lat' dir='ltr'>et</span> <span class='ocrx_word' id='word_1_609' title='bbox 1951 2938 2021 2970; x_wconf 78' lang='lat' dir='ltr'>infra</span> <span class='ocrx_word' id='word_1_610' title='bbox 2034 2939 2071 2962; x_wconf 87' lang='lat' dir='ltr'>ad</span> <span class='ocrx_word' id='word_1_611' title='bbox 2080 2947 2124 2963; x_wconf 84' lang='lat' dir='ltr'>an.</span> <span class='ocrx_word' id='word_1_612' title='bbox 2138 2939 2206 2963; x_wconf 80' lang='lat'><strong>1359.</strong></span> 
     </span>
    </p>
   </div>
   <div class='ocr_carea' id='block_1_24' title="bbox 2578 0 2632 3464">
    <p class='ocr_par' dir='ltr' id='par_1_39' title="bbox 2578 0 2632 3464">
     <span class='ocr_line' id='line_1_111' title="bbox 2578 0 2632 3464; baseline 0 0"><span class='ocrx_word' id='word_1_613' title='bbox 2578 0 2632 3464; x_wconf 95' lang='lat' dir='ltr'> </span> 
     </span>
    </p>
   </div>
  </div>
 </body>
</html>
