2632 3464
430 456 481 482 555

432 545 499 574 Isti
520 550 605 573 sunt
625 543 686 582 qui
710 543 903 572 solverunt
919 540 1119 580 jocundum
1142 538 1337 568 introitum

507 593 654 622 nacioni
696 592 732 620 in
768 589 1034 631 procuratoria
1069 587 1257 628 presenti,

577 648 611 671 et
646 641 802 680 pecunia
837 640 909 668 ista
942 638 1195 677 deputabatur

687 693 690 695 '
727 699 792 728 pro
820 688 942 727 virga,
973 693 1043 716 etc.

474 777 578 806 Primo
597 775 743 814 magister
759 773 914 802 Johannes
928 771 1117 801 Bersworde
1132 780 1189 810 pro
1202 769 1339 809 jocundo

434 826 561 855 introitu
578 827 592 854 1
609 826 755 853 francum.

476 874 550 903 Item
566 873 713 912 magister
727 871 874 900 Hinricus
893 871 930 899 de
948 869 1137 907 Odendorpe
1155 878 1214 907 pro
1232 868 1339 897 eodem

437 924 452 952 1
469 923 616 952 francum.

477 972 550 1001 Item
571 971 717 1010 magister
745 969 926 998 Lambertus
955 967 992 996 de
1020 966 1127 995 Gelria
1150 976 1207 1005 pro
1232 966 1339 995 eodem

438 1023 452 1050 1
469 1021 616 1049 francum.

477 1069 550 1098 Item
566 1069 714 1108 magister
728 1067 883 1096 Johannes
898 1065 1080 1105 ‘Nycholaus
1099 1065 1136 1093 de
1156 1063 1266 1093 Gouda
1283 1074 1340 1103 pro

436 1120 543 1148 eodem
563 1120 577 1146 1
597 1118 743 1146 francum.

477 1168 551 1196 Item
565 1166 711 1205 magister
727 1165 922 1194 Hermannus
939 1163 1142 1192 Sconenbeke
1156 1173 1214 1202 pro
1232 1163 1340 1192 eodem

437 1217 453 1245 1
472 1217 620 1245 francum.

476 1265 550 1294 Item
579 1264 726 1304 magister
764 1263 945 1292 Lambertus
979 1261 1109 1291 Cluvinc
1144 1271 1201 1300 pro
1233 1261 1340 1290 eodem

438 1316 451 1343 1
467 1315 614 1343 francum.

477 1363 551 1392 Item
578 1362 725 1401 magister
747 1361 943 1390 Hermannus
972 1360 1009 1388 de
1040 1359 1258 1399 Warendorpe
1282 1369 1340 1398 pro

436 1413 542 1441 eodem
560 1413 574 1440 1
593 1412 739 1440 francum.

476 1461 550 1490 Item
577 1460 723 1500 magister
754 1458 930 1498 Nycholaus
955 1458 992 1487 de
1014 1457 1127 1487 Prusia
1146 1460 1209 1496 vpro
1233 1457 1339 1486 eodem

437 1511 452 1538 1
471 1511 617 1539 francum.

476 1559 550 1588 Item
564 1558 709 1598 magister
725 1556 886 1586 Gotfridus
905 1555 1018 1586 Calker
1030 1566 1087 1595 pro
1103 1556 1210 1584 eodem
1226 1557 1240 1584 1
1256 1556 1342 1584 fran-

437 1619 515 1637 cum.

477 1658 551 1686 Item
570 1657 715 1695 magister
731 1655 909 1684 Bernardus
928 1655 966 1683 de
993 1654 1137 1683 Embrica
1155 1664 1212 1693 pro
1234 1654 1342 1683 eodem

439 1708 453 1736 1
470 1707 620 1735 francum.

478 1756 551 1784 Item
571 1754 717 1794 magister
740 1753 902 1783 Wolterus
923 1753 1023 1782 Borro
1042 1753 1079 1781 de
1100 1752 1268 1782 Davantria
1284 1762 1341 1791 pro

438 1805 543 1833 eodem
561 1805 574 1831 1
591 1804 739 1832 francum.

478 1853 552 1882 Item
588 1852 734 1891 magister
763 1850 993 1890 Enghelbertus
1028 1851 1066 1879 de
1105 1849 1250 1879 Embrica
1281 1859 1339 1889 pro

438 1903 544 1930 eodem
560 1903 573 1930 1
589 1902 736 1929 francum.

479 1951 552 1979 Item
579 1950 725 1989 magister
744 1949 900 1978 Johannes
926 1949 963 1977 de
988 1947 1129 1988 Kingorn
1151 1947 1261 1977 Scotus
1285 1957 1342 1986 pro

438 2001 543 2028 eodem
559 2000 573 2027 1
591 1999 738 2027 francum.

479 2049 552 2076 Item
578 2047 724 2087 magister
749 2046 944 2076 Hermannus
971 2046 1009 2075 de
1031 2045 1141 2084 Rynen
1157 2055 1214 2084 pro
1234 2046 1341 2074 eodem

440 2098 454 2125 1
471 2098 617 2125 francum.

478 2145 551 2174 Item
568 2145 714 2184 magister
730 2144 919 2173 Laurencius
935 2144 972 2172 de
986 2143 1139 2172 Alcmaria
1158 2153 1213 2181 pro
1229 2144 1337 2172 eodem

440 2196 454 2223 1
472 2195 618 2223 francum.

479 2242 553 2271 Item
568 2243 714 2282 magister
727 2242 881 2281 Nycolaus
897 2243 934 2271 de
951 2241 1146 2281 Kungisteyn
1159 2251 1216 2280 pro
1233 2241 1340 2270 eodem

440 2293 453 2320 1
472 2292 619 2320 francum.

478 2340 552 2369 Item
586 2341 731 2380 magister
762 2339 914 2369 Martinus
940 2339 1124 2368 Theoderici
1151 2348 1208 2377 pro
1234 2339 1341 2367 eodem

440 2391 454 2417 1
469 2390 615 2418 francum.

479 2438 553 2467 Item
569 2438 716 2477 magister
728 2437 938 2466 Theodericus
950 2437 987 2466 de
997 2436 1152 2466 Alcmaria
1166 2446 1223 2475 pro
1235 2436 1341 2465 eodem

440 2488 454 2515 1
474 2487 621 2516 francum.

480 2536 553 2564 Item
576 2536 722 2575 magister
739 2535 894 2564 Johannes
920 2535 1002 2564 Gout
1020 2545 1078 2574 pro
1102 2535 1208 2563 eodem
1229 2536 1243 2563 1
1264 2534 1343 2563 fran-

439 2594 517 2612 cum.

480 2633 552 2661 Item
567 2633 714 2672 magister
730 2633 895 2662 Bertoldus
909 2632 1033 2662 Bauson
1050 2633 1087 2662 de
1103 2632 1269 2662 Mulhfisen
1285 2643 1343 2672 pro

440 2682 546 2709 eodem
565 2684 578 2710 1
597 2683 744 2710 francum.

480 2730 553 2758 Item
571 2731 718 2769 magister
737 2730 965 2770 Enghelbertus
986 2732 1023 2759 de
1046 2730 1267 2760 Oestenwolde
1286 2740 1342 2769 pro

440 2779 570 2816 [eodem]
586 2781 600 2807 1
618 2780 764 2808 francum.

481 2827 554 2855 Item
576 2828 722 2867 magister
745 2828 891 2857 Hinricus
915 2828 1024 2857 Selder
1048 2829 1085 2857 de
1111 2827 1232 2857 Swevia
1260 2838 1338 2867 pro,

441 2882 497 2903 etc.
515 2878 528 2903 1
547 2877 692 2905 francum.

481 2924 553 2952 Item
568 2926 712 2964 magister
723 2926 933 2954 Theodericus
946 2927 983 2954 de
997 2926 1084 2955 Novo
1094 2926 1217 2960 Castro,
1232 2927 1246 2954 1
1263 2926 1341 2954 fran-

440 2983 518 3001 cum.

968 450 1190 477 AUCTARIUM
1211 449 1469 476 CHARTULARII
1490 449 1663 476 UNIVERS.
1686 450 1804 477 PARIS.

1378 971 1411 996 10

1378 1215 1412 1241 15

1379 1461 1412 1486 20

1380 1705 1413 1732 25

1380 1951 1414 1976 30

1381 2196 1414 2221 35

1381 2441 1414 2466 40

1380 2685 1413 2710 45

1380 2929 1413 2954 50

2299 452 2354 479 556

1489 524 1561 564 (F'ol.
1583 526 1643 556 16¹>
1658 526 1666 566 )
1679 526 1753 556 Item
1770 525 1887 556 XXIII*
1901 527 1951 555 die
1966 526 2040 556 Maii
2054 527 2084 556 in
2102 527 2353 567 congregacione

1448 575 1530 613 apud
1544 574 1689 604 Sanctum
1704 575 1891 605 Maturinum
1905 575 2078 615 supplicavi
2095 585 2153 616 ego
2169 583 2356 616 procurator

1447 633 1508 652 una
1525 633 1592 654 cum
1606 623 1675 654 aliis
1693 624 1850 664 magistris
1866 631 1972 654 nostre
1989 624 2129 654 nacionis
2143 625 2281 665 gravatis
2295 635 2356 665 per

1448 673 1703 712 supervenientes
1720 674 1870 712 quosdam
1890 673 2030 703 nacionis
2045 673 2205 703 Piccardie
2221 683 2356 704 concur-

1448 728 1552 750 rentes
1567 722 1728 751 nobiscum
1746 722 1778 751 in
1795 722 2017 752 collacionibus
2032 722 2161 758 nostris,
2185 723 2270 762 quod
2285 733 2356 752 cum

1448 770 1523 800 alias
1539 771 1630 800 fuerit
1647 770 1848 800 deliberatum
1862 773 1919 810 per
1935 771 2186 807 Universitatem,
2201 777 2232 801 et
2247 777 2357 811 postee

1448 829 1506 858 per
1533 820 1694 858 deputatos
1726 819 1863 859 ejusdem
1894 820 2098 856 declaratum,
2130 821 2214 860 quod
2251 820 2357 850 nullus

1449 869 1672 907 superveniens
1701 869 1827 898 deberet
1854 868 2049 909 prejudicare
2080 869 2172 899 alicui
2203 869 2354 908 presenti,

1449 918 1532 956 quod
1546 923 1660 947 attento
1671 917 1724 947 illo
1734 917 1848 947 vellent
1861 918 1960 947 facere
1971 917 2090 958 injungi
2099 918 2358 948 inrotulatoribus

1448 966 1588 995 nacionis
1607 966 1767 995 Piccardie
1780 977 1836 1006 per
1850 966 2024 1006 juramenta
2043 977 2109 1002 sua,
2129 973 2162 996 ut
2179 973 2357 997 amoverent

1449 1014 1520 1044 illos
1544 1015 1800 1054 supervenientes
1819 1015 1979 1045 nobiscum
1999 1016 2030 1045 in
2053 1016 2275 1045 collacionibus
2297 1026 2356 1045 no-

1450 1064 1524 1093 stris
1544 1070 1775 1093 concurrentes.
1796 1064 1897 1103 Super
1919 1074 1979 1104 qua
2000 1064 2232 1104 supplicacione
2247 1074 2308 1094 una
2326 1071 2359 1094 et

1450 1123 1544 1152 super
1561 1112 1630 1142 aliis
1646 1119 1733 1142 erant
1745 1113 1806 1142 dati
1825 1113 1974 1152 deputati,
1992 1114 2105 1153 quihus
2120 1114 2152 1143 in
2167 1113 2258 1143 nonis
2273 1112 2359 1153 ejus·

1450 1162 1518 1190 dem
1534 1161 1595 1191 diei
1612 1161 1644 1190 in
1662 1162 1753 1191 domo
1768 1161 1930 1201 capitulari
1945 1162 2049 1192 Sancti
2064 1162 2211 1192 Maturini
2224 1162 2356 1192 invicem

1449 1211 1648 1251 congregatis
1658 1210 1809 1250 proposui
1823 1221 1880 1251 ego
1891 1221 1949 1250 pro
1963 1221 2010 1240 me
2020 1218 2049 1241 et
2064 1211 2158 1241 sociis
2169 1211 2257 1246 meis,
2273 1212 2357 1250 quod

1450 1270 1511 1289 non
1532 1260 1658 1289 deberet
1673 1270 1743 1289 esse
1758 1260 1867 1289 merito
1886 1260 2012 1290 dubium
2030 1260 2214 1300 intelligenti
2229 1260 2356 1290 latinum

1450 1308 1523 1344 hoc,
1550 1310 1633 1348 quod
1659 1309 1914 1348 supervenientes
1939 1309 2079 1338 nacionis
2105 1309 2265 1339 Piccardie
2294 1319 2356 1339 non

1450 1364 1580 1396 possent
1586 1358 1748 1387 nobiscum
1757 1368 1955 1394 concurrere,
1966 1358 2054 1387 sicud
2067 1364 2195 1397 apparet
2210 1359 2243 1387 in
2254 1359 2360 1398 primo

1450 1417 1488 1436 ex
1513 1407 1544 1436 vi
1569 1408 1735 1436 verborum
1759 1406 1850 1446 hujus
1875 1406 2108 1447 proposicionis
2133 1407 2303 1436 deliberate
2328 1413 2359 1436 et

1450 1455 1602 1485 declarate
1634 1466 1689 1495 per
1711 1455 1950 1485 Universitatem
1971 1462 2001 1485 et
2021 1457 2183 1495 deputatos
2205 1455 2355 1495 ejusdem,

1451 1505 1534 1544 quod
1561 1505 1664 1534 nullus
1687 1505 1910 1544 superveniens
1933 1506 2025 1534 debet
2049 1503 2243 1545 prejudicare
2266 1505 2356 1534 alicui

1449 1554 1604 1593 presenti,
1622 1564 1691 1583 nam
1713 1554 1765 1583 illa
1786 1554 1966 1593 proposicio
1987 1560 2035 1583 est
2059 1554 2214 1593 generalis
2235 1560 2265 1583 et
2290 1554 2359 1583 uni-

1450 1603 1582 1632 versalis
1618 1603 1866 1643 segregacionis,
1900 1604 1938 1632 ad
1975 1613 2065 1642 quam
2102 1603 2244 1642 sequitur
2274 1603 2358 1642 quod

1451 1662 1507 1681 nec
1545 1652 1603 1681 iste
1640 1652 1864 1691 superveniens
1896 1662 1963 1682 cum
2007 1652 2067 1681 isto
2100 1658 2262 1691 presente,
2300 1661 2358 1681 nec

1451 1701 1510 1730 iste
1527 1701 1762 1740 superveniens,
1780 1707 1809 1730 et
1821 1711 1938 1730 omnes.
1961 1702 1992 1729 2⁰
2008 1701 2071 1730 dixi
2092 1701 2175 1740 quod
2193 1701 2360 1740 supposito

1452 1751 1534 1790 quod
1550 1750 1633 1780 istud
1647 1760 1709 1779 non
1719 1757 1847 1790 apparet
1859 1750 1897 1779 de
1907 1750 2035 1779 veritate
2052 1749 2205 1779 sermonis
2218 1749 2359 1788 predicte

1451 1799 1693 1839 proposicionis,
1715 1799 1814 1828 adhuc
1833 1805 1934 1828 tamen
1954 1798 2038 1828 istud
2056 1799 2168 1839 vfuisset
2193 1799 2231 1827 de
2257 1804 2360 1828 mente

1452 1849 1677 1888 deputatorum,
1699 1849 1751 1888 qui
1775 1848 1944 1887 predictam
1972 1848 2194 1877 ordinaverunt
2220 1847 2360 1876 declara-

1452 1898 1586 1933 cionem,
1607 1904 1640 1927 ut
1661 1907 1811 1937 apparere
1836 1903 1943 1936 posset
1968 1907 2006 1926 ex
2032 1896 2162 1931 motivo,
2187 1897 2289 1936 quoad
2313 1896 2360 1925 sic

1452 1946 1608 1976 declarare
1632 1947 1844 1982 movebantur,
1870 1946 1954 1985 quod
1981 1945 2037 1974 suit
2061 1945 2160 1974 solum
2189 1944 2247 1974 hoc
2275 1946 2360 1984 quod

1452 1995 1527 2024 alias
1539 1995 1733 2025 Universitas
1744 1995 1968 2024 deliberaverat
1983 1994 2041 2023 hoc
2055 1994 2086 2023 in
2100 1985 2359 2033 congregacione,

1452 2055 1511 2083 qua
1526 2044 1667 2084 graciose
1686 2044 1940 2084 supervenientes
1955 2043 2194 2072 admittebantur
2208 2043 2246 2072 ad
2261 2042 2358 2082 impo-

1452 2094 1585 2122 nendum
1613 2093 1714 2123 rotulo
1743 2103 1811 2122 cum
1840 2093 1900 2122 ista
1927 2092 2155 2127 moderacione,
2177 2092 2260 2131 quod
2281 2091 2357 2121 nulli

1451 2143 1647 2182 presencium
1674 2141 1913 2181 prejudicarent.
1936 2141 1975 2170 Et
1995 2141 2066 2170 talis
2095 2140 2269 2169 moderacio
2296 2151 2358 2170 non

1452 2192 1551 2220 solum
1574 2191 1630 2221 fuit
1649 2190 1766 2231 adjecta
1789 2201 1847 2230 per
1869 2191 2027 2219 nacionem
2045 2196 2195 2224 nostram,
2220 2190 2275 2218 sed
2302 2199 2363 2229 per

1452 2251 1558 2270 omnes
1574 2240 1732 2270 facultates
1753 2246 1783 2269 et
1800 2239 1957 2269 naciones.
1978 2238 2018 2268 Et
2035 2239 2080 2268 sic
2099 2238 2162 2267 dixi
2179 2238 2258 2267 ultra
2276 2238 2359 2278 quod

1452 2289 1540 2318 nacio
1559 2296 1666 2318 nostra
1680 2289 1764 2318 nullo
1779 2289 1870 2317 modo
1886 2288 1974 2317 aliter
1991 2287 2179 2322 admisisset,
2196 2287 2268 2326 quia
2281 2286 2361 2316 nulli

1452 2339 1578 2367 dubium
1594 2339 1677 2377 quod
1693 2348 1755 2366 non
1772 2337 1870 2377 magis
1885 2337 2007 2366 volebat
2018 2335 2206 2376 prejudicari
2220 2346 2235 2364 a
2251 2345 2358 2375 super-

1451 2387 1646 2417 venientibus
1667 2387 1793 2416 alterius
1813 2386 1964 2420 nacionis,
1984 2395 2073 2425 quam
2094 2394 2111 2413 a
2134 2384 2359 2424 supervenien-

1452 2437 1534 2466 tibus
1566 2436 1693 2475 proprie
1724 2435 1875 2470 nacionis,
1902 2441 1932 2464 et.
1959 2441 2060 2463 tamen
2089 2444 2106 2462 a
2135 2433 2361 2472 supervenien-

1452 2485 1534 2515 tibus
1552 2484 1680 2524 proprie
1697 2484 1836 2513 nacionis
1855 2483 1939 2513 nullo
1961 2483 2051 2512 modo
2076 2488 2196 2522 poterat
2220 2481 2360 2521 prejudi-

1453 2535 1526 2569 cari,
1543 2541 1576 2563 ut
1590 2535 1721 2563 adversa
1735 2543 1808 2572 pars
1825 2532 1988 2562 concessit.
2007 2532 2039 2561 30
2057 2531 2133 2566 dixi,
2149 2541 2186 2560 ex
2202 2541 2263 2570 quo
2281 2530 2362 2560 Uni-

1452 2583 1595 2618 versitas,
1613 2589 1710 2611 mater
1721 2589 1838 2616 nostra,
1854 2581 2022 2610 secundum
2033 2580 2263 2609 ordinacionem
2274 2589 2358 2609 suam

1452 2642 1513 2661 non
1531 2631 1723 2671 permitteret
1739 2640 1832 2660 unum
1849 2630 1965 2659 socium
1984 2639 2083 2658 meum
2102 2629 2139 2657 de
2155 2628 2227 2657 villa
2251 2638 2317 2657 mea
2330 2634 2361 2657 et

1452 2681 1578 2719 dyocesi
1596 2685 1772 2720 presentem
1788 2685 1895 2708 contra
1915 2678 2102 2707 voluntatem
2121 2687 2216 2706 meam
2240 2686 2358 2706 mecum

1452 2739 1649 2764 concurrere,
1663 2739 1680 2757 a
1696 2728 1821 2757 forciori
1839 2737 1901 2756 non
1922 2727 2049 2756 deberet
2069 2726 2164 2755 eciam
2180 2726 2362 2764 permittere

1452 2788 1544 2807 unum
1561 2778 1689 2806 alterurn
1707 2777 1833 2806 alterins
1848 2775 1999 2810 nacionis,
2022 2775 2151 2804 alterius
2169 2775 2312 2813 dyocesis
2331 2780 2363 2803 et

1452 2826 1719 2866 supervenientem
1740 2826 1778 2854 de
1797 2824 1901 2865 gracia
1920 2831 2027 2853 nostra
2050 2823 2218 2852 admissum
2241 2822 2362 2852 mecum

1453 2885 1647 2904 concurrere.
1677 2876 1707 2903 4⁰
1738 2874 1801 2903 dixi
1826 2874 1909 2913 quod
1940 2873 2067 2902 multum
2099 2872 2237 2911 iniquum
2265 2878 2361 2906 esset,

1452 2934 1519 2953 cum
1532 2924 1698 2963 m[agistri]
1716 2923 1855 2952 nacionis
1876 2928 1982 2951 nostre
1995 2927 2100 2950 essent
2115 2920 2248 2960 ejusdem
2266 2920 2364 2949 facul-

1453 2973 1525 3002 tatis
1536 2983 1606 3002 cum
1621 2971 1804 3011 m[agistris]
1819 2971 1945 3000 aliarum
1960 2970 2134 3005 nacionum,
2150 2970 2231 3008 quod
2245 2975 2362 2998 tanturn
