2632 3464
393 429 445 454 923
927 425 1151 451 AUCTARIUM
1172 422 1432 451 CHARTULARII
1449 422 1629 451 UNIVERS.
1651 421 1769 453 PARIS'.
2266 418 2332 453 924²

393 504 533 544 magistri
549 509 710 543 presentes
722 503 753 532 in
768 502 1016 542 congregacione
1026 501 1166 530 volentes
1179 500 1303 541 singula

393 555 430 582 ad
449 553 558 582 melius
576 552 786 592 interpretari,
803 553 948 581 dixerunt
964 563 971 580 :
994 551 1122 580 Attente
1139 551 1222 590 quod
1237 551 1303 580 for-

393 613 448 632 san
474 612 536 631 non
563 607 674 642 posset
698 601 841 630 celeriter
865 600 998 640 reperiri
1024 609 1105 629 unus
1135 600 1188 639 qui
1215 601 1303 629 daret

391 651 510 681 XXIIII
542 657 639 686 scuta,
667 656 698 679 et
719 650 788 679 aliis
819 649 1055 689 quampluribus
1082 649 1301 684 consideratis,

392 701 420 730 si
438 701 575 740 placeret
588 700 738 740 magistro
755 697 943 734 Gwillelmo,
961 699 1045 737 quod
1066 698 1133 737 ipse
1147 707 1206 738 pro
1221 707 1302 728 anno

392 751 495 779 futuro
518 749 646 778 haberet
665 758 723 788 pro
742 748 829 777 xxll
851 748 959 777 scutis.
979 747 1019 776 Et
1037 747 1114 776 illud
1133 747 1303 786 acceptavit

391 799 540 839 magister
562 797 757 828 Gwillelmus
783 797 873 832 Blok‚
896 806 964 826 cum
990 796 1041 825 tali
1068 803 1170 825 tamen
1197 797 1302 826 condi-

393 848 481 878 cione
510 848 593 887 quod
619 847 749 876 ulterius
770 846 910 885 magistri
937 856 1041 875 secum
1066 847 1303 875 non'ascende-

392 904 462 927 rent
481 898 511 926 in
532 897 649 936 precio,
669 897 724 925 sed
746 896 882 935 quandiu
904 901 1041 924 maneret
1064 895 1095 924 in
1116 896 1208 924 domo
1227 903 1303 934 pre·

392 947 485 981 dicta,
506 946 575 985 ipse
594 955 660 974 eam
682 955 740 984 pro
760 945 866 984 precio
887 944 973 974 XXII
996 950 1153 973 scutorum
1175 943 1303 973 haberet

392 995 527 1035 singulis
553 995 643 1024 annis
669 1005 686 1023 a
709 994 858 1030 nacione3
884 1000 914 1022 et
939 994 991 1022 illa
1018 993 1161 1022 condicio
1186 993 1303 1033 placuit

392 1044 550 1084 magistris
566 1044 764 1083 presentibus
780 1043 946 1082 aliquibus.
961 1042 1000 1071 Et
1012 1042 1143 1072 ulterius
1158 1043 1303 1072 dixerunt

393 1094 532 1133 magistri
559 1099 723 1132 presentes
747 1093 829 1132 quod
854 1093 892 1120 de
924 1092 985 1121 isto
1012 1092 1100 1121 fieret
1126 1092 1246 1121 mencio
1271 1092 1302 1120 in

393 1143 529 1182 proxima
547 1142 794 1182 congregacione
806 1141 947 1170 nacionis
957 1141 995 1170 ad
1007 1141 1109 1180 ipsum
1121 1141 1302 1170 confirman-

392 1193 464 1221 dum
481 1198 512 1221 et
527 1192 776 1231 approbandum,
794 1190 843 1220 vel
863 1200 936 1219 non.
956 1190 1067 1220 Omnia
1086 1190 1145 1219 ista
1162 1190 1302 1220 conclusi

393 1242 423 1270 in
438 1247 585 1280 quantum
602 1240 701 1280 potui,
718 1246 778 1269 etc.

433 1291 669 1329 Consequenter
683 1295 795 1318 tactum
816 1289 871 1318 suit
887 1289 926 1318 de
941 1289 1091 1328 magistro
1106 1288 1246 1318 Johanne
1264 1289 1302 1318 de

392 1339 518 1369 Austria
533 1345 563 1368 et
579 1338 704 1367 Andrea
719 1339 757 1367 de
776 1338 916 1372 Bavaria,
931 1338 1055 1367 racione
1075 1337 1244 1373 discordie,
1264 1338 1302 1366 de

392 1399 450 1428 qua
465 1388 496 1417 in
509 1388 651 1428 proxima
665 1387 914 1427 congregacione
925 1397 1030 1426 supra.
1047 1387 1168 1416 Placuit
1179 1387 1302 1416 nacioni

393 1438 473 1476 quod
491 1437 589 1466 adhuc
605 1437 700 1466 semel
719 1437 954 1476 requirerentur
971 1435 1117 1475 quatinus
1134 1436 1249 1465 vellent
1269 1446 1302 1465 se

393 1487 573 1515 submittere
599 1486 721 1515 nacioni
748 1492 799 1515 aut
818 1485 880 1514 2¹³³*
901 1485 950 1514 vel
974 1485 1035 1514 3¹³⁰·
1060 1485 1217 1525 magistris
1242 1492 1300 1514 etc.

392 1535 532 1565 nacionis
556 1537 593 1564 ad
616 1536 703 1574 ipsos
730 1535 991 1564 concordandum.
1018 1535 1092 1564 Item
1115 1534 1171 1564 suit
1190 1540 1302 1564 tactum

392 1586 430 1613 de
448 1586 580 1624 quodam
597 1585 756 1620 foramine,
776 1585 814 1613 de
835 1594 896 1623 quo
914 1594 1009 1623 supra
1027 1584 1058 1612 in
1074 1584 1215 1624 proxima
1227 1593 1304 1612 con-

392 1632 613 1673 gregacione⁴,
627 1640 656 1662 et
671 1640 767 1662 totum
783 1633 859 1662 illud
873 1633 929 1662 suit
939 1633 1137 1662 commissum
1153 1632 1303 1672 magistro

394 1682 540 1713 Cfinrado
555 1683 674 1712 Lubek.

434 1733 542 1769 Quoad
561 1733 600 1761 2¹¹·
616 1731 777 1761 articulum
795 1731 912 1771 placuit
923 1731 1046 1760 nacioni
1062 1731 1145 1771 quod
1163 1729 1304 1770 magistri

393 1788 555 1821 presentes
574 1781 761 1820 sigillacioni
777 1780 876 1810 adhuc
891 1781 987 1810 semel
1002 1781 1143 1810 viderent
1157 1780 1302 1814 minutas,

394 1838 424 1860 et
437 1831 464 1860 si
479 1831 595 1870 aliquid
613 1837 697 1859 esset
711 1831 928 1869 apponendum
947 1829 996 1859 vel
1009 1830 1229 1859 removendum
1247 1839 1306 1868 per

397 1891 462 1916 eos,
477 1879 552 1909 illud
565 1880 664 1915 fieret,
685 1885 715 1908 et
732 1880 816 1918 quod
837 1879 1028 1919 sigillaretur
1047 1879 1215 1908 secundum
1233 1879 1303 1914 hoc,

395 1936 453 1959 etc.

435 1979 543 2015 Quoad
556 1977 767 2007 3¹³¹articulum
778 1978 885 2012 nichil,
899 1978 971 2017 quia
986 1977 1089 2006 nullus
1105 1978 1303 2017 supplicavit.

434 2028 513 2057 Nota
526 2027 609 2066 quod
623 2027 729 2056 ultima
741 2027 791 2056 die
803 2027 918 2056 mensis
933 2026 1052 2066 Aprilis
1066 2027 1245 2056 licenciatus
1259 2033 1306 2056 est

394 2076 538 2105 dominus
554 2076 710 2105 Johannes
724 2077 762 2104 de
778 2076 877 2105 Hallis
894 2077 950 2105 sub
965 2075 1114 2115 magistro
1131 2075 1305 2105 Gwillelmo

396 2126 486 2160 Blok‚
504 2124 590 2165 cujus
606 2127 701 2154 bursa
719 2125 762 2154 Ill
779 2125 880 2154 solidi.

436 2175 511 2204 Item
529 2175 636 2214 quinta
651 2175 700 2203 die
718 2174 835 2203 mensis
851 2174 924 2203 Maii
940 2174 1120 2203 licenciatus
1138 2180 1185 2203 est
1205 2174 1306 2203 domi-

395 2234 454 2253 nus
476 2224 643 2253 Nicholaus
666 2224 704 2252 de
727 2223 860 2252 Saxonia
883 2224 940 2252 sub
957 2223 1107 2262 magistro
1130 2223 1305 2252 Gwillelmo

397 2273 484 2310 Bloc,
501 2272 588 2312 cujus
605 2273 700 2301 bursa
713 2272 857 2307 V11s01.‚
872 2272 944 2301 Vlll
961 2273 1032 2301 den.

437 2322 511 2351 Item
525 2322 631 2361 quinta
647 2321 720 2350 Maii
735 2321 915 2350 licenciatus
932 2327 978 2350 est
991 2321 1135 2350 dominus
1148 2321 1306 2350 Johannes

397 2372 434 2400 de
462 2371 618 2400 Crannath
648 2371 705 2399 sub
733 2370 882 2409 magistro
911 2370 1077 2399 Guillelmo
1103 2370 1194 2405 Bloc,
1220 2369 1306 2410 cujus

399 2421 491 2449 bursa
507 2420 532 2448 V
549 2420 652 2449 solidi.

495 2527 596 2556 Inter
623 2526 852 2565 incipientes
882 2525 967 2554 anni
999 2526 1207 2565 presentis.

438 2616 543 2644 Primo
557 2615 672 2655 incepit
689 2615 832 2644 dominus
843 2614 1000 2643 ,lohannes
1012 2615 1050 2643 de
1067 2613 1166 2643 Hallis
1178 2615 1235 2643 sub
1247 2625 1306 2643 ma-

398 2664 497 2704 gistro
507 2664 682 2693 Gwillelmo
699 2664 789 2699 Blok‚
803 2662 891 2702 cujus
909 2664 1003 2692 bursa
1020 2663 1062 2692 lll
1079 2674 1104 2692 s.
1123 2663 1232 2702 paris.,
1247 2670 1304 2692 etc.

439 2714 512 2742 Item
539 2714 654 2752 incepit
675 2713 818 2742 dominus
848 2712 1003 2751 Nycolaus
1025 2713 1063 2741 de
1086 2713 1218 2741 Saxonia
1250 2713 1307 2742 sub

399 2762 548 2801 magistro
562 2762 731 2791 Wilhelmo
752 2762 861 2796 Block,
879 2760 967 2801 cujus
988 2762 1081 2790 bursa
1098 2761 1154 2790 Vll
1169 2761 1260 2790 solidi
1279 2767 1308 2790 et

398 2811 469 2840 VIII
489 2812 619 2840 denarii.

430 2922 453 2945 1.
491 2921 538 2944 Vid
549 2930 636 2952 supra,
650 2930 676 2952 p.
690 2923 744 2949 921,
760 2923 781 2945 7.

432 2958 454 2980 2.
489 2958 508 2979 Ι.
521 2966 542 2980 e.
557 2956 622 2979 idem
637 2957 709 2984 liber,
726 2962 752 2980 n·
767 2958 788 2985 7,
801 2966 873 2988 quem
887 2957 955 2988 infi‘a
967 2956 1074 2980 edimus.

1357 701 1373 727 5

1340 946 1374 973 to

1340 1193 1373 1218 15

1340 1438 1374 1464 20

1341 1684 1375 1710 25

1343 1930 1378 1956 30

1343 2177 1377 2202 35

1344 2422 1378 2447 40

1345 2667 1379 2693 45

1451 501 1527 530 Item
1545 501 1661 541 incepit
1682 503 1826 532 dominus
1842 502 2000 532 Johanne's
2021 504 2067 532 de
2083 496 2240 533 Crannath
2260 501 2326 534 sub

1412 549 1560 590 magistro
1577 549 1747 581 Guillelmo
1761 551 1871 587 Black,
1889 551 1976 592 cujus
1987 553 2086 602 [bursa
2098 553 2131 582 V*
2143 553 2249 583 solidi:
2267 557 2271 565 ¹

1818 645 1916 674 1406

1431 714 1504 754 (Fal.
1537 717 1576 745 87
1596 715 1620 755 ¹²)
1647 715 1738 746 Acta
1766 717 1802 745 in
1833 717 2097 756 procuratoria
2127 718 2301 757 magistri
2331 708 2333 710 Ι

1457 763 1653 794 Frederici
1683 766 1727 795 de
1755 765 2005 805 Myddachten
2035 765 2277 799 Ghelrensim

1453 844 1544 874 Facta
1581 845 1828 885 congregacione
1863 846 2003 876 nacionis
2036 846 2207 887 Anglicane
2240 858 2328 878 anno·

1412 893 1537 922 Domini
1550 893 1827 930 M.ccccosext0;
1835 895 1885 925 die
1896 895 2006 935 quinta
2014 896 2131 926 mensis
2142 884 2329 937 Maiissper

1411 942 1472 971 2¹³²·
1482 943 1632 972 articulis.
1642 942 1766 972 Primus
1778 950 1843 973 erat
1853 945 1890 973 ad
1900 938 2076 984 'eligendum
2087 942 2201 975 n‘ov‘tit'n'
2209 942 2321 985 procu*-

1411 998 1544 1021 ratorem
1553 1004 1561 1027 ;
1576 992 1624 1020 2¹¹·
1632 1001 1729 1032 super
1739 994 1818 1022 sacto
1828 990 1938 1022 domus
1944 994 2121 1034 'ad'si‘gnnm
2129 985 2221 1023 &ormi
2229 983 2320 1031 herini,

1411 1041 1449 1070 de
1467 1051 1527 1080 qua
1544 1042 1621 1070 sacta
1636 1036 1692 1070 fuit'
1709 1042 1829 1071 mensio
1847 1035 1879 1071 iri
1897 1042 2198 1083 congregacioni'hti's
2210 1037 2331 1074 insule-⁸

1411 1090 1491 1119 diate
1514 1090 1755 1129 precedentibus
1766 1102 1773 1127 ;
1797 1092 1844 1120 3·-
1862 1080 2277 1132 super‘shpplicacionibu's‘
2292 1101 2323 1124 et

1411 1138 1545 1178 injuriis.
1573 1139 1682 1176 Quoad
1703 1140 1837 1179 primum
1858 1134 2023 1170 articulum
2038 1141 2162 1172 electus
2175 1140 2231 1172 fuit
2244 1143 2322 1173 con-

1411 1188 1548 1218 corditer
1566 1189 1688 1218 nemine
1711 1189 1901 1218 reclamante·
1916 1189 2031 1219 nobilis
2054 1196 2084 1220 et
2102 1190 2256 1221 discretus
2272 1179 2330 1222 'vir

1411 1237 1559 1278 magister
1574 1238 1759 1267 Fredericus
1772 1239 1810 1267 de
1827 1238 2046 1278 Myddachten,
2061 1229 2155 1269 natus
2170 1238 2328 1271 'deGhe'l-

1410 1287 1467 1316 ria.
1496 1286 1605 1324 Quoad
1628 1288 1669 1316 2¹¹¹
1691 1287 1864 1322 articulum,
1888 1287 2013 1318 scilicet*
2033 1288 2071 1317 de
2097 1290 2175 1319 facto
2199 1287 2321 1326 domus,

1411 1336 1489 1365 dixit
1515 1343 1700 1376 procurator
1724 1337 1898 1376 precedens
1927 1337 2011 1376 quod
2038 1336 2132 1377 juxta*
2149 1333 2329 1380 sifri'pta'j'in

1410 1385 1553 1424 proxima
1583 1385 1843 1425 congregacione,
1868 1386 1907 1415 de
1929 1396 1989 1426 qua
2011 1386 2046 1415 fit
2073 1386 2192 1417 mensio
2211 1383 2328 1428 'supi-a,

1411 1435 1556 1464 dominus
1578 1435 1724 1470 decanus,
1746 1436 1784 1464 de
1805 1446 1867 1475 quo
1887 1436 1982 1465 eciam
1998 1431 2043 1465 ibi
2060 1437 2094 1466 fit
2113 1436 2244 1473 menSiQ
2261 1430 2324 1467 sibi

1411 1484 1575 1523 respondit
1590 1485 1675 1523 quod
1693 1491 1755 1513 non
1773 1484 1900 1514 haberet
1921 1485 2069 1525 pecunias
2092 1486 2130 1514 ad
2152 1485 2329 1525 refunden-

1412 1534 1484 1562 dum
1509 1533 1632 1562 nacioni
1656 1526 1694 1562 eit
1719 1539 1806 1572 parte
1834 1533 1944 1563 domus
1968 1534 2120 1573 predicte,
2140 1530 2326 1582 'nec'eci'a'i'ii

1412 1588 1521 1622 posset
1548 1582 1895 1621 prestare'caucionem
1925 1582 2047 1613 civilem
2080 1583 2118 1626 de
2147 1579 2323 1624 hujusmodi

1413 1631 1585 1667 refusione,
1629 1637 1744 1661 attento
1784 1632 1868 1671 quod
1907 1641 1970 1661 non
2014 1629 2143 1662 haberet
2156 1623 2327 1664 *noti'ciiu'n'

1412 1681 1565 1716 Par-isius,
1586 1681 1642 1710 sed
1664 1680 1851 1720 supplicavit
1875 1687 1909 1710 ut
1929 1681 1990 1711 sibi
2012 1692 2030 1710 a
2048 1682 2178 1712 nacione
2198 1673 2326 1715 danaim·

1413 1730 1503 1759 litera
1523 1730 1562 1758 de
1586 1739 1704 1759 summa
1727 1729 1841 1759 debita.
1865 1730 1905 1759 Et
1932 1740 2028 1770 super
2051 1730 2112 1760 isto
2132 1731 2211 1763 dixit
2234 1731 2334 1761 ssacio*

1414 1779 1498 1818 quod
1518 1779 1570 1808 illa
1586 1778 1794 1818 responsione
1815 1784 1930 1808 attenta
1947 1778 2033 1809 nullo
2053 1780 2145 1811 modo
2164 1779 2327 1810 domus'in

1414 1838 1522 1857 manus
1544 1826 1610 1867 ejus
1635 1834 1813 1867 poneretur.
1838 1827 1878 1857 Et
1898 1827 2126 1868 consequenter
2143 1828 2221 1859 dixit
2240 1829 2334 1870 qnod*

1414 1878 1493 1906 bene
1507 1883 1616 1916 posset
1629 1877 1689 1906 sibi
1705 1877 1736 1906 in
1755 1877 1892 1917 generali
1906 1887 2023 1907 summa
2040 1876 2113 1913 dici,
2130 1880 2189 1908 etc.
2207 1877 2330 1909 Cb'n‘se—

1415 1932 1546 1965 quenter
1558 1925 1660 1964 tetigit
1674 1932 1859 1965 procurator
1875 1926 1953 1956 facta
1972 1926 2004 1955 in
2023 1927 2131 1956 ultima
2149 1921 2325 1969 congrega·-

1415 1976 1504 2004 cione
1537 1975 1618 2004 circa
1650 1975 1838 2004 locacionem
1873 1976 1983 2005 domus
2013 1976 2153 2016 predicte
2184 1977 2331 2016 predicto

1415 2025 1564 2064 magistro
1581 2024 1745 2054 Guillelmo
1766 2024 1842 2054 Bloc
1860 2035 1917 2064 pro
1937 2034 2018 2054 anno
2035 2026 2137 2055 futuro
2155 2027 2193 2055 ad
2206 2017 2325 2066 “appro-

1415 2074 1547 2103 bandum
1568 2073 1620 2102 illa
1638 2073 1688 2102 vel
1702 2083 1776 2102 non.
1794 2073 1834 2102 Et
1848 2073 1926 2103 dixit
1940 2073 2028 2103 nacio
2043 2072 2128 2114 'quod
2145 2071 2331 2105 nullomodo-

1414 2123 1552 2162 placeret
1586 2123 1669 2162 quod
1700 2122 1849 2162 magister
1877 2120 2061 2152 Guillelmus
2091 2122 2167 2153 Bloc
2196 2123 2331 2154 haberet>

1415 2172 1584 2211 predictam
1604 2172 1727 2201 domum
1744 2181 1802 2211 pro
1818 2182 1899 2201 anno
1916 2172 2018 2201 futuro
2031 2175 2091 2212 pro
2106 2172 2195 2202 XXII
2215 2162 2327 2208 scu'tis,

1415 2232 1483 2251 cum
1508 2220 1655 2256 clausula,
1678 2221 1716 2250 de
1738 2231 1799 2261 qua
1820 2231 1915 2261 supra
1933 2221 1965 2250 in
1986 2220 2129 2261 proxima
2150 2230 2325 2262 congrega-

1416 2271 1515 2300 cione.
1544 2269 1622 2300 Ymo
1648 2270 1793 2299 dixerunt
1819 2270 1961 2310 magistri
1990 2271 2085 2310 quod‘
2101 2270 2211 2301 melius
2243 2271 2334 2301 e's'set.

1416 2320 1584 2359 predictam
1600 2320 1723 2348 domum
1740 2319 1837 2349 locari
1853 2329 1912 2359 pro
1928 2319 2040 2349 minori
2059 2323 2188 2355 summa,
2204 2321 2238 2349 'u't
2250 2318 2327 2360 ‘puta

1415 2379 1473 2408 pro
1494 2369 1550 2398 XX
1569 2368 1618 2398 vel
1642 2368 1711 2403 alia,
1728 2378 1819 2408 quam
1843 2368 1888 2398 sic
1910 2378 1978 2398 cum
1997 2368 2195 2398 restrictione
2215 2367 2323 2398 lo'ca'ri.

1417 2418 1491 2447 ltem
1514 2417 1575 2447 dati
1599 2424 1671 2447 sunt
1694 2417 1832 2457 deputati
1856 2418 1888 2446 in
1915 2419 1994 2447 facto
2021 2419 2129 2447 domus
2159 2417 2212 2458 qui
2235 2417 2332 2458 prius

1417 2468 1539 2496 suerunt
1556 2466 1630 2496 dati.

1457 2517 1531 2545 Item
1552 2516 1706 2545 conclusit
1724 2516 1766 2545 ibi
1787 2515 1875 2545 nacio
1898 2516 1981 2555 quod
2004 2517 2132 2545 deberet
2149 2516 2217 2545 fieri
2234 2526 2334 2545 novus·

1416 2565 1492 2593 liber·
1502 2564 1683 2604 papireus².

1457 2614 1567 2650 Quoad
1591 2615 1630 2643 3¹¹¹
1659 2613 1820 2643 articulum
1853 2613 2040 2653 supplicavit
2076 2620 2260 2653 procurator
2293 2620 2334 2645 ut„

1417 2663 1582 2692 haberetur
1603 2669 1710 2702 gratus
1734 2669 1764 2692 et
1785 2664 2060 2692 recommendatus.
2084 2661 2180 2702 Cujus
2203 2662 2334 2703 suppli*

1417 2713 1502 2741 cacio
1518 2722 1667 2742 concessa
1682 2711 1738 2741 suit
1754 2713 1791 2741 ab
1809 2712 1952 2742 omnibus
1963 2711 1988 2741 ³.

1449 2922 1472 2943 3.
1506 2921 1638 2951 Reliquam
1654 2920 1780 2952 paginam
1801 2920 1888 2951 implet
1906 2919 1984 2944 index
2003 2928 2084 2944 rerum
2108 2920 2278 2944 notandorum
2298 2919 2328 2943 in

1418 2957 1549 2980 uolumine.

2352 0 2368 6 ι·
2383 0 2493 21 ννγε-Γμηξι
2501 0 2518 17 *1>
2538 0 2560 14 1¹¹,
2570 10 2572 14 ,
