2632 3464
271 433 324 460 225

314 510 389 540 Item
404 510 436 539 in
449 510 554 539 eadem
569 508 817 549 congregacione
832 507 948 537 electus
961 506 1018 536 fuit
1031 504 1180 545 magister

273 559 428 589 Henricus
441 559 480 588 de
493 558 630 588 Embeke
647 557 680 587 in
695 557 935 587 examinatorem
952 554 1179 585 baculariorum

272 609 311 638 ad
329 607 471 638 Sanctam
488 607 685 638 Genovefam.

678 698 776 729 1358

382 771 564 812 Magister
598 769 769 801 Artolfus
804 768 1060 799 Lauterwech.

313 851 405 881 Anno
423 850 547 882 Domini
566 850 667 885 13580,
689 851 739 879 10·
753 849 803 879 die
821 849 998 884 Februarii,
1015 849 1093 878 facta
1107 858 1178 878 con-

272 900 460 941 gregacione
475 899 614 929 nacionis
626 898 799 938 Anglicane
814 899 852 927 ad
867 897 1012 927 Sanctum
1024 897 1178 927 «lulianum

274 950 313 978 ad
340 949 515 989 eligendum
542 954 787 988 procuratorem,
813 947 929 977 electus
954 947 1009 976 fuit
1030 946 1179 986 magister

273 997 413 1028 Artolfus
435 996 638 1027 Lauterwech
665 997 704 1026 de
734 996 865 1026 Bavaria
888 996 920 1024 in
946 1001 1179 1035 procuratorem

273 1046 412 1076 nacionis
427 1045 576 1086 ejusdem,
593 1045 625 1075 in
640 1044 727 1085 cujus
742 1045 924 1085 procui-aria
939 1045 1016 1074 facta
1031 1051 1103 1074 sunt
1119 1055 1179 1084 que

274 1101 432 1125 secuntur.

313 1143 419 1174 Primo
435 1144 466 1173 in
480 1145 585 1173 eadem
603 1143 850 1184 congregacione
865 1143 1053 1183 computavit
1069 1152 1180 1182 recep-

272 1198 322 1222 tor
338 1193 422 1233 quod
437 1193 580 1222 omnibus
597 1192 781 1232 computatis
796 1192 864 1232 ipse
882 1193 1044 1222 tenebatur
1058 1191 1179 1221 nacioni

273 1241 305 1271 in
320 1252 383 1271 uno
399 1241 510 1271 solido.

314 1291 389 1320 Item
412 1291 488 1320 facta
509 1300 570 1320 una
589 1290 836 1331 congregacione
856 1290 1008 1320 facultatis
1028 1291 1066 1319 ad
1087 1290 1179 1319 Sanc-

273 1345 336 1370 tum
350 1339 504 1369 «lulianum
513 1363 520 1375 ,
538 1339 768 1379 suplicaverunt
780 1339 933 1379 magistri,
950 1339 1069 1369 scilicet
1081 1339 1181 1378 magi-

273 1394 339 1418 ster
354 1387 503 1419 Albertus
524 1389 562 1418 de
585 1388 733 1424 Saxonia‚
756 1394 790 1418 ut
811 1389 920 1418 diebus
941 1388 1060 1418 festivis
1081 1388 1182 1427 possit

273 1437 378 1478 legere
395 1443 466 1477 post
479 1447 651 1467 sermonem
669 1437 842 1472 Politicam,
859 1443 889 1467 et
899 1437 1048 1477 magister
1060 1437 1180 1466 Ruber·

273 1493 323 1516 tus
340 1486 553 1521 Nox-mannus,
570 1493 603 1516 ut
617 1487 723 1516 eadem
741 1486 817 1516 hora
833 1487 936 1526 possit
953 1486 1057 1526 legere
1073 1486 1180 1516 Centi-

273 1535 398 1575 logyum
426 1534 607 1575 Tholomey,
634 1535 683 1565 vel
706 1535 970 1575 Quadripartitum
997 1535 1178 1575 Tholomey,

272 1585 357 1623 quod
373 1585 523 1613 ambobus
542 1593 726 1614 concessum
744 1590 809 1614 erat
829 1585 860 1613 in
881 1584 962 1614 hunc
985 1585 1123 1619 modum,
1148 1590 1181 1613 ut

272 1632 334 1672 ipsi
351 1643 414 1663 non
431 1633 617 1672 impedirent
635 1633 876 1672 suplicacionem
895 1632 1024 1673 alicujus
1040 1633 1180 1673 magistri

271 1681 425 1711 volentem
442 1681 596 1722 suplicare
613 1692 672 1722 pro
686 1682 819 1722 legendo
834 1683 865 1712 in
881 1683 987 1712 eadem
1003 1682 1089 1712 hora.

315 1731 390 1760 Item
428 1731 503 1760 facta
539 1731 786 1772 congregacione
819 1731 960 1761 nacionis
991 1731 1178 1771 Anglicane,

271 1779 503 1820 suplicaverunt
524 1779 611 1810 multi
635 1780 772 1810 scolares
793 1780 932 1810 volentes
956 1781 1178 1817 determinare,

272 1828 367 1869 aliqui
388 1829 459 1869 quia
477 1839 538 1858 non
556 1829 719 1864 haberent,
736 1835 770 1859 ut
786 1829 875 1859 nacio
894 1829 987 1859 vellet
1006 1830 1052 1859 eis
1069 1830 1180 1860 bursas

273 1887 345 1907 suas
365 1877 537 1914 dimittere;
559 1877 610 1907 alii
627 1884 661 1908 ut
681 1878 805 1918 possint
825 1888 942 1918 ponere
963 1879 1060 1915 fadia;
1077 1879 1130 1908 alii
1149 1885 1182 1908 ut

272 1927 361 1956 nacio
377 1936 432 1956 eos
449 1933 626 1967 expectaret
640 1927 708 1956 sine
725 1927 922 1967 pigneribus,
939 1933 970 1957 et
986 1927 1038 1957 alii
1055 1927 1112 1964 sic,
1129 1928 1180 1957 alii

274 1975 330 2005 sic.
350 1976 470 2013 Quibus
489 1975 644 2011 omnibus,
660 1976 755 2006 altera
771 1977 821 2006 die
837 1977 914 2006 facta
934 1976 1181 2017 congregacione

274 2024 414 2054 nacionis
433 2024 617 2064 Anglicane,
635 2025 740 2065 gracia
757 2026 813 2055 fuit
833 2026 910 2056 facta
928 2032 958 2055 et
978 2036 1036 2066 per
1058 2027 1180 2056 modum

273 2073 466 2114 expedientis
479 2080 544 2103 erat
555 2074 768 2109 deliberatum,
781 2076 864 2114 quod
878 2075 966 2104 nacio
979 2085 1041 2104 non
1054 2075 1182 2105 haberet

273 2123 455 2162 dampnum,
485 2133 542 2152 nec
571 2122 709 2153 scolares
736 2133 891 2163 pauperes
923 2123 1105 2164 simpliciter
1131 2124 1180 2154 vel

273 2177 308 2201 ut
325 2181 407 2201 nune
420 2171 443 2207 ⁴,
462 2181 524 2201 non
546 2178 640 2212 prout
659 2172 815 2212 impediti,
838 2179 871 2202 ut
892 2173 1068 2213 quicunque
1090 2173 1182 2203 vellet

267 2219 374 2260 jurare
385 2221 468 2260 quod
482 2230 538 2250 nec
551 2221 600 2250 hic
613 2231 670 2250 nec
683 2221 715 2250 in
725 2221 867 2261 partibus
879 2221 1006 2252 haberet
1016 2222 1087 2261 (Fol.
1103 2224 1141 2252 27
1155 2222 1179 2262 1’)

272 2269 354 2299 unde
378 2270 489 2300 bursas
513 2270 658 2306 solveret,
682 2276 715 2300 ut
738 2270 799 2300 sibi
822 2271 916 2300 burse
939 2271 1179 2307 dimitterentur,

272 2318 449 2359 quicunque
467 2325 566 2348 autem
583 2329 646 2348 non
658 2319 786 2349 haberet
802 2325 954 2359 promtam
973 2320 1132 2360 pecuniam
1148 2327 1182 2350 ut

271 2373 403 2407 poneret
422 2368 552 2408 pignera
575 2368 768 2404 suficiencia;
791 2369 968 2409 quicunque
992 2375 1091 2399 autem
1118 2379 1181 2399 non

271 2422 381 2456 posset
401 2416 515 2446 habere
534 2417 679 2457 pignera,
698 2424 732 2447 ut
752 2418 840 2447 daret
858 2417 977 2447 literam
1000 2419 1058 2448 sub
1076 2418 1181 2458 sigillo

272 2465 411 2495 officialis
433 2465 465 2495 in
490 2466 587 2495 forma
605 2472 639 2495 ut
660 2472 839 2496 consuetum
851 2467 875 2495 ².
898 2466 1063 2497 Terminus
1080 2473 1180 2498 autem

273 2514 407 2544 omnium
442 2514 571 2545 istorum
611 2521 659 2545 est
695 2516 805 2545 festum
845 2516 943 2546 sancti
979 2515 1118 2556 Philippi
1152 2522 1183 2546 et

271 2563 390 2593 iacobi.

303 2664 328 2688 1.
360 2666 400 2689 Mn
422 2664 464 2688 lu'e
480 2667 603 2690 νεωρίου
612 2669 776 2698 consumptua
788 2669 834 2691 eol.

302 2701 326 2724 2.
361 2701 453 2726 Exulat
471 2701 504 2725 de
526 2700 574 2725 hoc
597 2709 674 2725 unum
698 2702 805 2727 istorum
817 2702 1043 2727 monumentorum
1059 2703 1183 2736 officialis

272 2735 367 2766 Parim,
380 2736 444 2762 anai
459 2746 473 2758 οι
487 2737 581 2761 milles.
596 2737 658 2762 CCC
671 2737 845 2770 quinquages.
862 2738 978 2770 septim„
992 2738 1034 2762 die
1049 2739 1110 2763 lune
1123 2743 1183 2772 pont

271 2770 420 2796 brendon·-
434 2780 446 2795 ι
459 2772 514 2804 (aa.
529 2773 599 2801 1³5⁸,
613 2773 643 2797 19
652 2772 807 2806 Februario,
820 2776 945 2798 voluntate
956 2777 1140 2807 centumplum,
1156 2775 1182 2800 ia

271 2805 349 2831 Aah.
365 2808 478 2832 Univen.
493 2807 577 2836 Parin.
591 2807 658 2837 thee.
676 2809 741 2838 xw,
760 2813 788 2833 n·
801 2810 839 2838 18,
853 2809 880 2833 in
895 2817 946 2841 quo
963 2810 1110 2842 reseruntur
1124 2819 1183 2835 eco—

272 2841 340 2867 lam
370 2842 521 2868 Gauron-dnn
551 2843 622 2868 filiun
648 2844 748 2869 Albe-»ti
770 2845 803 2869 de
832 2845 978 2877 Nimegben
1004 2845 1181 2880 (Nimwogen),

272 2877 400 2903 Esuriens
412 2878 445 2903 de
457 2878 581 2911 Bycmoc,
593 2879 784 2909 Willermus...‚
800 2881 847 2913 qui
858 2881 971 2913 consensi
979 2883 1039 2906 nunt
1050 2890 1077 2905 ue
1091 2882 1183 2906 debere

271 2913 377 2938 nuioru'
399 2914 559 2947 Anglieanne
577 2915 715 2940 duodecim
737 2916 820 2940 litu-n
839 2920 866 2941 et
885 2920 944 2941 octo
964 2916 996 2949 (Ρ)
1016 2917 1064 2942 nol.
1086 2918 1180 2950 paria„

273 2952 348 2974 uento
368 2949 426 2974 auri
447 2949 480 2974 dc
498 2958 584 2983 cuano
603 2950 732 2976 lobannis
751 2952 914 2977 Francorum
934 2953 1006 2985 regi·
1029 2956 1180 2986 computato

352 2995 468 3015 Ancariu-
479 2995 603 3017 ctu-maaria
614 2995 701 3017 (lairen.
711 2997 779 3017 Paria.
789 3007 815 3013 —-
826 2996 842 3018 Ι.

774 431 889 458 LIBER
908 428 1222 458 PROCURATORUM
1241 427 1421 455 NATIONIS
1439 428 1685 455 ANGLICANAE

1216 954 1250 980 10

1217 1199 1251 1225 15

1217 1445 1252 1471 20

1218 1691 1252 1717 25

1218 1937 1252 1963 30

1218 2183 1252 2209 35

1219 2428 1253 2455 40

2143 429 2194 455 226

1328 525 1397 554 Isti
1435 530 1520 554 sunt
1554 524 1869 554 determinatores
1906 524 2018 554 istius
2053 525 2138 554 anni

1328 603 1434 634 Primo
1446 604 1590 634 dominus
1602 603 1794 643 Peregrinus
1804 604 1842 633 de
1853 603 2021 634 Zeleschitz
2031 605 2088 633 sub
2103 605 2197 644 magi-

1288 659 1354 683 stro
1372 653 1502 683 Alberto
1522 654 1560 682 de
1579 652 1728 687 Saxonia,
1749 651 1836 692 cujus
1852 653 1945 682 burse
1962 654 1981 682 9
1999 653 2056 682 sol.
2076 653 2197 683 Solvit³

1287 708 1396 732 totum.

1329 751 1403 780 ltem
1430 751 1573 780 dominus
1601 750 1770 780 Goscalcus
1794 751 1832 779 de
1859 750 1955 790 Riga,
1977 751 2078 780 dictus
2101 751 2198 780 Loze-

1286 800 1402 840 bergh,
1425 799 1648 829 Tharbatensis
1666 799 1799 828 civitatis
1822 799 1963 834 scolaris,
1985 800 2038 838 qui
2057 799 2197 829 Parisius

1287 849 1326 878 de
1343 849 1423 888 Riga
1439 849 1563 884 dicitur,
1582 850 1640 878 sub
1658 848 1806 888 magistro
1827 848 1975 877 Hainrico
1995 849 2033 877 de
2052 848 2196 884 Saxonia‚

1287 897 1375 938 cujus
1393 899 1487 927 burse
1505 899 1523 927 5
1542 898 1646 927 solidi.

1328 946 1402 976 ltem
1423 947 1636 976 Theodoricus
1656 947 1693 976 de
1714 946 1804 976 Unna
1822 947 1880 975 sub
1900 947 2049 986 magistro
2068 947 2198 976 Alberto

1287 996 1326 1025 de
1342 995 1487 1031 saxonia,
1503 994 1591 1035 cujus
1609 996 1702 1025 burse
1717 997 1735 1025 3
1754 995 1846 1025 solidi
1862 1005 1929 1024 cum
1946 995 2085 1025 dimidio.
2104 996 2199 1025 Satis-

1288 1044 1359 1074 fecit
1375 1044 1524 1080 bedellis;
1542 1054 1600 1084 pro
1617 1044 1744 1074 residuo
1761 1044 1888 1083 [posuit]
1904 1045 2046 1084 pignora.
2065 1044 2163 1074 Solvit
2173 1044 2196 1074 ³.

1329 1093 1404 1123 Item
1421 1093 1565 1123 dominus
1584 1094 1751 1123 Hainricus
1773 1094 1811 1123 de
1831 1089 2004 1133 Rfitlig[en]
2022 1094 2079 1123 sub
2098 1094 2198 1134 magi-

1288 1148 1336 1172 tro
1354 1142 1533 1182 Reyboldo,
1553 1142 1640 1183 cujus
1660 1144 1753 1172 burse
1772 1143 1790 1172 4
1809 1142 1913 1172 solidi.

1330 1191 1403 1221 item
1433 1192 1577 1222 dominus
1608 1191 1796 1221 Wilhelmus
1827 1193 1865 1221 de
1899 1191 2065 1220 Mechlinia
2100 1202 2197 1231 prope

1288 1240 1394 1280 Aquas
1412 1241 1469 1270 sub
1492 1241 1642 1280 magistro
1663 1241 1803 1270 Johanne
1821 1242 1859 1270 de
1877 1240 1977 1280 Aquis
1996 1240 2083 1281 cujus
2105 1242 2198 1271 burse

1287 1290 1342 1319 9s.
1357 1290 1514 1319 Satisfecit
1526 1290 1656 1319 bedellis
1665 1296 1695 1319 et
1709 1300 1765 1329 pro
1776 1290 1902 1319 residuo
1914 1290 2043 1329 [posuit]
2055 1290 2197 1330 pignora.

1330 1339 1404 1368 Item
1433 1339 1575 1368 (lominus
1606 1339 1814 1368 Wenemams
1826 1338 1836 1357 ⁴
1871 1340 1908 1368 de
1941 1339 2110 1378 Zutphania
2142 1340 2199 1369 sub

1288 1388 1437 1428 magistro
1455 1388 1594 1417 Johanne
1612 1389 1650 1417 de
1667 1387 1779 1427 Aquis,
1799 1387 1886 1428 cujus
1905 1389 1998 1417 burse
2016 1389 2034 1417 9
2053 1388 2158 1417 solidi.

1330 1437 1405 1466 ltem
1423 1437 1566 1467 dominus
1581 1437 1794 1466 Theodoricus
1811 1438 1848 1466 de
1865 1437 1963 1467 Clivis
1980 1437 2036 1466 sub
2051 1437 2199 1477 magistro

1290 1486 1438 1515 Hainrico
1455 1486 1598 1521 Kalcher,
1615 1485 1703 1525 cujus
1718 1487 1813 1515 burse
1829 1485 1855 1515 V
1871 1486 1975 1515 solidi.

1330 1534 1404 1564 Item
1418 1535 1561 1564 dominus
1574 1534 1721 1564 Nicolaus
1734 1535 1772 1564 de
1787 1535 1963 1564 Sconhovia
1979 1535 2036 1564 sub
2051 1535 2199 1574 magistro

1288 1583 1457 1613 Wilhelmo
1482 1584 1592 1618 Buser,
1615 1582 1702 1623 cujus
1724 1585 1818 1613 burse
1838 1585 1856 1613 4
1882 1584 1985 1613 solidi.
2011 1584 2110 1613 Solvit
2130 1584 2200 1623 plus

1289 1643 1379 1672 quam
1397 1633 1602 1668 medietatem,
1619 1643 1678 1672 pro
1694 1633 1821 1662 residuo
1837 1633 1967 1672 [posuit]
1982 1633 2127 1672 pignora.

1330 1682 1404 1712 Item
1427 1682 1570 1711 dominus
1590 1682 1803 1711 Theodoricus
1825 1682 1953 1711 Swecus
1974 1683 2031 1712 sub
2052 1682 2200 1722 magistro

1289 1730 1417 1761 Nicolao
1434 1731 1555 1766 Sweco,
1573 1730 1660 1770 cujus
1679 1731 1771 1760 bursa
1784 1731 1890 1760 nichil.

1330 1780 1405 1810 ltem
1425 1781 1568 1810 dominus
1590 1779 1749 1810 Arnoldus
1768 1779 1847 1809 Ghir
1867 1781 1924 1809 sub
1946 1780 2094 1820 magistro
2117 1779 2200 1810 Wil-

1289 1829 1380 1859 lelmo
1397 1829 1509 1865 Buser,
1524 1827 1611 1869 cujus
1630 1830 1724 1859 bursa
1737 1829 1844 1858 nichil.

1330 1878 1404 1908 ltem
1419 1879 1562 1908 dominus
1577 1878 1736 1908 Tilmanus
1749 1879 1787 1908 de
1803 1878 1938 1913 Anrade‚
1956 1877 2044 1918 cujus
2059 1879 2152 1908 burse
2168 1879 2197 1914 5,

1290 1929 1348 1957 sub
1366 1927 1516 1968 magistro
1534 1927 1682 1957 Hainrico
1705 1929 1743 1957 de
1763 1928 1911 1967 Kempen‚
1931 1928 2037 1967 posuit
2054 1928 2198 1968 pignora,

1290 1977 1439 2006 satisfecit
1454 1976 1595 2007 bedellis.

1330 2026 1405 2056 Item
1423 2026 1566 2055 dominus
1583 2025 1749 2055 Hainricus
1764 2027 1802 2055 de
1819 2026 1958 2066 Kempen
1974 2027 2031 2055 sub
2051 2027 2200 2066 magistro

1290 2074 1438 2104 Hainrico
1453 2075 1491 2104 de
1503 2075 1641 2115 Kempen
1656 2075 1730 2115 (sic),
1743 2074 1830 2114 cujus
1843 2075 1963 2105 burse7
1979 2075 2083 2110 solidi,
2098 2076 2201 2115 posuit

1288 2124 1434 2164 pignora,
1455 2124 1604 2154 satisfecit
1619 2124 1762 2154 bedellis.

1329 2173 1404 2203 ltem
1420 2173 1564 2202 dominus
1579 2173 1698 2202 Addam
1717 2173 1847 2203 Catwiic
1860 2174 1917 2203 sub
1934 2173 2083 2213 magistro
2104 2173 2201 2203 Hain-

1289 2222 1354 2252 rico
1367 2223 1406 2252 de
1420 2221 1509 2262 Kog⁵
1520 2221 1607 2262 cujus
1622 2223 1716 2252 burse
1726 2223 1742 2252 7
1754 2222 1846 2252 solidi
1861 2232 1928 2252 cum
1941 2222 2078 2251 dimidio.
2093 2223 2203 2252 Posuit

1289 2271 1434 2307 litteram,
1445 2271 1595 2301 satisfecit
1608 2271 1750 2300 bedellis.

1330 2320 1429 2351 ltem⁶
1465 2320 1609 2350 dominus
1642 2320 1799 2350 Johannes
1831 2321 1868 2349 de
1896 2320 1995 2350 Berka
2030 2322 2087 2350 sub
2119 2331 2198 2360 mag.

1290 2369 1439 2400 Hainrico
1467 2370 1505 2399 de
1529 2370 1681 2409 Kempen‚
1710 2368 1798 2409 cujus
1827 2370 1921 2399 burso
1947 2371 1965 2399 5
1994 2369 2065 2405 sol.‚
2096 2370 2200 2409 posuit

1289 2419 1432 2459 pignora,
1448 2419 1597 2448 satisfecit
1613 2418 1755 2448 bedellis.

1331 2468 1406 2498 Item
1429 2468 1574 2498 dominus
1593 2467 1751 2498 Johannes
1768 2468 1806 2497 de
1825 2468 2008 2507 Novimagio
2034 2468 2091 2497 sub
2117 2478 2196 2507 mag.

1291 2516 1439 2547 Hainrico
1454 2517 1492 2547 de
1514 2516 1657 2552 Kalcher,
1675 2518 1795 2556 bu[r]se
1811 2524 1841 2547 et
1861 2517 1974 2546 similia
1993 2517 2079 2546 sicud
2097 2517 2197 2546 statim

1290 2567 1474 2606 precedens.

1290 2676 1339 2701 pro
1358 2668 1453 2700 viginti
1475 2668 1524 2693 nol.
1546 2668 1638 2700 paris„
1661 2669 1687 2692 in
1709 2668 1805 2700 quibus
1830 2671 1970 2692 tenuerunt
1991 2668 2124 2692 nacioni...
2146 2676 2195 2700 pro

1291 2704 1497 2729 determinancia
1518 2704 1544 2728 in
1565 2704 1661 2728 artium
1683 2705 1806 2728 facultate
1827 2704 1960 2732 habenda,
1982 2707 2005 2728 et
2025 2704 2197 2735 promiserunt

1290 2739 1386 2764 nolum
1403 2739 1473 2764 infra
1487 2739 1589 2763 instans
1605 2741 1701 2764 festum
1719 2740 1924 2764 Penthecousten
1944 2739 2046 2764 Domini
2064 2739 2105 2771 (20
2122 2739 2196 2771 Maii)

1290 2783 1404 2800 unacum
1416 2775 1539 2799 omnibus
1552 2775 1684 2807 dampnis.

1321 2813 1344 2836 ³.
1379 2811 1535 2836 Charaetere
1547 2811 1657 2835 diverso.

1321 2848 1343 2871 4.
1379 2847 1415 2872 Da
1427 2847 1509 2878 Goye.
1522 2846 1608 2871 licent.
1622 2854 1664 2870 an.
1678 2847 1747 2870 1³69.

1321 2884 1344 2907 ⁵.
1378 2884 1398 2907 1.
1411 2891 1432 2906 e.
1449 2882 1530 2907 Goch.

1320 2920 1344 2942 8.
1377 2919 1430 2942 noe
1442 2926 1533 2942 nomen
1549 2920 1573 2941 el
1589 2917 1745 2950 subsequens
1762 2925 1818 2941 cum
1833 2917 1948 2941 omnibu:
1958 2916 2089 2950 adjuncti·
2107 2917 2132 2941 In
2149 2926 2195 2941 nu.

1290 2953 1449 2978 delebantur.

2078 2998 2102 3017 1³
