2632 3464
315 432 350 459 77

314 518 383 538 rum
400 509 568 549 appellavit
581 511 621 539 ad
644 510 750 540 sedem
767 509 987 549 apostolicam;
1007 510 1063 539 sed
1076 519 1138 538 non
1154 516 1227 539 sunt

315 559 510 598 prosequuti,
531 566 565 588 ut
581 559 621 588 de
633 557 705 599 jure
723 559 878 588 debebant
889 557 910 587 ¹.

355 607 391 636 In
405 608 543 637 crastino
552 607 566 626 ²
578 607 660 638 beati
676 607 866 637 Bartolomei
880 608 958 637 sacta
977 608 1225 647 congregacione

313 656 454 686 nacionis
471 667 529 696 per
542 663 775 696 procuratorem
792 657 831 686 ad
848 656 1025 696 eligendum
1040 663 1225 696 procurato-

313 715 378 735 rem
407 712 437 735 et
465 706 504 735 ad
535 705 787 746 supplicandum,
818 711 981 745 antequam
1007 706 1120 736 eleccio
1152 706 1224 736 novi

312 754 527 794 procuratoris
564 754 786 790 celebraretur,
822 755 966 784 dominus
994 755 1155 785 Walterus
1186 756 1224 785 dc

314 804 385 833 Dun
395 804 507 834 Scotus
520 809 551 833 et
563 804 709 834 dominus
718 804 877 834 Johannes
888 805 926 833 de
935 804 1075 834 Wesalia
1083 805 1224 834 volentes

312 852 452 892 incipere
473 852 505 882 in
529 853 649 882 artibus
671 853 795 882 nacioni
821 853 1048 893 supplicabant,
1073 861 1103 883 et
1123 854 1224 894 primo

311 902 455 931 dominus
471 901 639 937 Wakerus,
656 912 724 931 cum
739 902 808 942 ipse
821 903 858 932 ad
872 913 1003 942 presens
1017 913 1080 932 non
1098 903 1225 932 haberet

312 951 484 990 pecuniam,
507 951 588 980 unde
610 957 720 990 posset
740 951 861 981 solvere
883 953 995 982 bursas
1013 952 1136 982 nacioni
1159 953 1224 982 sol-

311 1010 384 1029 vere
401 1006 566 1030 consuetas
585 1010 642 1040 per
655 1000 828 1030 bacalarios
842 1001 873 1030 in
892 1001 1013 1031 artibus
1029 1001 1222 1042 incepturos,

310 1058 367 1078 nec
382 1048 511 1079 haberet
533 1049 648 1090 pignus
666 1049 866 1089 ponendum³
883 1061 940 1090 pro
959 1051 1016 1086 eis,
1037 1051 1224 1091 supplicavit

310 1099 395 1138 quod
419 1098 507 1127 nacio
533 1098 654 1138 vel[l]et
676 1099 737 1128 sibi
759 1101 886 1129 credere
917 1110 1016 1140 usque
1046 1102 1084 1130 ad
1113 1101 1222 1130 festum

310 1146 441 1176 Pasche.
470 1147 568 1184 Quam
593 1148 858 1188 supplicacionem
881 1149 970 1179 nacio
990 1150 1072 1179 dicto
1097 1150 1222 1179 domino

307 1195 450 1226 waltero
468 1197 625 1227 concessit
639 1199 697 1227 sub
711 1197 825 1227 talibus
839 1199 931 1228 modo
945 1205 975 1228 et
988 1199 1095 1234 forma,
1110 1199 1223 1229 videli-

308 1251 358 1275 cet
377 1246 460 1286 quod
481 1245 583 1276 dictus
601 1247 746 1276 dominus
769 1247 935 1277 Gualterus
953 1248 1088 1278 solveret
1107 1249 1222 1279 rectori

308 1294 392 1324 illam
424 1296 550 1325 bursam
582 1307 672 1336 quam
701 1296 769 1336 ipse
802 1297 894 1326 debet
925 1297 1056 1334 habere;
1085 1299 1123 1328 de
1152 1298 1222 1328 aliis

310 1344 370 1374 1111
392 1343 497 1374 bursis
519 1345 605 1375 dedit
622 1345 711 1375 nacio
730 1346 872 1376 inducias
889 1347 972 1376 dicto
988 1347 1113 1376 domino
1132 1347 1223 1377 Wal-

308 1399 376 1423 tero
394 1404 493 1434 usque
515 1395 554 1423 ad
576 1395 685 1424 festum
710 1395 841 1431 Pasche,
864 1397 1030 1426 dummodo
1046 1396 1167 1436 juraret
1184 1398 1221 1426 ad

307 1453 395 1472 sacra
413 1443 471 1472 Dei
487 1444 662 1484 evangelia,
681 1443 760 1474 infra
773 1445 887 1474 dictum
906 1446 1085 1481 terminum,
1103 1446 1223 1476 scilicet

309 1491 440 1527 Pasche,
458 1493 556 1522 dictas
571 1494 684 1522 bursas
701 1493 833 1523 solvere.
857 1494 947 1532 Quod
963 1493 1170 1534 juramentum
1189 1495 1221 1524 in

307 1541 466 1581 presentia
498 1542 594 1572 totius
623 1542 764 1572 nacionis
795 1543 932 1582 prestitit
966 1545 1004 1573 de
1035 1544 1185 1574 solvendo
1195 1545 1218 1574 ⁴.

308 1590 460 1620 Dominus
473 1601 548 1621 vero
562 1591 720 1621 Johannes
734 1593 772 1621 de
787 1592 926 1622 Wesalia
940 1593 1137 1633 supplicavit,
1153 1605 1220 1623 cum

306 1638 375 1680 ipse
389 1647 472 1670 esset
485 1651 614 1680 pauper,
630 1642 713 1680 quod
730 1641 789 1670 sibi
804 1641 855 1671 ille
871 1643 965 1671 burse
979 1643 1217 1673 dimitterentur.

306 1688 365 1718 Cui
391 1689 480 1719 nacio
510 1690 667 1719 concessit
698 1691 780 1730 quod
810 1691 837 1720 si
862 1691 976 1721 rectori
994 1691 1114 1732 juraret
1136 1694 1220 1733 quod

305 1737 420 1768 nullam
445 1739 570 1768 bursam
596 1746 740 1778 poneret,
765 1746 796 1769 et
819 1746 923 1770 rector
945 1741 1048 1780 ipsum
1068 1742 1218 1782 quitaret‚

304 1793 378 1816 tunc
390 1788 479 1817 nacio
495 1788 598 1828 ipsum
611 1799 649 1818 ex
662 1795 727 1818 toto
743 1789 879 1829 quitaret
892 1791 930 1819 de
945 1790 1038 1820 dictis
1054 1791 1176 1827 bursis;
1192 1792 1218 1822 si

302 1843 406 1866 autem
422 1837 537 1867 rectori
549 1837 669 1877 juraret
686 1838 820 1878 aliquam
838 1840 975 1875 bursam,
995 1847 1067 1870 tunc
1084 1841 1219 1871 solveret

305 1886 419 1916 rectori
436 1897 526 1916 unam
545 1887 682 1923 bursam,
700 1894 730 1917 et
745 1888 905 1918 residuum
921 1890 1055 1918 nacioni.

347 1935 499 1966 Dominus
519 1936 680 1966 Walterus
703 1937 815 1967 Scotus
835 1938 952 1978 incepit
975 1941 1006 1968 in
1029 1939 1147 1969 artibus
1167 1939 1217 1969 die

303 1982 406 2024 jovis⁵
422 1991 494 2024 post
509 1986 619 2016 festum
634 1986 834 2022 Bartolomei,
858 1987 945 2027 cujus
960 1989 1055 2017 bursa
1069 1988 1096 2017 V
1111 1989 1215 2019 solidi.

346 2033 499 2064 Dominus
520 2035 678 2066 Johannes
697 2037 734 2065 de
754 2036 896 2066 wesalia
912 2037 1029 2077 incepit
1049 2038 1080 2066 in
1098 2038 1217 2068 artibus

303 2082 355 2112 die
366 2082 449 2122 jovis
465 2091 537 2124 post
560 2085 672 2115 festum
690 2085 892 2122 Bartolomei,
915 2085 1003 2127 cujus
1032 2087 1127 2117 bursa
1140 2087 1215 2128 (sic),

302 2133 362 2162 sub
372 2132 384 2151 ⁶
398 2133 548 2173 magistro
567 2134 693 2164 Galtero
708 2135 746 2164 de
764 2135 916 2165 VVardlau
933 2136 1039 2166 Scoto.

712 2228 812 2258 1344

304 2297 480 2338 [Tempus
510 2299 801 2338 procuracionis
836 2301 1007 2342 magistri
1045 2302 1215 2333 Gualteri

613 2349 656 2378 de
686 2349 901 2389 Wardlau.]

342 2426 496 2466 Tempore
531 2429 789 2467 procuracionis⁷
828 2431 968 2471 magistri
1004 2432 1137 2462 Walteri
1177 2434 1215 2463 de

302 2475 454 2506 Wardlau
474 2476 559 2507 Scoti
577 2478 654 2508 sacta
671 2479 795 2509 fuerunt
812 2490 872 2520 que
888 2487 1071 2520 sequuntur.

342 2525 447 2556 Primo
465 2525 582 2566 incepit
599 2528 656 2557 sub
675 2529 783 2558 eodem
797 2530 941 2560 dominus
958 2530 1118 2561 Walterus
1137 2531 1215 2561 Sco-

301 2580 352 2604 tus
371 2575 408 2604 de
426 2574 510 2611 Dun,
527 2575 615 2616 cujus
630 2578 725 2608 bursa
739 2578 765 2607 V
782 2578 888 2611 solidi.

343 2623 418 2654 Item
438 2625 582 2655 dominus
604 2626 762 2657 Johannes
783 2629 821 2658 de
841 2628 999 2659 Wessalia
1015 2630 1072 2659 sub
1093 2631 1213 2667 eodem,

303 2671 391 2713 cujus
406 2674 501 2704 bursa
518 2674 630 2712 nichil,
648 2682 681 2706 ut
699 2677 787 2707 dixit.

333 2748 356 2772 1.
391 2749 554 2774 Garutianus
574 2758 631 2774 cum
652 2751 714 2775 alii·
729 2755 823 2784 neptem
846 2752 894 2777 iter
910 2753 1022 2786 arripuit
1043 2754 1080 2778 ad
1097 2757 1214 2779 ‚anetam

295 2783 395 2813 udam,
409 2786 437 2808 ut
448 2784 529 2818 liquat
538 2794 551 2810 e
561 2786 680 2812 Churtul.
692 2788 814 2813 Univm.
829 2789 923 2819 Parin„
939 2789 975 2819 11,
987 2794 1015 2814 n·
1025 2789 1095 2814 1104.

331 2819 356 2844 2.
389 2820 419 2844 25
428 2821 546 2852 Augusti.

333 2855 357 2879 3.
390 2856 419 2880 In
431 2864 477 2880 mn.
488 2860 578 2890 putea
593 2859 673 2891 apud.

331 2891 356 2915 lt.
391 2893 420 2916 In
436 2893 553 2926 margine
564 2901 574 2918 .·
590 2894 656 2919 Note
671 2895 742 2927 quod
760 2895 883 2921 dominus
900 2897 1025 2922 Gulterus
1039 2898 1071 2922 de
1091 2898 1148 2922 Dun
1165 2898 1215 2923 ruit

302 2930 395 2959 posteo
412 2928 530 2960 quitatu-
546 2930 579 2955 de
595 2929 667 2955 dicta
684 2931 828 2962 solutione,
845 2932 945 2958 scilicet.
959 2936 1020 2965 pout
1037 2933 1212 2966 inceptionem

304 2970 390 2992 uuam,
404 2971 452 2996 per
464 2964 607 2991 nationem.

681 0 1741 33 „³frsefffflrrrsaessaffzwwawsfflsswafflnzeavaa2new«w·2
1777 0 1822 10 *w
1859 0 1874 14 a

1263 955 1296 980 10

1260 1201 1294 1227 15

1259 1448 1293 1474 20

1258 1694 1291 1720 25

1255 1941 1289 1967 30

1254 2187 1288 2213 35

1254 2433 1287 2459 40

1252 2679 1286 2706 45

818 433 933 460 LIBER
957 432 1272 460 PROCURATORUM
1296 431 1478 458 NATIONIS
1498 431 1744 459 ANGLICANAE
2213 434 2247 460 78

1377 507 1453 537 Item
1477 507 1595 548 incepit
1614 509 1758 538 dominus
1779 510 1913 539 Thomas
1940 511 1977 539 de
1999 511 2112 540 Wedal
2135 512 2246 541 Scotus

1335 558 1393 586 sub
1409 558 1529 593 eodem,
1544 556 1632 598 cujus
1647 559 1743 588 bursa
1757 558 1783 587 V
1799 559 1902 588 solidi.

1742 669 1842 698 1344

1336 753 1510 793 [Tempus
1549 754 1832 793 procurationis
1869 754 2042 794 magistri
2081 755 2246 785 Gotfridi

1624 804 1667 833 de
1695 803 1953 844 Silvagrifis.]

1374 901 1447 940 (Fal.
1472 902 1519 941 50)
1545 901 1636 931 Anno
1661 902 1787 931 Domini
1814 902 2093 932 M0CCC⁰XL11110
2114 903 2146 932 in
2177 914 2245 932 cra-

1334 950 1438 979 ιςῐῐῐιο8
1469 951 1584 980 Mathei
1616 951 1753 990 apostoli
1783 958 1814 981 et
1836 952 2048 992 ewangeliste,
2068 953 2246 982 convocatis

1333 1000 1477 1029 omnibus
1509 1000 1667 1039 magistris
1698 1001 1839 1030 nacionis
1872 1001 2044 1040 Anglicane
2076 1007 2148 1031 tunc
2177 1009 2244 1031 actu

1333 1050 1516 1089 regentibus
1533 1051 1571 1079 ad
1588 1050 1733 1079 Sanctum
1748 1050 1904 1080 Julianum
1920 1061 2099 1090 pauperem,
2118 1061 2245 1080 concor-

1333 1098 1414 1128 diter
1439 1098 1555 1128 electus
1578 1099 1634 1128 fuit
1655 1099 1805 1140 magister
1825 1099 1988 1130 Gotfridus
2008 1101 2046 1129 de
2070 1100 2245 1140 Silvagrifis

1332 1147 1364 1176 in
1380 1154 1612 1187 procuratorem
1626 1149 1707 1179 dicte
1723 1149 1875 1184 nacionis,
1890 1150 1922 1178 in
1935 1149 2023 1189 cujus
2035 1150 2245 1190 procuratorii

1332 1204 1471 1237 tempore
1484 1204 1550 1227 acta
1564 1205 1636 1228 sunt
1651 1198 1707 1228 hec
1720 1209 1780 1238 que
1797 1205 1979 1239 sequuntur.

1372 1246 1478 1276 Primo
1491 1247 1725 1287 computacione
1741 1249 1818 1277 facta
1833 1258 1890 1288 per
1906 1248 2088 1288 magistrum
2105 1249 2243 1278 Theode-

1332 1296 1428 1325 ricum
1438 1303 1631 1336 receptorem
1644 1296 1782 1337 ejusdem
1796 1298 2091 1333 nacionis,admissa
2105 1298 2161 1328 suit
2177 1297 2242 1338 ejus

1332 1346 1526 1385 computacio
1548 1346 1609 1382 sic,
1629 1347 1713 1386 quod
1733 1346 1883 1376 remansit
1900 1347 2022 1376 nacioni
2040 1347 2195 1387 obligatus
2211 1348 2243 1376 in

1331 1404 1442 1423 novem
1469 1395 1579 1425 solidis
1609 1406 1678 1425 cum
1705 1396 1845 1431 dimidio,
1875 1396 2053 1426 convocatis
2083 1397 2242 1437 magistris

1331 1444 1475 1474 omnibus
1502 1445 1684 1484 regentibus
1709 1444 1847 1485 ejusdem
1874 1446 2014 1475 nacionis
2039 1447 2121 1485 apud
2144 1446 2242 1476 Sanc-

1331 1499 1393 1522 tum
1420 1493 1575 1523 Julianum
1595 1505 1764 1534 pauperem
1778 1495 1827 1524 die
1840 1494 1947 1534 jovis⁹
1965 1495 2104 1534 proxima
2124 1496 2202 1525 sesto
2215 1494 2241 1514 ⁴⁰

1330 1542 1446 1572 Mathei
1462 1543 1596 1582 apostoli
1611 1550 1641 1573 et
1655 1544 1867 1583 ewangeliste.

1372 1592 1447 1621 Item
1466 1591 1546 1621 infra
1561 1599 1683 1632 tempus
1699 1593 1882 1632 procur-arie
1896 1604 1950 1623 sue
1966 1594 2082 1634 incepit
2097 1595 2240 1624 dominus

1331 1640 1494 1670 Conradus
1512 1642 1550 1671 de
1569 1641 1687 1677 Berlin,
1707 1642 1795 1682 cujus
1813 1644 1908 1672 bursa
1925 1643 2031 1672 nichil.
2095 1642 2097 1644 ’

1371 1691 1446 1720 Item
1461 1692 1640 1720 convocatis
1658 1692 1802 1722 omnibus
1823 1692 1983 1732 magistris
2000 1692 2141 1722 nacionis
2157 1692 2241 1733 ejus-

1328 1740 1398 1769 dem
1416 1740 1454 1769 ad
1472 1747 1611 1770 sanctum
1629 1741 1783 1770 Julianum
1804 1743 2132 1781 pauperem,concessi
2154 1750 2242 1772 erant

1328 1789 1478 1829 magistro
1512 1790 1673 1829 Nycholao
1702 1791 1740 1820 de
1774 1791 1870 1820 Dacia
1906 1791 1961 1820 XX
1995 1791 2088 1821 solidi
2121 1798 2240 1822 monete

1327 1838 1504 1878 parysiens.
1519 1849 1557 1869 ex
1572 1846 1660 1880 parte
1674 1840 1813 1869 nacionis
1829 1840 1860 1869 in
1875 1841 2057 1870 subsiduum
2069 1841 2240 1871 solucionis

1328 1887 1487 1928 cujusdam
1503 1889 1588 1918 scole
1603 1889 1744 1918 nacionis
1761 1888 1918 1919 Galicane.

1369 1937 1445 1967 Item
1461 1944 1601 1978 tempore
1614 1939 1796 1978 procurarie
1813 1949 1867 1968 sue
1881 1939 1998 1979 incepit
2011 1940 2154 1970 dominus
2169 1940 2239 1969 Ulso

1330 1987 1368 2016 de
1386 1987 1508 2024 Suecia,
1525 1987 1612 2028 cujus
1632 1989 1727 2018 bursa
1742 1989 1798 2018 vll
1818 1989 1922 2018 solidi.

1733 2100 1832 2129 1344

1326 2184 1485 2224 Tempus
1523 2186 1814 2225 procuracionis
1853 2187 2026 2226 magistri
2064 2187 2238 2217 Nicholai

1577 2235 1753 2264 Drukken
1784 2236 1826 2265 de
1857 2236 1986 2266 Dacia.

1366 2333 1401 2363 In
1419 2333 1506 2373 cujus
1523 2334 1740 2374 procuratorio
1755 2341 1823 2364 acta
1841 2342 1913 2365 sunt
1927 2346 1987 2375 que
2003 2342 2186 2375 sequuntur.

1365 2383 1472 2412 Primo
1490 2383 1679 2423 computavit
1698 2385 1848 2424 magister
1863 2385 2077 2414 Theodoricus
2094 2392 2238 2424 receptor

1324 2431 1462 2472 ejusdem
1477 2433 1617 2463 nacionis
1631 2434 1710 2463 infra
1723 2440 1788 2463 tres
1803 2434 1870 2463 dies
1884 2441 1955 2473 post
1968 2434 2147 2464 electionem
2162 2435 2236 2464 dicti

1326 2482 1551 2521 procuratoris,
1569 2488 1600 2512 et
1617 2489 1776 2522 reputatus
1795 2483 1850 2512 suit
1865 2490 2029 2522 computus
2046 2494 2120 2512 suus
2137 2484 2236 2513 bonus

1325 2531 1363 2560 dc
1379 2531 1523 2561 omnibus
1543 2532 1702 2572 perceptis
1722 2538 1752 2561 et
1768 2533 1904 2572 erogatis
1920 2533 1958 2561 dc
1979 2532 2109 2572 peconia
2130 2533 2237 2562 nacio-

1324 2579 1386 2615 nis,
1415 2581 1456 2610 ita
1480 2581 1565 2620 quod
1594 2581 1738 2611 omnibus
1763 2581 1927 2610 diss'alcatis
1950 2582 2111 2611 tenebatur
2135 2582 2236 2612 dictus

1326 2636 1471 2669 receptor
1485 2630 1608 2660 nacioni
1625 2630 1656 2659 in
1673 2631 1701 2660 ΙΙ
1722 2630 1832 2660 solidis
1851 2631 2026 2670 parysiens.

1366 2678 1443 2708 Acta
1458 2680 1582 2709 suerunt
1597 2679 1653 2709 hec
1669 2679 1700 2708 in
1716 2679 1853 2709 crastino
1869 2679 1967 2709 sancti
1984 2679 2157 2710 Martini⁴¹.

1412 2755 1442 2779 26
1451 2755 1570 2787 Augusti.

1412 2791 1492 2815 sub...
1507 2791 1584 2815 Scoto
1594 2794 1653 2815 sunt
1666 2791 1758 2816 addita
1773 2791 1826 2815 alia
1841 2798 1929 2816 manu.

1412 2828 1471 2851 Pon
1486 2827 1516 2850 25
1529 2826 1648 2859 Auguetc'.

1412 2863 1442 2886 22
1454 2862 1616 2893 Septembris.

1373 2916 1379 2922 .
1413 2899 1443 2922 23
1455 2898 1616 2929 Septembris.

1354 2934 1392 2958 10.
1426 2935 1446 2958 1.
1460 2942 1481 2958 e.
1495 2936 1556 2965 post
1570 2934 1674 2958 festum.

1355 2969 1394 2993 11.
1430 2969 1458 2995 12
1468 2969 1625 2994 Novembris.

1353 2757 1378 2922 esses
