2632 3464
1307 0 1357 21 ,λ-

450 463 499 489 483

450 539 525 567 lianc
557 537 791 577 responsionem
817 536 932 565 vellent
962 535 1077 564 referre
1111 533 1243 563 nacioni.
1274 533 1351 563 Cum

448 589 549 627 itaque
562 587 617 616 hec
633 585 850 626 proposuisset
864 590 1056 624 procurator,
1076 583 1239 622 requirens
1258 582 1351 622 magi·
1368 620 1371 622 Ι

447 643 530 666 stros
549 642 620 665 tunc
646 641 805 674 presentes
827 640 860 663 ut
883 633 1090 662 deliberarent
1117 632 1248 671 qualiter
1269 637 1353 660 esset

447 686 576 715 ulterius
599 685 826 724 procedendum
849 692 943 722 super
965 681 1044 716 istis,
1073 681 1273 709 deliberatum
1298 680 1353 709 fuit

448 735 553 763 saltem
581 744 597 762 a
630 732 735 772 majori
765 738 851 771 parte
881 731 1020 760 nacionis
1052 730 1134 769 quod
1167 735 1352 758 vocarentur

449 783 544 823 aliqui
561 793 597 812 ex
613 782 787 811 senioribus
803 782 840 809 de
859 780 997 813 nacione,
1015 779 1128 818 quibus
1149 778 1257 807 melius
1280 787 1352 807 con·

450 838 545 862 staret
562 832 644 860 istud
662 831 782 864 factum,
803 836 831 858 et
847 828 1023 868 specialiter
1042 827 1181 866 magistri
1201 826 1298 856 Adam
1313 827 1351 856 de

450 882 587 920 Catwye,
607 879 765 908 Marcilius
783 879 820 906 de
839 877 968 917 Inghen‚
987 877 1142 906 Jordanus
1155 876 1192 904 de
1209 875 1307 905 Clivis
1322 881 1352 904 et

450 929 606 959 Gerardus
623 928 659 956 de
674 926 797 961 Kalker,
815 932 848 955 ut
867 926 911 954 illi
927 925 1116 959 audiremur,
1137 930 1167 953 et
1183 924 1350 953 secundum

448 979 530 1018 quod
548 977 591 1006 illi
610 976 758 1010 dicerent,
776 975 904 1004 ulterius
920 974 1151 1013 procederetur.
1168 973 1208 1002 Et
1219 972 1301 1012 quia,
1319 979 1352 1001 ut

446 1027 614 1060 dicebatur,
632 1026 779 1064 magister
794 1023 951 1052 Marcilius
970 1029 1038 1051 ante
1057 1023 1218 1051 adventum
1235 1031 1350 1061 procu-

446 1076 558 1105 ratoris
587 1074 706 1103 dixerat
731 1073 884 1112 aliquibus
911 1072 1068 1111 magistris
1098 1071 1236 1100 nacionis
1265 1071 1351 1110 quod

448 1126 524 1153 bene
552 1123 777 1156 recordaretur,
809 1122 890 1160 quod
921 1122 1000 1150 idem
1034 1120 1182 1159 magister
1219 1119 1350 1148 Michael

446 1173 539 1203 semel
565 1171 750 1211 supplicavit
773 1180 828 1209 pro
851 1169 1034 1199 remissione
1054 1169 1137 1198 illius
1155 1169 1301 1208 pecunie,
1321 1175 1351 1197 et

446 1230 517 1252 tunc
535 1232 588 1251 sua
601 1220 791 1259 supplicacio
807 1220 862 1248 fuit
879 1219 1071 1258 interempta,
1087 1218 1232 1247 dixerunt
1244 1217 1350 1257 plures

447 1281 547 1311 ymmo
567 1268 663 1309 major
686 1279 758 1308 pars
781 1268 933 1303 nacionis,
955 1268 1036 1307 quod
1059 1267 1172 1296 auditis
1192 1266 1350 1306 magistris

446 1319 668 1360 prenominatis
703 1317 879 1357 requiretur
909 1317 959 1345 illa
985 1316 1117 1356 pecunia
1149 1316 1186 1344 ab
1211 1326 1259 1350 eo,
1290 1315 1350 1344 nisi

446 1371 571 1398 doceret
586 1378 618 1396 se
633 1367 753 1396 interim
771 1366 959 1396 satisfecisse
975 1365 1108 1394 nacioni.

487 1418 560 1447 Item
575 1417 679 1446 eadem
692 1415 857 1455 penultima
875 1415 923 1443 die
936 1414 1096 1443 Februarii
1108 1414 1184 1443 hora
1201 1423 1351 1443 nonarum

447 1467 558 1496 Nostre
582 1466 712 1494 Domine
734 1465 782 1494 vel
807 1464 905 1503 quasi,
930 1463 1047 1493 vocatis
1073 1473 1128 1502 per
1144 1462 1350 1502 juramentum

446 1517 484 1545 ad
503 1515 646 1544 Sanctum
664 1514 850 1542 Maturinum
868 1512 1024 1552 magistris
1039 1512 1137 1541 Adam
1154 1513 1192 1541 de
1209 1510 1349 1550 Catwijc,

449 1564 588 1594 Marcilio
607 1565 644 1592 de
664 1563 792 1602 lnghen,
811 1562 948 1591 Jordano
970 1562 1007 1590 de
1029 1561 1139 1596 Clivis,
1155 1560 1295 1590 Gerardo
1313 1561 1351 1589 de

449 1614 563 1642 Kalker
587 1619 617 1641 et
642 1612 782 1641 waltero
808 1612 845 1640 de
871 1611 944 1640 Delf
967 1617 1144 1649 receptore,
1169 1615 1351 1649 procurator

447 1662 580 1702 quesivit
592 1663 629 1690 ab
645 1662 690 1690 eis
706 1668 777 1690 tunc
788 1660 987 1700 presentibus
1003 1660 1077 1699 quid
1089 1659 1133 1688 eis
1147 1665 1303 1688 constaret
1313 1659 1350 1687 de

447 1712 498 1740 illa
525 1711 652 1750 pecunia
678 1710 899 1749 suprascripta.
925 1709 965 1738 Et
986 1709 1130 1738 dixerunt
1155 1708 1351 1737 concorditer

447 1761 528 1800 quod
556 1761 634 1788 bene
660 1759 775 1788 scirent
796 1768 864 1787 eum
891 1759 1003 1787 debere
1030 1757 1151 1786 nacioni
1175 1757 1202 1785 V
1229 1757 1350 1786 francos

446 1816 497 1838 aut
514 1809 653 1844 circiter;
675 1818 776 1846 ymmo
801 1808 946 1836 dicebant
963 1807 1056 1846 aliqui
1077 1817 1194 1841 eorum,
1218 1817 1250 1835 se
1273 1807 1350 1835 bene

447 1858 603 1887 recordari
617 1858 653 1886 de
668 1857 724 1886 hoc
741 1857 823 1896 quod
836 1857 903 1895 ipse
916 1855 1144 1895 supplicaverat
1158 1855 1279 1885 nacioni
1292 1865 1350 1894 pro

446 1907 629 1936 remissione
650 1906 732 1935 illius
754 1906 893 1944 pecunie,
920 1906 974 1934 sed
1001 1915 1052 1934 sua
1080 1904 1270 1944 supplicacio
1297 1904 1352 1933 fuit

447 1956 638 1994 interempta,
672 1961 701 1984 et
732 1954 852 1983 interim
888 1964 949 1983 non
980 1954 1138 1983 satisfecit.
1176 1953 1215 1983 Et
1243 1960 1351 1992 postea

446 2005 569 2034 advenit
586 2004 734 2044 magister
747 2003 892 2032 Albertus
904 2004 941 2032 de
953 2003 1072 2042 Prusya
1083 2009 1226 2042 tanquam
1236 2003 1351 2032 missus

447 2065 482 2083 ex
500 2060 586 2093 parte
607 2053 724 2082 domini
746 2052 853 2081 decani
876 2052 1006 2091 predicti
1029 2058 1062 2081 ut
1080 2052 1297 2081 informaretur
1313 2053 1351 2080 de

447 2103 574 2132 veritate
589 2102 678 2131 istius
693 2101 781 2137 facti;
796 2101 848 2140 qui
862 2101 993 2130 finaliter
1008 2101 1188 2130 informatus
1202 2100 1352 2130 sufficien-

446 2158 493 2181 ter
509 2151 653 2191 promisit
666 2151 786 2179 nacioni
806 2160 841 2179 ex
859 2156 945 2189 parte
963 2150 1094 2189 predicti
1110 2150 1225 2178 domini
1243 2150 1350 2179 decani

448 2201 568 2230 solvere
583 2200 608 2228 V
631 2201 753 2229 francos
774 2206 803 2228 et
819 2199 878 2228 1111
900 2199 1029 2228 solidos.
1052 2199 1138 2235 Quos
1154 2198 1213 2228 1111
1233 2199 1351 2228 solidos

446 2257 554 2290 postea
566 2255 807 2288 perpotaverunt
824 2254 1005 2287 procurator
1027 2259 1086 2277 una
1105 2258 1172 2277 cum
1191 2254 1351 2287 receptore

446 2306 476 2328 et
491 2299 652 2338 magistris
669 2298 766 2327 Adam
782 2298 818 2326 de
831 2296 958 2336 Catwijc
974 2303 1003 2326 et
1020 2297 1160 2326 Gerardo
1173 2298 1210 2326 de
1225 2297 1349 2332 Kalker,

447 2355 477 2377 et
493 2348 669 2376 Hermanno
690 2347 793 2376 Roeve
814 2356 848 2375 ac
868 2347 963 2375 eciam
981 2346 1101 2375 bedello
1120 2352 1149 2375 et
1170 2346 1350 2375 subbedello

448 2397 476 2425 in
492 2398 618 2425 taberna
638 2397 681 2424 ad
698 2398 855 2434 epitogium
878 2394 999 2425 GilletI⁴
1017 2395 1047 2423 in
1065 2395 1133 2424 vico
1153 2395 1289 2424 Cithare.
1312 2395 1351 2424 Et

447 2446 547 2474 statim
578 2452 686 2484 postea
712 2445 791 2473 idem
822 2445 970 2483 magister
992 2444 1138 2473 Albertus
1168 2444 1290 2473 nacioni
1312 2445 1350 2473 de

446 2495 527 2523 dicta
542 2494 672 2533 pecunia
691 2493 848 2523 satisfecit.

489 2543 562 2572 Item
595 2549 667 2571 tunc
692 2541 875 2582 juraverunt
902 2542 1097 2581 procuratori
1126 2542 1350 2570 examinatores

449 2591 721 2620 determinancium
737 2591 880 2630 superius
897 2591 994 2619 electi.

489 2640 560 2679 (Fol.
587 2641 660 2679 49b)
677 2640 808 2679 Insuper
825 2640 882 2669 1112
897 2640 946 2668 die
961 2639 1070 2668 Marcii
1086 2640 1162 2668 facta
1176 2649 1350 2679 congrega-

448 2690 534 2717 cione
552 2689 690 2718 nacionis
709 2690 789 2727 apud
808 2689 951 2717 Sanctum
969 2688 1154 2717 Maturinum
1173 2695 1243 2726 post
1255 2698 1350 2727 pran-

448 2738 529 2766 ‹lium
560 2739 642 2766 circa
670 2738 775 2766 horam
810 2738 974 2766 secundam
1006 2738 1043 2766 ad
1074 2737 1277 2766 ordinandum
1312 2738 1350 2766 de

448 2787 587 2825 pecuniis
601 2787 739 2815 nacionis
750 2793 779 2815 et
790 2787 826 2815 ad
839 2786 1084 2825 supplicandum,
1098 2786 1351 2825 supplicaverunt

449 2835 560 2863 ibidem
586 2836 780 2864 Ilei-mannus
806 2837 843 2864 de
867 2835 985 2870 Sittert,
1009 2835 1218 2864 Theodericus
1243 2834 1349 2864 Jacobi

450 2885 486 2912 de
507 2884 669 2918 Alcmaria‚
694 2885 826 2913 Jacobus
847 2885 883 2912 de
903 2884 1014 2923 Praga,
1035 2884 1181 2923 magister
1195 2884 1349 2913 Jordanus

498 2985 518 3007 1.
537 2987 583 3007 Seu
598 2985 681 3015 Egidii
699 2986 741 3016 (nd
754 2986 875 3008 hurbium
891 2985 986 3016 Egidii)
1001 2988 1026 3008 ut
1038 2985 1105 3008 alias
1117 2985 1217 3008 dicitur.

1376 0 1418 17 ›2⁷7ss
1427 0 1525 25 '⁴'7”‚I{F‚DB
1529 0 1670 26 voeffwfff‘
1674 0 1717 21 {W

1506 27 1507 30 ,
1629 24 1635 30 ι
1695 28 1711 39 Μ

987 458 1210 484 AUCTARIUM
1231 457 1490 484 CHARTULARII
1511 458 1684 485 UNIVERS.
1707 459 1824 485 PARIS.

1407 734 1422 760 5

1388 978 1422 1004 10

2311 461 2363 487 484

1460 534 1498 563 de
1515 534 1612 564 Clivis
1627 544 1663 564 ex
1680 541 1766 574 parte
1781 534 1912 565 Arnoldi
1929 536 1967 565 de
1980 536 2119 576 Kempen
2137 543 2167 566 et
2180 536 2307 567 Gisonis
2325 538 2369 566 de¹

1461 582 1646 622 Ratinghen‚
1677 583 1824 623 magister
1851 584 2008 614 Johannes
2032 586 2070 614 de
2095 585 2216 615 Stralen
2240 585 2364 615 nomine

1461 631 1629 661 Hermanni
1652 633 1689 662 de
1716 633 1865 672 Kempen,
1891 633 2044 663 Mertinus
2069 633 2229 674 Gijsberti,
2251 634 2363 665 Petrus

1458 679 1592 710 Jacobus
1610 681 1648 711 de
1665 681 1805 722 Catwijc,
1821 682 1966 712 Nicolaus
1980 682 2142 719 Johannis,
2154 683 2365 713 Theodericus

1459 728 1566 758 Jacobi
1592 730 1630 759 de
1655 729 1821 766 Alcmaria,
1852 731 2017 771 Philippus
2041 731 2154 771 Pingh,
2185 732 2371 762 Bernardus-

1460 777 1606 814 Pistoris,
1621 777 1783 809 Gotfridus
1800 779 1954 810 Florencii
1967 781 2004 810 de
2019 781 2144 816 Kalker,
2158 780 2314 811 Johannes
2327 782 2364 810 de

1460 827 1590 856 Colonia
1606 827 1728 863 Scotus,
1746 828 1891 859 Nicolaus
1909 829 2013 869 Pyech
2033 835 2063 859 et
2077 829 2211 859 Jacohus
2231 829 2365 860 Tolnaer

1458 885 1517 915 pro
1533 876 1738 906 dilacionibus
1755 878 1918 907 bursarum
1932 878 2104 908 debitarum
2120 879 2244 908 racione
2260 880 2365 909 deter-

1459 924 1680 955 minanciarum
1698 936 1832 962 suarum,
1848 933 1878 956 et
1893 927 1949 956 fuit
1961 927 2105 957 omnibus
2123 927 2273 967 predictis
2289 938 2366 958 con-

1459 983 1548 1003 cessa
1560 974 1671 1004 dilacio
1686 975 1778 1004 trium
1793 976 1955 1011 mensium,
1970 976 2044 1006 licet
2059 976 2154 1015 aliqui
2169 987 2227 1016 pro
2246 977 2364 1006 minore

1459 1028 1490 1051 et
1511 1023 1634 1062 quidam
1657 1033 1715 1063 pro
1741 1022 1848 1064 majori
1867 1024 2018 1054 dilacione
2041 1025 2283 1065 supplicassent,
2306 1026 2363 1055 sub

1459 1071 1518 1111 hijs
1549 1078 1650 1101 tamen
1677 1073 1912 1103 condicionibus
1946 1085 1952 1102 :
1982 1074 2083 1113 primo
2115 1075 2198 1113 quod
2235 1074 2367 1114 quilibet

1420 1146 1425 1150 .
1459 1130 1564 1150 eorum
1594 1131 1714 1160 ponens
1738 1122 1872 1161 pignora
1900 1132 1938 1151 ex
1961 1133 2042 1152 nunc
2069 1124 2260 1153 consentiret
2281 1124 2365 1163 quod

1388 1222 1421 1248 15

1388 1467 1421 1493 20

1388 1712 1422 1737 25

1388 1957 1422 1983 30

1388 2202 1421 2228 35

1387 2447 1421 2473 40

1387 2692 1420 2718 45

1458 1169 1556 1209 lapsis
1575 1170 1638 1199 illis
1662 1171 1761 1200 tribus
1783 1171 1956 1207 mensibus,
1977 1172 2037 1201 nisi
2058 1172 2179 1202 interim
2200 1172 2366 1202 redimeret

1458 1219 1591 1258 pignora
1617 1229 1682 1254 sua,
1714 1226 1858 1259 receptor
1889 1220 1955 1250 sine
1986 1231 2141 1250 consensu
2174 1231 2280 1250 eorum
2315 1227 2366 1251 aut

1459 1268 1631 1298 monicione
1648 1269 1756 1307 previa
1774 1269 1871 1298 libere
1890 1276 1999 1309 posset
2016 1280 2051 1299 ea
2067 1271 2213 1305 vendere,
2235 1276 2265 1299 et
2282 1270 2366 1310 quod

1458 1323 1530 1346 tunc
1546 1324 1689 1356 receptor
1704 1317 1832 1347 haberet
1848 1325 2026 1358 computare
2043 1319 2190 1358 pecunias
2207 1319 2246 1348 de
2260 1318 2365 1349 bursis

1458 1366 1598 1405 ipsorum
1610 1372 1754 1406 tanquam
1767 1373 1908 1406 receptas
1921 1367 1953 1396 in
1966 1368 2211 1407 congregacione
2226 1368 2365 1398 nacionis

1458 1421 1531 1444 tunc
1547 1415 1694 1445 facienda.
1713 1415 1856 1445 Secundo
1875 1417 1959 1456 quod
1974 1416 2104 1456 quilibet
2120 1426 2226 1446 eorum
2246 1417 2278 1446 in
2294 1427 2365 1447 con—

1459 1464 1594 1494 sciencia
1606 1475 1662 1494 sua
1677 1471 1833 1494 assereret
1848 1465 1931 1504 quod
1948 1475 2007 1504 pro
2022 1466 2160 1505 presenti
2178 1475 2240 1495 non
2257 1472 2366 1505 posset

1459 1514 1580 1543 nacioni
1591 1514 1767 1543 satisfacere
1784 1514 1816 1543 in
1831 1514 1985 1553 promptis
1995 1514 2148 1553 pecuniis.
2161 1514 2270 1544 Tercio
2282 1515 2366 1554 quod

1459 1562 1589 1601 quilibet
1603 1573 1708 1592 eorum
1724 1563 1861 1592 existens
1877 1563 1914 1592 de
1929 1563 2088 1602 provincia
2103 1563 2264 1592 Almannie
2277 1570 2366 1594 antea

1460 1611 1651 1641 satisfaceret
1673 1612 1832 1651 provincie
1853 1622 1907 1641 seu
1928 1612 2185 1651 procuratoribus
2202 1613 2313 1651 ipsius,
2338 1613 2363 1642 si

1460 1660 1547 1699 prius
1571 1671 1633 1689 non
1657 1661 1861 1697 satisfecerit;
1887 1660 1962 1690 alias
1989 1660 2239 1700 supplicaciones
2258 1671 2364 1691 eorum

1459 1716 1565 1739 essent
1593 1710 1790 1739 concorditer
1829 1710 2023 1749 interempte.
2065 1709 2139 1739 Item
2175 1710 2364 1749 supplicacio

1459 1759 1575 1788 domini
1592 1759 1699 1788 Jacobi
1719 1759 1756 1787 de
1779 1758 1880 1798 Praga
1899 1769 1960 1787 non
1977 1759 2033 1788 suit
2050 1769 2199 1788 concessa
2216 1759 2271 1788 sed
2289 1758 2365 1789 inte-

1459 1814 1576 1847 rempta
1602 1818 1659 1847 per
1687 1808 1866 1848 magistrum
1891 1807 2061 1837 Johannem
2089 1808 2126 1837 de
2155 1808 2273 1843 Barka,
2303 1808 2365 1838 nisi

1459 1857 1526 1897 ipse
1549 1857 1742 1886 submitteret
1761 1856 1883 1886 nacioni
1902 1863 1953 1886 aut
1972 1857 2127 1896 aliquibus
2149 1857 2307 1896 magistris
2326 1857 2367 1886 de

1459 1906 1587 1935 nacione
1603 1907 1641 1935 de
1663 1906 1793 1945 quadam
1812 1915 1886 1945 pace
1905 1905 2042 1934 facienda
2061 1906 2143 1935 inter
2165 1916 2219 1935 eos
2241 1905 2365 1936 racione

1459 1954 1616 1994 cujusdam
1631 1955 1788 1984 discordie
1806 1954 1882 1984 alias
1897 1961 1978 1984 mote
1993 1955 2074 1984 inter
2085 1954 2184 1994 ipsos.
2202 1954 2277 1984 Item
2293 1960 2365 1984 tunc

1460 2003 1713 2044 supplicaverunt
1741 2003 1873 2033 Michael
1897 2004 1935 2032 de
1967 2003 2035 2032 Mar
2062 2009 2092 2032 et
2118 2003 2294 2033 Stanislaus
2325 2003 2363 2033 de

1459 2052 1622 2088 Polonia²‚
1637 2053 1782 2092 quatinus
1801 2062 1870 2082 cum
1882 2052 1997 2081 vellent
2013 2052 2145 2081 libenter
2159 2052 2364 2082 determinare

1458 2102 1507 2132 vel
1523 2102 1799 2137 subdeterminare,
1814 2107 1844 2130 et
1854 2101 1977 2130 racione
1992 2101 2183 2140 paupertatis
2198 2101 2291 2130 nimie
2301 2111 2364 2131 non

1459 2151 1608 2180 haberent
1622 2151 1703 2180 unde
1717 2156 1847 2189 possent
1859 2149 2036 2179 satisfacere
2052 2149 2174 2179 nacioni
2187 2159 2246 2190 pro
2258 2149 2364 2179 bursis

1459 2199 1572 2229 debitis
1587 2205 1715 2239 propter
1732 2209 1804 2228 suas
1821 2198 2090 2233 determinancias,
2107 2198 2195 2227 nacio
2209 2197 2302 2228 vellet
2318 2197 2364 2227 eis

1458 2249 1614 2278 remittere
1629 2248 1776 2288 pecunias
1793 2248 1913 2277 debitas
1928 2257 1986 2287 pro
2001 2247 2108 2276 bursis
2126 2257 2249 2276 suarum
2265 2247 2364 2276 deter-

1459 2298 1689 2327 minanciarum.
1719 2297 1758 2326 Et
1784 2297 1906 2326 fuerunt
1930 2297 2089 2325 amborum
2115 2295 2363 2335 supplicaciones

1459 2356 1617 2381 concesse,
1637 2347 1709 2375 dum
1728 2352 1828 2375 tamen
1840 2344 1982 2385 jurarent
1996 2350 2140 2374 statutum
2155 2344 2360 2384 paupertatis;

1459 2396 1541 2434 quod
1557 2401 1587 2424 et
1603 2394 1663 2434 ipsi
1680 2395 1793 2424 ibidem
1802 2393 1995 2434 juraverunt,
2006 2399 2036 2422 et
2050 2393 2091 2422 ita
2103 2393 2226 2422 suerunt
2236 2393 2364 2423 admissi

1458 2445 1496 2473 ad
1510 2443 1845 2473 subdeterminandum.

1500 2493 1574 2522 Item
1589 2493 1638 2521 die
1656 2492 1810 2532 sequenti,
1825 2491 1943 2521 scilicet
1960 2496 2068 2530 quarta
2084 2490 2134 2519 die
2150 2490 2270 2525 Marcii,
2286 2491 2363 2520 facta
2377 2510 2379 2514 -

1458 2541 1705 2581 congregacione
1731 2540 1870 2570 nacionis
1895 2540 1976 2579 apud
2001 2539 2145 2568 Sanctum
2174 2538 2362 2569 Maturinum

1458 2591 1534 2620 hora
1553 2590 1715 2619 terciarum
1736 2590 1774 2618 ad
1791 2588 2026 2628 supplicandum
2046 2594 2077 2617 et
2097 2587 2301 2617 ordinandum
2323 2588 2361 2617 de

1459 2639 1598 2678 pecuniis
1624 2638 1780 2673 nacionis,
1807 2644 1837 2667 et
1861 2637 2046 2676 supplicavit
2072 2636 2114 2666 ibi
2139 2636 2239 2675 primo
2263 2637 2362 2676 magi-

1458 2695 1522 2717 ster
1531 2688 1689 2717 Gerardus
1701 2688 1738 2716 de
1750 2686 1937 2726 Hoynghen‚
1949 2691 2056 2724 pastor
2066 2685 2097 2714 in
2107 2684 2365 2724 VVasserpillich,

1458 2743 1620 2776 quatenus,
1648 2746 1716 2765 cum
1748 2735 1823 2764 alias
1846 2734 1964 2774 jamdiu
1997 2734 2120 2773 quidam
2145 2734 2292 2773 magister
2322 2734 2361 2763 de

1457 2786 1585 2815 nacione
1615 2785 1774 2814 debuisset
1803 2782 1924 2812 nacioni
1959 2783 2042 2811 circa
2072 2781 2104 2822 iij
2139 2783 2261 2811 francos
2293 2792 2360 2812 cum

1458 2835 1584 2863 dimidio
1602 2839 1653 2862 aut
1674 2833 1807 2867 circiter,
1829 2838 1859 2861 et
1880 2831 1975 2860 eciam
1994 2831 2141 2871 magistro
2165 2831 2300 2860 Henrico
2322 2831 2360 2860 de

1459 2884 1579 2922 Hassya
1598 2884 1612 2911 1
1633 2882 1793 2917 florenum,
1813 2886 1843 2910 et
1858 2879 1918 2919 jam
1939 2880 2019 2909 circa
2043 2881 2150 2909 festum
2170 2879 2360 2919 incepcionis

1489 2985 1511 3007 2.
1543 2986 1592 3007 Seu
1606 2983 1637 3006 cle
1650 2983 1788 3014 Mylonow.
