2632 3464
420 415 469 440 507

460 490 493 518 In
508 488 618 528 primis
631 487 777 526 magister
793 485 987 514 Hei-mannus
1001 484 1039 511 de
1051 481 1251 519 Warendorp
1264 490 1322 519 pro

418 549 450 568 se
466 545 495 567 et
515 547 571 577 pro
594 536 741 576 magistro
763 534 928 564 Frederico
947 533 1038 561 fratre
1059 541 1114 560 suo
1137 529 1323 569 supplicavit

416 588 520 616 literas
534 585 756 615 testimoniales
773 593 867 622 super
884 582 981 621 gradu
995 579 1167 620 magisterii
1182 584 1319 617 recepto,

416 636 596 675 sigillandas
610 633 714 673 sigillo
729 632 879 665 nacionis,
898 637 926 659 et
942 639 1089 658 concesse
1105 634 1187 657 sunt.

455 685 529 714 Item
541 683 678 722 magistri
689 682 822 711 Jacobus
835 681 930 709 Edam
946 685 975 708 et
988 678 1169 717 Reynoldus
1179 677 1216 706 de
1225 676 1321 705 Vinea

416 733 575 773 protestati
589 733 711 761 fuerunt
720 731 802 770 quod
816 739 877 758 non
889 728 989 757 animo
1005 726 1169 756 deserendi
1186 725 1320 755 studium

415 783 470 812 sed
497 780 645 821 querendi
674 780 815 808 viaticum
842 788 898 817 pro
927 777 1008 805 victu
1036 782 1065 804 et
1086 775 1199 804 vestitu
1226 774 1322 804 studii

414 831 610 860 intenderent
626 830 670 857 ire
685 829 723 857 ad
738 834 856 867 partes3
875 827 954 855 unde
969 825 1183 864 supplicarunt
1199 823 1320 852 nacioni

415 881 498 919 quod
522 880 548 908 si
574 878 674 907 medio
704 884 841 915 tempore
871 874 1015 904 absencia
1045 884 1099 903 sue
1128 873 1322 912 contingeret

415 929 479 958 lieri
495 928 627 957 rotulum
641 927 678 955 ad
692 936 812 965 papam,
831 925 913 964 quod
927 923 1162 952 admitterentur
1176 921 1319 956 inscribi,

415 984 444 1006 et
457 987 560 1006 corum
573 975 820 1015 supplicaciones
834 974 955 1002 suerunt
966 971 1151 1001 unanimiter
1160 980 1319 1000 concesse.

456 1027 527 1055 Item
551 1025 624 1053 dicti
646 1024 797 1063 magistri,
821 1033 877 1051 nec
902 1032 963 1051 non
986 1021 1125 1060 magistri
1147 1019 1261 1059 Hugho
1283 1020 1321 1048 de

414 1075 550 1108 Landau,
565 1072 694 1102 Michael
713 1074 749 1101 de
767 1071 985 1104 Francvordia,
1002 1069 1147 1099 Nicolaus
1161 1069 1198 1098 de
1210 1067 1317 1098 Cuba‘

413 1124 552 1162 predicta
565 1123 613 1151 die
634 1121 754 1150 nacioni
770 1120 860 1149 simul
874 1119 1017 1148 existenti
1035 1118 1066 1147 in
1080 1118 1210 1157 prandio
1222 1117 1320 1147 solve-

414 1179 484 1201 runt
499 1171 667 1211 jocundum
685 1170 854 1204 introitum,
872 1169 1001 1208 quilibet
1022 1169 1169 1196 francum.

454 1221 524 1258 (Fol.
543 1222 579 1250 31
589 1220 616 1259 b)
633 1220 706 1248 Item
720 1219 899 1247 licenciatus
913 1224 960 1246 est
974 1217 1117 1246 dominus
1132 1215 1321 1246 VViIhelmus

414 1270 593 1309 Stramiglot
611 1269 720 1297 Scotus
737 1269 794 1297 sub
811 1267 959 1306 magistro
977 1266 1117 1295 Johanne
1133 1266 1170 1294 de
1191 1264 1321 1304 Magun-

414 1319 469 1353 cia⁷
488 1318 573 1357 cujus
591 1319 685 1346 bursa
703 1317 758 1346 V11
774 1316 865 1345 solidi
882 1322 911 1344 et
928 1315 987 1344 1111
1004 1315 1134 1344 denarii.

455 1368 528 1396 ltem
550 1367 697 1406 magister
714 1365 870 1394 Johannes
892 1364 986 1394 Lethe
1006 1364 1117 1393 Scotus
1137 1362 1322 1402 supplicavit

414 1417 444 1445 in
467 1417 606 1450 nacione,
626 1426 692 1444 cum
713 1415 780 1454 ipse
805 1420 994 1453 proponeret
1013 1413 1059 1442 ire
1078 1413 1117 1442 ad
1137 1418 1242 1452 partes
1263 1424 1269 1441 :
1296 1412 1323 1441 si

414 1466 513 1494 medio
533 1471 671 1503 tempore
688 1464 882 1502 contingeret
898 1463 964 1491 fieri
980 1462 1125 1491 unionem
1143 1462 1173 1490 in
1191 1461 1322 1490 ecclesia

416 1515 472 1543 Dei
495 1521 524 1543 et
544 1514 676 1542 rotulum
695 1512 772 1546 fieri,
798 1511 942 1551 quatinus
964 1511 1059 1540 eciam
1084 1521 1120 1540 eo
1143 1511 1269 1539 absente
1284 1511 1321 1539 ad

414 1564 527 1592 dictum
557 1562 689 1591 rotulum
724 1561 937 1590 admitteretur
963 1566 993 1590 et
1021 1560 1254 1589 inscriberetur.
1283 1559 1324 1588 Et

414 1612 502 1641 nacio
519 1611 779 1650 supplicacionem
797 1620 881 1639 suam
900 1609 1065 1638 concessit,

455 1661 529 1690 Item
546 1670 640 1699 super
655 1659 829 1698 questione,
845 1669 904 1697 que
920 1659 1097 1687 vertebatur
1112 1668 1207 1697 super
1220 1657 1323 1687 heresi

414 1710 495 1738 inter
518 1709 756 1738 Universitatem
782 1708 991 1737 Parisiensem
1019 1718 1055 1736 ex
1083 1718 1142 1736 una
1167 1713 1269 1745 parte,
1293 1713 1323 1736 et

414 1759 569 1787 dominum
595 1758 757 1797 Hugonem
786 1757 919 1786 Aubriot
947 1756 1089 1791 militem,
1116 1756 1320 1795 prepositum,

415 1818 451 1836 ex
469 1807 579 1841 altera,
598 1807 714 1835 domini
735 1806 901 1845 episcopus
914 1805 926 1823 ²
945 1812 975 1835 et
1000 1805 1167 1845 inquisitor
1187 1805 1322 1834 heretice

415 1855 597 1895 pravitatis³
621 1855 742 1895 judices
775 1856 918 1884 sedentes
948 1865 1046 1894 prope
1072 1854 1225 1894 hospitale
1252 1853 1322 1883 atrii

415 1905 545 1934 ecclesie
564 1904 751 1933 Parisiensis
770 1905 800 1933 in
818 1904 890 1938 alto,
906 1910 936 1933 et
953 1904 1035 1933 dicto
1059 1904 1190 1943 Hugone
1209 1903 1323 1932 ibidem

414 1955 445 1983 in
461 1954 521 1983 alto
540 1953 744 1993 appendiculo
760 1964 817 1993 pro
834 1964 869 1982 eo
889 1954 966 1982 sacto
983 1959 1093 1987 stante,
1113 1959 1233 1981 rectore
1248 1962 1323 1982 vero

416 2003 632 2032 Universitatis
653 2013 690 2031 ex
715 2002 860 2042 opposito
877 2012 943 2031 eum
963 2002 1027 2031 suis
1046 2001 1201 2040 deputatis
1219 2001 1250 2030 in
1262 2002 1323 2030 alto

415 2053 605 2086 sedentibus,
634 2052 724 2080 iidem
751 2050 875 2090 judices
907 2051 1021 2080 dictum
1055 2061 1141 2080 reum
1170 2057 1323 2090 tamquam

415 2101 580 2130 hereticum
602 2107 630 2129 et
654 2100 786 2129 heretice
809 2100 970 2139 pravitatis
988 2101 1135 2129 fautorem
1152 2100 1323 2139 condemp-

416 2156 526 2179 narunt
546 2150 582 2178 ad
603 2156 771 2188 perpetuos
793 2159 944 2178 carceres.
969 2148 1045 2178 Acta
1063 2155 1134 2177 sunt
1155 2148 1211 2177 hec
1233 2151 1322 2177 annis

416 2199 528 2237 quibus
550 2209 654 2237 supra,
673 2199 788 2227 mensis
807 2197 878 2237 Maij
895 2198 993 2227 xvll=
1009 2198 1057 2226 die
1069 2197 1092 2226 ⁴.

458 2248 530 2276 Item
543 2247 610 2276 XX²
627 2247 676 2276 die
690 2247 806 2276 mensis
822 2246 892 2286 Maij
910 2247 1155 2286 congregacione
1172 2247 1323 2286 solempni

418 2298 491 2325 sacta
513 2296 732 2325 Universitatis
751 2297 831 2335 apud
851 2296 995 2325 Sanctum
1016 2296 1207 2324 Bernardum
1229 2306 1324 2334 super

419 2345 527 2384 positis
558 2345 588 2373 in
617 2345 844 2374 deliberacione
875 2345 905 2374 in
930 2344 1056 2384 scriptis
1083 2355 1138 2383 per
1166 2345 1323 2374 dominum

448 2469 470 2492 1.
506 2470 551 2492 Ms.
567 2469 642 2492 addit
655 2469 707 2500 qui.

449 2506 470 2528 2.
505 2505 665 2535 Aymcricus.
969 2514 972 2518 ¹

447 2542 468 2562 3⁴
503 2541 617 2563 ,lacobus
629 2540 660 2563 dc
674 2541 787 2571 Moreyo,
803 2540 864 2563 ord.
881 2540 972 2563 I'raed.

448 2576 469 2598 ln.
510 2576 562 2599 Vid.
578 2576 694 2598 Chartul.
712 2576 756 2602 111,
771 2581 798 2598 n⁰
812 2576 880 2603 1457,
893 2579 946 2598 not.
962 2575 1063 2598 Celebre
1078 2578 1115 2598 eal
1130 2575 1176 2598 Ιιοε
1186 2576 1284 2607 saelum
1297 2575 1323 2598 in

418 2610 523 2633 historia
540 2611 724 2634 L'niversitatis.
743 2611 854 2642 Quidam
871 2611 968 2634 amicus
981 2610 1050 2634 Petri
1068 2611 1099 2633 de
1113 2611 1223 2634 Ailliaco
1236 2611 1324 2634 scribit

418 2646 443 2668 in
458 2646 515 2668 Bibl
537 2650 590 2669 nal.
611 2647 701 2674 Paris.,
714 2655 758 2669 ms.
776 2647 821 2670 Ιαι.
839 2647 923 2674 15107,
934 2646 980 2677 sol.
994 2647 1046 2674 196,
1061 2647 1189 2670 an.1387:
1205 2647 1272 2670 Nota
1285 2650 1325 2670 est

418 2682 472 2711 ejus
491 2681 695 2713 (Universitatis)
716 2682 866 2704 constancia
885 2682 909 2704 in
933 2682 1068 2712 Hugonem
1088 2682 1206 2709 Aubriot,
1227 2690 1324 2713 prepo-

419 2717 496 2739 situm
517 2720 577 2739 tunc
600 2718 692 2744 Paris.y
714 2726 728 2740 a
751 2717 809 2740 fidei
835 2726 864 2740 nc
886 2720 977 2740 nature
995 2717 1099 2748 legibus
1123 2718 1323 2741 exorbitantem.

420 2752 484 2774 Dens
496 2753 605 2783 optime!
620 2756 683 2783 quot
695 2756 752 2775 acta
766 2756 827 2775 sunt.
842 2761 872 2775 ne
886 2753 964 2783 hujus
978 2752 1116 2784 (lingonis)
1127 2753 1252 2784 iniquitas
1266 2753 1324 2776 vin-

418 2787 499 2809 dicari
513 2792 672 2818 quereretur,
684 2792 747 2819 quot
765 2797 779 2811 u
800 2788 864 2811 viris
885 2788 994 2811 summis
1010 2788 1117 2812 sinistre
1135 2788 1324 2812 infortunitatis

418 2823 527 2853 grandin
544 2823 631 2847 von-bn.
653 2827 748 2854 quante
767 2824 879 2846 minaces
894 2824 976 2851 litere,
996 2827 1059 2854 quot
1078 2832 1170 2846 rursus
1189 2824 1324 2855 supplica-

419 2858 505 2880 ciones
523 2866 527 2880 :
547 2859 577 2880 ad
601 2867 649 2889 que
668 2859 754 2881 omnia
781 2860 931 2890 opponebat
956 2858 1142 2890 (Universitas)
1162 2859 1235 2882 illam
1256 2858 1325 2882 Petri

419 2893 652 2923 interrogacionein
673 2894 795 2925 [Spatium
819 2895 844 2917 in
873 2894 950 2926 tns⁸⁰].
974 2894 1079 2925 quantis
1100 2894 1249 2925 sumptibus
1269 2894 1325 2925 ipsu

420 2931 510 2950 vexata
532 2933 579 2956 est,
598 2933 659 2959 quot
678 2930 765 2952 attritu
784 2930 934 2953 laboribus!
955 2929 1100 2953 Accedebat
1120 2930 1233 2961 ingentis
1249 2930 1325 2961 prius

955 405 1177 432 AUCTARIUM
1198 402 1458 430 CHARTULARII
1477 402 1652 428 UNIVERS.
1674 401 1791 428 PARIS.

1358 921 1392 946 10

1359 1166 1392 1192 15

1359 1412 1393 1437 20

1360 1659 1393 1685 25

1360 1905 1394 1931 30

1361 2151 1394 2176 35

2285 400 2337 426 608

1430 484 1598 513 rectorem,
1623 477 1709 518 cujus
1732 477 1840 517 scripti
1868 476 1994 506 effectus
2017 482 2098 512 erat,
2119 486 2157 505 an
2179 476 2339 516 expediret

1431 527 1670 557 Universitatem
1688 527 1828 556 laborare
1850 526 1951 555 modis
1974 531 2004 555 et
2020 525 2071 555 via
2089 525 2202 565 quibus
2219 532 2336 565 posset,

1430 582 1463 606 ut
1485 576 1597 606 scisma
1614 577 1775 605 subortum
1791 585 1886 615 super
1906 580 2022 614 papatu
2043 575 2289 611 submoveretur,
2308 581 2339 605 et

1429 635 1492 654 non
1515 625 1674 655 videretur
1697 635 1767 654 esse
1799 623 2032 654 convenientior
2055 624 2165 653 modus
2192 624 2253 654 nisi
2280 635 2337 665 per

1430 673 1591 704 consilium
1609 674 1755 714 generale
1775 686 1781 703 z
1806 674 1844 702 ad
1864 673 1960 713 igitur
1974 673 2054 702 viam
2072 672 2154 702 illam
2169 683 2337 713 procuran-

1429 723 1498 752 dam
1519 724 1600 762 apud
1618 723 1760 752 dominos
1775 722 1961 762 temporales
1974 728 2005 751 et
2019 721 2197 761 spirituales
2216 722 2338 753 conclu-

1430 781 1496 801 sum
1513 778 1560 801 est
1573 772 1604 801 in
1618 772 1826 801 Universitate
1840 772 1904 800 fore
1920 770 1994 800 utile
2005 770 2030 799 ⁵.
2047 770 2223 810 Respondit
2237 778 2337 801 tamen

1429 821 1518 850 nacio
1531 827 1648 856 nostra,
1663 827 1732 850 ante
1743 820 1846 849 omnia
1858 820 2059 860 protestando
2073 820 2156 859 quod
2171 830 2228 849 non
2241 821 2339 850 inten-

1428 871 1514 899 deret
1535 871 1675 899 recedere
1696 881 1717 898 a
1737 870 1901 904 mandatis,
1913 868 2101 906 jussionibus
2118 876 2145 897 et
2165 869 2338 898 obediencia

1428 920 1614 957 superiorum
1642 917 1794 952 suorum⁶,
1825 919 1880 947 sed
1904 918 1950 947 eis
1978 917 2107 946 firmiter
2138 917 2284 948 insistere
2309 925 2340 948 et

1429 967 1556 996 obedire
1570 979 1575 996 :
1593 976 1649 1006 pro
1664 968 1745 996 bono
1759 973 1858 996 tamen
1875 967 1960 1006 pacis
1975 973 2005 996 et
2016 966 2139 996 unionis
2152 967 2339 1009 universalis

1429 1016 1559 1045 ecclesie
1580 1022 1610 1045 et
1629 1016 1746 1045 honore
1768 1015 1858 1054 hujus
1878 1016 1956 1044 alme
1979 1015 2200 1046 Universitatis
2218 1016 2267 1046 via
2282 1026 2339 1056 per

1429 1065 1586 1094 dominum
1599 1071 1749 1094 rectorem
1766 1065 1927 1103 proposita
1939 1065 2063 1094 videtur
2080 1066 2116 1094 ad
2128 1075 2260 1104 presens
2274 1066 2339 1096 fore

1429 1120 1503 1148 tuta,
1521 1124 1595 1143 sana
1608 1119 1637 1143 et
1652 1113 1832 1153 expediens,
1848 1120 1878 1143 et
1895 1114 1926 1142 in
1941 1124 2006 1142 eam
2022 1114 2225 1144 consenciunt
2239 1125 2339 1154 quan-

1429 1169 1492 1193 tum
1506 1163 1537 1191 in
1555 1163 1600 1192 eis
1616 1169 1674 1198 est,
1687 1169 1716 1192 et
1732 1163 1843 1191 nedum
1857 1162 1888 1191 in
1904 1162 1993 1198 hanc,
2012 1163 2067 1192 sed
2082 1162 2113 1191 in
2124 1173 2338 1203 quancumque

1430 1212 1519 1241 aliam
1551 1211 1768 1241 racionabilem
1795 1218 1825 1241 et
1846 1211 1976 1251 justam,
2003 1221 2059 1251 per
2088 1222 2179 1251 quam
2208 1222 2339 1252 presens

1431 1261 1538 1301 (proch
1569 1261 1685 1301 dolorl)
1715 1261 1828 1290 divisio
1863 1267 1972 1300 posset
2004 1261 2042 1290 de
2080 1261 2181 1290 medio
2212 1262 2340 1292 submo-

1430 1310 1507 1345 veri,
1521 1316 1579 1340 etc.

1472 1359 1545 1389 Item
1581 1359 1760 1388 licenciatus
1799 1365 1847 1388 est
1886 1358 2029 1388 dominus
2070 1358 2258 1389 Wilhelmus
2300 1361 2338 1390 de

1431 1409 1561 1438 Camera
1582 1410 1692 1438 Scotus
1712 1409 1770 1437 suh
1787 1407 1936 1447 magistro
1957 1407 2096 1437 Johanne
2118 1408 2156 1437 de
2179 1408 2337 1444 Hoeclem,

1431 1456 1518 1497 cujus
1531 1458 1624 1486 bursa
1642 1456 1668 1485 V
1683 1456 1775 1486 solidi
1787 1466 1854 1486 cum
1870 1456 2009 1485 dimidio.

1472 1506 1547 1535 Item
1562 1506 1742 1535 licenciatus
1760 1512 1808 1534 est
1824 1506 1967 1535 dominus
1983 1505 2141 1535 Arnoldus
2159 1507 2197 1535 de
2211 1506 2339 1536 Xanctis

1431 1556 1489 1585 sub
1518 1555 1667 1596 magistro
1697 1554 1837 1584 Johanne
1865 1555 1903 1583 de
1935 1554 2098 1590 Hoeclem,
2127 1553 2214 1594 cujus
2246 1556 2341 1585 bursa

1431 1604 1458 1633 V
1475 1605 1578 1634 solidi.

1472 1653 1547 1683 Item
1573 1654 1647 1682 feria
1670 1652 1723 1682 3²⁷
1745 1659 1814 1682 ante
1835 1653 1944 1682 festum
1968 1652 2195 1682 penthecosten
2215 1653 2246 1682 in
2266 1663 2340 1692 pre-

1432 1703 1536 1732 sencia
1553 1702 1612 1732 mei
1630 1702 1854 1742 procuratoris,
1871 1701 2012 1741 magistri
2028 1701 2156 1731 Jordani
2174 1703 2211 1731 de
2228 1702 2338 1738 Clivis,

1431 1752 1571 1792 magistri
1598 1751 1749 1781 Johannis
1774 1751 1954 1786 Be‘rsword,
1981 1751 2126 1790 magister
2156 1751 2269 1791 Hugho
2301 1752 2339 1781 de

1431 1801 1557 1830 Landau
1576 1807 1766 1840 protestatus
1784 1806 1842 1835 est,
1863 1810 1896 1829 se
1915 1800 1960 1828 ire
1980 1800 2018 1829 ad
2038 1806 2143 1839 partes
2159 1810 2222 1829 non
2237 1800 2339 1830 animo

1431 1850 1595 1880 deserendi
1615 1850 1761 1884 studium,
1779 1850 1834 1879 sed
1852 1849 2004 1888 querendi
2021 1849 2163 1878 viaticum
2181 1860 2239 1889 pro
2257 1850 2340 1880 dicto

1432 1899 1534 1929 studio
1553 1909 1608 1928 suo
1629 1899 1847 1928 continuando.

1472 1949 1547 1978 Item
1571 1948 1687 1987 incepit
1707 1948 1850 1977 dominus
1875 1946 2033 1976 Arnoldus
2058 1948 2095 1977 de
2124 1947 2252 1978 Xanctis
2282 1949 2340 1978 sub

1431 1998 1581 2037 magistro
1601 1997 1741 2027 Johanne
1761 1997 1798 2025 de
1821 1994 2001 2031 H‘ackelem‚
2017 1994 2103 2035 cujus
2125 1997 2219 2026 bursa
2241 1996 2267 2026 V
2286 2007 2340 2027 so-

1431 2047 1497 2076 lidi.

1473 2096 1546 2125 Item
1569 2095 1816 2135 congregacione
1837 2094 1976 2124 nacionis
2000 2094 2076 2123 facta
2095 2095 2176 2134 apud
2195 2094 2339 2125 Sanctum

1432 2145 1619 2174 Maturinum
1632 2145 1670 2173 ad
1684 2144 1868 2174 audiendum
1883 2149 2059 2183 computum
2074 2144 2245 2182 receptoris
2257 2150 2287 2173 et
2301 2145 2340 2174 ad

1432 2194 1607 2234 eligendum
1623 2199 1867 2233 procuratorem,
1884 2198 2028 2231 receptor
2042 2192 2240 2231 computavit,
2257 2199 2287 2223 et
2301 2194 2339 2222 de

1432 2243 1576 2272 omnibus
1592 2242 1725 2282 receptis
1739 2243 1776 2271 ad
1791 2242 1932 2281 exposita
1949 2247 2050 2270 manet
2064 2247 2207 2280 receptor
2222 2241 2339 2272 debens

1432 2292 1553 2321 nacioni
1571 2291 1602 2321 in
1625 2291 1683 2321 1111
1700 2291 1813 2320 francis
1831 2297 1861 2320 et
1877 2290 1932 2320 XV
1947 2290 2068 2319 solidis.

1431 2465 1557 2489 elacionis
1571 2465 1654 2488 fracta
1664 2462 1787 2491 duricies,
1801 2465 1826 2486 et
1838 2470 1917 2494 quam
1935 2461 2121 2485 miserabiliter
2133 2469 2217 2490 orare,
2234 2463 2296 2487 flere
2309 2472 2340 2487 ac

1432 2500 1641 2525 misericordium
1660 2499 1810 2530 implorare.
1830 2498 1881 2521 Sed
1896 2505 1911 2521 a
1924 2497 1987 2520 recti
2001 2496 2061 2520 sede
2074 2505 2125 2520 non
2141 2498 2257 2529 amplius
2269 2502 2340 2523 mota

1431 2541 1472 2562 est
1484 2536 1648 2561 Universitas
1660 2544 1672 2558 «
1681 2542 1760 2566 quam
1773 2533 1796 2557 si
1808 2533 1875 2556 dura
1888 2532 1952 2556 silex
1965 2532 2006 2555 vel
2017 2535 2067 2555 stet
2076 2532 2206 2564 Marpesia
2217 2537 2306 2558 cautes
2315 2545 2338 2564 n,

1432 2577 1461 2597 ut
1473 2573 1544 2596 Maro
1553 2572 1590 2595 ait
1598 2571 1702 2603 (Vena,
1714 2569 1828 2597 Aeneid„
1842 2569 1884 2596 Vl,
1893 2568 1959 2598 471).
1973 2567 2128 2591 personales
2137 2571 2224 2592 nutem
2233 2569 2338 2601 injurie,

1431 2608 1553 2641 quamvis
1565 2606 1732 2638 gravissime,
1743 2603 1893 2636 posthabite
1908 2605 1976 2631 sunt,
1991 2602 2131 2634 segnisque
2145 2611 2236 2628 earum
2248 2614 2339 2637 prose-

1431 2645 1504 2677 qutio
1522 2644 1657 2674 hucusque
1672 2641 1837 2673 permansit:
1860 2639 1924 2663 adeo
1943 2638 2014 2670 apud
2028 2646 2085 2662 eam
2099 2639 2153 2663 lese
2180 2640 2241 2664 fidei
2260 2650 2340 2673 quam

1433 2688 1540 2704 suorum
1562 2687 1625 2702 curu
1641 2677 1733 2709 major.
1753 2677 1849 2700 Verum
1871 2675 1895 2698 is
1914 2674 2017 2705 (Euge),
2031 2674 2075 2705 qui
2089 2682 2135 2698 nec
2150 2675 2232 2700 Deum
2247 2685 2341 2702 nocere

1433 2716 1483 2739 sibi
1503 2723 1589 2747 posse,
1604 2722 1651 2737 nec
1670 2712 1811 2740 hominem,
1821 2713 1850 2734 ut
1868 2711 1956 2733 fassus
1968 2713 2016 2737 est,
2029 2709 2219 2740 arbitrabatur,
2229 2716 2291 2744 post
2300 2722 2341 2737 so-

1432 2752 1564 2783 lempnem
1574 2749 1767 2774 revocationem
1779 2748 1906 2778 perpetuo
1920 2745 2019 2768 carceri
2033 2745 2198 2776 adjudicatus
2209 2752 2249 2772 est

1464 2789 1487 2810 5.
1525 2786 1579 2810 Vid.
1594 2785 1711 2809 chartul.
1724 2784 1768 2811 ΙΙΙ,
1782 2785 1818 2806 De
1830 2781 1979 2809 Schismate,
1994 2780 2030 2804 ad
2042 2780 2066 2804 Ιι.
2081 2789 2124 2805 an.

1463 2824 1485 2845 6.
1521 2821 1580 2845 Scit.
1597 2820 1779 2853 episcoporum,
1797 2819 1833 2841 ad
1847 2825 1954 2849 quorum
1971 2816 2098 2840 dione-m
2110 2819 2297 2849 pertinuerunt,
2316 2823 2340 2844 et

1428 2858 1574 2890 principum
1588 2865 1698 2880 ⁴suorum.
2254 2856 2257 2860 '

1465 2895 1487 2917 7.
1522 2894 1550 2916 28
1566 2893 1638 2916 Maii.
