2632 3464
10 1252 13 1254 ,
0 1194 8 1215 ν-

293 453 345 479 541
806 450 918 476 LIBER
939 447 1251 476 PROCURATORUM
1272 448 1452 475 NATIONIS
1471 449 1716 475 ANGLICANAE
2165 453 2216 477 542

296 529 348 558 nia
373 535 407 558 ut
427 528 488 568 ipsi
510 534 641 568 possent
661 527 775 556 habere
798 526 874 556 illud
896 525 1040 560 officium,
1064 531 1094 554 et
1120 525 1200 553 idem

294 578 430 607 officium
462 577 595 606 obtinuit
625 576 774 616 magister
802 574 972 609 Johannes,
1001 580 1031 603 et
1057 574 1114 603 hoc
1145 584 1202 614 per

295 636 404 656 vocum
422 626 643 666 pluralitatem,
664 635 725 655 una
740 634 808 654 cum
828 623 898 653 aliis
917 623 1171 653 inrotulatoribus
1192 635 1199 652 :

295 675 388 705 modo
400 675 501 704 dictus
518 674 666 715 magister
675 673 886 703 Theodericus
898 682 958 702 una
968 682 1035 701 cum
1046 672 1202 712 aliquibus

294 724 367 754 aliis
386 723 545 764 magistris
564 733 598 753 se
615 727 829 763 opposuerunt
847 721 892 750 illi
914 721 1073 756 electioni,
1095 722 1202 750 dicen-

297 780 346 803 tes
380 773 463 813 quod
490 772 639 812 magister
666 771 876 801 Theodericus
909 770 1014 809 plures
1043 770 1203 800 habuisset

294 831 390 852 voces
401 832 491 862 quam
502 821 590 856 alter,
600 826 631 850 et
640 820 783 850 dicebant
792 819 874 859 quod
889 819 947 848 hoc
958 820 1132 854 crederent,
1141 829 1202 848 non

299 878 400 901 tamen
415 870 472 900 hoc
485 870 630 900 volebant
640 867 757 910 jurare.
773 868 912 898 Ponebat
926 868 1021 908 igitur
1035 869 1067 897 in
1084 868 1202 898 delibe-

298 920 423 950 racione
443 919 663 959 magistrorum
682 923 868 957 procurator
886 923 917 946 et
933 917 991 946 hoc
1008 927 1066 956 per
1080 918 1202 946 modum

298 967 506 1008 expedientis,
526 967 598 1007 quia
612 966 714 1006 tetigit
729 966 905 1006 aliqualiter
919 976 999 1001 eum,
1018 966 1094 1006 quid
1108 976 1204 1006 expe-

298 1017 380 1047 diret
396 1017 434 1046 ad
453 1016 600 1046 honorem
615 1014 766 1050 nacionis,
785 1025 823 1044 an
843 1015 1004 1054 expediret
1022 1015 1203 1045 electionem

297 1065 379 1095 illam
399 1065 559 1100 reiterare,
584 1064 633 1094 vel
655 1064 761 1094 audire
781 1074 874 1093 voces
896 1065 1067 1100 amborum,
1090 1074 1150 1104 que
1172 1065 1204 1094 in

298 1114 351 1144 illa
367 1114 625 1154 congregacione,
640 1113 672 1142 in
685 1123 744 1153 qua
756 1113 878 1142 suerunt
888 1113 977 1143 electi
992 1113 1043 1142 alii
1059 1113 1203 1143 inrotula-

297 1170 393 1199 tores,
411 1163 457 1193 eis
472 1163 634 1192 dabantur.
651 1162 754 1202 Super
769 1172 830 1202 quo
850 1161 1052 1192 deliberatum
1075 1163 1130 1192 suit
1149 1173 1205 1202 per

298 1213 464 1252 magistros
488 1218 560 1241 tunc
584 1217 762 1251 presentes,
784 1212 867 1250 quod
891 1212 1032 1240 standum
1055 1217 1102 1241 est
1117 1210 1205 1251 judi-

296 1262 346 1291 cio
368 1260 581 1301 procuratoris
599 1260 652 1300 qui
675 1260 811 1300 signavit
826 1269 920 1289 voces
940 1261 1110 1296 amborum,
1133 1261 1205 1300 quia

291 1309 416 1350 juratus
444 1315 493 1339 est
518 1315 701 1349 procurator
733 1308 866 1338 fideliter
898 1319 1043 1338 exercere
1071 1310 1203 1339 officium

299 1369 399 1395 suum,
412 1365 442 1388 et
452 1358 525 1398 quia
535 1368 596 1388 non
607 1364 656 1388 est
665 1357 833 1388 verisimile
848 1359 932 1398 quod
943 1358 1011 1398 ipse
1021 1365 1206 1398 procurator

299 1408 376 1438 male
393 1407 561 1448 signasset,
581 1407 651 1447 quia
666 1413 791 1447 paratus
807 1414 872 1437 erat
884 1406 990 1447 jurare
1006 1409 1090 1447 quod
1105 1409 1205 1448 magi-

297 1464 364 1487 ster
374 1457 531 1487 Johannes
547 1457 584 1486 de
601 1456 736 1486 Saxonis
748 1456 855 1496 plures
871 1456 998 1486 haberet
1011 1467 1102 1487 voces
1114 1467 1203 1497 quam

299 1507 450 1546 magister
465 1505 688 1535 Theodericus.

339 1555 412 1595 (Fal.
444 1555 491 1595 13)
517 1554 680 1584 Secundus
707 1553 856 1584 articulus
883 1561 948 1584 erat
978 1555 1016 1584 ad
1040 1555 1204 1585 taxandum

298 1605 438 1644 precium
448 1603 696 1638 inrotulatorum,
709 1609 740 1632 et
753 1612 849 1643 super
861 1603 920 1633 isto
933 1604 1064 1633 articulo
1079 1604 1135 1634 fuit
1148 1614 1206 1644 per

299 1652 445 1693 majorem
479 1657 598 1692 partem
636 1651 854 1692 magistrorum
889 1652 1091 1682 deliberatum
1122 1654 1206 1693 quod

297 1701 430 1742 quilibet
439 1710 571 1741 presens
582 1700 742 1741 magister,
757 1700 810 1741 qui
824 1701 918 1731 vellet
930 1701 1104 1738 inrotulari,
1119 1703 1207 1732 daret

300 1751 329 1781 11
348 1750 466 1780 solidos
487 1756 517 1780 et
534 1749 666 1790 quilibet
685 1750 910 1789 superveniens
928 1757 958 1780 et
979 1751 1075 1780 eciam
1093 1752 1205 1781 absens

300 1799 345 1830 111
366 1798 496 1829 solidos.
514 1798 554 1828 Et
570 1799 653 1828 circa
671 1799 764 1828 istum
781 1799 943 1829 articulum
965 1801 1154 1839 querebatur
1168 1811 1205 1830 an

298 1848 436 1889 placeret
454 1847 588 1883 nacioni,
609 1848 692 1887 quod
707 1848 832 1878 daretur
846 1849 997 1878 terminus
1014 1849 1094 1878 infra
1115 1859 1206 1889 quem

297 1898 442 1928 seniores
469 1896 670 1938 porrigerent
694 1906 766 1927 suas
797 1897 1058 1937 supplicaciones,
1086 1899 1124 1927 ad
1148 1898 1205 1928 hoc

299 1947 383 1987 quod
395 1945 528 1987 juvenes
543 1945 660 1976 scirent
674 1946 727 1975 ubi
746 1955 780 1976 se
797 1946 904 1987 figere,
926 1947 998 1986 quia
1012 1957 1075 1976 non
1095 1954 1160 1977 erat
1174 1948 1206 1977 in

299 1994 458 2036 principio
481 1994 675 2035 propositum
694 1994 745 2025 vel
760 1995 792 2024 in
810 1995 1038 2025 deliberacione
1058 1997 1204 2036 positum.

300 2044 422 2075 Placuit
435 2050 536 2073 tamen
550 2043 720 2084 magistris,
737 2049 767 2073 et
781 2043 813 2074 in
827 2043 884 2074 hoc
900 2045 1096 2075 concorditer
1111 2051 1207 2076 stete-

300 2099 373 2123 runt
384 2093 468 2133 quod
485 2093 611 2122 daretur
627 2092 776 2122 terminus
792 2092 819 2123 X
834 2093 964 2123 dierum.

340 2141 465 2172 Tertius
487 2141 636 2171 articulus
657 2147 724 2171 erat
741 2142 779 2171 ad
801 2142 1005 2174 ordinandum
1027 2144 1103 2184 quid
1124 2151 1208 2174 esset

301 2191 472 2221 faciendum
486 2191 524 2220 de
537 2189 600 2220 illis
614 2189 714 2220 literis
723 2190 918 2231 obligatoriis
929 2197 960 2221 et
969 2193 1007 2222 de
1021 2193 1207 2233 pignoribus

300 2246 360 2270 tam
374 2239 406 2269 in
420 2239 515 2269 archa
523 2239 663 2269 nacionis
675 2249 766 2279 quam
777 2240 860 2280 apud
872 2247 1063 2281 receptorem
1075 2242 1208 2272 existen-

299 2289 396 2319 tibus.
429 2287 531 2328 Super
559 2298 621 2328 quo
645 2287 702 2318 suit
732 2288 935 2318 deliberatum
964 2290 1048 2330 quod
1079 2290 1123 2320 illi
1155 2291 1208 2330 qui

299 2338 453 2367 deberent
478 2336 596 2376 imponi
619 2336 722 2367 rotulo
744 2343 775 2366 et
796 2343 902 2367 essent
925 2337 1053 2379 obligati
1074 2339 1206 2374 nacioni,

301 2387 387 2427 quod
401 2385 488 2415 nullo
503 2386 596 2416 modo
608 2385 842 2426 imponerentur
856 2386 917 2416 nisi
931 2387 1158 2418 satisfecissent
1167 2388 1206 2418 ei.

340 2436 388 2465 4·-
409 2434 557 2465 articulus
577 2441 644 2465 erat
665 2444 760 2475 super
773 2435 1071 2476 supplicacionibus,
1090 2443 1148 2467 etc.
1171 2437 1210 2467 Et

300 2483 490 2524 supplicavit
508 2483 658 2524 magister
672 2483 785 2514 Petrus
806 2484 845 2513 de
862 2483 1057 2515 Amsterdam
1074 2495 1133 2526 pro
1147 2496 1209 2516 uno

301 2532 452 2573 magistro
476 2533 604 2563 absente
630 2533 684 2573 qui
713 2538 840 2563 vocatur
870 2533 1019 2574 magister
1046 2534 1209 2575 Reynerus

303 2581 403 2617 Kreit‚
432 2581 504 2622 quia
532 2581 627 2611 eciam
651 2588 774 2612 tenetur
799 2582 920 2612 nacioni
950 2582 991 2612 tx
1019 2583 1149 2620 francis,
1177 2590 1211 2614 ut

302 2630 514 2671 imponeretur
543 2630 644 2660 rotulo
670 2641 739 2661 cum
766 2631 993 2671 protestacione
1021 2633 1105 2672 quod
1134 2632 1210 2663 nulli

303 2677 524 2718 prejudicaret3
541 2678 609 2719 ipse
625 2679 656 2709 in
669 2689 742 2710 casu
757 2690 819 2720 quo
832 2681 920 2710 nacio
938 2680 1030 2711 vellet
1046 2681 1074 2711 ei
1090 2681 1210 2712 mittere

303 2727 422 2758 literam
444 2727 608 2768 sigillatam
631 2728 736 2769 sigillo
761 2728 840 2768 ejus,
863 2739 897 2759 se
917 2729 1070 2770 obligaret
1088 2730 1210 2760 nacioni

303 2776 481 2807 satisfacere
501 2777 540 2807 de
563 2777 627 2808 illis
646 2777 688 2808 lx
712 2777 827 2808 francis
843 2778 875 2808 in
894 2788 966 2809 casu
984 2788 1046 2819 quo
1064 2779 1212 2819 magister

303 2823 468 2865 Reynerua
489 2834 552 2856 non
573 2835 627 2856 eos
649 2826 794 2857 mitteret.
820 2826 917 2867 Cujus
937 2827 1129 2868 supplicacio
1156 2829 1212 2858 suit

303 2882 464 2904 concessa.

346 2922 421 2952 item
442 2932 522 2952 anno
549 2922 673 2954 Domini
698 2934 760 2964 quo
776 2935 880 2965 supra.
897 2925 1008 2955 XXVI·
1027 2926 1077 2955 die
1095 2926 1211 2956 mensis

304 2970 435 3011 Aprilis,
443 2972 521 3002 facta
537 2973 783 3013 congregacione
798 2974 938 3004 nacionis
952 2973 1123 3015 Anglicane
1136 2974 1212 3005 hora

1241 969 1274 995 10

1242 1214 1275 1240 15

1241 1459 1276 1486 20

1243 1705 1277 1731 25

1243 1950 1278 1977 30

1244 2197 1278 2223 35

1246 2442 1281 2469 40

1248 2687 1282 2714 45

1249 2932 1283 2959 50

1310 534 1459 554 nonarum
1478 525 1591 555 Nostre
1611 526 1742 555 Domine
1762 528 1843 566 apud
1866 527 2009 557 Sanctum
2030 529 2216 558 Maturinum

1310 583 1405 612 super
1417 574 1538 603 duobus
1554 574 1705 609 articulis,
1723 585 1854 614 quorum
1872 577 1991 615 primus
2009 584 2074 606 erat
2091 579 2128 606 ad
2145 588 2217 616 pre-

1308 623 1465 662 figendum
1492 623 1655 652 terminum
1683 623 1762 653 infra
1789 635 1878 664 quem
1906 626 2045 655 seniores
2070 627 2218 656 deberent

1310 681 1383 700 suas
1398 671 1647 711 supplicaciones
1668 673 1842 713 porrigere,
1862 680 1892 702 et
1909 674 1935 703 si
1956 675 2035 703 insra
2054 675 2137 704 illum
2157 687 2217 705 non

1311 729 1344 749 se
1360 720 1703 760 determinarent,quod
1713 732 1775 751 non
1790 723 1939 752 deberent
1954 723 2218 763 ulti-ajunioribus

1311 767 1515 807 prejudicare.
1541 769 1643 808 Super
1662 781 1723 809 quo
1744 781 1799 809 per
1821 770 1965 810 majorem
1987 779 2102 811 partem
2120 773 2219 812 magi-

1311 823 1447 847 strorum
1459 818 1515 847 fuit
1525 818 1727 848 deliberatum
1744 820 1827 859 quod
1840 821 2055 860 assignaretur
2070 822 2219 852 terminus

1310 866 1338 896 X
1361 867 1479 896 dierum
1503 878 1519 896 a
1543 869 1614 896 data
1637 869 1832 907 presencium
1856 869 2019 905 inclusive,
2043 877 2072 900 et
2095 871 2120 899 si
2142 871 2220 900 infra

1311 915 1396 945 illum
1414 926 1475 945 non
1487 926 1521 946 se
1537 917 1788 953 determinarent,
1802 919 1885 957 quod
1894 929 1955 947 non
1971 919 2103 958 amplius
2115 919 2220 959 junio-

1311 964 1400 994 ribus
1422 964 1662 1004 prejudicat-ent.
1686 966 1848 996 Secundus
1870 967 2018 997 articulus
2040 975 2105 997 erat
2127 979 2221 1007 super

1312 1013 1610 1053 supplicacionibus‚
1627 1021 1685 1044 etc.
1700 1015 1739 1044 Et
1751 1015 2006 1055 supplicaverunt
2015 1017 2070 1046 Vll
2082 1018 2219 1057 magistri

1312 1063 1434 1092 noviter
1455 1063 1651 1103 incipientes,
1674 1064 1793 1094 scilicet
1809 1066 1881 1094 Otto
1901 1065 2054 1100 Tuninck,
2077 1066 2220 1096 Lamber—

1312 1118 1362 1141 tus
1378 1111 1542 1148 Cluvinch‚
1562 1113 1730 1142 Bertoldus
1748 1115 1786 1143 de
1802 1114 1979 1150 Mulhfisem
2001 1115 2165 1145 Com-adas
2183 1117 2220 1144 de

1314 1160 1425 1196 Hallis,
1455 1161 1650 1191 Hermannus
1674 1163 1711 1191 de
1743 1162 1945 1199 Monasterio,
1972 1164 2157 1194 Laurentius
2184 1166 2221 1193 dc

1312 1209 1477 1246 Alcmaria,
1492 1210 1649 1240 Johannes
1664 1211 1813 1250 Nycholai
1830 1219 1859 1242 et
1877 1214 1938 1242 duo
1954 1214 2220 1253 supervenientes,

1313 1259 1433 1289 scilicet
1456 1260 1604 1299 magister
1630 1260 1813 1300 Radulphus
1837 1263 1874 1291 de
1901 1262 1987 1292 Tiele
2015 1269 2045 1292 et
2074 1263 2222 1302 magister

1313 1307 1447 1338 Thomas
1456 1307 1562 1349 [Wys]
1576 1309 1686 1339 Scotus
1699 1310 1843 1349 quatinus
1854 1311 1914 1350 ipsi
1927 1318 2144 1351 reputarentur
2154 1322 2222 1351 pre-

1313 1363 1418 1387 sentes
1436 1368 1492 1397 per
1513 1358 1684 1393 nacionem,
1702 1358 1769 1388 sine
1796 1366 1896 1389 tamen
1924 1359 2095 1400 prejudicio
2123 1360 2223 1400 cujus-

1313 1416 1434 1446 cunque
1458 1407 1597 1446 magistri
1624 1409 1778 1447 presentis
1807 1408 1855 1438 vel
1883 1410 1931 1438 cui
1961 1420 2140 1439 concessum
2171 1410 2225 1439 suit

1312 1462 1383 1485 ante
1408 1456 1488 1485 diem
1511 1457 1671 1496 prefatum.
1703 1457 1839 1494 Quorum
1864 1459 2114 1498 supplicaciones
2136 1460 2224 1488 nacio

1313 1505 1468 1534 concessit
1484 1505 1515 1533 in
1535 1511 1681 1544 quantum
1696 1506 1807 1545 potuit,
1831 1507 1902 1535 dum
1921 1513 2020 1536 tamen
2037 1507 2111 1537 nulli
2126 1509 2224 1547 magi—

1313 1560 1379 1583 stro
1397 1554 1545 1593 presenti,
1562 1554 1611 1583 vel
1628 1554 1675 1584 cui
1690 1561 1759 1584 ante
1776 1555 1831 1585 fuit
1849 1566 1904 1595 per
1920 1556 2078 1586 nacionem
2094 1567 2224 1587 conces-

1314 1613 1393 1638 sum,
1413 1602 1652 1643 prejudicarent.
1677 1603 1751 1633 ltem
1777 1605 1963 1644 supplicavit
1982 1606 2129 1645 magister
2144 1607 2223 1636 Con-

1313 1653 1407 1682 radus
1423 1653 1460 1681 de
1481 1651 1579 1682 Hallis
1595 1662 1653 1692 pro
1673 1653 1824 1682 dilacione
1843 1654 1972 1683 duorum
1992 1655 2165 1684 francorum
2186 1657 2224 1685 de

1314 1701 1538 1731 inrotulacione
1550 1702 1683 1731 etunius
1696 1703 1734 1731 de
1743 1701 1880 1742 jocundo
1892 1714 1948 1732 suo
1960 1704 2097 1739 introitu,
2111 1711 2144 1734 ut
2157 1705 2224 1744 ipse

1315 1757 1445 1790 poneret
1455 1750 1573 1780 literam
1585 1751 1736 1786 officialis,
1754 1752 1824 1791 quia
1837 1762 1898 1781 non
1911 1752 2038 1782 haberet
2050 1754 2221 1792 pecuniam.

1314 1798 1411 1839 Cujus
1440 1799 1630 1839 supplicacio
1658 1800 1713 1830 suit
1737 1810 1895 1836 concessa,
1911 1802 1981 1831 dum
2007 1808 2106 1831 tamen
2127 1803 2224 1833 cicius

1314 1859 1404 1888 quam
1427 1855 1536 1888 posset
1553 1849 1699 1879 solveret.
1732 1849 1806 1879 Item
1838 1850 2024 1890 supplicavit
2043 1859 2225 1890 procurator

1314 1904 1348 1927 ut
1362 1898 1494 1938 predicti
1508 1904 1626 1938 septem
1640 1898 1781 1938 magistri
1792 1899 1914 1929 noviter
1929 1900 2112 1940 incipientes
2126 1901 2223 1931 solve-

1314 1946 1559 1986 rentjocundum
1579 1947 1755 1983 introitum
1771 1947 1858 1987 cujus
1875 1949 2065 1988 supplicat-io
2084 1950 2139 1979 suit
2149 1960 2224 1980 con-

1314 2006 1403 2026 cessa
1426 2002 1457 2025 et
1475 1996 1531 2026 suit
1548 1996 1750 2026 deliberatum
1775 1997 1858 2036 quod
1875 1998 2022 2027 darentur
2042 1999 2085 2027 illi
2107 2006 2222 2038 septem

1315 2045 1412 2074 franci
1427 2055 1486 2085 pro
1498 2045 1587 2085 virga
1599 2045 1750 2075 nacionis.

1357 2094 1432 2124 ltem
1450 2104 1530 2123 anno
1548 2095 1671 2124 Domini
1684 2105 1746 2134 quo
1756 2105 1861 2135 supra,
1871 2095 2031 2125 XXV1111=
2043 2097 2092 2126 die
2108 2097 2224 2126 mensis

1316 2142 1447 2183 Aprilis,
1462 2143 1539 2172 hora
1550 2153 1699 2173 nonarum
1715 2144 1846 2173 Domine
1857 2144 1982 2180 Nostre,
1998 2146 2073 2175 sacta
2089 2156 2223 2186 congre-

1315 2193 1446 2233 gacione
1456 2192 1596 2222 nacionis
1606 2192 1776 2233 Anglicane
1788 2194 1868 2233 apud
1881 2193 2024 2223 Sanctum
2037 2194 2222 2224 Maturinum

1316 2251 1412 2281 super
1439 2242 1562 2271 duobus
1588 2241 1738 2277 articulis,
1774 2253 1903 2281 quorum
1937 2244 2054 2282 primus
2087 2250 2153 2273 erat
2185 2245 2221 2273 ad

1317 2290 1501 2320 audiendum
1537 2289 1711 2330 juramenta
1750 2291 2001 2327 inrotulatorum,
2040 2299 2068 2322 et
2109 2293 2224 2332 placuit

1317 2339 1461 2369 omnibus
1479 2339 1637 2379 magistris
1656 2341 1738 2379 quod
1752 2340 1813 2379 ipsi
1823 2340 1975 2380 jurarent.

1359 2388 1433 2418 ltem
1447 2388 1478 2417 in
1492 2388 1543 2417 illa
1558 2389 1663 2418 eadem
1682 2389 1928 2429 congregacione
1945 2390 2108 2430 proposuit
2126 2391 2224 2430 magi-

1318 2443 1383 2467 ster
1401 2436 1532 2477 Egidius
1547 2437 1664 2473 Brune,
1681 2447 1749 2467 cum
1769 2438 1836 2478 ipse
1853 2444 1882 2468 et
1903 2439 2048 2478 magister
2067 2439 2088 2470 A
2097 2439 2224 2469 rnoldus

1317 2487 1355 2516 de
1387 2485 1514 2516 Triecht
1534 2487 1732 2522 recesserint,
1759 2487 1940 2517 habuissent
1964 2494 2063 2517 tamen
2090 2489 2223 2518 animum

1318 2535 1397 2564 infra
1414 2535 1508 2565 breve
1520 2541 1642 2575 tempus
1655 2535 1735 2565 sicut
1749 2536 1922 2576 potuissent
1938 2537 2098 2571 redeundi,
2116 2543 2224 2576 quate-

1318 2594 1376 2614 nus
1386 2583 1476 2613 nacio
1486 2584 1655 2614 declararet
1671 2594 1726 2614 eos
1738 2592 1898 2624 presentes
1910 2585 2104 2625 simpliciter,
2116 2596 2151 2614 ex
2164 2596 2226 2625 quo

1318 2632 1467 2662 haberent
1484 2633 1672 2663 domicilium
1687 2633 1838 2668 Parisius,
1855 2641 1945 2672 prout
1967 2634 2042 2663 alias
2062 2641 2127 2664 crat
2148 2645 2224 2663 con-

1318 2681 1436 2711 clusum
1451 2682 1482 2711 in
1498 2683 1627 2722 quadam
1644 2682 1891 2722 congregacione
1909 2682 2127 2712 Universitatis
2143 2684 2227 2722 quod

1319 2730 1372 2770 qui
1387 2730 1536 2760 haberent
1552 2731 1739 2761 domicilium
1752 2731 1902 2765 parisius,
1919 2738 2135 2770 reputarentur
2151 2732 2226 2761 sim-

1319 2779 1443 2819 pliciter
1460 2786 1634 2820 presentes,
1654 2786 1684 2809 et
1704 2779 1759 2809 suit
1775 2790 1830 2819 per
1848 2779 1991 2818 majorem
2016 2786 2132 2819 partem
2151 2780 2227 2810 deli·

1319 2829 1457 2858 beratum
1471 2829 1554 2868 quod
1566 2829 1626 2869 ipsi
1643 2830 1791 2858 deberent
1802 2828 1943 2857 similiter
1958 2836 2120 2868 presentes
2137 2840 2226 2870 repu—

1319 2877 1389 2912 tari,
1416 2878 1441 2907 si
1466 2877 1522 2907 hoc
1550 2877 1663 2907 vellent
1691 2877 1721 2906 in
1745 2877 1938 2907 consciencia
1963 2888 2016 2906 sun
2041 2877 2157 2918 jurare.
2190 2880 2227 2908 Et

1320 2925 1399 2955 idem
1417 2927 1580 2966 proposuit
1597 2926 1744 2966 magister
1762 2925 1914 2955 Martinus
1934 2927 1971 2955 dc
1990 2926 2071 2956 Dent
2087 2937 2123 2956 ex
2140 2934 2226 2967 parte

1320 2975 1458 3014 magistri
1484 2975 1618 3004 WVolteri
1641 2976 1678 3003 de
1700 2974 1793 3010 Delfi,
1815 2985 1910 3014 super
1929 2985 1990 3014 quo
2008 2975 2150 3005 similiter
2171 2977 2227 3005 suit
