2632 3464
283 427 334 454 73>

323 503 399 533 ltem
429 502 545 542 incepit
573 501 721 541 magister
749 499 907 529 Gosvinus
934 498 972 527 de
999 497 1107 527 Bomel
1134 497 1191 526 sub

283 552 433 592 magistro
454 551 561 581 Ulrico
581 551 620 580 de
641 549 799 589 Augusta,
818 547 906 588 cujus
924 548 1017 576 bursa
1035 546 1062 575 V
1082 546 1190 580 solidi,

283 603 303 631 9
320 601 450 631 denarii.

326 651 401 680 Item
419 649 599 679 licenciatus
617 648 673 678 suit
689 647 832 677 dominus
849 646 1022 675 Hernestus
1042 645 1080 674 de
1099 654 1195 684 parva

285 699 447 731 Tremonia
477 698 560 738 apud
587 697 732 727 Nostram
764 695 926 725 Dominam
957 695 1016 724 sub
1045 693 1195 733 magistro

285 748 426 778 Johanne
443 748 481 777 de
497 747 652 786 Saburgm
669 744 757 785 cujus
775 746 871 774 bursa
886 743 913 773 V
931 743 1034 773 solidi.

339 854 406 884 Hic
433 853 569 894 incipit
596 854 794 892 'compotus
827 850 998 890 magistri
1024 849 1145 879 Ulrici

534 900 746 941 receptoris
777 900 899 930 nostri
923 899 945 928 ¹.

323 996 396 1037 (Fal.
405 995 480 1036 65¹¹)
490 994 581 1025 Anno
593 994 710 1024 domini
724 993 866 1024 M⁰CCC⁰
879 993 1118 1033 quadragesimo
1133 991 1195 1026 4⁰²,

289 1045 437 1085 magister
448 1044 585 1079 Ulricus,
594 1050 738 1083 receptor
748 1049 820 1072 tunc
831 1043 971 1072 nacionis
982 1048 1100 1077 nostre,
1110 1051 1198 1071 voca-

288 1101 338 1124 tus
364 1104 402 1123 ex
427 1099 516 1134 parte
541 1092 754 1133 procuratoris
778 1093 815 1121 ad
841 1092 1033 1122 reddendum
1059 1091 1198 1121 ultimum

289 1149 464 1182 compotum
484 1142 516 1171 in
538 1152 665 1172 recessu
683 1152 756 1176 suo,
778 1141 970 1181 computavit
989 1141 1021 1170 in
1042 1140 1200 1180 presentia

288 1192 429 1222 nacionis
444 1191 526 1231 apud
543 1191 687 1220 Sanctum
706 1190 892 1220 Maturinum
908 1190 1109 1230 presentibus
1125 1199 1200 1228 pro-

289 1247 431 1271 curatore
464 1240 620 1276 nacionis,
657 1240 776 1269 scilicet
808 1240 958 1279 magistro
989 1239 1131 1269 waltero
1162 1239 1200 1267 de

288 1290 440 1320 Wardlau
458 1290 568 1325 Scoto,
587 1289 737 1329 magistro
756 1290 895 1319 Roberto
913 1289 951 1318 de
967 1288 1066 1328 Cupir
1082 1289 1112 1317 in
1130 1288 1200 1322 Fiff,

291 1339 439 1379 magistro
469 1339 610 1368 Gerardo
637 1338 731 1374 Gore,
763 1339 912 1378 magistro
940 1338 1076 1367 Henrico
1105 1337 1199 1372 Gore,

291 1389 440 1428 magistro
455 1388 610 1417 Thedrico
623 1394 654 1417 et
669 1388 819 1427 magistro
833 1387 982 1417 Nichoiao
996 1388 1034 1416 de
1051 1387 1200 1421 Goudria,

292 1437 334 1467 ita
355 1437 439 1477 quod
465 1437 624 1466 defalcatis
653 1437 843 1466 desaloandis
874 1436 1022 1466 remansit
1041 1437 1202 1476 predictus

294 1486 420 1517 Uiricus
446 1486 569 1515 nacioni
591 1487 710 1516 debens
735 1487 840 1515 decem
866 1492 895 1515 et
919 1496 1029 1515 novem
1054 1486 1149 1515 libras
1174 1491 1204 1514 et

292 1535 333 1565 vl
352 1535 470 1565 solidos
487 1535 669 1575 parisiens.,
691 1535 728 1564 de
751 1545 811 1574 qua
834 1545 952 1564 summa
972 1535 1060 1564 nacio
1083 1541 1204 1564 tenetur

292 1584 440 1624 expedire
455 1584 570 1623 sc01[as
585 1585 625 1622 et]
643 1583 807 1614 luminaria
823 1585 911 1614 beate
926 1583 1036 1619 Marie,
1057 1590 1086 1613 et
1103 1584 1130 1613 ll
1147 1583 1205 1613 flo-

292 1643 387 1663 renos
403 1634 554 1673 magistro
570 1633 732 1663 Willelmo
751 1634 844 1663 Scoto
859 1634 898 1662 de
917 1633 1155 1673 Dunfermelyn,
1175 1640 1206 1663 et

293 1683 331 1712 ad
347 1682 598 1712 satisfaciendum
613 1682 737 1712 nacioni
754 1683 792 1712 de
807 1683 948 1722 predicta
965 1693 1098 1718 summa,
1118 1682 1205 1712 scili-

293 1737 343 1762 cet
371 1732 409 1760 de
435 1731 462 1760 Χ
497 1737 527 1760 et
556 1731 598 1760 lx
627 1731 717 1760 libris
748 1738 779 1761 et
807 1731 848 1760 vl
881 1731 992 1761 solidis
1022 1732 1204 1771 parisiens„

294 1780 396 1810 dictus
423 1780 549 1810 Ulricus
573 1781 687 1810 refudit
706 1781 806 1820 primo
829 1781 1011 1820 d[ominum]
1036 1781 1206 1821 Engelber-

295 1836 358 1860 tum
381 1829 566 1860 Almannum
594 1829 749 1870 hospitem
768 1837 975 1860 comorantem
1000 1840 1036 1859 ex
1059 1831 1206 1870 opposito

297 1879 403 1909 Sancti
418 1879 566 1909 Maturini
584 1889 643 1919 pro
660 1879 702 1909 lx
716 1879 817 1909 libris.

336 1928 411 1958 Item
443 1935 579 1958 sutorem
608 1929 750 1969 magistri
777 1929 928 1959 Johannis
959 1929 1057 1968 Peny,
1089 1929 1208 1959 scilicet

295 1977 467 2008 «Iohannem
483 1977 606 2014 Penne,
623 1983 830 2008 comorantem
849 1978 880 2007 in
899 1978 968 2008 vico
988 1978 1205 2018 Anglicorum‚

297 2027 411 2056 refudit
424 2036 483 2066 pro
496 2026 523 2055 V
538 2027 637 2057 libris.

338 2076 412 2106 ltem
436 2076 603 2106 Ricardum
625 2077 790 2117 Anglicum
811 2083 979 2113 sartorem,
1001 2084 1208 2107 comorantem

298 2125 329 2155 in
343 2125 413 2155 vico
429 2125 613 2160 Garlandie,
629 2126 744 2155 refudit
761 2136 819 2165 pro
838 2126 863 2155 V
879 2126 970 2156 libris
985 2133 1014 2156 et
1027 2126 1067 2156 Vl
1085 2127 1207 2157 solidis.

338 2174 413 2204 Item
429 2175 596 2204 notandum
613 2175 696 2214 quod
711 2175 855 2205 dominus
869 2175 1028 2205 Johannes
1043 2177 1082 2205 de
1098 2176 1209 2206 Prucia

298 2230 420 2254 tenetur
433 2223 555 2253 nacioni
569 2224 599 2253 in
610 2224 636 2253 V
646 2223 784 2259 florenis,
799 2224 857 2254 ΧΠ
871 2225 1008 2254 denariis
1021 2226 1082 2264 [ad]
1095 2226 1208 2260 minus,

299 2283 357 2312 pro
377 2273 491 2312 quibus
513 2273 539 2302 V
558 2273 685 2303 florenis
708 2273 867 2303 solvendis
891 2280 960 2303 ante
981 2275 1091 2304 festum
1112 2275 1210 2304 sancti

298 2321 460 2352 Michaelis
487 2322 629 2362 proximo
655 2323 788 2352 futurum
814 2322 973 2362 obligabat
992 2334 1026 2353 se
1047 2334 1103 2363 per
1122 2323 1211 2364 jura-

300 2377 433 2401 mentum
457 2381 556 2406 suum.
579 2372 662 2410 quod
686 2371 824 2411 prestitit
849 2371 981 2408 nacioni,
1001 2379 1031 2402 et
1052 2373 1111 2402 sub
1132 2383 1211 2413 pena

299 2420 490 2461 privacionis
514 2430 532 2450 a
557 2421 640 2450 dicta
662 2421 802 2456 nacione,
828 2421 910 2450 trina
936 2422 1110 2451 municione
1138 2433 1212 2462 pre-

300 2469 410 2505 missa,
427 2479 518 2510 quam
537 2475 676 2509 tempore
697 2476 853 2499 contracte
871 2470 1076 2511 obligacionis
1094 2472 1212 2511 premi-

301 2518 409 2553 simus,
427 2519 511 2558 quod
528 2518 555 2548 si
571 2519 602 2548 in
620 2519 759 2558 predicte
774 2519 906 2559 pecunie
921 2520 1080 2550 solucione
1099 2521 1212 2550 defice-

302 2573 407 2603 ret,ex
420 2577 502 2598 nunc
517 2574 610 2607 prout
625 2578 662 2598 ex
680 2574 803 2602 tunc,et
819 2579 856 2598 ex
870 2575 942 2598 tunc
956 2575 1050 2609 prout
1065 2580 1102 2600 ex
1117 2580 1211 2605 nunc,

301 2626 360 2656 pro
372 2616 494 2656 privato
507 2623 537 2646 et
549 2615 676 2657 perjuro
691 2623 900 2657 reputaretur,
918 2624 948 2647 et
962 2628 1020 2648 nos
1038 2618 1139 2658 ipsum
1156 2630 1213 2659 pro

301 2665 424 2706 privato
441 2671 666 2706 reputaremus.
685 2665 888 2696 presentibus
906 2667 1054 2707 magistro
1071 2668 1214 2698 Waltero

302 2715 341 2744 de
373 2714 523 2744 Wardlau
558 2715 668 2750 Scoto,
704 2721 775 2745 tunc
808 2723 1026 2756 procuratore,
1065 2718 1214 2758 magistro

334 2815 357 2839 t.
390 2816 458 2839 Ilaec
476 2815 573 2848 scripta
589 2818 650 2840 sunl
665 2816 692 2840 in
709 2817 827 2850 margine
845 2817 965 2849 inferiori
981 2818 1035 2842 alio
1055 2818 1212 2843 charactere.

304 2852 400 2875 Nomen
413 2851 496 2876 Uli-ici
504 2851 655 2884 conjicimus
666 2854 776 2877 tantum.
789 2854 939 2886 Con-putum
950 2854 998 2887 qui
1005 2854 1085 2887 replet
1098 2854 1214 2879 ultimam

301 2885 427 2918 paginam
444 2885 520 2919 taujan
535 2886 596 2911 libri
612 2888 789 2921 manuscripti,
808 2888 850 2913 lu‘c
866 2889 1038 2922 reponendum
1053 2890 1183 2915 duximus.

336 2921 360 2945 2.
393 2922 440 2946 Mu.
455 2922 552 2954 primo.

339 2957 362 2981 8.
396 2957 424 2982 ¹7
438 2957 511 2982 uati.

1235 944 1268 970 10

1238 1190 1271 1215 15

1240 1436 1274 1462 20

1242 1683 1276 1709 25

1244 1932 1278 1957 30

1247 2178 1281 2204 35

1252 2671 1285 2697 45

782 423 896 450 LIBER
921 420 1235 448 PROCURATORUM
1260 419 1442 446 NATIONIS
1463 418 1709 445 ANGLICANAE
2177 419 2209 445 74

1305 495 1411 524 Ulrico
1440 496 1478 524 de
1503 496 1659 534 Augusta,
1690 496 1840 535 magistro
1885 497 2080 531 Christiano,
2112 496 2210 536 magi-

1304 551 1370 574 stro
1389 545 1530 574 Gerardo
1550 545 1644 580 Gore,
1662 551 1692 574 et
1713 545 1817 574 multis
1835 545 1916 574 aliis.
1937 546 2001 574 Hec
2025 546 2127 574 omnia
2146 552 2211 574 acta

1303 594 1397 631 [sunt]
1424 594 1474 623 die
1495 594 1567 623 lune
1586 594 1748 633 proxima³
1779 601 1852 633 post
1875 595 1985 623 festum
2007 594 2211 623 Ascencionis

1304 642 1430 672 Domini
1445 644 1527 682 apud
1543 643 1688 672 Sanctum
1705 643 1903 672 Maturinum.

1347 691 1421 721 Item
1442 692 1590 732 magister
1609 692 1735 722 Ulricus
1754 692 1845 722 habet
1861 693 1961 722 adhuc
1978 692 2119 722 XXXVII
2137 693 2213 721 soii-

1306 741 1363 770 dos
1380 742 1399 770 9
1417 742 1561 770 denarios
1580 742 1618 770 de
1637 742 1762 770 domino
1780 741 1919 771 Gosvino
1933 752 1990 781 pro
2004 741 2131 771 licencia
2146 752 2211 776 sua,

1306 800 1384 829 quos
1400 797 1521 820 tenetur
1537 791 1702 820 refundere
1717 790 1850 820 nacioni.

1714 884 1812 913 1344

1334 956 1411 995 (Fol.
1440 956 1490 995 49)
1514 957 1672 997 Tempus
1702 957 1990 997 procuracionis
2020 958 2191 997 magistri

1329 1007 1332 1010 ⁴
1559 1005 1770 1036 Christiani
1797 1008 1840 1036 de
1868 1007 1963 1036 Elst.

1348 1087 1440 1116 Anno
1465 1087 1590 1116 Domini
1611 1086 1894 1123 M⁰CCC⁰XLIIII⁰,
1920 1089 1970 1118 die
1991 1088 2120 1118 martis⁴
2146 1096 2219 1128 post

1311 1137 1419 1166 festum
1437 1143 1541 1166 sancte
1564 1137 1737 1171 Trinitatis,
1757 1138 1934 1167 convocatis
1957 1138 2100 1167 omnibus
2120 1139 2219 1178 magi-

1310 1186 1384 1215 stris
1414 1193 1486 1215 tunc
1514 1193 1582 1215 actu
1612 1186 1792 1226 regentibus
1822 1187 1962 1216 nacionis
1979 1187 2150 1227 Anglicane
2182 1189 2219 1217 ad

1311 1235 1488 1274 eligendum
1517 1243 1750 1275 procuratorem
1781 1237 1863 1276 apud
1893 1236 2038 1266 Sanctum
2066 1237 2220 1266 Julianum

1314 1295 1494 1324 pauperem,
1518 1285 1634 1314 electus
1651 1285 1706 1315 fuit
1721 1286 1868 1325 magister
1883 1285 2081 1316 Christianus
2098 1287 2136 1315 de
2153 1287 2222 1316 Elst

1314 1333 1345 1363 in
1367 1341 1599 1374 procuratorem
1625 1335 1705 1364 dicte
1731 1335 1882 1370 nacionis,
1906 1335 1938 1364 in
1964 1335 2051 1375 cujus
2071 1346 2222 1375 procura-

1316 1384 1398 1413 tione
1417 1390 1482 1413 acta
1495 1390 1566 1413 sunt
1580 1383 1635 1413 hec
1651 1394 1710 1423 que
1726 1390 1908 1423 sequuntur.

1355 1433 1390 1462 ln
1419 1433 1468 1462 die
1497 1432 1638 1462 sabbati-‘²
1665 1440 1735 1472 post
1764 1434 1873 1462 festum
1897 1434 2002 1463 Sancti
2033 1435 2222 1464 Sacramenti

1312 1482 1492 1511 licenciatus
1508 1483 1564 1511 fuit
1574 1483 1718 1512 dominus
1732 1482 1870 1522 Esgerus
1890 1484 1928 1512 de
1944 1483 2040 1513 Dacia
2057 1485 2114 1513 sub
2129 1484 2222 1524 magi-

1314 1538 1378 1561 stro
1394 1531 1522 1563 Nicolao
1537 1532 1575 1561 de
1592 1531 1698 1567 Dacia,
1713 1531 1800 1571 cujus
1815 1533 1910 1562 bursa
1922 1532 1962 1561 V1
1977 1533 2079 1562 solidi.

1354 1581 1429 1610 Item
1457 1581 1571 1620 incepit
1595 1581 1625 1610 in
1655 1581 1773 1610 artibus
1800 1582 1943 1611 dominus
1971 1581 2159 1612 Godesridus
2185 1584 2223 1612 de

1315 1630 1488 1670 Silvagrifis
1526 1631 1584 1659 sub
1596 1629 1608 1648 ἦ
1644 1630 1793 1670 magistro
1822 1631 1963 1661 &valtero
2007 1633 2044 1661 de
2073 1632 2223 1662 VVardlau

1317 1680 1421 1714 Sento,
1440 1678 1526 1719 cujus
1544 1680 1639 1709 bursa
1656 1680 1683 1709 X
1701 1679 1794 1709 solidi
1812 1691 1879 1709 cum
1895 1681 2036 1710 dimidio.

1357 1729 1432 1758 Item
1448 1729 1628 1758 licenciatus
1647 1729 1702 1758 suit
1720 1730 1863 1759 dominus
1880 1730 2039 1760 Gerardus
2057 1732 2094 1760 de
2114 1732 2225 1761 Prusia

1315 1780 1398 1818 apud
1415 1779 1558 1808 Sanctam
1577 1778 1771 1808 Genovevam
1792 1780 1850 1808 sub
1866 1780 2014 1819 magistro
2031 1780 2172 1810 Johanne
2188 1782 2225 1810 dc

1317 1828 1471 1868 Saburgo,
1487 1827 1574 1868 cujus
1587 1829 1682 1857 bursa
1697 1828 1756 1857 1111
1771 1828 1874 1857 solidi.

1357 1877 1432 1907 Item
1459 1877 1575 1917 incepit
1605 1878 1635 1906 in
1665 1878 1783 1907 artibus
1810 1878 1954 1908 dominus
1987 1879 2161 1919 Iialquinus
2188 1881 2226 1909 de

1317 1927 1437 1962 Suecia,
1455 1925 1542 1966 cujus
1557 1928 1652 1956 bursa
1666 1927 1693 1956 X
1708 1927 1811 1957 solidi.

1362 1976 1435 2006 item
1459 1976 1639 2006 licenciatus
1660 1976 1715 2006 suit
1734 1977 1878 2007 dominus
1893 1977 2050 2008 Johannes
2068 1980 2106 2008 de
2126 1979 2227 2009 Hoes-

1318 2027 1378 2055 den
1403 2026 1484 2066 apud
1505 2026 1667 2055 Dominam
1690 2026 1834 2055 Nostram
1855 2027 1912 2056 sub
1932 2028 2082 2068 magistro
2102 2029 2227 2058 Galtero

1318 2076 1356 2105 de
1370 2075 1552 2110 Wardelau,
1569 2074 1656 2115 cujus
1675 2076 1769 2105 bursa
1783 2075 1823 2105 Vl
1841 2076 1898 2105 sol.

1362 2124 1436 2154 Item
1466 2125 1581 2164 incepit
1607 2125 1637 2154 in
1662 2125 1781 2154 artibus
1803 2126 1947 2156 dominus
1970 2126 2166 2166 Th[eoricus]
2191 2129 2228 2157 de

1322 2174 1468 2204 Hoesden
1484 2174 1542 2204 sub
1560 2173 1710 2214 magistro
1726 2174 1906 2204 Christiano
1922 2176 1959 2205 de
1978 2176 2056 2212 Elst,
2073 2183 2145 2206 tunc
2158 2187 2229 2216 pro-

1319 2229 1461 2253 curatore
1477 2223 1644 2259 existente,
1660 2222 1747 2262 cujus
1761 2225 1855 2253 bursa
1868 2224 1908 2254 Vi
1923 2225 2026 2255 solidi.

1362 2272 1437 2302 Item
1461 2273 1510 2302 die
1530 2272 1623 2302 lune⁷
1643 2279 1712 2302 ante
1727 2274 1836 2302 festum
1861 2275 1959 2304 sancti
1976 2275 2127 2304 Johannis
2147 2276 2230 2315 Bap-

1322 2322 1394 2352 tiste
1417 2322 1494 2352 iacta
1518 2322 1765 2362 congregacione
1789 2324 1927 2353 nacionis
1952 2325 1990 2352 ad
2012 2325 2229 2360 ordinandum,

1321 2372 1360 2400 ad
1391 2371 1635 2411 dispensandum
1667 2378 1697 2402 et
1729 2382 1787 2412 pro
1819 2373 2103 2412 supplicacionibus
2133 2381 2163 2403 et
2193 2375 2231 2403 ad

1323 2421 1491 2450 sedandum
1506 2421 1660 2460 quoddam
1675 2422 1831 2451 debattum
1848 2422 1913 2451 sive
1929 2423 2127 2458 discordiam,
2148 2424 2230 2463 quod

1322 2469 1378 2499 suit
1402 2470 1483 2500 inter
1511 2470 1671 2500 nacionem
1699 2470 1902 2510 Anglicanam
1930 2482 1966 2500 cx
1994 2482 2053 2501 una
2080 2479 2179 2512 parte,
2203 2479 2233 2502 et

1324 2519 1505 2559 magistrum
1519 2519 1730 2549 Christianum
1745 2521 1784 2549 de
1796 2519 1863 2549 Elst
1874 2527 1959 2559 parte
1971 2531 2007 2549 ex
2021 2521 2127 2556 altera,
2139 2532 2234 2561 super

1324 2569 1454 2608 quadam
1469 2568 1602 2608 pecunie
1615 2579 1744 2604 summa,
1759 2569 1878 2598 scilicet
1893 2569 1978 2598 xxu
1996 2570 2181 2600 florenorum
2195 2572 2233 2601 de

1324 2617 1496 2653 Florencia,
1523 2628 1613 2657 quam
1639 2619 1719 2647 idem
1745 2618 1941 2648 Christianus
1962 2630 1978 2648 a
2001 2619 2083 2649 dicta
2104 2620 2233 2650 nacione

1323 2666 1401 2706 petit
1412 2666 1531 2696 ratione
1545 2667 1735 2707 quarundam
1752 2678 1968 2707 expensarum,
1981 2679 2059 2708 quas
2074 2668 2150 2699 alias
2164 2670 2235 2699 fecit

1325 2716 1355 2745 in
1379 2716 1463 2746 curia
1486 2716 1624 2746 Romana
1641 2726 1699 2756 pro
1716 2717 1854 2756 negociis
1875 2717 1956 2747 dicte
1978 2717 2116 2748 nacionis
2135 2719 2234 2760 impe-

1355 2820 1379 2843 [Δ.
1412 2819 1424 2843 i
1439 2818 1518 2843 lunii.

1355 2857 1379 2879 5.
1414 2857 1428 2879 5
1442 2854 1521 2879 lunii.

1355 2892 1380 2915 6.
1414 2891 1464 2915 sub
1467 2908 1514 2915 .....
1529 2891 1606 2915 Scuto
1620 2890 1687 2914 inter
1701 2890 1792 2915 lineae.

1357 2927 1379 2950 7.
1414 2926 1442 2950 21
1456 2925 1536 2950 Ιιυιίί.
