<?xml version="1.0" encoding="UTF-8"?>
<!DOCTYPE html PUBLIC "-//W3C//DTD XHTML 1.0 Transitional//EN"
    "http://www.w3.org/TR/xhtml1/DTD/xhtml1-transitional.dtd">
<html xmlns="http://www.w3.org/1999/xhtml" xml:lang="en" lang="en">
 <head>
  <title>
</title>
<meta http-equiv="Content-Type" content="text/html;charset=utf-8" />
  <meta name='ocr-system' content='tesseract 3.04.00' />
  <meta name='ocr-capabilities' content='ocr_page ocr_carea ocr_par ocr_line ocrx_word'/>
</head>
<body>
  <div class='ocr_page' id='page_1' title='image "auctariumchartul01univuoft_0138.png"; bbox 0 0 2632 3464; ppageno 0'>
   <div class='ocr_carea' id='block_1_1' title="bbox 426 410 2357 440">
    <p class='ocr_par' dir='ltr' id='par_1_1' title="bbox 426 410 2357 440">
     <span class='ocr_line' id='line_1_1' title="bbox 426 410 2357 440; baseline 0.003 -5"><span class='ocrx_word' id='word_1_1' title='bbox 426 414 478 440; x_wconf 88' lang='lat'>103</span> <span class='ocrx_word' id='word_1_2' title='bbox 970 410 1194 437; x_wconf 82' lang='lat' dir='ltr'>AUCTARIUM</span> <span class='ocrx_word' id='word_1_3' title='bbox 1214 410 1476 437; x_wconf 82' lang='lat' dir='ltr'>CHARTULARH</span> <span class='ocrx_word' id='word_1_4' title='bbox 1495 411 1669 438; x_wconf 87' lang='lat' dir='ltr'>UNIVERS.</span> <span class='ocrx_word' id='word_1_5' title='bbox 1693 412 1812 439; x_wconf 86' lang='lat' dir='ltr'>PARIS.</span> <span class='ocrx_word' id='word_1_6' title='bbox 2303 414 2357 440; x_wconf 86' lang='lat'>104</span> 
     </span>
    </p>
   </div>
   <div class='ocr_carea' id='block_1_2' title="bbox 832 509 930 539">
    <p class='ocr_par' dir='ltr' id='par_1_2' title="bbox 832 509 930 539">
     <span class='ocr_line' id='line_1_2' title="bbox 832 509 930 539; baseline 0 -1"><span class='ocrx_word' id='word_1_7' title='bbox 832 511 850 538; x_wconf 89' lang='lat'>1</span> <span class='ocrx_word' id='word_1_8' title='bbox 855 509 930 539; x_wconf 81' lang='lat'>346</span> 
     </span>
    </p>
   </div>
   <div class='ocr_carea' id='block_1_3' title="bbox 421 588 1333 630">
    <p class='ocr_par' dir='ltr' id='par_1_3' title="bbox 421 588 1333 630">
     <span class='ocr_line' id='line_1_3' title="bbox 421 588 1333 630; baseline -0.003 -10"><span class='ocrx_word' id='word_1_9' title='bbox 421 590 658 630; x_wconf 90' lang='lat' dir='ltr'>[Procuratio</span> <span class='ocrx_word' id='word_1_10' title='bbox 681 590 855 630; x_wconf 85' lang='lat' dir='ltr'>magistri</span> <span class='ocrx_word' id='word_1_11' title='bbox 876 588 1043 619; x_wconf 83' lang='lat' dir='ltr'>Gotfridi</span> <span class='ocrx_word' id='word_1_12' title='bbox 1064 590 1107 618; x_wconf 91' lang='lat' dir='ltr'>de</span> <span class='ocrx_word' id='word_1_13' title='bbox 1127 588 1333 627; x_wconf 86' lang='lat' dir='ltr'>Parchym.]</span> 
     </span>
    </p>
   </div>
   <div class='ocr_carea' id='block_1_4' title="bbox 422 670 1338 1018">
    <p class='ocr_par' dir='ltr' id='par_1_4' title="bbox 422 670 1338 1018">
     <span class='ocr_line' id='line_1_4' title="bbox 462 670 1338 721; baseline -0.006 -6"><span class='ocrx_word' id='word_1_14' title='bbox 462 686 553 715; x_wconf 93' lang='lat' dir='ltr'>Anno</span> <span class='ocrx_word' id='word_1_15' title='bbox 577 685 703 715; x_wconf 89' lang='lat' dir='ltr'><strong>Domini</strong></span> <span class='ocrx_word' id='word_1_16' title='bbox 722 670 754 714; x_wconf 61' lang='lat' dir='ltr'>lxi</span> <span class='ocrx_word' id='word_1_17' title='bbox 777 670 857 714; x_wconf 62' lang='lat' dir='ltr'>CCoC</span> <span class='ocrx_word' id='word_1_18' title='bbox 880 670 988 719; x_wconf 74' lang='lat' dir='ltr'>XLVi&#39;,</span> <span class='ocrx_word' id='word_1_19' title='bbox 1016 683 1065 712; x_wconf 90' lang='lat' dir='ltr'>die</span> <span class='ocrx_word' id='word_1_20' title='bbox 1089 681 1231 712; x_wconf 82' lang='lat' dir='ltr'>veneris⁴</span> <span class='ocrx_word' id='word_1_21' title='bbox 1266 688 1338 721; x_wconf 90' lang='lat' dir='ltr'>post</span> 
     </span>
     <span class='ocr_line' id='line_1_5' title="bbox 424 731 1336 772; baseline -0.005 -8"><span class='ocrx_word' id='word_1_22' title='bbox 424 736 534 765; x_wconf 90' lang='lat' dir='ltr'>festum</span> <span class='ocrx_word' id='word_1_23' title='bbox 555 734 692 769; x_wconf 86' lang='lat' dir='ltr'>Martini,</span> <span class='ocrx_word' id='word_1_24' title='bbox 717 734 833 763; x_wconf 88' lang='lat' dir='ltr'>electus</span> <span class='ocrx_word' id='word_1_25' title='bbox 854 733 910 762; x_wconf 85' lang='lat' dir='ltr'>fuit</span> <span class='ocrx_word' id='word_1_26' title='bbox 932 732 1081 772; x_wconf 88' lang='lat' dir='ltr'>magister</span> <span class='ocrx_word' id='word_1_27' title='bbox 1103 731 1275 760; x_wconf 90' lang='lat' dir='ltr'>Godfridus</span> <span class='ocrx_word' id='word_1_28' title='bbox 1298 731 1336 759; x_wconf 92' lang='lat' dir='ltr'>de</span> 
     </span>
     <span class='ocr_line' id='line_1_6' title="bbox 425 781 1336 824; baseline -0.007 -10"><span class='ocrx_word' id='word_1_29' title='bbox 425 785 579 824; x_wconf 89' lang='lat' dir='ltr'>Parchym</span> <span class='ocrx_word' id='word_1_30' title='bbox 606 784 637 813; x_wconf 92' lang='lat' dir='ltr'>in</span> <span class='ocrx_word' id='word_1_31' title='bbox 662 789 895 823; x_wconf 88' lang='lat' dir='ltr'>procuratorem</span> <span class='ocrx_word' id='word_1_32' title='bbox 920 781 1062 811; x_wconf 84' lang='lat' dir='ltr'>nacionis</span> <span class='ocrx_word' id='word_1_33' title='bbox 1088 787 1118 810; x_wconf 90' lang='lat' dir='ltr'>et</span> <span class='ocrx_word' id='word_1_34' title='bbox 1139 781 1336 809; x_wconf 86' lang='lat' dir='ltr'>continuatus</span> 
     </span>
     <span class='ocr_line' id='line_1_7' title="bbox 424 829 1336 875; baseline -0.008 -11"><span class='ocrx_word' id='word_1_35' title='bbox 424 845 482 875; x_wconf 90' lang='lat' dir='ltr'>per</span> <span class='ocrx_word' id='word_1_36' title='bbox 502 844 639 863; x_wconf 90' lang='lat' dir='ltr'>mensem</span> <span class='ocrx_word' id='word_1_37' title='bbox 659 831 873 872; x_wconf 77' lang='lat' dir='ltr'>sequentem²,</span> <span class='ocrx_word' id='word_1_38' title='bbox 895 832 926 860; x_wconf 89' lang='lat' dir='ltr'>in</span> <span class='ocrx_word' id='word_1_39' title='bbox 950 830 1037 870; x_wconf 88' lang='lat' dir='ltr'>cujus</span> <span class='ocrx_word' id='word_1_40' title='bbox 1057 829 1336 870; x_wconf 87' lang='lat' dir='ltr'>procuracionibus</span> 
     </span>
     <span class='ocr_line' id='line_1_8' title="bbox 422 877 1336 918; baseline -0.008 -5"><span class='ocrx_word' id='word_1_41' title='bbox 422 884 506 913; x_wconf 93' lang='lat' dir='ltr'>nulla</span> <span class='ocrx_word' id='word_1_42' title='bbox 532 883 697 912; x_wconf 89' lang='lat' dir='ltr'>scribenda</span> <span class='ocrx_word' id='word_1_43' title='bbox 725 883 802 910; x_wconf 84' lang='lat' dir='ltr'>facta</span> <span class='ocrx_word' id='word_1_44' title='bbox 822 886 905 915; x_wconf 90' lang='lat' dir='ltr'>sunt,</span> <span class='ocrx_word' id='word_1_45' title='bbox 932 886 1061 918; x_wconf 87' lang='lat' dir='ltr'>excepto</span> <span class='ocrx_word' id='word_1_46' title='bbox 1085 879 1169 918; x_wconf 91' lang='lat' dir='ltr'>quod</span> <span class='ocrx_word' id='word_1_47' title='bbox 1192 877 1336 907; x_wconf 91' lang='lat' dir='ltr'>dominus</span> 
     </span>
     <span class='ocr_line' id='line_1_9' title="bbox 423 927 1338 969; baseline -0.007 -7"><span class='ocrx_word' id='word_1_48' title='bbox 423 932 591 963; x_wconf 89' lang='lat' dir='ltr'>Bertoldus</span> <span class='ocrx_word' id='word_1_49' title='bbox 613 932 651 960; x_wconf 87' lang='lat' dir='ltr'>de</span> <span class='ocrx_word' id='word_1_50' title='bbox 672 930 843 960; x_wconf 86' lang='lat' dir='ltr'>Halmestat</span> <span class='ocrx_word' id='word_1_51' title='bbox 864 939 922 969; x_wconf 89' lang='lat' dir='ltr'>per</span> <span class='ocrx_word' id='word_1_52' title='bbox 949 928 1218 968; x_wconf 90' lang='lat' dir='ltr'>dispensacionem</span> <span class='ocrx_word' id='word_1_53' title='bbox 1244 927 1338 957; x_wconf 84' lang='lat' dir='ltr'>solvit</span> 
     </span>
     <span class='ocr_line' id='line_1_10' title="bbox 422 977 1294 1018; baseline -0.007 -6"><span class='ocrx_word' id='word_1_54' title='bbox 422 982 545 1011; x_wconf 89' lang='lat' dir='ltr'>nacioni</span> <span class='ocrx_word' id='word_1_55' title='bbox 563 991 653 1010; x_wconf 90' lang='lat' dir='ltr'>unam</span> <span class='ocrx_word' id='word_1_56' title='bbox 670 980 779 1008; x_wconf 87' lang='lat' dir='ltr'>libram</span> <span class='ocrx_word' id='word_1_57' title='bbox 793 989 851 1018; x_wconf 86' lang='lat' dir='ltr'>pro</span> <span class='ocrx_word' id='word_1_58' title='bbox 867 978 1128 1007; x_wconf 85' lang='lat' dir='ltr'>determinacione</span> <span class='ocrx_word' id='word_1_59' title='bbox 1142 984 1172 1007; x_wconf 89' lang='lat' dir='ltr'>et</span> <span class='ocrx_word' id='word_1_60' title='bbox 1187 977 1294 1006; x_wconf 87' lang='lat' dir='ltr'>scolis.</span> 
     </span>
    </p>
   </div>
   <div class='ocr_carea' id='block_1_5' title="bbox 834 1072 932 1101">
    <p class='ocr_par' dir='ltr' id='par_1_5' title="bbox 834 1072 932 1101">
     <span class='ocr_line' id='line_1_11' title="bbox 834 1072 932 1101; baseline 0 0"><span class='ocrx_word' id='word_1_61' title='bbox 834 1073 852 1101; x_wconf 90' lang='lat'>1</span> <span class='ocrx_word' id='word_1_62' title='bbox 857 1072 932 1101; x_wconf 79' lang='lat'>347</span> 
     </span>
    </p>
   </div>
   <div class='ocr_carea' id='block_1_6' title="bbox 425 1141 1336 1186">
    <p class='ocr_par' dir='ltr' id='par_1_6' title="bbox 425 1141 1336 1186">
     <span class='ocr_line' id='line_1_12' title="bbox 425 1141 1336 1186; baseline -0.007 -10"><span class='ocrx_word' id='word_1_63' title='bbox 425 1145 662 1186; x_wconf 87' lang='lat' dir='ltr'>[Procuratio</span> <span class='ocrx_word' id='word_1_64' title='bbox 682 1144 856 1184; x_wconf 82' lang='lat' dir='ltr'>magistri</span> <span class='ocrx_word' id='word_1_65' title='bbox 876 1143 1059 1173; x_wconf 75' lang='lat' dir='ltr'>,Iohannis</span> <span class='ocrx_word' id='word_1_66' title='bbox 1082 1143 1124 1171; x_wconf 91' lang='lat' dir='ltr'>de</span> <span class='ocrx_word' id='word_1_67' title='bbox 1143 1141 1336 1180; x_wconf 85' lang='lat' dir='ltr'>Wesalia.]</span> 
     </span>
    </p>
   </div>
   <div class='ocr_carea' id='block_1_7' title="bbox 410 1209 1344 2691">
    <p class='ocr_par' dir='ltr' id='par_1_7' title="bbox 410 1209 1341 1563">
     <span class='ocr_line' id='line_1_13' title="bbox 463 1209 1339 1266; baseline -0.007 -10"><span class='ocrx_word' id='word_1_68' title='bbox 463 1228 555 1256; x_wconf 81' lang='lat' dir='ltr'>Anno</span> <span class='ocrx_word' id='word_1_69' title='bbox 577 1226 703 1256; x_wconf 78' lang='lat' dir='ltr'>Domini</span> <span class='ocrx_word' id='word_1_70' title='bbox 725 1211 757 1255; x_wconf 71' lang='lat' dir='ltr'>ivl</span> <span class='ocrx_word' id='word_1_71' title='bbox 780 1224 860 1255; x_wconf 82' lang='lat' dir='ltr'>ccc</span> <span class='ocrx_word' id='word_1_72' title='bbox 881 1209 1006 1259; x_wconf 76' lang='lat' dir='ltr'>XLvli’,</span> <span class='ocrx_word' id='word_1_73' title='bbox 1031 1223 1063 1252; x_wconf 78' lang='lat' dir='ltr'>in</span> <span class='ocrx_word' id='word_1_74' title='bbox 1085 1221 1214 1262; x_wconf 75' lang='lat' dir='ltr'>vigi1ia³</span> <span class='ocrx_word' id='word_1_75' title='bbox 1240 1221 1339 1266; x_wconf 58' lang='lat' dir='ltr'>sanct}</span> 
     </span>
     <span class='ocr_line' id='line_1_14' title="bbox 427 1271 1339 1313; baseline -0.007 -7"><span class='ocrx_word' id='word_1_76' title='bbox 427 1276 569 1312; x_wconf 90' lang='lat' dir='ltr'>Firmini‚</span> <span class='ocrx_word' id='word_1_77' title='bbox 599 1281 768 1305; x_wconf 86' lang='lat' dir='ltr'>convocata</span> <span class='ocrx_word' id='word_1_78' title='bbox 796 1274 925 1303; x_wconf 87' lang='lat' dir='ltr'>nacione</span> <span class='ocrx_word' id='word_1_79' title='bbox 953 1273 1125 1313; x_wconf 85' lang='lat' dir='ltr'>Anglicana</span> <span class='ocrx_word' id='word_1_80' title='bbox 1152 1271 1339 1301; x_wconf 88' lang='lat' dir='ltr'>sufficienter</span> 
     </span>
     <span class='ocr_line' id='line_1_15' title="bbox 423 1322 1339 1366; baseline -0.008 -10"><span class='ocrx_word' id='word_1_81' title='bbox 423 1327 505 1366; x_wconf 90' lang='lat' dir='ltr'>apud</span> <span class='ocrx_word' id='word_1_82' title='bbox 529 1326 675 1355; x_wconf 91' lang='lat' dir='ltr'>Sanctum</span> <span class='ocrx_word' id='word_1_83' title='bbox 705 1323 894 1353; x_wconf 88' lang='lat' dir='ltr'>Maturinum</span> <span class='ocrx_word' id='word_1_84' title='bbox 919 1323 957 1351; x_wconf 90' lang='lat' dir='ltr'>ad</span> <span class='ocrx_word' id='word_1_85' title='bbox 981 1322 1158 1362; x_wconf 87' lang='lat' dir='ltr'>eligendum</span> <span class='ocrx_word' id='word_1_86' title='bbox 1187 1330 1339 1361; x_wconf 89' lang='lat' dir='ltr'>procura-</span> 
     </span>
     <span class='ocr_line' id='line_1_16' title="bbox 424 1369 1340 1410; baseline -0.008 -5"><span class='ocrx_word' id='word_1_87' title='bbox 424 1383 535 1410; x_wconf 86' lang='lat' dir='ltr'><strong>torem,</strong></span> <span class='ocrx_word' id='word_1_88' title='bbox 557 1375 673 1404; x_wconf 89' lang='lat' dir='ltr'>electus</span> <span class='ocrx_word' id='word_1_89' title='bbox 696 1374 752 1403; x_wconf 87' lang='lat' dir='ltr'>fuit</span> <span class='ocrx_word' id='word_1_90' title='bbox 769 1372 968 1402; x_wconf 89' lang='lat' dir='ltr'>concorditer</span> <span class='ocrx_word' id='word_1_91' title='bbox 987 1371 1073 1400; x_wconf 93' lang='lat' dir='ltr'>nullo</span> <span class='ocrx_word' id='word_1_92' title='bbox 1093 1371 1217 1410; x_wconf 91' lang='lat' dir='ltr'>penitus</span> <span class='ocrx_word' id='word_1_93' title='bbox 1239 1369 1340 1399; x_wconf 88' lang='lat' dir='ltr'>recla-</span> 
     </span>
     <span class='ocr_line' id='line_1_17' title="bbox 426 1420 1339 1463; baseline -0.007 -9"><span class='ocrx_word' id='word_1_94' title='bbox 426 1431 526 1454; x_wconf 90' lang='lat' dir='ltr'>mante</span> <span class='ocrx_word' id='word_1_95' title='bbox 537 1424 685 1463; x_wconf 90' lang='lat' dir='ltr'>magister</span> <span class='ocrx_word' id='word_1_96' title='bbox 693 1423 707 1452; x_wconf 85' lang='lat' dir='ltr'>J</span> <span class='ocrx_word' id='word_1_97' title='bbox 712 1422 850 1452; x_wconf 89' lang='lat' dir='ltr'>ohannes</span> <span class='ocrx_word' id='word_1_98' title='bbox 863 1422 900 1450; x_wconf 93' lang='lat' dir='ltr'>de</span> <span class='ocrx_word' id='word_1_99' title='bbox 908 1420 1050 1450; x_wconf 88' lang='lat' dir='ltr'>Wesalia</span> <span class='ocrx_word' id='word_1_100' title='bbox 1062 1420 1094 1449; x_wconf 92' lang='lat' dir='ltr'>in</span> <span class='ocrx_word' id='word_1_101' title='bbox 1105 1426 1339 1459; x_wconf 86' lang='lat' dir='ltr'>procuratorem</span> 
     </span>
     <span class='ocr_line' id='line_1_18' title="bbox 424 1470 1341 1511; baseline -0.007 -8"><span class='ocrx_word' id='word_1_102' title='bbox 424 1474 505 1503; x_wconf 90' lang='lat' dir='ltr'>dicte</span> <span class='ocrx_word' id='word_1_103' title='bbox 528 1472 681 1508; x_wconf 87' lang='lat' dir='ltr'>nacionis,</span> <span class='ocrx_word' id='word_1_104' title='bbox 703 1472 735 1501; x_wconf 90' lang='lat' dir='ltr'>in</span> <span class='ocrx_word' id='word_1_105' title='bbox 757 1470 844 1511; x_wconf 84' lang='lat' dir='ltr'>cujus</span> <span class='ocrx_word' id='word_1_106' title='bbox 870 1470 1094 1510; x_wconf 87' lang='lat' dir='ltr'>procuracione</span> <span class='ocrx_word' id='word_1_107' title='bbox 1124 1476 1191 1498; x_wconf 90' lang='lat' dir='ltr'>acta</span> <span class='ocrx_word' id='word_1_108' title='bbox 1217 1470 1341 1498; x_wconf 84' lang='lat' dir='ltr'>fuerunt</span> 
     </span>
     <span class='ocr_line' id='line_1_19' title="bbox 410 1528 687 1563; baseline -0.011 -10"><span class='ocrx_word' id='word_1_109' title='bbox 410 1530 412 1532; x_wconf 74' lang='grc'><strong><em>’</em></strong></span> <span class='ocrx_word' id='word_1_110' title='bbox 425 1533 485 1563; x_wconf 92' lang='lat' dir='ltr'>que</span> <span class='ocrx_word' id='word_1_111' title='bbox 503 1528 687 1561; x_wconf 85' lang='lat' dir='ltr'>sequuntur.</span> 
     </span>
    </p>

    <p class='ocr_par' dir='ltr' id='par_1_8' title="bbox 423 1567 1342 1856">
     <span class='ocr_line' id='line_1_20' title="bbox 465 1567 1339 1610; baseline -0.005 -9"><span class='ocrx_word' id='word_1_112' title='bbox 465 1572 570 1601; x_wconf 88' lang='lat' dir='ltr'>Primo</span> <span class='ocrx_word' id='word_1_113' title='bbox 582 1571 760 1600; x_wconf 87' lang='lat' dir='ltr'>convocatis</span> <span class='ocrx_word' id='word_1_114' title='bbox 774 1569 932 1610; x_wconf 82' lang='lat' dir='ltr'><strong>magistris</strong></span> <span class='ocrx_word' id='word_1_115' title='bbox 942 1570 979 1598; x_wconf 87' lang='lat' dir='ltr'>ad</span> <span class='ocrx_word' id='word_1_116' title='bbox 993 1569 1169 1609; x_wconf 86' lang='lat' dir='ltr'>eligendum</span> <span class='ocrx_word' id='word_1_117' title='bbox 1178 1567 1339 1602; x_wconf 84' lang='lat' dir='ltr'>officiales,</span> 
     </span>
     <span class='ocr_line' id='line_1_21' title="bbox 424 1618 1340 1660; baseline -0.005 -9"><span class='ocrx_word' id='word_1_118' title='bbox 424 1622 544 1652; x_wconf 89' lang='lat' dir='ltr'>scilicet</span> <span class='ocrx_word' id='word_1_119' title='bbox 558 1631 616 1660; x_wconf 90' lang='lat' dir='ltr'>pro</span> <span class='ocrx_word' id='word_1_120' title='bbox 637 1620 776 1649; x_wconf 86' lang='lat' dir='ltr'>examine</span> <span class='ocrx_word' id='word_1_121' title='bbox 798 1619 909 1649; x_wconf 79' lang='lat' dir='ltr'>Sancte</span> <span class='ocrx_word' id='word_1_122' title='bbox 929 1618 1097 1653; x_wconf 87' lang='lat' dir='ltr'>Genovese,</span> <span class='ocrx_word' id='word_1_123' title='bbox 1116 1618 1340 1647; x_wconf 79' lang='lat' dir='ltr'>examinatores</span> 
     </span>
     <span class='ocr_line' id='line_1_22' title="bbox 424 1667 1341 1707; baseline -0.005 -7"><span class='ocrx_word' id='word_1_124' title='bbox 424 1671 513 1701; x_wconf 84' lang='lat' dir='ltr'>electi</span> <span class='ocrx_word' id='word_1_125' title='bbox 546 1671 669 1699; x_wconf 88' lang='lat' dir='ltr'>fuerunt</span> <span class='ocrx_word' id='word_1_126' title='bbox 702 1669 900 1698; x_wconf 80' lang='lat' dir='ltr'>concorditer</span> <span class='ocrx_word' id='word_1_127' title='bbox 936 1668 1083 1707; x_wconf 83' lang='lat' dir='ltr'>magister</span> <span class='ocrx_word' id='word_1_128' title='bbox 1116 1667 1273 1696; x_wconf 87' lang='lat' dir='ltr'>Johannes</span> <span class='ocrx_word' id='word_1_129' title='bbox 1303 1667 1341 1695; x_wconf 93' lang='lat' dir='ltr'>de</span> 
     </span>
     <span class='ocr_line' id='line_1_23' title="bbox 423 1715 1341 1758; baseline -0.005 -9"><span class='ocrx_word' id='word_1_130' title='bbox 423 1719 564 1750; x_wconf 89' lang='lat' dir='ltr'>Wesalia</span> <span class='ocrx_word' id='word_1_131' title='bbox 578 1718 737 1758; x_wconf 90' lang='lat' dir='ltr'>predictus</span> <span class='ocrx_word' id='word_1_132' title='bbox 751 1728 809 1757; x_wconf 92' lang='lat' dir='ltr'>pro</span> <span class='ocrx_word' id='word_1_133' title='bbox 825 1718 928 1757; x_wconf 89' lang='lat' dir='ltr'>primo</span> <span class='ocrx_word' id='word_1_134' title='bbox 942 1727 1058 1751; x_wconf 85' lang='lat' dir='ltr'>mense,</span> <span class='ocrx_word' id='word_1_135' title='bbox 1075 1716 1224 1756; x_wconf 87' lang='lat' dir='ltr'>magister</span> <span class='ocrx_word' id='word_1_136' title='bbox 1240 1715 1341 1745; x_wconf 94' lang='lat' dir='ltr'>Gode-</span> 
     </span>
     <span class='ocr_line' id='line_1_24' title="bbox 425 1765 1342 1806; baseline -0.004 -8"><span class='ocrx_word' id='word_1_137' title='bbox 425 1770 523 1798; x_wconf 91' lang='lat' dir='ltr'>fridus</span> <span class='ocrx_word' id='word_1_138' title='bbox 546 1769 583 1797; x_wconf 91' lang='lat' dir='ltr'>de</span> <span class='ocrx_word' id='word_1_139' title='bbox 611 1767 786 1806; x_wconf 82' lang='lat' dir='ltr'>Silvagrifis</span> <span class='ocrx_word' id='word_1_140' title='bbox 810 1777 869 1806; x_wconf 92' lang='lat' dir='ltr'>pro</span> <span class='ocrx_word' id='word_1_141' title='bbox 896 1767 1034 1796; x_wconf 89' lang='lat' dir='ltr'>secundo</span> <span class='ocrx_word' id='word_1_142' title='bbox 1054 1776 1171 1801; x_wconf 88' lang='lat' dir='ltr'>mense,</span> <span class='ocrx_word' id='word_1_143' title='bbox 1193 1765 1342 1805; x_wconf 86' lang='lat' dir='ltr'>magister</span> 
     </span>
     <span class='ocr_line' id='line_1_25' title="bbox 423 1816 1130 1856; baseline -0.007 -8"><span class='ocrx_word' id='word_1_144' title='bbox 423 1818 581 1848; x_wconf 87' lang='lat' dir='ltr'>Johannes</span> <span class='ocrx_word' id='word_1_145' title='bbox 597 1818 634 1846; x_wconf 94' lang='lat' dir='ltr'>de</span> <span class='ocrx_word' id='word_1_146' title='bbox 654 1817 808 1856; x_wconf 85' lang='lat' dir='ltr'>Friburgo</span> <span class='ocrx_word' id='word_1_147' title='bbox 824 1826 882 1856; x_wconf 92' lang='lat' dir='ltr'>pro</span> <span class='ocrx_word' id='word_1_148' title='bbox 899 1816 997 1845; x_wconf 86' lang='lat' dir='ltr'>tercio</span> <span class='ocrx_word' id='word_1_149' title='bbox 1013 1825 1130 1844; x_wconf 89' lang='lat' dir='ltr'>mense.</span> 
     </span>
    </p>

    <p class='ocr_par' dir='ltr' id='par_1_9' title="bbox 424 1863 1342 2053">
     <span class='ocr_line' id='line_1_26' title="bbox 466 1863 1342 1904; baseline -0.005 -8"><span class='ocrx_word' id='word_1_150' title='bbox 466 1868 540 1897; x_wconf 90' lang='lat' dir='ltr'>Item</span> <span class='ocrx_word' id='word_1_151' title='bbox 558 1866 785 1896; x_wconf 77' lang='lat' dir='ltr'>examinatores</span> <span class='ocrx_word' id='word_1_152' title='bbox 803 1865 1080 1894; x_wconf 87' lang='lat' dir='ltr'>determinancium</span> <span class='ocrx_word' id='word_1_153' title='bbox 1098 1864 1248 1904; x_wconf 81' lang='lat' dir='ltr'>magister</span> <span class='ocrx_word' id='word_1_154' title='bbox 1266 1863 1342 1892; x_wconf 86' lang='lat' dir='ltr'>Gal-</span> 
     </span>
     <span class='ocr_line' id='line_1_27' title="bbox 424 1913 1342 1954; baseline -0.003 -9"><span class='ocrx_word' id='word_1_155' title='bbox 424 1924 510 1946; x_wconf 88' lang='lat' dir='ltr'>terus</span> <span class='ocrx_word' id='word_1_156' title='bbox 533 1916 570 1944; x_wconf 89' lang='lat' dir='ltr'>de</span> <span class='ocrx_word' id='word_1_157' title='bbox 593 1915 763 1944; x_wconf 90' lang='lat' dir='ltr'>Wardelau</span> <span class='ocrx_word' id='word_1_158' title='bbox 782 1921 812 1943; x_wconf 91' lang='lat' dir='ltr'>et</span> <span class='ocrx_word' id='word_1_159' title='bbox 833 1914 994 1954; x_wconf 87' lang='lat' dir='ltr'>predictus</span> <span class='ocrx_word' id='word_1_160' title='bbox 1015 1914 1163 1953; x_wconf 86' lang='lat' dir='ltr'>magister</span> <span class='ocrx_word' id='word_1_161' title='bbox 1183 1913 1342 1942; x_wconf 87' lang='lat' dir='ltr'>Johannes</span> 
     </span>
     <span class='ocr_line' id='line_1_28' title="bbox 425 1962 1342 2002; baseline -0.003 -8"><span class='ocrx_word' id='word_1_162' title='bbox 425 1966 463 1994; x_wconf 88' lang='lat' dir='ltr'>de</span> <span class='ocrx_word' id='word_1_163' title='bbox 485 1964 625 1994; x_wconf 52' lang='lat' dir='ltr'>NVesalia</span> <span class='ocrx_word' id='word_1_164' title='bbox 645 1974 682 1993; x_wconf 90' lang='lat' dir='ltr'>ex</span> <span class='ocrx_word' id='word_1_165' title='bbox 701 1964 839 1993; x_wconf 90' lang='lat' dir='ltr'>unanimi</span> <span class='ocrx_word' id='word_1_166' title='bbox 862 1973 1018 1992; x_wconf 89' lang='lat' dir='ltr'>consensu</span> <span class='ocrx_word' id='word_1_167' title='bbox 1039 1963 1178 2002; x_wconf 80' lang='lat' dir='ltr'>predicte</span> <span class='ocrx_word' id='word_1_168' title='bbox 1202 1962 1342 1991; x_wconf 85' lang='lat' dir='ltr'>nacionis</span> 
     </span>
     <span class='ocr_line' id='line_1_29' title="bbox 425 2014 713 2053; baseline -0.003 -10"><span class='ocrx_word' id='word_1_169' title='bbox 425 2015 549 2044; x_wconf 83' lang='lat' dir='ltr'>fuerunt</span> <span class='ocrx_word' id='word_1_170' title='bbox 565 2014 713 2053; x_wconf 85' lang='lat' dir='ltr'>deputati.</span> 
     </span>
    </p>

    <p class='ocr_par' dir='ltr' id='par_1_10' title="bbox 425 2060 1344 2239">
     <span class='ocr_line' id='line_1_30' title="bbox 467 2060 1342 2092; baseline -0.003 0"><span class='ocrx_word' id='word_1_171' title='bbox 467 2063 542 2092; x_wconf 87' lang='lat' dir='ltr'>Item</span> <span class='ocrx_word' id='word_1_172' title='bbox 559 2063 705 2092; x_wconf 90' lang='lat' dir='ltr'>dominus</span> <span class='ocrx_word' id='word_1_173' title='bbox 722 2061 889 2091; x_wconf 91' lang='lat' dir='ltr'>Bertoldus</span> <span class='ocrx_word' id='word_1_174' title='bbox 906 2062 943 2090; x_wconf 90' lang='lat' dir='ltr'>de</span> <span class='ocrx_word' id='word_1_175' title='bbox 965 2061 1136 2090; x_wconf 88' lang='lat' dir='ltr'>Helmestat</span> <span class='ocrx_word' id='word_1_176' title='bbox 1153 2060 1342 2090; x_wconf 86' lang='lat' dir='ltr'>determina-</span> 
     </span>
     <span class='ocr_line' id='line_1_31' title="bbox 425 2110 1343 2152; baseline -0.003 -10"><span class='ocrx_word' id='word_1_177' title='bbox 425 2113 469 2142; x_wconf 90' lang='lat' dir='ltr'>vit</span> <span class='ocrx_word' id='word_1_178' title='bbox 488 2114 545 2142; x_wconf 88' lang='lat' dir='ltr'>sub</span> <span class='ocrx_word' id='word_1_179' title='bbox 565 2112 718 2152; x_wconf 88' lang='lat' dir='ltr'>magistro</span> <span class='ocrx_word' id='word_1_180' title='bbox 735 2111 929 2140; x_wconf 83' lang='lat' dir='ltr'>Theoderico</span> <span class='ocrx_word' id='word_1_181' title='bbox 949 2111 987 2140; x_wconf 92' lang='lat' dir='ltr'>de</span> <span class='ocrx_word' id='word_1_182' title='bbox 1008 2111 1102 2146; x_wconf 86' lang='lat' dir='ltr'>Foro,</span> <span class='ocrx_word' id='word_1_183' title='bbox 1122 2111 1175 2150; x_wconf 91' lang='lat' dir='ltr'>qui</span> <span class='ocrx_word' id='word_1_184' title='bbox 1192 2110 1343 2140; x_wconf 82' lang='lat' dir='ltr'>satisfecit</span> 
     </span>
     <span class='ocr_line' id='line_1_32' title="bbox 426 2159 1344 2200; baseline -0.003 -9"><span class='ocrx_word' id='word_1_185' title='bbox 426 2161 581 2200; x_wconf 87' lang='lat' dir='ltr'>receptori</span> <span class='ocrx_word' id='word_1_186' title='bbox 607 2162 645 2190; x_wconf 89' lang='lat' dir='ltr'>de</span> <span class='ocrx_word' id='word_1_187' title='bbox 674 2160 779 2190; x_wconf 90' lang='lat' dir='ltr'>bursis</span> <span class='ocrx_word' id='word_1_188' title='bbox 804 2166 834 2189; x_wconf 90' lang='lat' dir='ltr'>et</span> <span class='ocrx_word' id='word_1_189' title='bbox 853 2161 890 2189; x_wconf 91' lang='lat' dir='ltr'>de</span> <span class='ocrx_word' id='word_1_190' title='bbox 912 2160 1006 2189; x_wconf 91' lang='lat' dir='ltr'>scolis</span> <span class='ocrx_word' id='word_1_191' title='bbox 1029 2160 1110 2190; x_wconf 91' lang='lat' dir='ltr'>sicut</span> <span class='ocrx_word' id='word_1_192' title='bbox 1133 2166 1205 2189; x_wconf 92' lang='lat' dir='ltr'>tunc</span> <span class='ocrx_word' id='word_1_193' title='bbox 1227 2159 1344 2199; x_wconf 87' lang='lat' dir='ltr'>placuit</span> 
     </span>
     <span class='ocr_line' id='line_1_33' title="bbox 426 2210 561 2239; baseline -0.007 0"><span class='ocrx_word' id='word_1_194' title='bbox 426 2210 561 2239; x_wconf 87' lang='lat' dir='ltr'>nacioni.</span> 
     </span>
    </p>

    <p class='ocr_par' dir='ltr' id='par_1_11' title="bbox 425 2257 1342 2386">
     <span class='ocr_line' id='line_1_34' title="bbox 467 2257 1342 2298; baseline -0.001 -11"><span class='ocrx_word' id='word_1_195' title='bbox 467 2259 539 2298; x_wconf 79' lang='lat' dir='ltr'>(Fol.</span> <span class='ocrx_word' id='word_1_196' title='bbox 567 2261 605 2288; x_wconf 90' lang='lat'>57</span> <span class='ocrx_word' id='word_1_197' title='bbox 621 2258 644 2298; x_wconf 77' lang='lat'>¹³)</span> <span class='ocrx_word' id='word_1_198' title='bbox 679 2258 755 2288; x_wconf 86' lang='lat' dir='ltr'>Item</span> <span class='ocrx_word' id='word_1_199' title='bbox 777 2258 993 2287; x_wconf 83' lang='lat' dir='ltr'>determinavit</span> <span class='ocrx_word' id='word_1_200' title='bbox 1017 2258 1161 2287; x_wconf 88' lang='lat' dir='ltr'>dominus</span> <span class='ocrx_word' id='word_1_201' title='bbox 1187 2257 1342 2287; x_wconf 87' lang='lat' dir='ltr'>Henricus</span> 
     </span>
     <span class='ocr_line' id='line_1_35' title="bbox 425 2305 1342 2347; baseline -0.001 -10"><span class='ocrx_word' id='word_1_202' title='bbox 425 2309 464 2338; x_wconf 87' lang='lat' dir='ltr'>de</span> <span class='ocrx_word' id='word_1_203' title='bbox 484 2308 615 2337; x_wconf 83' lang='lat' dir='ltr'>Bavaria</span> <span class='ocrx_word' id='word_1_204' title='bbox 635 2308 692 2337; x_wconf 94' lang='lat' dir='ltr'>sub</span> <span class='ocrx_word' id='word_1_205' title='bbox 710 2307 860 2347; x_wconf 88' lang='lat' dir='ltr'>magistro</span> <span class='ocrx_word' id='word_1_206' title='bbox 877 2307 1017 2336; x_wconf 86' lang='lat' dir='ltr'>Johanne</span> <span class='ocrx_word' id='word_1_207' title='bbox 1034 2308 1070 2336; x_wconf 92' lang='lat' dir='ltr'>de</span> <span class='ocrx_word' id='word_1_208' title='bbox 1086 2307 1237 2342; x_wconf 86' lang='lat' dir='ltr'>Wesalia‚</span> <span class='ocrx_word' id='word_1_209' title='bbox 1254 2305 1342 2346; x_wconf 87' lang='lat' dir='ltr'>cujus</span> 
     </span>
     <span class='ocr_line' id='line_1_36' title="bbox 428 2356 646 2386; baseline -0.005 0"><span class='ocrx_word' id='word_1_210' title='bbox 428 2358 522 2386; x_wconf 91' lang='lat' dir='ltr'>bursa</span> <span class='ocrx_word' id='word_1_211' title='bbox 540 2356 646 2386; x_wconf 88' lang='lat' dir='ltr'>nichil.</span> 
     </span>
    </p>

    <p class='ocr_par' dir='ltr' id='par_1_12' title="bbox 426 2405 1344 2583">
     <span class='ocr_line' id='line_1_37' title="bbox 469 2405 1342 2446; baseline 0.001 -12"><span class='ocrx_word' id='word_1_212' title='bbox 469 2407 544 2435; x_wconf 89' lang='lat' dir='ltr'>Item</span> <span class='ocrx_word' id='word_1_213' title='bbox 561 2406 706 2435; x_wconf 89' lang='lat' dir='ltr'>dominus</span> <span class='ocrx_word' id='word_1_214' title='bbox 726 2406 906 2435; x_wconf 88' lang='lat' dir='ltr'>Conrardus</span> <span class='ocrx_word' id='word_1_215' title='bbox 929 2406 966 2435; x_wconf 92' lang='lat' dir='ltr'>de</span> <span class='ocrx_word' id='word_1_216' title='bbox 987 2405 1094 2435; x_wconf 90' lang='lat' dir='ltr'>Minda</span> <span class='ocrx_word' id='word_1_217' title='bbox 1116 2406 1173 2435; x_wconf 90' lang='lat' dir='ltr'>sub</span> <span class='ocrx_word' id='word_1_218' title='bbox 1192 2406 1342 2446; x_wconf 89' lang='lat' dir='ltr'>magistro</span> 
     </span>
     <span class='ocr_line' id='line_1_38' title="bbox 426 2454 1344 2495; baseline 0 -11"><span class='ocrx_word' id='word_1_219' title='bbox 426 2455 621 2485; x_wconf 85' lang='lat' dir='ltr'>Theoderico</span> <span class='ocrx_word' id='word_1_220' title='bbox 646 2456 683 2484; x_wconf 92' lang='lat' dir='ltr'>de</span> <span class='ocrx_word' id='word_1_221' title='bbox 711 2455 803 2489; x_wconf 87' lang='lat' dir='ltr'>Foro,</span> <span class='ocrx_word' id='word_1_222' title='bbox 829 2454 916 2495; x_wconf 88' lang='lat' dir='ltr'>cujus</span> <span class='ocrx_word' id='word_1_223' title='bbox 938 2457 1033 2484; x_wconf 90' lang='lat' dir='ltr'>bursa</span> <span class='ocrx_word' id='word_1_224' title='bbox 1057 2455 1170 2491; x_wconf 84' lang='lat' dir='ltr'>nichil;</span> <span class='ocrx_word' id='word_1_225' title='bbox 1197 2455 1344 2495; x_wconf 81' lang='lat' dir='ltr'>promisit</span> 
     </span>
     <span class='ocr_line' id='line_1_39' title="bbox 427 2504 1342 2543; baseline 0 -9"><span class='ocrx_word' id='word_1_226' title='bbox 427 2511 527 2534; x_wconf 86' lang='lat' dir='ltr'>tamen</span> <span class='ocrx_word' id='word_1_227' title='bbox 545 2515 635 2543; x_wconf 86' lang='lat' dir='ltr'>quam</span> <span class='ocrx_word' id='word_1_228' title='bbox 651 2504 712 2533; x_wconf 92' lang='lat' dir='ltr'>cito</span> <span class='ocrx_word' id='word_1_229' title='bbox 730 2511 814 2533; x_wconf 89' lang='lat' dir='ltr'>esset</span> <span class='ocrx_word' id='word_1_230' title='bbox 836 2510 947 2543; x_wconf 89' lang='lat' dir='ltr'>potens</span> <span class='ocrx_word' id='word_1_231' title='bbox 964 2505 1001 2533; x_wconf 93' lang='lat' dir='ltr'>ad</span> <span class='ocrx_word' id='word_1_232' title='bbox 1020 2505 1201 2534; x_wconf 90' lang='lat' dir='ltr'>solvendum</span> <span class='ocrx_word' id='word_1_233' title='bbox 1219 2505 1342 2534; x_wconf 87' lang='lat' dir='ltr'>nacioni</span> 
     </span>
     <span class='ocr_line' id='line_1_40' title="bbox 427 2553 1017 2583; baseline 0 -1"><span class='ocrx_word' id='word_1_234' title='bbox 427 2555 465 2583; x_wconf 92' lang='lat' dir='ltr'>de</span> <span class='ocrx_word' id='word_1_235' title='bbox 484 2554 588 2582; x_wconf 86' lang='lat' dir='ltr'>bursis</span> <span class='ocrx_word' id='word_1_236' title='bbox 604 2560 634 2582; x_wconf 90' lang='lat' dir='ltr'>et</span> <span class='ocrx_word' id='word_1_237' title='bbox 649 2554 687 2582; x_wconf 92' lang='lat' dir='ltr'>de</span> <span class='ocrx_word' id='word_1_238' title='bbox 703 2553 798 2582; x_wconf 89' lang='lat' dir='ltr'>scolis</span> <span class='ocrx_word' id='word_1_239' title='bbox 815 2553 1017 2583; x_wconf 82' lang='lat' dir='ltr'>satisfaceret.</span> 
     </span>
    </p>

    <p class='ocr_par' dir='ltr' id='par_1_13' title="bbox 427 2602 1341 2691">
     <span class='ocr_line' id='line_1_41' title="bbox 470 2602 1341 2633; baseline 0.001 -1"><span class='ocrx_word' id='word_1_240' title='bbox 470 2603 543 2632; x_wconf 89' lang='lat' dir='ltr'>ltem</span> <span class='ocrx_word' id='word_1_241' title='bbox 557 2603 702 2631; x_wconf 90' lang='lat' dir='ltr'>dominus</span> <span class='ocrx_word' id='word_1_242' title='bbox 718 2602 873 2631; x_wconf 90' lang='lat' dir='ltr'>Henricus</span> <span class='ocrx_word' id='word_1_243' title='bbox 885 2602 986 2631; x_wconf 88' lang='lat' dir='ltr'>dictus</span> <span class='ocrx_word' id='word_1_244' title='bbox 1000 2602 1081 2632; x_wconf 89' lang='lat' dir='ltr'>Voes</span> <span class='ocrx_word' id='word_1_245' title='bbox 1098 2603 1135 2632; x_wconf 92' lang='lat' dir='ltr'>de</span> <span class='ocrx_word' id='word_1_246' title='bbox 1147 2603 1272 2633; x_wconf 90' lang='lat' dir='ltr'>Lubeke</span> <span class='ocrx_word' id='word_1_247' title='bbox 1284 2605 1341 2633; x_wconf 87' lang='lat' dir='ltr'>sub</span> 
     </span>
     <span class='ocr_line' id='line_1_42' title="bbox 427 2651 1340 2691; baseline 0.002 -11"><span class='ocrx_word' id='word_1_248' title='bbox 427 2652 576 2691; x_wconf 87' lang='lat' dir='ltr'>magistro</span> <span class='ocrx_word' id='word_1_249' title='bbox 592 2652 733 2681; x_wconf 91' lang='lat' dir='ltr'>Johanne</span> <span class='ocrx_word' id='word_1_250' title='bbox 747 2652 785 2680; x_wconf 91' lang='lat' dir='ltr'>de</span> <span class='ocrx_word' id='word_1_251' title='bbox 803 2651 1017 2691; x_wconf 69' lang='lat' dir='ltr'>Wifinbergh,</span> <span class='ocrx_word' id='word_1_252' title='bbox 1033 2651 1120 2691; x_wconf 89' lang='lat' dir='ltr'>cujus</span> <span class='ocrx_word' id='word_1_253' title='bbox 1134 2653 1228 2682; x_wconf 87' lang='lat' dir='ltr'>bursa</span> <span class='ocrx_word' id='word_1_254' title='bbox 1239 2653 1265 2682; x_wconf 92' lang='lat' dir='ltr'>V</span> <span class='ocrx_word' id='word_1_255' title='bbox 1281 2653 1340 2682; x_wconf 85' lang='lat' dir='ltr'>sol.</span> 
     </span>
    </p>
   </div>
   <div class='ocr_carea' id='block_1_8' title="bbox 428 2730 1343 2975">
    <p class='ocr_par' dir='ltr' id='par_1_14' title="bbox 459 2730 715 2754">
     <span class='ocr_line' id='line_1_43' title="bbox 459 2730 715 2754; baseline 0.004 -1"><span class='ocrx_word' id='word_1_256' title='bbox 459 2730 481 2753; x_wconf 88' lang='lat'>1.</span> <span class='ocrx_word' id='word_1_257' title='bbox 517 2731 546 2753; x_wconf 83' lang='lat'>17</span> <span class='ocrx_word' id='word_1_258' title='bbox 559 2730 715 2754; x_wconf 68' lang='lat' dir='ltr'>Novembris.</span> 
     </span>
    </p>

    <p class='ocr_par' dir='ltr' id='par_1_15' title="bbox 459 2766 813 2797">
     <span class='ocr_line' id='line_1_44' title="bbox 459 2766 813 2797; baseline 0.003 -8"><span class='ocrx_word' id='word_1_259' title='bbox 459 2766 482 2789; x_wconf 75' lang='lat'>2.</span> <span class='ocrx_word' id='word_1_260' title='bbox 516 2767 536 2789; x_wconf 93' lang='lat'>1.</span> <span class='ocrx_word' id='word_1_261' title='bbox 550 2774 572 2789; x_wconf 75' lang='lat' dir='ltr'>e.</span> <span class='ocrx_word' id='word_1_262' title='bbox 584 2774 633 2797; x_wconf 83' lang='lat' dir='ltr'>per</span> <span class='ocrx_word' id='word_1_263' title='bbox 644 2766 813 2790; x_wconf 83' lang='lat' dir='ltr'>Decembrem.</span> 
     </span>
    </p>

    <p class='ocr_par' dir='ltr' id='par_1_16' title="bbox 459 2801 685 2825">
     <span class='ocr_line' id='line_1_45' title="bbox 459 2801 685 2825; baseline -0.004 0"><span class='ocrx_word' id='word_1_264' title='bbox 459 2802 482 2825; x_wconf 83' lang='lat'>3.</span> <span class='ocrx_word' id='word_1_265' title='bbox 518 2802 546 2825; x_wconf 85' lang='lat'>12</span> <span class='ocrx_word' id='word_1_266' title='bbox 556 2801 685 2825; x_wconf 78' lang='lat' dir='ltr'>Ianuarii.</span> 
     </span>
    </p>

    <p class='ocr_par' dir='ltr' id='par_1_17' title="bbox 459 2836 1063 2869">
     <span class='ocr_line' id='line_1_46' title="bbox 459 2836 1063 2869; baseline 0 -9"><span class='ocrx_word' id='word_1_267' title='bbox 459 2838 482 2860; x_wconf 80' lang='lat'>4.</span> <span class='ocrx_word' id='word_1_268' title='bbox 519 2837 666 2860; x_wconf 73' lang='lat' dir='ltr'>Translatio</span> <span class='ocrx_word' id='word_1_269' title='bbox 680 2839 705 2861; x_wconf 80' lang='lat' dir='ltr'>S.</span> <span class='ocrx_word' id='word_1_270' title='bbox 719 2836 866 2869; x_wconf 67' lang='lat' dir='ltr'>Augu-otini,</span> <span class='ocrx_word' id='word_1_271' title='bbox 879 2837 909 2860; x_wconf 86' lang='grc'>28</span> <span class='ocrx_word' id='word_1_272' title='bbox 919 2836 1063 2861; x_wconf 82' lang='lat' dir='ltr'>Februarii.</span> 
     </span>
    </p>

    <p class='ocr_par' dir='ltr' id='par_1_18' title="bbox 428 2872 1343 2975">
     <span class='ocr_line' id='line_1_47' title="bbox 459 2872 1343 2905; baseline 0.002 -10"><span class='ocrx_word' id='word_1_273' title='bbox 459 2875 482 2896; x_wconf 86' lang='lat'>5.</span> <span class='ocrx_word' id='word_1_274' title='bbox 516 2874 551 2896; x_wconf 89' lang='lat' dir='ltr'>De</span> <span class='ocrx_word' id='word_1_275' title='bbox 561 2872 608 2895; x_wconf 76' lang='lat' dir='ltr'>hoe</span> <span class='ocrx_word' id='word_1_276' title='bbox 618 2873 785 2896; x_wconf 69' lang='lat' dir='ltr'>instrumento</span> <span class='ocrx_word' id='word_1_277' title='bbox 795 2881 882 2904; x_wconf 68' lang='lat' dir='ltr'>supra,</span> <span class='ocrx_word' id='word_1_278' title='bbox 891 2881 916 2904; x_wconf 89' lang='lat' dir='ltr'>p.</span> <span class='ocrx_word' id='word_1_279' title='bbox 926 2873 966 2901; x_wconf 80' lang='lat'>99,</span> <span class='ocrx_word' id='word_1_280' title='bbox 977 2873 1111 2905; x_wconf 74' lang='lat' dir='ltr'>agebatur,</span> <span class='ocrx_word' id='word_1_281' title='bbox 1123 2873 1170 2896; x_wconf 73' lang='lat' dir='ltr'>ced</span> <span class='ocrx_word' id='word_1_282' title='bbox 1179 2873 1343 2897; x_wconf 66' lang='lat' dir='ltr'>desideratur</span> 
     </span>
     <span class='ocr_line' id='line_1_48' title="bbox 428 2907 1343 2940; baseline 0.002 -9"><span class='ocrx_word' id='word_1_283' title='bbox 428 2909 454 2932; x_wconf 85' lang='lat' dir='ltr'>in</span> <span class='ocrx_word' id='word_1_284' title='bbox 468 2917 514 2931; x_wconf 61' lang='lat' dir='ltr'>ma.</span> <span class='ocrx_word' id='word_1_285' title='bbox 526 2910 554 2931; x_wconf 88' lang='lat' dir='ltr'>ln</span> <span class='ocrx_word' id='word_1_286' title='bbox 566 2908 612 2939; x_wconf 85' lang='lat' dir='ltr'>sol.</span> <span class='ocrx_word' id='word_1_287' title='bbox 629 2909 699 2931; x_wconf 79' lang='lat'>58-75</span> <span class='ocrx_word' id='word_1_288' title='bbox 712 2907 827 2940; x_wconf 71' lang='lat' dir='ltr'>sequitur</span> <span class='ocrx_word' id='word_1_289' title='bbox 840 2909 1028 2940; x_wconf 75' lang='lat' dir='ltr'>Fragmentum</span> <span class='ocrx_word' id='word_1_290' title='bbox 1041 2908 1164 2940; x_wconf 83' lang='lat' dir='ltr'>Computi</span> <span class='ocrx_word' id='word_1_291' title='bbox 1176 2913 1343 2940; x_wconf 75' lang='lat' dir='ltr'>receptarum</span> 
     </span>
     <span class='ocr_line' id='line_1_49' title="bbox 429 2943 1340 2975; baseline 0.002 -8"><span class='ocrx_word' id='word_1_292' title='bbox 429 2944 571 2967; x_wconf 82' lang='lat' dir='ltr'>bursarum</span> <span class='ocrx_word' id='word_1_293' title='bbox 588 2952 604 2967; x_wconf 88' lang='lat' dir='ltr'>a</span> <span class='ocrx_word' id='word_1_294' title='bbox 622 2944 696 2967; x_wconf 79' lang='lat' dir='ltr'>nobis</span> <span class='ocrx_word' id='word_1_295' title='bbox 708 2943 869 2975; x_wconf 79' lang='lat' dir='ltr'>publicatum</span> <span class='ocrx_word' id='word_1_296' title='bbox 885 2943 910 2967; x_wconf 85' lang='lat' dir='ltr'>in</span> <span class='ocrx_word' id='word_1_297' title='bbox 930 2943 1047 2967; x_wconf 80' lang='lat' dir='ltr'>chartul.</span> <span class='ocrx_word' id='word_1_298' title='bbox 1067 2944 1188 2969; x_wconf 80' lang='lat' dir='ltr'>Univers.</span> <span class='ocrx_word' id='word_1_299' title='bbox 1205 2945 1289 2974; x_wconf 84' lang='lat' dir='ltr'>Paris,</span> <span class='ocrx_word' id='word_1_300' title='bbox 1309 2945 1340 2974; x_wconf 83' lang='grc' dir='ltr'>ΙΙ,</span> 
     </span>
    </p>
   </div>
   <div class='ocr_carea' id='block_1_9' title="bbox 1391 686 1408 712">
    <p class='ocr_par' dir='ltr' id='par_1_19' title="bbox 1391 686 1408 712">
     <span class='ocr_line' id='line_1_50' title="bbox 1391 686 1408 712; baseline 0 0"><span class='ocrx_word' id='word_1_301' title='bbox 1391 686 1408 712; x_wconf 87' lang='grc'><strong>5</strong></span> 
     </span>
    </p>
   </div>
   <div class='ocr_carea' id='block_1_10' title="bbox 1375 931 1409 957">
    <p class='ocr_par' dir='ltr' id='par_1_20' title="bbox 1375 931 1409 957">
     <span class='ocr_line' id='line_1_51' title="bbox 1375 931 1409 957; baseline 0.029 -1"><span class='ocrx_word' id='word_1_302' title='bbox 1375 931 1409 957; x_wconf 87' lang='grc'>10</span> 
     </span>
    </p>
   </div>
   <div class='ocr_carea' id='block_1_11' title="bbox 1376 1175 1410 1202">
    <p class='ocr_par' dir='ltr' id='par_1_21' title="bbox 1376 1175 1410 1202">
     <span class='ocr_line' id='line_1_52' title="bbox 1376 1175 1410 1202; baseline 0 0"><span class='ocrx_word' id='word_1_303' title='bbox 1376 1175 1410 1202; x_wconf 88' lang='lat'>15</span> 
     </span>
    </p>
   </div>
   <div class='ocr_carea' id='block_1_12' title="bbox 1377 1422 1411 1448">
    <p class='ocr_par' dir='ltr' id='par_1_22' title="bbox 1377 1422 1411 1448">
     <span class='ocr_line' id='line_1_53' title="bbox 1377 1422 1411 1448; baseline 0 0"><span class='ocrx_word' id='word_1_304' title='bbox 1377 1422 1411 1448; x_wconf 82' lang='lat'>20</span> 
     </span>
    </p>
   </div>
   <div class='ocr_carea' id='block_1_13' title="bbox 1379 1667 1413 1694">
    <p class='ocr_par' dir='ltr' id='par_1_23' title="bbox 1379 1667 1413 1694">
     <span class='ocr_line' id='line_1_54' title="bbox 1379 1667 1413 1694; baseline 0 0"><span class='ocrx_word' id='word_1_305' title='bbox 1379 1667 1413 1694; x_wconf 84' lang='lat'>25</span> 
     </span>
    </p>
   </div>
   <div class='ocr_carea' id='block_1_14' title="bbox 1380 1914 1414 1940">
    <p class='ocr_par' dir='ltr' id='par_1_24' title="bbox 1380 1914 1414 1940">
     <span class='ocr_line' id='line_1_55' title="bbox 1380 1914 1414 1940; baseline 0 0"><span class='ocrx_word' id='word_1_306' title='bbox 1380 1914 1414 1940; x_wconf 85' lang='lat'>30</span> 
     </span>
    </p>
   </div>
   <div class='ocr_carea' id='block_1_15' title="bbox 1381 2159 1415 2185">
    <p class='ocr_par' dir='ltr' id='par_1_25' title="bbox 1381 2159 1415 2185">
     <span class='ocr_line' id='line_1_56' title="bbox 1381 2159 1415 2185; baseline 0 0"><span class='ocrx_word' id='word_1_307' title='bbox 1381 2159 1415 2185; x_wconf 85' lang='lat'>35</span> 
     </span>
    </p>
   </div>
   <div class='ocr_carea' id='block_1_16' title="bbox 1380 2404 1414 2430">
    <p class='ocr_par' dir='ltr' id='par_1_26' title="bbox 1380 2404 1414 2430">
     <span class='ocr_line' id='line_1_57' title="bbox 1380 2404 1414 2430; baseline 0.029 -1"><span class='ocrx_word' id='word_1_308' title='bbox 1380 2404 1414 2430; x_wconf 83' lang='lat'>40</span> 
     </span>
    </p>
   </div>
   <div class='ocr_carea' id='block_1_17' title="bbox 1379 2649 1414 2676">
    <p class='ocr_par' dir='ltr' id='par_1_27' title="bbox 1379 2649 1414 2676">
     <span class='ocr_line' id='line_1_58' title="bbox 1379 2649 1414 2676; baseline 0.029 -1"><span class='ocrx_word' id='word_1_309' title='bbox 1379 2649 1414 2676; x_wconf 90' lang='lat'>45</span> 
     </span>
    </p>
   </div>
   <div class='ocr_carea' id='block_1_18' title="bbox 1444 487 2362 1894">
    <p class='ocr_par' dir='ltr' id='par_1_28' title="bbox 1444 487 2353 577">
     <span class='ocr_line' id='line_1_59' title="bbox 1486 487 2353 530; baseline 0.002 -13"><span class='ocrx_word' id='word_1_310' title='bbox 1486 487 1561 517; x_wconf 90' lang='lat' dir='ltr'>ltem</span> <span class='ocrx_word' id='word_1_311' title='bbox 1578 488 1722 518; x_wconf 86' lang='lat' dir='ltr'>dominus</span> <span class='ocrx_word' id='word_1_312' title='bbox 1745 488 1912 518; x_wconf 87' lang='lat' dir='ltr'>Anselmus</span> <span class='ocrx_word' id='word_1_313' title='bbox 1933 489 1971 518; x_wconf 88' lang='lat' dir='ltr'>de</span> <span class='ocrx_word' id='word_1_314' title='bbox 1994 489 2101 518; x_wconf 82' lang='lat' dir='ltr'>Duren</span> <span class='ocrx_word' id='word_1_315' title='bbox 2123 490 2181 519; x_wconf 87' lang='lat' dir='ltr'>sub</span> <span class='ocrx_word' id='word_1_316' title='bbox 2203 490 2353 530; x_wconf 81' lang='lat' dir='ltr'>magistro</span> 
     </span>
     <span class='ocr_line' id='line_1_60' title="bbox 1444 537 2212 577; baseline 0.001 -11"><span class='ocrx_word' id='word_1_317' title='bbox 1444 537 1584 566; x_wconf 86' lang='lat' dir='ltr'>Johanne</span> <span class='ocrx_word' id='word_1_318' title='bbox 1600 538 1638 567; x_wconf 91' lang='lat' dir='ltr'>de</span> <span class='ocrx_word' id='word_1_319' title='bbox 1650 537 1801 573; x_wconf 88' lang='lat' dir='ltr'>Wesalia‚</span> <span class='ocrx_word' id='word_1_320' title='bbox 1815 538 1901 577; x_wconf 91' lang='lat' dir='ltr'>cujus</span> <span class='ocrx_word' id='word_1_321' title='bbox 1917 539 2013 567; x_wconf 89' lang='lat' dir='ltr'>bursa</span> <span class='ocrx_word' id='word_1_322' title='bbox 2029 537 2089 567; x_wconf 90' lang='lat'><em>1111</em></span> <span class='ocrx_word' id='word_1_323' title='bbox 2108 537 2212 568; x_wconf 88' lang='lat' dir='ltr'>solidi.</span> 
     </span>
    </p>

    <p class='ocr_par' dir='ltr' id='par_1_29' title="bbox 1445 586 2357 676">
     <span class='ocr_line' id='line_1_61' title="bbox 1486 586 2357 618; baseline 0.003 -3"><span class='ocrx_word' id='word_1_324' title='bbox 1486 586 1562 615; x_wconf 89' lang='lat' dir='ltr'>Item</span> <span class='ocrx_word' id='word_1_325' title='bbox 1589 587 1733 617; x_wconf 88' lang='lat' dir='ltr'>dominus</span> <span class='ocrx_word' id='word_1_326' title='bbox 1763 587 1976 617; x_wconf 85' lang='lat' dir='ltr'>Theodericus</span> <span class='ocrx_word' id='word_1_327' title='bbox 2007 588 2045 616; x_wconf 90' lang='lat' dir='ltr'>de</span> <span class='ocrx_word' id='word_1_328' title='bbox 2082 587 2264 617; x_wconf 83' lang='lat' dir='ltr'>Hildensem</span> <span class='ocrx_word' id='word_1_329' title='bbox 2299 589 2357 618; x_wconf 85' lang='lat' dir='ltr'>sub</span> 
     </span>
     <span class='ocr_line' id='line_1_62' title="bbox 1445 635 2306 676; baseline 0.002 -12"><span class='ocrx_word' id='word_1_330' title='bbox 1445 635 1594 675; x_wconf 84' lang='lat' dir='ltr'>magistro</span> <span class='ocrx_word' id='word_1_331' title='bbox 1610 636 1804 666; x_wconf 88' lang='lat' dir='ltr'>Theoderico</span> <span class='ocrx_word' id='word_1_332' title='bbox 1820 637 1858 665; x_wconf 88' lang='lat' dir='ltr'>de</span> <span class='ocrx_word' id='word_1_333' title='bbox 1877 635 1971 671; x_wconf 88' lang='lat' dir='ltr'>Foro,</span> <span class='ocrx_word' id='word_1_334' title='bbox 1989 635 2077 676; x_wconf 87' lang='lat' dir='ltr'>cujus</span> <span class='ocrx_word' id='word_1_335' title='bbox 2092 636 2188 666; x_wconf 87' lang='lat' dir='ltr'>bursa</span> <span class='ocrx_word' id='word_1_336' title='bbox 2199 636 2306 666; x_wconf 88' lang='lat' dir='ltr'>nichil.</span> 
     </span>
    </p>

    <p class='ocr_par' dir='ltr' id='par_1_30' title="bbox 1445 684 2356 774">
     <span class='ocr_line' id='line_1_63' title="bbox 1486 684 2356 726; baseline 0.002 -13"><span class='ocrx_word' id='word_1_337' title='bbox 1486 684 1562 714; x_wconf 87' lang='lat' dir='ltr'>Item</span> <span class='ocrx_word' id='word_1_338' title='bbox 1587 685 1731 715; x_wconf 84' lang='lat' dir='ltr'>dominus</span> <span class='ocrx_word' id='word_1_339' title='bbox 1753 685 1910 715; x_wconf 87' lang='lat' dir='ltr'>Johannes</span> <span class='ocrx_word' id='word_1_340' title='bbox 1934 686 1972 714; x_wconf 91' lang='lat' dir='ltr'>de</span> <span class='ocrx_word' id='word_1_341' title='bbox 1991 685 2107 715; x_wconf 90' lang='lat' dir='ltr'>Arnem</span> <span class='ocrx_word' id='word_1_342' title='bbox 2129 686 2187 714; x_wconf 84' lang='lat' dir='ltr'>sub</span> <span class='ocrx_word' id='word_1_343' title='bbox 2207 685 2356 726; x_wconf 81' lang='lat' dir='ltr'>magistro</span> 
     </span>
     <span class='ocr_line' id='line_1_64' title="bbox 1445 733 2143 774; baseline 0.001 -12"><span class='ocrx_word' id='word_1_344' title='bbox 1445 733 1585 763; x_wconf 86' lang='lat' dir='ltr'>Johanne</span> <span class='ocrx_word' id='word_1_345' title='bbox 1602 735 1640 763; x_wconf 91' lang='lat' dir='ltr'>de</span> <span class='ocrx_word' id='word_1_346' title='bbox 1657 734 1808 770; x_wconf 88' lang='lat' dir='ltr'>Wesalia‚</span> <span class='ocrx_word' id='word_1_347' title='bbox 1823 733 1911 774; x_wconf 84' lang='lat' dir='ltr'>cujus</span> <span class='ocrx_word' id='word_1_348' title='bbox 1928 735 2022 764; x_wconf 89' lang='lat' dir='ltr'>bursa</span> <span class='ocrx_word' id='word_1_349' title='bbox 2036 733 2143 763; x_wconf 90' lang='lat' dir='ltr'>nichil.</span> 
     </span>
    </p>

    <p class='ocr_par' dir='ltr' id='par_1_31' title="bbox 1446 782 2359 871">
     <span class='ocr_line' id='line_1_65' title="bbox 1487 782 2359 824; baseline 0.002 -13"><span class='ocrx_word' id='word_1_350' title='bbox 1487 782 1563 812; x_wconf 87' lang='lat' dir='ltr'>Item</span> <span class='ocrx_word' id='word_1_351' title='bbox 1578 782 1722 812; x_wconf 91' lang='lat' dir='ltr'>dominus</span> <span class='ocrx_word' id='word_1_352' title='bbox 1732 783 1920 813; x_wconf 88' lang='lat' dir='ltr'>Wilhelmus</span> <span class='ocrx_word' id='word_1_353' title='bbox 1936 784 1974 812; x_wconf 91' lang='lat' dir='ltr'>de</span> <span class='ocrx_word' id='word_1_354' title='bbox 1995 783 2165 813; x_wconf 87' lang='lat' dir='ltr'>Montfoert</span> <span class='ocrx_word' id='word_1_355' title='bbox 2179 784 2237 813; x_wconf 87' lang='lat' dir='ltr'>sub</span> <span class='ocrx_word' id='word_1_356' title='bbox 2259 783 2359 824; x_wconf 84' lang='lat' dir='ltr'>magi-</span> 
     </span>
     <span class='ocr_line' id='line_1_66' title="bbox 1446 831 2013 871; baseline 0.002 -11"><span class='ocrx_word' id='word_1_357' title='bbox 1446 837 1512 861; x_wconf 90' lang='lat' dir='ltr'>stro</span> <span class='ocrx_word' id='word_1_358' title='bbox 1528 831 1680 870; x_wconf 85' lang='lat' dir='ltr'>predicto,</span> <span class='ocrx_word' id='word_1_359' title='bbox 1698 831 1784 871; x_wconf 86' lang='lat' dir='ltr'>cujus</span> <span class='ocrx_word' id='word_1_360' title='bbox 1798 833 1893 861; x_wconf 89' lang='lat' dir='ltr'>bursa</span> <span class='ocrx_word' id='word_1_361' title='bbox 1907 832 2013 862; x_wconf 86' lang='lat' dir='ltr'>nichil.</span> 
     </span>
    </p>

    <p class='ocr_par' dir='ltr' id='par_1_32' title="bbox 1446 880 2360 1008">
     <span class='ocr_line' id='line_1_67' title="bbox 1488 880 2359 921; baseline 0.001 -11"><span class='ocrx_word' id='word_1_362' title='bbox 1488 881 1563 910; x_wconf 87' lang='lat' dir='ltr'>Item</span> <span class='ocrx_word' id='word_1_363' title='bbox 1578 881 1722 910; x_wconf 90' lang='lat' dir='ltr'>dominus</span> <span class='ocrx_word' id='word_1_364' title='bbox 1735 881 1892 910; x_wconf 87' lang='lat' dir='ltr'>Johannes</span> <span class='ocrx_word' id='word_1_365' title='bbox 1908 882 1946 910; x_wconf 88' lang='lat' dir='ltr'>de</span> <span class='ocrx_word' id='word_1_366' title='bbox 1962 881 2044 911; x_wconf 88' lang='lat' dir='ltr'>Nese</span> <span class='ocrx_word' id='word_1_367' title='bbox 2059 882 2097 910; x_wconf 93' lang='lat' dir='ltr'>de</span> <span class='ocrx_word' id='word_1_368' title='bbox 2108 880 2250 921; x_wconf 87' lang='lat' dir='ltr'>Trajecto</span> <span class='ocrx_word' id='word_1_369' title='bbox 2264 891 2359 921; x_wconf 84' lang='lat' dir='ltr'>supe-</span> 
     </span>
     <span class='ocr_line' id='line_1_68' title="bbox 1446 929 2360 970; baseline 0.001 -11"><span class='ocrx_word' id='word_1_370' title='bbox 1446 930 1523 959; x_wconf 84' lang='lat' dir='ltr'>riori</span> <span class='ocrx_word' id='word_1_371' title='bbox 1542 931 1599 959; x_wconf 91' lang='lat' dir='ltr'>suh</span> <span class='ocrx_word' id='word_1_372' title='bbox 1615 930 1764 970; x_wconf 89' lang='lat' dir='ltr'>magistro</span> <span class='ocrx_word' id='word_1_373' title='bbox 1779 930 1919 959; x_wconf 89' lang='lat' dir='ltr'>Johanne</span> <span class='ocrx_word' id='word_1_374' title='bbox 1937 931 1975 959; x_wconf 93' lang='lat' dir='ltr'>de</span> <span class='ocrx_word' id='word_1_375' title='bbox 1990 930 2143 967; x_wconf 83' lang='lat' dir='ltr'>Wesalia‚</span> <span class='ocrx_word' id='word_1_376' title='bbox 2163 929 2250 970; x_wconf 87' lang='lat' dir='ltr'>cujus</span> <span class='ocrx_word' id='word_1_377' title='bbox 2263 931 2360 960; x_wconf 84' lang='lat' dir='ltr'>bursa</span> 
     </span>
     <span class='ocr_line' id='line_1_69' title="bbox 1446 979 1554 1008; baseline 0 0"><span class='ocrx_word' id='word_1_378' title='bbox 1446 979 1554 1008; x_wconf 89' lang='lat' dir='ltr'>nichil.</span> 
     </span>
    </p>

    <p class='ocr_par' dir='ltr' id='par_1_33' title="bbox 1446 1028 2360 1156">
     <span class='ocr_line' id='line_1_70' title="bbox 1488 1028 2359 1068; baseline 0 -10"><span class='ocrx_word' id='word_1_379' title='bbox 1488 1028 1563 1058; x_wconf 87' lang='lat' dir='ltr'>Item</span> <span class='ocrx_word' id='word_1_380' title='bbox 1590 1028 1734 1058; x_wconf 90' lang='lat' dir='ltr'>dominus</span> <span class='ocrx_word' id='word_1_381' title='bbox 1761 1028 1916 1057; x_wconf 87' lang='lat' dir='ltr'>Henricus</span> <span class='ocrx_word' id='word_1_382' title='bbox 1942 1028 1980 1057; x_wconf 88' lang='lat' dir='ltr'>de</span> <span class='ocrx_word' id='word_1_383' title='bbox 2005 1028 2095 1057; x_wconf 89' lang='lat' dir='ltr'>Elten</span> <span class='ocrx_word' id='word_1_384' title='bbox 2121 1029 2179 1058; x_wconf 90' lang='lat' dir='ltr'>sub</span> <span class='ocrx_word' id='word_1_385' title='bbox 2209 1028 2359 1068; x_wconf 84' lang='lat' dir='ltr'>magistro</span> 
     </span>
     <span class='ocr_line' id='line_1_71' title="bbox 1446 1076 2360 1117; baseline 0 -11"><span class='ocrx_word' id='word_1_386' title='bbox 1446 1077 1586 1107; x_wconf 86' lang='lat' dir='ltr'>Johanne</span> <span class='ocrx_word' id='word_1_387' title='bbox 1600 1078 1637 1106; x_wconf 89' lang='lat' dir='ltr'>de</span> <span class='ocrx_word' id='word_1_388' title='bbox 1649 1076 1801 1113; x_wconf 82' lang='lat' dir='ltr'>Wesalia‚</span> <span class='ocrx_word' id='word_1_389' title='bbox 1817 1077 1870 1117; x_wconf 89' lang='lat' dir='ltr'>qui</span> <span class='ocrx_word' id='word_1_390' title='bbox 1886 1077 2035 1106; x_wconf 80' lang='lat' dir='ltr'>satisfecit</span> <span class='ocrx_word' id='word_1_391' title='bbox 2048 1077 2204 1117; x_wconf 87' lang='lat' dir='ltr'>receptori</span> <span class='ocrx_word' id='word_1_392' title='bbox 2217 1087 2275 1117; x_wconf 89' lang='lat' dir='ltr'>pro</span> <span class='ocrx_word' id='word_1_393' title='bbox 2288 1078 2360 1106; x_wconf 86' lang='lat' dir='ltr'>bur—</span> 
     </span>
     <span class='ocr_line' id='line_1_72' title="bbox 1448 1127 1662 1156; baseline 0 0"><span class='ocrx_word' id='word_1_394' title='bbox 1448 1127 1492 1156; x_wconf 89' lang='lat' dir='ltr'>sis</span> <span class='ocrx_word' id='word_1_395' title='bbox 1509 1133 1539 1156; x_wconf 91' lang='lat' dir='ltr'>et</span> <span class='ocrx_word' id='word_1_396' title='bbox 1557 1127 1662 1156; x_wconf 92' lang='lat' dir='ltr'>scolis.</span> 
     </span>
    </p>

    <p class='ocr_par' dir='ltr' id='par_1_34' title="bbox 1448 1174 2362 1362">
     <span class='ocr_line' id='line_1_73' title="bbox 1490 1174 2360 1215; baseline -0.001 -10"><span class='ocrx_word' id='word_1_397' title='bbox 1490 1176 1564 1205; x_wconf 86' lang='lat' dir='ltr'>Item</span> <span class='ocrx_word' id='word_1_398' title='bbox 1585 1176 1729 1205; x_wconf 88' lang='lat' dir='ltr'>dominus</span> <span class='ocrx_word' id='word_1_399' title='bbox 1751 1175 1941 1205; x_wconf 88' lang='lat' dir='ltr'>Wilhelmus</span> <span class='ocrx_word' id='word_1_400' title='bbox 1963 1175 2002 1204; x_wconf 90' lang='lat' dir='ltr'>de</span> <span class='ocrx_word' id='word_1_401' title='bbox 2025 1174 2239 1215; x_wconf 82' lang='lat' dir='ltr'>Kukenborgh</span> <span class='ocrx_word' id='word_1_402' title='bbox 2258 1174 2360 1204; x_wconf 88' lang='lat' dir='ltr'>dictus</span> 
     </span>
     <span class='ocr_line' id='line_1_74' title="bbox 1448 1222 2360 1265; baseline -0.001 -11"><span class='ocrx_word' id='word_1_403' title='bbox 1448 1226 1616 1255; x_wconf 90' lang='lat' dir='ltr'>Zuermont</span> <span class='ocrx_word' id='word_1_404' title='bbox 1637 1226 1695 1254; x_wconf 86' lang='lat' dir='ltr'>sub</span> <span class='ocrx_word' id='word_1_405' title='bbox 1719 1225 1868 1265; x_wconf 86' lang='lat' dir='ltr'>magistro</span> <span class='ocrx_word' id='word_1_406' title='bbox 1889 1224 2029 1254; x_wconf 85' lang='lat' dir='ltr'>Johanne</span> <span class='ocrx_word' id='word_1_407' title='bbox 2045 1225 2083 1253; x_wconf 88' lang='lat' dir='ltr'>de</span> <span class='ocrx_word' id='word_1_408' title='bbox 2101 1223 2253 1259; x_wconf 83' lang='lat' dir='ltr'>Wesalia‚</span> <span class='ocrx_word' id='word_1_409' title='bbox 2273 1222 2360 1263; x_wconf 85' lang='lat' dir='ltr'>cujus</span> 
     </span>
     <span class='ocr_line' id='line_1_75' title="bbox 1448 1272 2362 1313; baseline -0.001 -10"><span class='ocrx_word' id='word_1_410' title='bbox 1448 1275 1543 1304; x_wconf 87' lang='lat' dir='ltr'>bursa</span> <span class='ocrx_word' id='word_1_411' title='bbox 1562 1275 1622 1303; x_wconf 93' lang='lat'><em>1111</em></span> <span class='ocrx_word' id='word_1_412' title='bbox 1642 1274 1746 1309; x_wconf 92' lang='lat' dir='ltr'>solidi,</span> <span class='ocrx_word' id='word_1_413' title='bbox 1763 1280 1794 1303; x_wconf 89' lang='lat' dir='ltr'>et</span> <span class='ocrx_word' id='word_1_414' title='bbox 1811 1273 1955 1313; x_wconf 87' lang='lat' dir='ltr'>promisit</span> <span class='ocrx_word' id='word_1_415' title='bbox 1970 1273 2126 1302; x_wconf 85' lang='lat' dir='ltr'>remittere</span> <span class='ocrx_word' id='word_1_416' title='bbox 2143 1273 2267 1302; x_wconf 86' lang='lat' dir='ltr'>nacioni</span> <span class='ocrx_word' id='word_1_417' title='bbox 2282 1272 2362 1302; x_wconf 86' lang='lat' dir='ltr'>infra</span> 
     </span>
     <span class='ocr_line' id='line_1_76' title="bbox 1449 1322 2007 1362; baseline -0.004 -9"><span class='ocrx_word' id='word_1_418' title='bbox 1449 1324 1560 1353; x_wconf 87' lang='lat' dir='ltr'>festum</span> <span class='ocrx_word' id='word_1_419' title='bbox 1576 1323 1674 1353; x_wconf 89' lang='lat' dir='ltr'>sancti</span> <span class='ocrx_word' id='word_1_420' title='bbox 1688 1323 1838 1352; x_wconf 87' lang='lat' dir='ltr'>Johannis</span> <span class='ocrx_word' id='word_1_421' title='bbox 1855 1322 2007 1362; x_wconf 86' lang='lat' dir='ltr'>Baptiste.</span> 
     </span>
    </p>

    <p class='ocr_par' dir='ltr' id='par_1_35' title="bbox 1449 1370 2361 1460">
     <span class='ocr_line' id='line_1_77' title="bbox 1490 1370 2361 1411; baseline -0.002 -9"><span class='ocrx_word' id='word_1_422' title='bbox 1490 1373 1566 1402; x_wconf 92' lang='lat' dir='ltr'>Item</span> <span class='ocrx_word' id='word_1_423' title='bbox 1584 1373 1728 1402; x_wconf 91' lang='lat' dir='ltr'>dominus</span> <span class='ocrx_word' id='word_1_424' title='bbox 1749 1372 1900 1402; x_wconf 88' lang='lat' dir='ltr'>Ricoldus</span> <span class='ocrx_word' id='word_1_425' title='bbox 1922 1373 1960 1401; x_wconf 90' lang='lat' dir='ltr'>de</span> <span class='ocrx_word' id='word_1_426' title='bbox 1981 1372 2112 1401; x_wconf 90' lang='lat' dir='ltr'>Haeften</span> <span class='ocrx_word' id='word_1_427' title='bbox 2132 1371 2190 1400; x_wconf 86' lang='lat' dir='ltr'>sub</span> <span class='ocrx_word' id='word_1_428' title='bbox 2209 1370 2361 1411; x_wconf 86' lang='lat' dir='ltr'>magistro</span> 
     </span>
     <span class='ocr_line' id='line_1_78' title="bbox 1449 1420 2229 1460; baseline -0.003 -9"><span class='ocrx_word' id='word_1_429' title='bbox 1449 1422 1588 1452; x_wconf 87' lang='lat' dir='ltr'>Johanne</span> <span class='ocrx_word' id='word_1_430' title='bbox 1606 1423 1644 1451; x_wconf 89' lang='lat' dir='ltr'>de</span> <span class='ocrx_word' id='word_1_431' title='bbox 1658 1421 1810 1457; x_wconf 89' lang='lat' dir='ltr'>Wesalia‚</span> <span class='ocrx_word' id='word_1_432' title='bbox 1829 1420 1917 1460; x_wconf 70' lang='lat' dir='ltr'>cuius</span> <span class='ocrx_word' id='word_1_433' title='bbox 1935 1422 2031 1450; x_wconf 86' lang='lat' dir='ltr'>bursa</span> <span class='ocrx_word' id='word_1_434' title='bbox 2047 1420 2107 1450; x_wconf 89' lang='lat' dir='ltr'>llll</span> <span class='ocrx_word' id='word_1_435' title='bbox 2125 1420 2229 1450; x_wconf 89' lang='lat' dir='ltr'>solidi.</span> 
     </span>
    </p>

    <p class='ocr_par' dir='ltr' id='par_1_36' title="bbox 1449 1469 2361 1559">
     <span class='ocr_line' id='line_1_79' title="bbox 1491 1469 2361 1509; baseline -0.003 -8"><span class='ocrx_word' id='word_1_436' title='bbox 1491 1472 1566 1501; x_wconf 91' lang='lat' dir='ltr'>Item</span> <span class='ocrx_word' id='word_1_437' title='bbox 1586 1471 1729 1500; x_wconf 87' lang='lat' dir='ltr'>dominus</span> <span class='ocrx_word' id='word_1_438' title='bbox 1753 1471 1907 1500; x_wconf 89' lang='lat' dir='ltr'>Henricus</span> <span class='ocrx_word' id='word_1_439' title='bbox 1930 1471 1968 1499; x_wconf 92' lang='lat' dir='ltr'>de</span> <span class='ocrx_word' id='word_1_440' title='bbox 1990 1469 2111 1500; x_wconf 87' lang='lat' dir='ltr'>Swecia</span> <span class='ocrx_word' id='word_1_441' title='bbox 2131 1470 2189 1499; x_wconf 92' lang='lat' dir='ltr'>sub</span> <span class='ocrx_word' id='word_1_442' title='bbox 2211 1469 2361 1509; x_wconf 83' lang='lat' dir='ltr'>magistro</span> 
     </span>
     <span class='ocr_line' id='line_1_80' title="bbox 1449 1518 2360 1559; baseline -0.003 -9"><span class='ocrx_word' id='word_1_443' title='bbox 1449 1520 1575 1551; x_wconf 85' lang='lat' dir='ltr'>Andrea</span> <span class='ocrx_word' id='word_1_444' title='bbox 1585 1521 1622 1550; x_wconf 91' lang='lat' dir='ltr'>de</span> <span class='ocrx_word' id='word_1_445' title='bbox 1633 1520 1764 1555; x_wconf 89' lang='lat' dir='ltr'>Swecia,</span> <span class='ocrx_word' id='word_1_446' title='bbox 1776 1519 1864 1559; x_wconf 87' lang='lat' dir='ltr'>cujus</span> <span class='ocrx_word' id='word_1_447' title='bbox 1872 1521 1968 1549; x_wconf 89' lang='lat' dir='ltr'>bursa</span> <span class='ocrx_word' id='word_1_448' title='bbox 1978 1520 2056 1548; x_wconf 91' lang='lat' dir='ltr'>duos</span> <span class='ocrx_word' id='word_1_449' title='bbox 2068 1519 2127 1548; x_wconf 85' lang='lat' dir='ltr'>sol.</span> <span class='ocrx_word' id='word_1_450' title='bbox 2140 1529 2208 1548; x_wconf 90' lang='lat' dir='ltr'>cum</span> <span class='ocrx_word' id='word_1_451' title='bbox 2218 1518 2360 1548; x_wconf 87' lang='lat' dir='ltr'>dimidio.</span> 
     </span>
    </p>

    <p class='ocr_par' dir='ltr' id='par_1_37' title="bbox 1450 1567 2362 1806">
     <span class='ocr_line' id='line_1_81' title="bbox 1492 1567 2362 1608; baseline -0.003 -9"><span class='ocrx_word' id='word_1_452' title='bbox 1492 1570 1567 1599; x_wconf 90' lang='lat' dir='ltr'>Item</span> <span class='ocrx_word' id='word_1_453' title='bbox 1585 1575 1752 1599; x_wconf 87' lang='lat' dir='ltr'>convocata</span> <span class='ocrx_word' id='word_1_454' title='bbox 1780 1569 1910 1598; x_wconf 87' lang='lat' dir='ltr'>nacione</span> <span class='ocrx_word' id='word_1_455' title='bbox 1925 1568 2100 1608; x_wconf 82' lang='lat' dir='ltr'>Anglicana</span> <span class='ocrx_word' id='word_1_456' title='bbox 2115 1568 2304 1597; x_wconf 87' lang='lat' dir='ltr'>sufficienter</span> <span class='ocrx_word' id='word_1_457' title='bbox 2323 1567 2362 1596; x_wconf 84' lang='lat' dir='ltr'>ad</span> 
     </span>
     <span class='ocr_line' id='line_1_82' title="bbox 1451 1616 2362 1658; baseline -0.003 -10"><span class='ocrx_word' id='word_1_458' title='bbox 1451 1620 1688 1658; x_wconf 90' lang='lat' dir='ltr'>computandum</span> <span class='ocrx_word' id='word_1_459' title='bbox 1730 1619 1812 1658; x_wconf 88' lang='lat' dir='ltr'>apud</span> <span class='ocrx_word' id='word_1_460' title='bbox 1842 1618 1988 1647; x_wconf 82' lang='lat' dir='ltr'>Sanctum</span> <span class='ocrx_word' id='word_1_461' title='bbox 2022 1617 2211 1647; x_wconf 89' lang='lat' dir='ltr'>Maturinum</span> <span class='ocrx_word' id='word_1_462' title='bbox 2246 1617 2278 1646; x_wconf 90' lang='lat' dir='ltr'>in</span> <span class='ocrx_word' id='word_1_463' title='bbox 2311 1616 2362 1646; x_wconf 87' lang='lat' dir='ltr'>die</span> 
     </span>
     <span class='ocr_line' id='line_1_83' title="bbox 1450 1665 2362 1708; baseline -0.003 -11"><span class='ocrx_word' id='word_1_464' title='bbox 1450 1668 1618 1708; x_wconf 85' lang='lat' dir='ltr'>Augustini</span> <span class='ocrx_word' id='word_1_465' title='bbox 1630 1667 1641 1686; x_wconf 78' lang='lat'>¹·</span> <span class='ocrx_word' id='word_1_466' title='bbox 1675 1667 1863 1707; x_wconf 87' lang='lat' dir='ltr'>computavit</span> <span class='ocrx_word' id='word_1_467' title='bbox 1894 1666 2042 1706; x_wconf 87' lang='lat' dir='ltr'>magister</span> <span class='ocrx_word' id='word_1_468' title='bbox 2078 1665 2290 1696; x_wconf 89' lang='lat' dir='ltr'>Theodericus</span> <span class='ocrx_word' id='word_1_469' title='bbox 2323 1665 2362 1694; x_wconf 89' lang='lat' dir='ltr'>de</span> 
     </span>
     <span class='ocr_line' id='line_1_84' title="bbox 1452 1715 2362 1756; baseline -0.003 -10"><span class='ocrx_word' id='word_1_470' title='bbox 1452 1717 1533 1746; x_wconf 89' lang='lat' dir='ltr'>Foro</span> <span class='ocrx_word' id='word_1_471' title='bbox 1551 1723 1695 1756; x_wconf 88' lang='lat' dir='ltr'>receptor</span> <span class='ocrx_word' id='word_1_472' title='bbox 1712 1717 1852 1746; x_wconf 87' lang='lat' dir='ltr'>nacionis</span> <span class='ocrx_word' id='word_1_473' title='bbox 1865 1717 2015 1755; x_wconf 85' lang='lat' dir='ltr'>predicte,</span> <span class='ocrx_word' id='word_1_474' title='bbox 2034 1716 2083 1745; x_wconf 90' lang='lat' dir='ltr'>cui</span> <span class='ocrx_word' id='word_1_475' title='bbox 2098 1715 2187 1744; x_wconf 89' lang='lat' dir='ltr'>nacio</span> <span class='ocrx_word' id='word_1_476' title='bbox 2200 1715 2362 1744; x_wconf 84' lang='lat' dir='ltr'>tenebatur</span> 
     </span>
     <span class='ocr_line' id='line_1_85' title="bbox 1451 1764 2197 1806; baseline -0.004 -10"><span class='ocrx_word' id='word_1_477' title='bbox 1451 1766 1483 1795; x_wconf 89' lang='lat' dir='ltr'>in</span> <span class='ocrx_word' id='word_1_478' title='bbox 1497 1773 1629 1806; x_wconf 91' lang='lat' dir='ltr'>quatuor</span> <span class='ocrx_word' id='word_1_479' title='bbox 1643 1766 1733 1795; x_wconf 88' lang='lat' dir='ltr'>libris</span> <span class='ocrx_word' id='word_1_480' title='bbox 1751 1772 1782 1795; x_wconf 89' lang='lat' dir='ltr'>et</span> <span class='ocrx_word' id='word_1_481' title='bbox 1798 1765 1824 1794; x_wconf 94' lang='lat' dir='ltr'>V</span> <span class='ocrx_word' id='word_1_482' title='bbox 1840 1765 1950 1794; x_wconf 88' lang='lat' dir='ltr'>solidis</span> <span class='ocrx_word' id='word_1_483' title='bbox 1967 1771 1997 1794; x_wconf 89' lang='lat' dir='ltr'>et</span> <span class='ocrx_word' id='word_1_484' title='bbox 2012 1766 2029 1794; x_wconf 95' lang='lat'><strong>7</strong></span> <span class='ocrx_word' id='word_1_485' title='bbox 2047 1764 2197 1794; x_wconf 89' lang='lat' dir='ltr'>denariis.</span> 
     </span>
    </p>

    <p class='ocr_par' dir='ltr' id='par_1_38' title="bbox 1451 1812 2362 1894">
     <span class='ocr_line' id='line_1_86' title="bbox 1492 1812 2362 1854; baseline -0.003 -9"><span class='ocrx_word' id='word_1_486' title='bbox 1492 1816 1551 1845; x_wconf 89' lang='lat' dir='ltr'>Hic</span> <span class='ocrx_word' id='word_1_487' title='bbox 1574 1816 1750 1845; x_wconf 89' lang='lat' dir='ltr'>continetur</span> <span class='ocrx_word' id='word_1_488' title='bbox 1769 1815 1853 1844; x_wconf 89' lang='lat' dir='ltr'>intus</span> <span class='ocrx_word' id='word_1_489' title='bbox 1876 1814 1966 1854; x_wconf 84' lang='lat' dir='ltr'>copia</span> <span class='ocrx_word' id='word_1_490' title='bbox 1984 1813 2183 1843; x_wconf 87' lang='lat' dir='ltr'>instrumenti</span> <span class='ocrx_word' id='word_1_491' title='bbox 2207 1812 2295 1842; x_wconf 87' lang='lat' dir='ltr'>missi</span> <span class='ocrx_word' id='word_1_492' title='bbox 2317 1812 2362 1842; x_wconf 87' lang='lat' dir='ltr'>illi</span> 
     </span>
     <span class='ocr_line' id='line_1_87' title="bbox 1451 1862 1872 1894; baseline -0.002 0"><span class='ocrx_word' id='word_1_493' title='bbox 1451 1865 1533 1894; x_wconf 89' lang='lat' dir='ltr'>bono</span> <span class='ocrx_word' id='word_1_494' title='bbox 1549 1864 1666 1894; x_wconf 90' lang='lat' dir='ltr'>homini</span> <span class='ocrx_word' id='word_1_495' title='bbox 1681 1864 1839 1894; x_wconf 85' lang='lat' dir='ltr'>Cristiano</span> <span class='ocrx_word' id='word_1_496' title='bbox 1850 1862 1872 1893; x_wconf 78' lang='lat'>⁵.</span> 
     </span>
    </p>
   </div>
   <div class='ocr_carea' id='block_1_19' title="bbox 1861 1958 1959 1988">
    <p class='ocr_par' dir='ltr' id='par_1_39' title="bbox 1861 1958 1959 1988">
     <span class='ocr_line' id='line_1_88' title="bbox 1861 1958 1959 1988; baseline 0 -1"><span class='ocrx_word' id='word_1_497' title='bbox 1861 1959 1879 1987; x_wconf 88' lang='lat'>1</span> <span class='ocrx_word' id='word_1_498' title='bbox 1884 1958 1959 1988; x_wconf 77' lang='lat'>347</span> 
     </span>
    </p>
   </div>
   <div class='ocr_carea' id='block_1_20' title="bbox 1548 2028 2262 2117">
    <p class='ocr_par' dir='ltr' id='par_1_40' title="bbox 1548 2028 2262 2117">
     <span class='ocr_line' id='line_1_89' title="bbox 1548 2028 2262 2069; baseline -0.004 -9"><span class='ocrx_word' id='word_1_499' title='bbox 1548 2030 1787 2069; x_wconf 88' lang='lat' dir='ltr'>[Procuratio</span> <span class='ocrx_word' id='word_1_500' title='bbox 1816 2029 1988 2069; x_wconf 86' lang='lat' dir='ltr'>magistri</span> <span class='ocrx_word' id='word_1_501' title='bbox 2022 2028 2190 2058; x_wconf 85' lang='lat' dir='ltr'>Gotfridi</span> <span class='ocrx_word' id='word_1_502' title='bbox 2219 2028 2262 2057; x_wconf 87' lang='lat' dir='ltr'>de</span> 
     </span>
     <span class='ocr_line' id='line_1_90' title="bbox 1634 2078 2013 2117; baseline -0.008 -8"><span class='ocrx_word' id='word_1_503' title='bbox 1634 2081 1637 2085; x_wconf 73' lang='grc'>’</span> <span class='ocrx_word' id='word_1_504' title='bbox 1798 2078 2013 2117; x_wconf 87' lang='lat' dir='ltr'>Parchym.]</span> 
     </span>
    </p>
   </div>
   <div class='ocr_carea' id='block_1_21' title="bbox 1452 2157 2365 2690">
    <p class='ocr_par' dir='ltr' id='par_1_41' title="bbox 1452 2157 2365 2447">
     <span class='ocr_line' id='line_1_91' title="bbox 1493 2157 2363 2201; baseline -0.005 -11"><span class='ocrx_word' id='word_1_505' title='bbox 1493 2161 1565 2201; x_wconf 76' lang='lat' dir='ltr'>(Fol.</span> <span class='ocrx_word' id='word_1_506' title='bbox 1587 2160 1637 2200; x_wconf 72' lang='lat'>2)⁶</span> <span class='ocrx_word' id='word_1_507' title='bbox 1660 2159 1750 2189; x_wconf 91' lang='lat' dir='ltr'>Anno</span> <span class='ocrx_word' id='word_1_508' title='bbox 1772 2159 1896 2189; x_wconf 91' lang='lat' dir='ltr'>Domini</span> <span class='ocrx_word' id='word_1_509' title='bbox 1915 2158 1960 2187; x_wconf 81' lang='grc' dir='ltr'>Μο</span> <span class='ocrx_word' id='word_1_510' title='bbox 1981 2157 2179 2188; x_wconf 91' lang='lat' dir='ltr'>CCCXLVII</span> <span class='ocrx_word' id='word_1_511' title='bbox 2195 2163 2363 2187; x_wconf 84' lang='lat' dir='ltr'>convocata</span> 
     </span>
     <span class='ocr_line' id='line_1_92' title="bbox 1452 2206 2364 2249; baseline -0.005 -9"><span class='ocrx_word' id='word_1_512' title='bbox 1452 2210 1582 2240; x_wconf 87' lang='lat' dir='ltr'>nacione</span> <span class='ocrx_word' id='word_1_513' title='bbox 1600 2209 1773 2249; x_wconf 83' lang='lat' dir='ltr'>Anglicana</span> <span class='ocrx_word' id='word_1_514' title='bbox 1796 2208 1986 2237; x_wconf 83' lang='lat' dir='ltr'>sufficienter</span> <span class='ocrx_word' id='word_1_515' title='bbox 2008 2208 2090 2247; x_wconf 89' lang='lat' dir='ltr'>apud</span> <span class='ocrx_word' id='word_1_516' title='bbox 2116 2206 2298 2236; x_wconf 83' lang='lat' dir='ltr'>Sanctum...</span> <span class='ocrx_word' id='word_1_517' title='bbox 2325 2207 2364 2235; x_wconf 89' lang='lat' dir='ltr'>ad</span> 
     </span>
     <span class='ocr_line' id='line_1_93' title="bbox 1452 2255 2364 2300; baseline -0.004 -11"><span class='ocrx_word' id='word_1_518' title='bbox 1452 2260 1629 2300; x_wconf 88' lang='lat' dir='ltr'>eligendum</span> <span class='ocrx_word' id='word_1_519' title='bbox 1654 2264 1902 2297; x_wconf 87' lang='lat' dir='ltr'>procuratorem,</span> <span class='ocrx_word' id='word_1_520' title='bbox 1925 2256 2042 2286; x_wconf 86' lang='lat' dir='ltr'>electus</span> <span class='ocrx_word' id='word_1_521' title='bbox 2063 2255 2141 2286; x_wconf 85' lang='lat' dir='ltr'>fuit⁷</span> <span class='ocrx_word' id='word_1_522' title='bbox 2167 2256 2364 2285; x_wconf 84' lang='lat' dir='ltr'>concorditer</span> 
     </span>
     <span class='ocr_line' id='line_1_94' title="bbox 1452 2305 2363 2348; baseline -0.004 -10"><span class='ocrx_word' id='word_1_523' title='bbox 1452 2309 1601 2348; x_wconf 81' lang='lat' dir='ltr'>magister</span> <span class='ocrx_word' id='word_1_524' title='bbox 1622 2307 1783 2337; x_wconf 85' lang='lat' dir='ltr'>Gotfridus</span> <span class='ocrx_word' id='word_1_525' title='bbox 1808 2307 1846 2335; x_wconf 88' lang='lat' dir='ltr'>de</span> <span class='ocrx_word' id='word_1_526' title='bbox 1870 2305 2051 2345; x_wconf 79' lang='lat' dir='ltr'>[Pachhym</span> <span class='ocrx_word' id='word_1_527' title='bbox 2074 2305 2106 2334; x_wconf 92' lang='lat' dir='ltr'>in</span> <span class='ocrx_word' id='word_1_528' title='bbox 2130 2311 2363 2345; x_wconf 85' lang='lat' dir='ltr'>procuratorem</span> 
     </span>
     <span class='ocr_line' id='line_1_95' title="bbox 1452 2354 2365 2395; baseline -0.004 -8"><span class='ocrx_word' id='word_1_529' title='bbox 1452 2358 1537 2387; x_wconf 91' lang='lat' dir='ltr'>nullo</span> <span class='ocrx_word' id='word_1_530' title='bbox 1557 2357 1758 2392; x_wconf 87' lang='lat' dir='ltr'>reclamante,</span> <span class='ocrx_word' id='word_1_531' title='bbox 1778 2355 1811 2384; x_wconf 90' lang='lat' dir='ltr'>in</span> <span class='ocrx_word' id='word_1_532' title='bbox 1834 2354 1922 2395; x_wconf 90' lang='lat' dir='ltr'>cujus</span> <span class='ocrx_word' id='word_1_533' title='bbox 1945 2354 2128 2395; x_wconf 87' lang='lat' dir='ltr'>procuraria</span> <span class='ocrx_word' id='word_1_534' title='bbox 2152 2360 2220 2384; x_wconf 86' lang='lat' dir='ltr'>acta</span> <span class='ocrx_word' id='word_1_535' title='bbox 2241 2354 2365 2383; x_wconf 87' lang='lat' dir='ltr'>fuerunt</span> 
     </span>
     <span class='ocr_line' id='line_1_96' title="bbox 1452 2412 1689 2447; baseline -0.013 -10"><span class='ocrx_word' id='word_1_536' title='bbox 1452 2417 1512 2447; x_wconf 86' lang='lat' dir='ltr'>que</span> <span class='ocrx_word' id='word_1_537' title='bbox 1531 2412 1689 2436; x_wconf 88' lang='lat' dir='ltr'>secuntur.</span> 
     </span>
    </p>

    <p class='ocr_par' dir='ltr' id='par_1_42' title="bbox 1452 2452 2361 2544">
     <span class='ocr_line' id='line_1_97' title="bbox 1492 2452 2361 2485; baseline -0.003 0"><span class='ocrx_word' id='word_1_538' title='bbox 1492 2456 1598 2485; x_wconf 90' lang='lat' dir='ltr'>Primo</span> <span class='ocrx_word' id='word_1_539' title='bbox 1614 2455 1794 2484; x_wconf 87' lang='lat' dir='ltr'>licenciatus</span> <span class='ocrx_word' id='word_1_540' title='bbox 1808 2454 1864 2483; x_wconf 85' lang='lat' dir='ltr'>fuit</span> <span class='ocrx_word' id='word_1_541' title='bbox 1876 2453 2020 2483; x_wconf 87' lang='lat' dir='ltr'>dominus</span> <span class='ocrx_word' id='word_1_542' title='bbox 2030 2452 2198 2482; x_wconf 84' lang='lat' dir='ltr'>Bertoldus</span> <span class='ocrx_word' id='word_1_543' title='bbox 2209 2453 2246 2482; x_wconf 91' lang='lat' dir='ltr'>de</span> <span class='ocrx_word' id='word_1_544' title='bbox 2259 2452 2361 2482; x_wconf 87' lang='lat' dir='ltr'>Helm-</span> 
     </span>
     <span class='ocr_line' id='line_1_98' title="bbox 1452 2503 1928 2544; baseline -0.006 -9"><span class='ocrx_word' id='word_1_545' title='bbox 1452 2512 1522 2541; x_wconf 85' lang='lat' dir='ltr'>stat,</span> <span class='ocrx_word' id='word_1_546' title='bbox 1537 2504 1624 2544; x_wconf 86' lang='lat' dir='ltr'>cujus</span> <span class='ocrx_word' id='word_1_547' title='bbox 1642 2505 1737 2534; x_wconf 90' lang='lat' dir='ltr'>bursa</span> <span class='ocrx_word' id='word_1_548' title='bbox 1753 2513 1808 2533; x_wconf 84' lang='lat' dir='ltr'>sex</span> <span class='ocrx_word' id='word_1_549' title='bbox 1823 2503 1928 2532; x_wconf 89' lang='lat' dir='ltr'>solidi.</span> 
     </span>
    </p>

    <p class='ocr_par' dir='ltr' id='par_1_43' title="bbox 1452 2550 2364 2634">
     <span class='ocr_line' id='line_1_99' title="bbox 1493 2550 2364 2593; baseline -0.003 -10"><span class='ocrx_word' id='word_1_550' title='bbox 1493 2555 1568 2584; x_wconf 89' lang='lat' dir='ltr'>Item</span> <span class='ocrx_word' id='word_1_551' title='bbox 1587 2554 1711 2593; x_wconf 87' lang='lat' dir='ltr'>quidam</span> <span class='ocrx_word' id='word_1_552' title='bbox 1728 2553 1829 2582; x_wconf 86' lang='lat' dir='ltr'>dictus</span> <span class='ocrx_word' id='word_1_553' title='bbox 1849 2553 1887 2582; x_wconf 94' lang='lat' dir='ltr'>de</span> <span class='ocrx_word' id='word_1_554' title='bbox 1903 2551 2067 2581; x_wconf 87' lang='lat' dir='ltr'>Grusbeke</span> <span class='ocrx_word' id='word_1_555' title='bbox 2091 2550 2144 2591; x_wconf 72' lang='grc' dir='ltr'>(Ρ),</span> <span class='ocrx_word' id='word_1_556' title='bbox 2164 2550 2251 2591; x_wconf 86' lang='lat' dir='ltr'>cujus</span> <span class='ocrx_word' id='word_1_557' title='bbox 2269 2551 2364 2581; x_wconf 84' lang='lat' dir='ltr'>bursa</span> 
     </span>
     <span class='ocr_line' id='line_1_100' title="bbox 1452 2603 1626 2634; baseline -0.017 0"><span class='ocrx_word' id='word_1_558' title='bbox 1452 2614 1507 2634; x_wconf 88' lang='lat' dir='ltr'>sex</span> <span class='ocrx_word' id='word_1_559' title='bbox 1522 2603 1626 2632; x_wconf 89' lang='lat' dir='ltr'>solidi.</span> 
     </span>
    </p>

    <p class='ocr_par' dir='ltr' id='par_1_44' title="bbox 1493 2649 2364 2690">
     <span class='ocr_line' id='line_1_101' title="bbox 1493 2649 2364 2690; baseline -0.006 -8"><span class='ocrx_word' id='word_1_560' title='bbox 1493 2653 1567 2682; x_wconf 87' lang='lat' dir='ltr'>Item</span> <span class='ocrx_word' id='word_1_561' title='bbox 1580 2651 1785 2681; x_wconf 88' lang='lat' dir='ltr'>inventarium</span> <span class='ocrx_word' id='word_1_562' title='bbox 1795 2651 1986 2690; x_wconf 90' lang='lat' dir='ltr'>quarundam</span> <span class='ocrx_word' id='word_1_563' title='bbox 1994 2659 2098 2679; x_wconf 91' lang='lat' dir='ltr'>rerum</span> <span class='ocrx_word' id='word_1_564' title='bbox 2110 2649 2250 2678; x_wconf 86' lang='lat' dir='ltr'>nacionis</span> <span class='ocrx_word' id='word_1_565' title='bbox 2258 2659 2364 2689; x_wconf 85' lang='lat' dir='ltr'>reper-</span> 
     </span>
    </p>
   </div>
   <div class='ocr_carea' id='block_1_22' title="bbox 1446 2727 2368 2976">
    <p class='ocr_par' dir='ltr' id='par_1_45' title="bbox 1446 2727 2368 2976">
     <span class='ocr_line' id='line_1_102' title="bbox 1451 2727 2368 2763; baseline -0.004 -8"><span class='ocrx_word' id='word_1_566' title='bbox 1451 2740 1478 2763; x_wconf 84' lang='lat' dir='ltr'>p.</span> <span class='ocrx_word' id='word_1_567' title='bbox 1497 2731 1609 2759; x_wconf 77' lang='lat'><strong>661-670,</strong></span> <span class='ocrx_word' id='word_1_568' title='bbox 1629 2729 1675 2762; x_wconf 89' lang='lat' dir='ltr'>qui</span> <span class='ocrx_word' id='word_1_569' title='bbox 1691 2729 1861 2754; x_wconf 77' lang='lat' dir='ltr'>verieimiliter</span> <span class='ocrx_word' id='word_1_570' title='bbox 1880 2728 1917 2752; x_wconf 85' lang='lat' dir='ltr'>ad</span> <span class='ocrx_word' id='word_1_571' title='bbox 1934 2728 2035 2752; x_wconf 64' lang='lat' dir='ltr'>ultimo:</span> <span class='ocrx_word' id='word_1_572' title='bbox 2054 2735 2136 2752; x_wconf 79' lang='lat' dir='ltr'>annos</span> <span class='ocrx_word' id='word_1_573' title='bbox 2152 2727 2278 2752; x_wconf 69' lang='lat' dir='ltr'>Iohannis</span> <span class='ocrx_word' id='word_1_574' title='bbox 2294 2729 2368 2752; x_wconf 84' lang='lat' dir='ltr'><em>XXII</em></span> 
     </span>
     <span class='ocr_line' id='line_1_103' title="bbox 1468 2767 1569 2791; baseline -0.01 0"><span class='ocrx_word' id='word_1_575' title='bbox 1468 2767 1569 2791; x_wconf 78' lang='lat' dir='ltr'>ertinel.</span> 
     </span>
     <span class='ocr_line' id='line_1_104' title="bbox 1446 2776 2364 2833; baseline -0.004 -7"><span class='ocrx_word' id='word_1_576' title='bbox 1446 2776 1466 2800; x_wconf 69' lang='lat' dir='ltr'><em>p</em></span> <span class='ocrx_word' id='word_1_577' title='bbox 1482 2804 1506 2826; x_wconf 86' lang='lat'>6.</span> <span class='ocrx_word' id='word_1_578' title='bbox 1539 2802 1616 2826; x_wconf 73' lang='lat' dir='ltr'>Are-h.</span> <span class='ocrx_word' id='word_1_579' title='bbox 1633 2801 1745 2825; x_wconf 67' lang='lat' dir='ltr'>Univers.</span> <span class='ocrx_word' id='word_1_580' title='bbox 1765 2801 1848 2825; x_wconf 66' lang='lat' dir='ltr'>Paris.</span> <span class='ocrx_word' id='word_1_581' title='bbox 1861 2801 1922 2833; x_wconf 79' lang='lat' dir='ltr'>Reg.</span> <span class='ocrx_word' id='word_1_582' title='bbox 1940 2799 1972 2823; x_wconf 86' lang='lat' dir='ltr'>de</span> <span class='ocrx_word' id='word_1_583' title='bbox 1986 2799 2153 2828; x_wconf 72' lang='lat' dir='ltr'>l‘Univereice,</span> <span class='ocrx_word' id='word_1_584' title='bbox 2170 2804 2198 2823; x_wconf 63' lang='grc' dir='ltr'>η’</span> <span class='ocrx_word' id='word_1_585' title='bbox 2210 2800 2232 2823; x_wconf 88' lang='grc'>3.</span> <span class='ocrx_word' id='word_1_586' title='bbox 2251 2799 2364 2823; x_wconf 84' lang='lat' dir='ltr'>Primum</span> 
     </span>
     <span class='ocr_line' id='line_1_105' title="bbox 1450 2834 2364 2870; baseline -0.003 -9"><span class='ocrx_word' id='word_1_587' title='bbox 1450 2837 1496 2870; x_wconf 80' lang='lat' dir='ltr'>fol.</span> <span class='ocrx_word' id='word_1_588' title='bbox 1515 2837 1687 2865; x_wconf 72' lang='lat' dir='ltr'>desideratur,</span> <span class='ocrx_word' id='word_1_589' title='bbox 1703 2837 1728 2860; x_wconf 88' lang='lat' dir='ltr'>in</span> <span class='ocrx_word' id='word_1_590' title='bbox 1746 2845 1796 2869; x_wconf 85' lang='lat' dir='ltr'>quo</span> <span class='ocrx_word' id='word_1_591' title='bbox 1813 2836 1957 2867; x_wconf 62' lang='lat' dir='ltr'>descriptae</span> <span class='ocrx_word' id='word_1_592' title='bbox 1973 2838 2047 2859; x_wconf 80' lang='lat' dir='ltr'>erant</span> <span class='ocrx_word' id='word_1_593' title='bbox 2060 2835 2256 2867; x_wconf 71' lang='lat' dir='ltr'>procurationes</span> <span class='ocrx_word' id='word_1_594' title='bbox 2271 2834 2364 2858; x_wconf 65' lang='lat' dir='ltr'>mensis</span> 
     </span>
     <span class='ocr_line' id='line_1_106' title="bbox 1451 2870 2366 2905; baseline -0.003 -8"><span class='ocrx_word' id='word_1_595' title='bbox 1451 2873 1587 2898; x_wconf 84' lang='lat' dir='ltr'>Februarii</span> <span class='ocrx_word' id='word_1_596' title='bbox 1603 2881 1681 2905; x_wconf 66' lang='lat' dir='ltr'>usque</span> <span class='ocrx_word' id='word_1_597' title='bbox 1699 2872 1734 2896; x_wconf 86' lang='lat' dir='ltr'>ad</span> <span class='ocrx_word' id='word_1_598' title='bbox 1751 2871 1853 2896; x_wconf 79' lang='lat' dir='ltr'>initium</span> <span class='ocrx_word' id='word_1_599' title='bbox 1865 2871 1962 2900; x_wconf 79' lang='lat' dir='ltr'>Martii,</span> <span class='ocrx_word' id='word_1_600' title='bbox 1981 2873 2006 2894; x_wconf 78' lang='lat' dir='ltr'>et</span> <span class='ocrx_word' id='word_1_601' title='bbox 2022 2870 2114 2895; x_wconf 82' lang='lat' dir='ltr'>Martii</span> <span class='ocrx_word' id='word_1_602' title='bbox 2127 2879 2206 2903; x_wconf 71' lang='lat' dir='ltr'>usque</span> <span class='ocrx_word' id='word_1_603' title='bbox 2221 2871 2258 2894; x_wconf 83' lang='lat' dir='ltr'>ad</span> <span class='ocrx_word' id='word_1_604' title='bbox 2267 2870 2366 2903; x_wconf 79' lang='lat' dir='ltr'>princi-</span> 
     </span>
     <span class='ocr_line' id='line_1_107' title="bbox 1449 2909 1643 2942; baseline -0.01 -8"><span class='ocrx_word' id='word_1_605' title='bbox 1449 2910 1520 2942; x_wconf 84' lang='lat' dir='ltr'>pium</span> <span class='ocrx_word' id='word_1_606' title='bbox 1536 2909 1643 2941; x_wconf 74' lang='lat' dir='ltr'>Aprilis.</span> 
     </span>
     <span class='ocr_line' id='line_1_108' title="bbox 1482 2943 1884 2976; baseline -0.007 -7"><span class='ocrx_word' id='word_1_607' title='bbox 1482 2947 1506 2969; x_wconf 92' lang='lat'>7.</span> <span class='ocrx_word' id='word_1_608' title='bbox 1542 2945 1632 2976; x_wconf 77' lang='lat' dir='ltr'>Utique</span> <span class='ocrx_word' id='word_1_609' title='bbox 1641 2943 1770 2976; x_wconf 81' lang='lat' dir='ltr'>principio</span> <span class='ocrx_word' id='word_1_610' title='bbox 1780 2943 1884 2976; x_wconf 67' lang='lat' dir='ltr'>Aprilis.</span> 
     </span>
    </p>
   </div>
   <div class='ocr_carea' id='block_1_23' title="bbox 2594 2012 2632 3464">
    <p class='ocr_par' dir='ltr' id='par_1_46' title="bbox 2594 2012 2632 3464">
     <span class='ocr_line' id='line_1_109' title="bbox 2594 2012 2632 3464; baseline 0 0"><span class='ocrx_word' id='word_1_611' title='bbox 2594 2012 2632 3464; x_wconf 95' lang='lat' dir='ltr'> </span> 
     </span>
    </p>
   </div>
   <div class='ocr_carea' id='block_1_24' title="bbox 2439 0 2632 218">
    <p class='ocr_par' dir='ltr' id='par_1_47' title="bbox 2439 0 2632 218">
     <span class='ocr_line' id='line_1_110' title="bbox 2439 0 2632 218; baseline 0 3246"><span class='ocrx_word' id='word_1_612' title='bbox 2439 0 2632 218; x_wconf 95' lang='lat' dir='ltr'> </span> 
     </span>
    </p>
   </div>
  </div>
 </body>
</html>
