2632 3464
444 415 495 441 147

443 491 625 521 scolasticos
642 491 781 520 faciendo
797 497 857 520 tam
872 496 941 520 ante
957 501 1047 531 quam
1058 497 1129 530 post
1140 490 1199 520 ista
1210 497 1350 531 tempora

441 547 510 570 actu
535 540 677 570 Parisius
699 539 828 569 exstitit.
849 539 917 577 Quo
941 541 1018 569 facto
1039 550 1232 580 quorumque
1255 540 1351 580 magi'-

442 596 577 620 strorum
600 589 703 619 habita
726 589 965 625 deliberacione,
993 588 1189 619 Universitas
1213 589 1352 619 decrevit

441 639 526 679 quod
540 639 642 668 dictus
655 644 839 678 procurator
854 638 936 667 dicto
953 638 1103 678 magistro
1115 638 1280 668 Lamberto
1296 648 1350 667 sue

442 687 685 728 supplicacionis
696 687 895 727 promocione
907 688 985 716 foret
997 688 1213 726 preferendus,
1226 693 1256 716 et
1266 688 1350 727 quod

440 736 542 766 dictus
559 737 707 776 magister
727 737 909 766 Lambertus
929 736 961 765 in
988 736 1070 765 dicto
1089 736 1192 765 rotulo
1212 735 1349 766 Univer-

440 785 540 815 sitatis
562 786 664 815 causis
681 785 832 825 predictis
852 785 884 814 in
904 783 1108 824 prejudicium
1134 784 1261 824 aliquod
1284 785 1349 815 sive

440 835 605 874 dampnum
619 835 693 864 dicti
710 834 925 874 procuratoris
940 835 1078 863 nundum
1093 834 1173 863 foret
1187 834 1348 863 admitten-

440 885 498 913 dus
511 894 567 913 nec
584 894 688 913 secum
701 893 888 913 concurrere
900 893 1093 923 nequaquam
1107 883 1346 923 permittendus.

440 932 475 962 In
491 932 578 973 cujus
594 933 639 962 rei
658 933 881 967 testimonium,
897 938 955 961 etc.

843 1027 940 1056 1350

545 1098 786 1138 [Procuratio
810 1098 985 1138 magistri
1016 1097 1172 1127 Henrici
1201 1099 1243 1127 de

787 1147 1001 1186 Smalham.]

478 1228 551 1268 (Fal.
568 1227 621 1268 15)
637 1227 728 1258 Anno
747 1227 873 1257 Domini
889 1227 934 1256 Μο
947 1207 1030 1258 (1Οό
1044 1227 1092 1263 L⁰,
1110 1227 1143 1256 in
1157 1228 1237 1257 festo
1252 1227 1347 1256 Lucie

436 1277 569 1317 virginis
583 1277 605 1313 ¹,
627 1277 757 1307 nacione
782 1276 955 1317 Anglicana
974 1276 1162 1306 sufficienter
1180 1282 1348 1306 convocata

437 1327 475 1355 ad
496 1327 640 1356 Sanctum
657 1326 812 1356 ,Iulianum
830 1336 999 1366 pauperem
1021 1327 1060 1355 ad
1078 1326 1255 1366 eligendum
1270 1335 1346 1365 pro-

437 1382 610 1405 curatorem
627 1376 708 1405 dicte
722 1375 873 1411 nacionis,
891 1375 1007 1404 electus
1021 1375 1077 1405 suit
1096 1375 1294 1404 concorditer
1314 1374 1346 1403 in

435 1431 669 1464 procuratorem
681 1425 828 1465 magister
839 1425 994 1454 Henricus
1007 1425 1045 1454 de
1060 1424 1214 1454 Smalham
1234 1423 1346 1453 Scotus

435 1474 521 1504 nullo
545 1474 741 1510 reclamante,
768 1474 799 1503 in
820 1474 906 1514 cujus
933 1474 1158 1513 procuracione
1183 1480 1249 1502 acta
1273 1479 1345 1502 sunt

437 1534 496 1563 que
515 1530 697 1563 sequuntur.

477 1573 511 1602 In
527 1573 637 1612 primis
651 1578 796 1602 statutum
810 1578 876 1601 erat
889 1582 945 1611 per
957 1571 1069 1601 dictam
1085 1571 1246 1601 nacionem
1263 1571 1346 1611 quod

435 1628 580 1661 receptor
610 1622 691 1651 dicte
722 1621 862 1650 nacionis
897 1621 1037 1661 quolibet
1065 1631 1170 1650 mense
1199 1621 1345 1650 redderet

436 1681 524 1700 suum
544 1677 730 1710 compotum.

844 1764 939 1794 1351

591 1837 831 1875 [Procuratio
862 1835 1034 1876 magistri
1059 1835 1190 1865 Jacobi

750 1885 1030 1923 Hollandrini.]

887 1946 900 1958 ο

474 1965 564 1996 Anno
602 1966 726 1996 Domini
766 1946 972 1996 lx‘ti.CCC.Lm⁰
1009 1965 1122 2005 primo,
1157 1965 1206 1994 die
1245 1965 1343 1994 sancti

433 2015 594 2045 Wilhelmi
613 2015 846 2054 Bituri[c]ensis
857 2014 869 2033 ²
888 2015 954 2045 sive
966 2014 1016 2044 die
1031 2015 1103 2044 lune
1119 2021 1191 2054 post
1207 2015 1340 2053 [festum]

434 2065 643 2104 Ephiphanie,
666 2071 832 2094 convocata
850 2064 979 2094 nacione
996 2063 1168 2103 Anglicana
1187 2064 1226 2093 ad
1244 2063 1343 2093 Sanc-

433 2121 496 2144 tum
521 2115 708 2144 Maturinum
728 2115 766 2143 ad
793 2114 969 2153 eligendum
996 2119 1228 2152 procuratorem
1262 2113 1342 2142 dicte

434 2162 585 2196 nacionis,
601 2161 658 2190 fuit
670 2161 786 2190 electus
802 2161 834 2190 in
848 2166 1082 2200 procuratorem
1093 2159 1243 2199 magister
1254 2160 1343 2189 Jaco-

433 2211 491 2239 bus
514 2210 737 2239 Hollandrinus
759 2210 907 2249 nulloque
931 2209 1056 2248 penitus
1080 2209 1277 2238 reclamante.
1305 2209 1340 2238 In

433 2258 520 2299 cujus
536 2259 760 2299 procuracione
771 2265 837 2288 acta
853 2265 925 2288 sunt
942 2258 998 2288 hec
1015 2268 1075 2298 que
1094 2264 1276 2298 sequuntur.

473 2309 580 2338 Primo
602 2308 745 2338 dominus
766 2308 955 2337 Wilhelmus
980 2307 1119 2347 Cogman
1141 2307 1258 2347 incepit
1283 2308 1340 2337 sub

432 2358 582 2398 magistro
597 2357 735 2388 Johanne
753 2357 957 2387 Hollandrino
971 2357 1008 2386 de
1027 2357 1175 2391 Lovanio,
1193 2357 1245 2396 qui
1264 2366 1340 2396 pro-

432 2407 517 2436 misit
530 2407 707 2437 satisfacere
718 2407 756 2436 de
768 2407 872 2436 bursis
882 2407 939 2436 sub
951 2416 1007 2436 suo
1016 2406 1147 2445 prestito
1151 2404 1339 2445 juramento,

433 2466 501 2486 cum
520 2457 647 2486 facultas
666 2462 858 2495 suppeteret.

474 2506 548 2535 Item
570 2506 686 2545 incepit
705 2505 849 2534 dominus
870 2504 1049 2533 Bernardus
1071 2504 1109 2532 de
1130 2503 1263 2533 Lochem
1283 2505 1341 2533 sub

431 2555 583 2594 magistro
614 2554 729 2584 Jacobo
762 2553 981 2588 Hollandrino,
1018 2559 1090 2582 tunc
1126 2559 1339 2592 procuratore,

432 2603 520 2644 cujus
538 2605 633 2634 bursa
647 2604 785 2644 quinque
804 2603 922 2633 solidos
942 2602 1018 2643 (sic).

518 2809 547 2832 13
559 2808 710 2832 Decembris.

520 2845 550 2868 10
564 2845 693 2868 Ianuarii.

520 2882 605 2903 Menae
616 2880 757 2903 Februarii.

520 2916 588 2939 Petri
604 2915 747 2944 Berchorii,
764 2916 792 2938 0.
803 2917 829 2939 S.
842 2917 870 2938 B.

518 2952 627 2983 Aegydii
642 2951 753 2983 Rigaud‚
772 2950 874 2975 abbatis
889 2953 913 2974 S.
932 2950 1062 2982 Dionysii,
1081 2949 1151 2973 card.
1169 2951 1194 2973 S.
1211 2949 1337 2973 praxedis

462 2810 486 2975 P'FP’P’?

986 414 1209 441 AUCTARIUM
1229 415 1488 442 CHARTULARII
1508 416 1680 443 UNIVERS.
1704 417 1823 444 PARIS.

1387 932 1421 958 10

1386 1177 1419 1203 15

1384 1423 1418 1449 20

1383 1669 1418 1695 25

1382 1914 1416 1941 30

1380 2163 1414 2190 35

1379 2408 1413 2435 40

1378 2654 1412 2681 45

1866 494 1961 523 1351

1461 553 1699 594 [Procuratio
1726 555 1902 596 magistri
1928 555 2076 587 Alberti
2105 558 2147 587 de
2179 557 2361 598 Boemia.]

1500 629 1572 670 (Vol.
1587 630 1662 672 15»)
1677 630 1770 661 Anno
1785 631 1910 661 Domini
1923 633 2138 669 1000.300‚50‚
2157 633 2273 664 electus
2286 634 2365 665 fuit⁸

1459 679 1607 718 magister
1634 679 1782 711 Albertus
1816 682 1853 710 de
1883 680 2021 717 Boemia‚
2047 682 2180 712 clericus
2206 683 2368 714 familiaris

1459 728 1575 757 domini
1591 729 1697 759 Karoli
1710 730 1794 770 regis
1813 730 2022 760 Romanorum
2037 737 2068 760 et
2080 731 2207 761 Boemie
2220 732 2318 772 regis,
2333 732 2365 762 in

1458 775 1545 816 cujus
1563 779 1786 816 procuracione
1802 780 1880 810 facta
1893 786 1966 810 sunt
1980 790 2040 820 que
2054 786 2237 820 sequuntur.

1498 825 1604 856 Primo
1626 827 1683 857 fuit
1705 828 1908 858 deliberatum
1930 830 1968 858 de
1993 829 2176 859 liberatione
2202 829 2361 870 cujusdam

1459 875 1599 904 monachi
1610 874 1623 894 ⁴
1663 877 1701 906 de
1745 887 1868 907 carcere
1903 878 2020 908 domini
2054 878 2221 908 cardinalis
2257 878 2362 909 Sancti

1459 924 1604 963 Dyonisii
1616 925 1640 955 ⁵.

1499 974 1573 1003 Item
1589 974 1786 1004 Universitas
1805 975 1862 1005 fuit
1876 977 1914 1005 ad
1928 986 2034 1017 regem
2053 987 2111 1017 pro
2132 977 2366 1007 confirmatione

1457 1022 1705 1062 privilegiorum,
1725 1034 1785 1064 que
1803 1025 1860 1054 fuit
1876 1035 2036 1055 concessa.

1498 1071 1573 1101 Item
1589 1073 1805 1103 determinavit
1816 1074 1960 1104 dominus
1978 1075 2133 1105 Henricus
2148 1075 2294 1106 declivis
2307 1076 2370 1106 sub

1456 1121 1607 1160 magistro
1621 1121 1636 1150 J
1641 1121 1761 1152 ohanne
1776 1123 1814 1152 de
1828 1122 1978 1159 wasalia,
1999 1124 2093 1154 solvit
2109 1125 2221 1154 bursas
2233 1125 2252 1154 8
2265 1124 2358 1154 solid.

1497 1169 1572 1199 Item
1595 1170 1651 1200 suit
1674 1170 1855 1201 licenciatus
1879 1172 2076 1202 Hermannus
2102 1174 2141 1202 de
2169 1173 2276 1203 Rotvil
2306 1174 2365 1203 suh

1457 1219 1606 1258 magistro
1636 1219 1787 1250 Silvestre
1812 1220 1966 1257 Fornerii,
1995 1222 2047 1261 qui
2071 1222 2217 1262 promisit
2242 1223 2368 1253 solvere

1456 1268 1581 1298 bursam
1597 1269 1718 1298 fortuna
1731 1276 1818 1309 grata
1833 1270 1894 1299 sibi
1911 1271 2078 1307 arridente,
2095 1281 2155 1311 que
2173 1278 2223 1301 est
2238 1273 2257 1301 4
2269 1272 2362 1301 solid.

1495 1318 1572 1346 Item
1594 1317 1773 1348 licenciatus
1797 1318 1854 1348 suit
1880 1319 2070 1349 Humbertus
2092 1320 2130 1349 de
2153 1320 2284 1350 Colonia
2305 1321 2365 1351 sub

1456 1372 1576 1396 rectore
1591 1367 1713 1397 Juliano
1731 1369 1768 1397 de
1784 1368 1896 1404 Muris,
1916 1368 2003 1409 cujus
2017 1369 2112 1399 bursa
2127 1369 2234 1399 nichil.

1496 1415 1571 1445 Item
1592 1416 1785 1446 Theodricus
1806 1418 1866 1456 [de]
1889 1417 2021 1453 Nellinc‚
2039 1418 2121 1448 filius
2145 1418 2287 1458 Nycolai,
2305 1419 2364 1449 sub

1456 1465 1604 1505 magistro
1627 1465 1764 1495 Henrico
1783 1467 1821 1496 de
1841 1467 1958 1502 Minda,
1980 1467 2034 1507 qui
2058 1467 2201 1498 similiter
2218 1468 2366 1508 promisit

1456 1513 1578 1543 solvere
1590 1515 1715 1544 bursam
1729 1515 1756 1545 si
1769 1516 1892 1555 quando
1908 1516 2060 1546 habuerit.

1496 1562 1571 1593 Item
1595 1564 1811 1594 determinavit
1835 1565 1992 1595 Johannes
2019 1567 2057 1595 de
2092 1565 2276 1607 Gronighen
2304 1567 2367 1596 sub

1456 1612 1604 1652 magistro
1619 1613 1634 1642 J
1639 1614 1736 1643 acobo
1749 1614 1786 1643 de
1800 1613 1964 1644 Holandia.

1495 1661 1571 1691 Item
1589 1661 1777 1692 Benedictus
1794 1664 1851 1692 sub
1868 1665 1975 1693 eodem
1991 1664 2028 1693 de
2044 1665 2153 1694 eodem
2171 1664 2253 1696 loco.

1496 1710 1570 1740 Item
1587 1711 1782 1742 Hermannus
1801 1712 1889 1742 Civis
1904 1713 1962 1742 sub
1975 1714 2094 1743 eodem.

1495 1759 1651 1790 Hem-icus
1666 1761 1704 1790 de
1722 1761 1854 1801 Rutling
1866 1762 1924 1791 sub
1942 1763 2061 1792 eodem.

1495 1808 1570 1838 Item
1584 1809 1747 1839 Conradus
1763 1811 1801 1839 de
1815 1810 2032 1851 Minczinberg
2045 1813 2102 1842 sub
2119 1813 2238 1842 eodem.

1495 1857 1570 1888 Item
1586 1858 1750 1888 Conradus
1763 1860 1801 1889 de
1817 1859 1997 1890 Hamurstat
2009 1861 2067 1890 sub
2080 1862 2198 1891 eodem.

1495 1907 1673 1938 Harnoldus
1689 1909 1727 1938 de
1743 1908 1852 1938 Bisdal
1867 1910 1925 1938 suh
1938 1910 2057 1940 eodem.

1859 2002 1953 2033 1351

1539 2074 1778 2113 [Procuratio
1808 2075 1981 2115 magistri
2011 2076 2198 2106 Bernardi
2230 2077 2272 2107 de

1811 2124 2003 2163 Lochem.]

1490 2203 1583 2234 Anno
1617 2204 1741 2234 Domini
1773 2205 1990 2241 1000.300.51‚
2025 2205 2057 2234 in
2093 2205 2143 2235 die
2179 2212 2361 2236 sanctarum

1452 2253 1605 2293 Perpetue
1631 2253 1750 2283 scilicet
1775 2260 1805 2283 et
1828 2254 2008 2290 Felicitatis,
2033 2254 2100 2284 sive
2125 2254 2157 2284 in
2185 2255 2236 2285 die
2261 2256 2360 2286 sancti

1451 2301 1567 2332 Thome
1589 2303 1627 2332 de
1648 2302 1772 2342 Aquino
1784 2301 1808 2338 ⁶,
1840 2304 1917 2332 sacta
1945 2304 2192 2344 congregacione
2216 2305 2357 2335 nacionis

1450 2351 1622 2391 Anglicane
1641 2353 1722 2391 apud
1738 2353 1849 2382 fratres
1866 2352 2017 2389 Minores,
2033 2353 2148 2382 electus
2167 2353 2223 2383 fuit
2236 2353 2268 2383 in
2284 2364 2355 2393 pro-

1450 2407 1623 2430 curatorem
1639 2401 1780 2431 nacionis
1800 2400 1938 2441 ejusdem
1955 2402 2103 2442 magister
2121 2402 2299 2433 Barnardus
2315 2404 2359 2433 de

1451 2449 1584 2479 Lochem
1611 2449 1800 2480 Alemannus
1829 2450 1914 2480 nullo
1941 2451 2064 2490 penitus
2094 2451 2291 2488 reclamante,
2324 2453 2359 2482 in

1450 2498 1537 2539 cujus
1551 2500 1774 2539 procuracione
1789 2506 1856 2529 acta
1872 2506 1944 2529 sunt
1958 2500 2014 2529 hec
2031 2510 2090 2540 que
2106 2507 2265 2530 secuntur.

1491 2548 1596 2578 Primo
1614 2549 1719 2578 multis
1736 2549 2016 2579 deliberacionibus
2032 2555 2062 2578 et
2076 2549 2166 2578 etiam
2179 2550 2358 2580 vacacioni-

1449 2597 1508 2627 bus
1526 2598 1776 2637 precedentibus,
1798 2598 1947 2628 liberatus
1960 2598 2016 2627 fuit
2029 2598 2068 2627 de
2085 2608 2210 2628 carcere
2229 2600 2354 2639 quidam

1450 2646 1580 2676 scolaris
1603 2647 1813 2687 Parysiensis,
1837 2647 1957 2677 scilicet
1981 2647 2150 2677 monachus
2161 2647 2186 2684 ⁷,
2218 2649 2271 2688 qui
2299 2649 2360 2679 fuit

1449 2695 1592 2726 detentus
1614 2703 1723 2726 contra
1748 2696 1914 2737 privilegia
1935 2695 2172 2733 Universitatis‚
2198 2697 2241 2727 ita
2269 2699 2352 2737 quod

1449 2806 1482 2830 ab
1492 2814 1535 2830 an.
1545 2807 1614 2835 1350,
1627 2807 1654 2831 17
1665 2807 1791 2836 Decemb.,
1800 2807 1902 2832 minime
1910 2807 1980 2832 Petri
1987 2807 2020 2831 de
2028 2807 2055 2831 Ia
2065 2807 2165 2837 For-ent,
2175 2807 2251 2840 episc.
2260 2807 2358 2839 Paris..

1449 2844 1477 2865 ut
1492 2842 1604 2866 Bulaeus
1614 2846 1638 2867 et
1650 2843 1777 2868 Jourdain
1785 2843 1949 2868 contendunt.

1479 2879 1502 2902 6.
1534 2879 1547 2901 7
1561 2878 1660 2902 Martii.

1484 2914 1507 2938 7.
1541 2914 1633 2940 Petrus
1646 2914 1790 2943 Berchorii,
1803 2914 1835 2938 de
1848 2922 1898 2947 quo
1908 2922 1996 2947 cupra.
