2632 3464
396 440 445 465 791
933 435 1157 462 AUCTARIUM
1177 433 1438 461 CHARTULARII
1458 434 1632 460 UNIVERS.
1654 433 1772 460 PAmS.
2267 435 2320 460 792

437 516 510 545 Item
526 515 682 544 Johannes
702 515 739 543 de
761 512 898 543 Tuloch⁴
923 513 980 542 sub
997 512 1146 552 magistro
1163 511 1303 540 Johanne

397 565 568 600 Boutbour,
584 563 670 603 cujus
684 564 780 592 bursa
794 562 853 592 1111
867 561 970 591 solidi.

437 614 512 643 ltem
534 612 748 642 determinavit
768 612 925 641 Johannes
945 611 1049 640 Rebar
1074 610 1132 639 suh
1154 609 1303 648 magistro

395 663 535 692 Johanne
550 662 721 696 Boutbour,
741 660 828 700 cujus
841 661 935 690 bursa
947 659 1016 688 XVI
1036 658 1165 687 denarii.

438 712 512 741 Item
531 710 746 740 determinavit
768 710 884 749 Symon
910 709 1049 748 Bognem
1072 709 1129 737 sub
1154 706 1304 746 magistro

397 761 555 800 Nycholao
573 761 610 789 de
633 759 840 793 Monikedam‚
863 757 950 797 cujus
971 758 1066 786 bursa
1081 756 1151 785 XVI
1171 755 1301 784 denarii.

438 811 513 839 Item
537 808 753 838 determinavit
781 807 934 836 Henricus
958 806 1046 835 Dode
1073 806 1130 834 sub
1155 804 1303 844 magistro

396 859 536 889 Johanne
552 859 589 887 de
605 857 786 896 Zutphania,
802 854 888 895 cujus
904 856 999 884 bursa
1015 854 1041 883 V
1059 853 1161 883 solidi.

439 909 513 938 Item
540 907 705 936 Aelbertus
739 905 855 944 Pagani
894 905 951 934 sub
983 903 1132 943 magistro
1164 902 1304 931 Johanne

398 958 569 990 Boutbour‚
587 955 674 995 cujus
688 956 781 984 bursa
792 953 861 982 XVI
878 953 1009 982 denarii.

439 1007 512 1036 Item
535 1003 750 1034 determinavit
771 1002 914 1031 dominus
939 1001 1095 1030 Johannes
1120 1001 1222 1039 Neyse
1247 999 1305 1028 sub

397 1056 546 1095 magistro
565 1054 705 1082 Gerardo
721 1053 758 1081 de
773 1052 863 1086 Eten‚
881 1050 968 1090 cujus
983 1052 1079 1079 bursa
1092 1050 1118 1078 V
1131 1049 1234 1078 solidi.

438 1105 513 1133 Item
531 1102 746 1132 determinavit
761 1101 903 1130 dominus
921 1099 1075 1128 Henricus
1092 1097 1306 1127 Seldenhoern

398 1154 456 1183 sub
472 1152 621 1192 magistro
638 1150 777 1180 Johanne
791 1149 962 1183 Boutbour‚
977 1147 1064 1187 cujus
1080 1148 1175 1176 bursa
1189 1146 1257 1175 XVI
1273 1146 1303 1174 d.

438 1203 513 1231 Item
529 1199 745 1230 determinavit
757 1199 900 1228 dominus
917 1197 1075 1227 ⁴lohannes
1093 1197 1131 1225 de
1146 1195 1306 1225 Wouden-

397 1251 492 1281 berch
515 1251 572 1279 sub
597 1249 746 1288 magistro
763 1247 876 1287 Egidio
901 1248 939 1276 de
957 1247 1086 1281 Juffaes,
1104 1244 1190 1284 cujus
1212 1245 1307 1273 bursa

399 1299 581 1329 Vlllsolidi.

439 1350 511 1388 (Fol.
537 1350 574 1377 46
586 1347 610 1387 ιἸ)
634 1347 726 1376 Facta
750 1344 997 1385 congregacione
1025 1343 1165 1373 nacionis
1194 1342 1307 1382 Angli-

397 1409 472 1428 cane
502 1398 582 1437 apud
610 1396 755 1426 Sanctum
780 1394 983 1429 Maturinum‚
1011 1394 1084 1423 27Ιιῃι
1109 1392 1160 1421 die
1191 1391 1307 1420 mensis

400 1446 560 1477 Februarii
576 1446 651 1474 hora
664 1446 694 1474 3²
710 1451 782 1484 post
797 1444 956 1473 meridiem
973 1452 1068 1482 super
1081 1442 1143 1470 2¹²¹¹⁸
1155 1440 1305 1470 articulis.

399 1497 523 1526 Primus
539 1494 686 1524 articulus
706 1500 764 1528 est,
784 1493 859 1532 quid
879 1484 1031 1532 agendum
1047 1492 1085 1520 de
1101 1491 1184 1520 clave
1202 1489 1308 1518 nacio-

400 1546 460 1580 nis,
478 1555 515 1574 an
534 1544 652 1574 scilicet
668 1543 762 1572 clavis
781 1542 921 1571 nacionis
941 1541 1090 1570 tradenda
1103 1540 1144 1569 sit
1160 1540 1197 1568 ad
1213 1548 1308 1578 quas-

400 1596 467 1624 dam
484 1594 602 1623 litteras
622 1592 804 1632 sigillandas
818 1591 964 1620 facientes
980 1590 1170 1619 mencionem
1185 1589 1223 1617 de
1241 1587 1309 1627 pri-

399 1643 538 1674 vacionis
562 1641 803 1671 denunciacione
826 1640 966 1679 magistri
990 1639 1117 1668 Henrici
1142 1639 1180 1666 de
1206 1637 1309 1666 Aern-

400 1694 480 1727 hem,
505 1697 620 1721 attento
639 1691 721 1730 quod
747 1700 841 1728 super
863 1689 921 1718 hoc
946 1688 1081 1717 nonfuit
1105 1687 1207 1726 aliqua
1232 1696 1309 1715 con-

399 1742 498 1771 clusio
521 1741 622 1769 habita
642 1740 672 1768 in
695 1739 823 1768 nacione
848 1739 879 1767 in
902 1739 1031 1777 quadam
1062 1735 1308 1776 congregacione

400 1789 620 1821 Universitatis
634 1789 663 1817 in
676 1789 788 1817 Sancto
804 1787 959 1817 Maturino
975 1785 1082 1821 faeta²‚
1096 1792 1126 1815 et
1140 1795 1235 1824 super
1249 1785 1308 1813 isto

400 1839 582 1870 deliberavit
609 1838 697 1867 nacio
724 1837 851 1866 multum
880 1836 1092 1875 sollempniter
1122 1839 1309 1874 congregata

401 1890 483 1929 quod
506 1888 601 1917 clavis
628 1886 768 1916 nacionis
796 1885 881 1915 nullo
905 1885 996 1914 modo
1022 1883 1136 1913 rectori
1161 1882 1309 1912 tradenda

401 1944 484 1968 esset
501 1938 538 1966 ad
554 1937 688 1976 prefatas
708 1935 827 1964 litteras
846 1934 1026 1974 sigillandas
1042 1933 1211 1962 secundum
1226 1931 1308 1960 illam

401 1989 527 2016 sormam
549 1986 580 2014 in
597 1985 806 2015 Universitate
824 1984 943 2018 lectam,
965 1982 1172 2012 continentem
1190 1981 1308 2020 aliquas

401 2036 554 2066 clausulas
568 2036 605 2063 de
620 2033 770 2074 perjurio,
790 2033 912 2062 infamia
927 2039 957 2061 et
971 2031 1161 2061 contumacia
1177 2041 1231 2059 seu
1246 2030 1308 2058 filio

401 2084 613 2115 inobediencie
629 2083 819 2112 mencionem
831 2082 988 2116 facientes,
1002 2081 1070 2110 istis
1087 2079 1213 2119 prefatis
1229 2079 1308 2108 clau-

402 2135 479 2164 sulis
497 2133 736 2162 remanentibus.
757 2133 802 2160 2¹²·
819 2131 966 2160 articulus
988 2140 1083 2169 super
1101 2128 1309 2168 supplicacio-

402 2184 493 2213 nibus
518 2189 547 2212 et
568 2181 698 2221 injuriis.
725 2180 925 2220 Supplicabat
946 2179 1088 2208 dominus
1112 2183 1307 2217 procurator,

402 2234 484 2272 quod
503 2231 590 2260 nacio
604 2231 704 2270 ipsum
723 2229 850 2258 haberet
866 2235 1054 2263 excusatum,
1069 2237 1170 2266 ymmo
1188 2232 1309 2266 gratum

402 2289 432 2311 et
447 2288 586 2311 avoatum
614 2281 651 2308 de
675 2279 742 2313 hoc,
767 2279 849 2317 quod
869 2278 927 2306 ista
949 2277 1024 2306 hora
1049 2277 1215 2315 magistros
1239 2275 1310 2304 fecit

402 2330 577 2363 convocari,
592 2328 735 2368 quoniam
752 2338 788 2356 ex
809 2327 972 2356 multorum
995 2326 1213 2365 magistrorum
1234 2334 1309 2353 con-

403 2380 474 2409 silio
497 2379 554 2407 hoc
571 2378 712 2411 habebat,
735 2377 804 2415 quia
821 2376 932 2404 dubius
955 2381 1020 2403 erat
1038 2375 1111 2413 quid
1127 2375 1164 2402 de
1185 2374 1309 2402 materia

403 2429 494 2468 primi
508 2427 628 2456 articuli
645 2427 780 2455 facturus
792 2431 884 2454 esset.
900 2424 940 2453 Et
955 2424 1010 2452 fuit
1026 2423 1216 2462 supplicacio
1235 2433 1309 2461 pro-

404 2477 556 2506 curatoris
574 2486 630 2515 per
645 2475 803 2503 nacionem
818 2483 975 2502 concessa.

446 2585 658 2623 Sequuntur
689 2582 835 2611 nomina
865 2579 1269 2609 subdeterminancium

617 2632 731 2661 istius
759 2630 843 2659 anni
874 2628 1099 2669 supradicti.

448 2723 520 2751 Item
537 2719 811 2750 subdeterminavit
825 2718 982 2747 Johannes
1001 2717 1151 2746 Johannis
1169 2717 1207 2745 de
1228 2717 1311 2756 Rys-

407 2771 478 2799 wiic
498 2772 554 2799 sub
570 2769 719 2808 magistro
741 2768 881 2797 Gerardo
899 2768 936 2795 de
962 2767 1052 2801 Eten,
1072 2767 1129 2795 sub
1148 2765 1311 2804 principali

408 2820 643 2848 determinatore
663 2818 818 2856 l’hylippo
835 2817 871 2845 de
891 2816 971 2850 Dels,
989 2814 1075 2855 cujus
1095 2816 1188 2844 bursa
1204 2814 1309 2850 nichil,

408 2867 604 2907 quiajuravit
625 2873 768 2895 statutum
789 2865 989 2904 paupertatis.

441 2965 462 2988 1.
496 2966 543 2987 Ma.
557 2964 658 2987 culoch.

1343 955 1376 980 10

1344 1200 1377 1225 15

1345 1445 1379 1470 20

1346 1690 1380 1716 25

1346 1937 1380 1962 30

1347 2182 1380 2208 35

1348 2427 1381 2452 40

1349 2671 1382 2697 45

1454 509 1528 539 Item
1544 509 1819 539 subdeterminavit
1833 509 2010 548 Nycholaus
2026 509 2119 539 Pueri
2135 509 2247 540 Scotus
2262 511 2320 540 sub

1412 559 1561 598 magistro
1569 559 1585 588 J
1589 559 1709 588 ohanne
1721 559 1893 593 Boutbour,
1906 558 2002 588 eciam
2011 557 2098 598 cujus
2108 559 2202 588 bursa
2213 559 2320 595 nichil,

1412 608 1484 647 quia
1491 606 1608 648 juravit
1616 614 1760 637 statutum
1775 608 1978 647 paupertatis.

1454 657 1528 686 Item
1555 657 1830 686 subdeterminavit
1856 656 2040 686 Petrusman
2069 658 2107 686 de
2133 657 2322 687 Oudewater

1413 706 1470 734 sub
1487 706 1636 745 magistro
1653 705 1792 735 Gerardo
1809 706 1845 735 de
1859 705 1949 741 Eten,
1966 706 2024 735 sub
2039 705 2204 745 principali
2217 707 2322 736 deter-

1413 754 1562 783 minatore
1580 754 1720 783 Gerardo
1739 755 1776 783 de
1802 754 2000 790 Oudewater,
2019 753 2106 794 cujus
2131 755 2226 784 bursa
2251 754 2322 785 XVI

1413 803 1532 832 denarii
1547 813 1604 842 per
1616 803 1896 843 dispensacionem.

1816 897 1913 927 1399

1533 967 1624 997 Acta
1656 968 1691 997 in
1730 969 1993 1007 procuratoria
2025 969 2199 1009 magistri

1708 1017 1811 1046 Petri
1845 1017 2029 1047 Prenner.

1456 1098 1547 1127 Facta
1562 1097 1810 1137 congregacione
1824 1097 1965 1128 nacionis
1981 1098 2152 1138 Anglicane
2167 1098 2244 1128 hora
2260 1098 2324 1138 pri-

1415 1157 1532 1176 marum
1551 1148 1633 1186 apud
1650 1146 1795 1176 Sanctum
1810 1146 1964 1176 Julianum
1976 1157 2145 1187 pauperem
2162 1157 2242 1177 anno
2258 1147 2324 1177 Do-

1415 1196 1488 1225 mini
1505 1195 1619 1226 MCCC
1641 1195 1835 1231 LXXXXIX,
1846 1195 1887 1224 X²
1899 1196 1950 1225 die
1967 1196 2084 1226 mensis
2101 1196 2211 1226 Marcii
2229 1206 2326 1236 super

1414 1245 1515 1275 tribus
1537 1244 1686 1274 articulis.
1714 1244 1838 1274 Primus
1864 1251 1930 1274 erat
1951 1245 1990 1274 ad
2011 1244 2188 1284 eligendum
2211 1255 2324 1275 novum

1415 1300 1658 1334 procuratorem.
1678 1293 1717 1322 Et
1731 1293 1847 1323 electus
1865 1293 1922 1323 suit
1935 1294 2084 1333 magister
2100 1294 2213 1324 Petrus
2228 1294 2325 1324 Pren-

1415 1353 1481 1372 ner.
1506 1344 1552 1372 2¹³·
1575 1349 1641 1372 erat
1662 1343 1700 1371 ad
1726 1343 1911 1372 audiendum
1934 1349 2110 1382 computum
2138 1343 2322 1383 recepturis,

1416 1393 1469 1432 qui
1488 1392 1543 1422 fuit
1560 1392 1673 1421 dilatus
1694 1392 1766 1431 quia
1783 1398 1855 1431 post
1873 1391 2009 1421 ultimam
2031 1391 2097 1431 ejus
2114 1391 2326 1432 computacio-

1416 1452 1485 1471 nem
1510 1441 1659 1471 modicam
1684 1443 1797 1470 fecerat
1819 1447 1985 1480 receptam.
2011 1442 2058 1470 3¹¹·
2086 1440 2234 1471 articulus
2260 1447 2326 1471 erat

1417 1501 1512 1530 super
1538 1490 1824 1530 supplicacionibus
1854 1496 1885 1519 et
1909 1489 2042 1530 injuriis.
2072 1490 2112 1519 Et
2139 1490 2326 1530 supplicavit

1417 1540 1564 1580 magister
1584 1539 1743 1569 Gerardus
1763 1540 1801 1568 de
1819 1539 1910 1574 Eten,
1933 1539 2015 1578 quod
2034 1538 2200 1568 haberetur
2218 1545 2326 1579 gratus

1417 1589 1447 1618 in
1459 1589 1558 1618 officio
1571 1588 1799 1628 procurationis
1813 1594 1978 1623 trans-acte,
1994 1598 2054 1627 que
2070 1587 2261 1628 supplicacio
2270 1588 2327 1618 fuit

1417 1648 1576 1668 concessa.

1458 1687 1529 1727 (Fal.
1549 1687 1596 1727 47)
1615 1686 1707 1715 Facta
1728 1686 1975 1726 congregacione
1993 1686 2133 1715 nacionis
2154 1685 2326 1726 Anglicane

1417 1737 1498 1776 apud
1519 1736 1663 1765 Sanctum
1681 1735 1835 1764 Julianum
1857 1745 2036 1774 pauperem,
2052 1735 2123 1764 XX·
2142 1735 2192 1764 die
2210 1734 2326 1764 mensis

1418 1785 1537 1820 Marcii,
1563 1785 1639 1814 hora
1658 1784 1745 1814 V111=
1766 1794 1861 1823 super
1880 1785 2001 1813 duobus
2026 1783 2176 1813 articulis.
2201 1783 2326 1813 Primus

1418 1841 1483 1864 erat
1499 1835 1537 1863 ad
1557 1834 1805 1863 distribuendum
1824 1842 1947 1862 menses
1965 1842 2023 1872 pro
2045 1832 2229 1862 bachalariis
2244 1833 2327 1872 apud

1419 1885 1560 1914 Sanctam
1572 1882 1758 1912 Genovesam
1775 1882 1996 1911 examinandis.
2011 1882 2057 1910 2¹¹·
2075 1882 2131 1911 fuit
2144 1891 2239 1921 super
2254 1891 2326 1921 sup-

1417 1932 1641 1973 plicacionibus
1657 1938 1687 1961 et
1702 1930 1836 1971 injuriis.
1854 1930 1956 1970 Super
1971 1930 2219 1970 primoharticulo
2235 1932 2324 1960 datus

1418 1983 1473 2012 fuit
1488 1982 1607 2022 primus
1625 1979 1742 2010 mensis
1761 1980 1911 2019 magistro
1931 1979 2114 2009 Bernhardo
2134 1980 2172 2009 de
2192 1979 2327 2009 Saxonia

1417 2042 1475 2071 pro
1493 2031 1565 2061 VIII
1587 2030 1707 2065 solidis,
1725 2029 1798 2069 quia
1815 2028 1918 2058 nullus
1937 2029 2007 2068 plus
2024 2028 2150 2064 obtulit;
2171 2029 2326 2058 secundus

1418 2088 1447 2110 et
1462 2087 1590 2120 quartus
1606 2089 1728 2108 menses
1747 2077 1808 2107 dati
1829 2079 1952 2107 fuerunt
1971 2078 2120 2118 magistro
2135 2077 2268 2107 Johanni
2287 2078 2326 2107 de

1419 2130 1530 2159 Hassia
1545 2139 1603 2168 pro
1615 2128 1704 2157 Vllll
1718 2127 1839 2162 solidis,
1857 2127 1952 2156 eciam
1970 2127 2076 2156 eadem
2091 2127 2129 2155 de
2145 2136 2254 2162 causa;
2267 2133 2328 2156 ter-

1417 2179 1485 2208 cius
1510 2185 1539 2207 et
1562 2178 1688 2217 quintus
1716 2178 1838 2206 suerunt
1863 2176 1924 2205 dati
1953 2175 2103 2216 magistro
2125 2175 2263 2204 Jordano
2283 2176 2328 2204 ad

1416 2230 1587 2267 ymaginem
1604 2234 1702 2255 nostre
1719 2227 1845 2254 Domine
1862 2235 1920 2264 pro
1941 2224 1999 2254 VII
2022 2224 2132 2254 solidis
2142 2236 2149 2260 ;
2173 2230 2202 2253 et
2220 2230 2326 2254 sextus

1419 2287 1472 2306 seu
1489 2276 1613 2305 ultimus
1629 2276 1718 2304 datus
1737 2275 1792 2303 suit
1812 2274 1961 2313 magistro
1978 2273 2111 2302 Johanni
2126 2273 2164 2302 de
2183 2273 2327 2312 Asperen

1418 2336 1475 2365 pro
1493 2325 1520 2354 II
1538 2324 1658 2359 solidis,
1674 2324 1768 2353 eciam
1782 2324 1853 2362 quia
1868 2322 1970 2352 nullus
1987 2322 2057 2361 plus
2074 2322 2194 2351 obtulit.

1459 2375 1561 2413 Super
1576 2375 1606 2402 2⁰
1624 2373 1754 2402 articulo
1771 2372 2024 2411 supplicaverunt
2039 2371 2170 2410 predicti
2186 2370 2327 2410 magistri

1418 2434 1475 2463 pro
1500 2423 1648 2462 predictis
1674 2421 1844 2456 mensibus,
1869 2427 1899 2450 et
1925 2419 2114 2459 supplicacio
2139 2429 2244 2448 eorum
2271 2419 2328 2448 suit

1419 2482 1576 2501 concessa.
1596 2471 1670 2500 Item
1684 2470 1772 2500 nacio
1786 2469 1938 2499 conclusit
1952 2475 2084 2508 protunc
2099 2469 2182 2507 quod
2197 2468 2327 2507 pecunie

1418 2521 1557 2561 predicte
1575 2520 1676 2549 statim
1697 2525 1768 2559 post
1785 2518 2060 2558 congregacionem
2083 2523 2188 2546 essent
2210 2527 2328 2556 perpo-

1418 2571 1519 2600 tande.
1546 2569 1584 2598 Et
1600 2570 1641 2598 ita
1657 2569 1766 2597 factum
1780 2574 1836 2597 est.

1460 2619 1550 2648 Facta
1566 2617 1813 2657 congregacione
1830 2615 1967 2655 predicte
1983 2614 2123 2644 nacionis
2138 2615 2220 2654 apud
2233 2614 2327 2644 Sanc-

1419 2675 1482 2697 tum
1507 2667 1693 2696 Maturinum
1717 2665 1813 2695 tercia
1840 2665 1889 2694 die
1913 2663 2032 2703 Aprilis
2055 2670 2128 2703 post
2151 2664 2325 2703 prandium,

1420 2717 1496 2746 hora
1518 2717 1586 2751 1112,
1607 2725 1700 2755 super
1724 2714 1824 2744 tribus
1853 2713 2002 2742 articulis.
2027 2713 2151 2742 Primus
2180 2712 2327 2741 articulus

1420 2772 1485 2794 erat
1500 2766 1537 2794 ad
1553 2764 1737 2794 audiendum
1758 2762 1914 2792 dominum
1930 2761 2180 2790 archidiaconum
2198 2761 2328 2790 ecclesie

1421 2814 1594 2849 Scarensis,
1618 2813 1770 2842 volentem
1796 2821 1829 2840 se
1853 2812 2017 2840 ostendere
2038 2820 2107 2839 esse
2129 2811 2166 2839 de
2190 2810 2328 2849 predicta

1420 2863 1560 2897 ecclesia,
1589 2868 1619 2891 et
1645 2861 1728 2900 quod
1756 2861 1883 2890 deberet
1908 2869 1977 2889 esse
2005 2866 2188 2899 procurator
2218 2859 2328 2887 domus

1451 2960 1475 2982 2.
1514 2958 1568 2982 Vid.
1580 2966 1658 2990 supra
1672 2966 1698 2989 p.
1707 2958 1761 2986 784,
1774 2957 1812 2980 22.
