2632 3464
425 440 476 465 395
961 433 1183 460 AUC'rAmUM
1204 430 1463 458 CHARTULARH
1483 430 1656 457 umvsns.
1678 430 1796 456 mais.
2291 430 2348 456 39⁶

466 516 540 544 Item
563 514 756 544 visitavimus
783 522 890 542 omnes
918 511 1024 540 literas
1057 508 1257 549 obligatorias
1289 507 1326 536 ad

423 565 601 598 videndum,
619 563 644 592 si
659 562 804 602 magister
816 561 1002 590 Adalbertus
1015 561 1052 588 de
1072 558 1220 588 Bohemia
1234 557 1329 585 habe-

424 620 471 642 ret
486 613 528 642 ibi
546 613 675 651 aliquam
690 611 818 640 literam.
842 610 881 639 Et
900 610 971 649 quia
990 608 1075 637 multi
1095 606 1233 647 magistri
1252 612 1329 634 tem-

426 672 500 701 pore
530 660 739 700 procuratorie
767 658 923 697 cujusdam
949 658 1075 686 alterius
1100 654 1326 695 procuratoris,

425 711 542 740 scilicet
558 710 657 750 prima
670 710 719 738 die
738 708 895 738 Februarii
910 707 981 736 anni
1000 705 1167 745 presentis,
1187 704 1330 732 dixerunt

427 770 458 788 se
487 759 603 788 vidisse
630 759 747 787 literam
778 756 909 796 predicti
934 754 1073 794 magistri
1107 752 1266 782 Adalhcrti
1297 752 1329 780 in

414 807 527 841 archa,
544 818 633 846 quam
649 813 780 846 protunc
795 806 826 834 in
844 804 935 834 archa
952 814 1013 832 non
1030 803 1214 835 invenimus,
1233 801 1327 830 eciam

426 856 498 896 quia
513 858 543 885 2³
554 857 602 884 die
618 855 776 884 Februarii
791 854 862 883 anni
873 853 1028 892 presentis
1042 858 1165 890 reperta
1175 850 1230 879 suit
1241 850 1329 879 litera

426 905 540 934 domini
559 905 695 933 officialis
713 903 826 938 Paris.,
846 903 877 931 in
893 912 953 941 qua
969 901 1128 940 predictus
1144 910 1223 939 mag.
1232 898 1328 927 Adal-

425 955 531 983 bertus
548 954 747 992 profitebatur
771 962 803 981 se
825 951 922 980 teneri
949 950 1070 979 nacioni
1093 955 1198 978 nostre
1221 948 1328 988 Angli-

426 1013 499 1031 cane
521 1003 551 1031 in
572 1009 653 1031 certa
673 1012 788 1030 summa
808 1000 947 1039 pecunie,
967 1006 997 1028 et
1017 999 1173 1028 Johannes
1189 997 1328 1026 bedellus

425 1058 530 1080 nostre
551 1051 689 1080 nacionis
711 1050 853 1083 asseruit,
881 1049 1006 1078 eandem
1029 1048 1148 1076 literam
1175 1047 1328 1075 inventam

426 1101 524 1139 prima
543 1100 591 1129 die
617 1099 775 1128 Februarii
798 1098 869 1127 anni
887 1097 1043 1137 presentis
1063 1096 1158 1125 fuisse
1186 1096 1217 1124 in
1237 1095 1329 1124 archa

425 1156 454 1179 et
470 1155 601 1188 protunc
619 1149 714 1177 fuisse
733 1148 841 1176 furtive
858 1153 1012 1185 receptam
1027 1147 1064 1174 de
1078 1145 1171 1174 archa
1186 1157 1192 1173 :
1208 1145 1278 1173 ideo
1291 1145 1330 1173 ad

425 1198 546 1227 archam
564 1197 766 1237 imposuimus
782 1197 813 1224 in
829 1196 951 1224 nomine
966 1195 1089 1224 Domini
1102 1200 1174 1223 tunc
1188 1194 1326 1222 eandem.

467 1247 540 1276 Item
554 1246 703 1286 proposui
716 1246 747 1274 in
761 1244 1006 1284 congregacione
1020 1243 1159 1272 nacionis
1177 1243 1260 1281 quod
1276 1243 1328 1271 do-

427 1296 527 1324 minus
540 1296 695 1324 Johannes
711 1295 894 1332 Ysebrandy
906 1300 935 1322 et
945 1293 1087 1322 dominus
1100 1292 1328 1331 Thylemannus

427 1346 464 1374 de
487 1345 627 1383 Nusscya
640 1343 823 1383 juraverunt
844 1342 934 1371 michi
957 1348 1101 1371 statutum
1124 1341 1327 1381 paupertatis,

426 1401 455 1423 et
469 1394 568 1422 adhuc
579 1392 829 1432 nonjuraverunt
842 1392 873 1420 in
888 1391 1050 1431 presencia
1067 1391 1225 1425 nacionis;
1247 1391 1328 1419 unde

426 1443 544 1482 quesivi
562 1449 663 1471 utrum
683 1442 741 1470 hoc
761 1442 887 1470 deberet
905 1440 1054 1470 sufficere.
1074 1440 1113 1469 Et
1128 1439 1328 1468 deliberatum

426 1493 480 1521 fuit
498 1492 580 1531 quod
597 1501 670 1525 non,
693 1491 747 1519 sed
770 1491 918 1518 deberent
931 1490 1035 1519 vocari
1052 1495 1081 1518 et
1098 1489 1129 1517 in
1147 1489 1238 1528 plena
1258 1498 1328 1517 con-

426 1540 611 1580 gregacione
625 1538 877 1578 nacionisjurare
894 1545 1036 1567 statutum
1051 1538 1251 1577 paupertatis.

468 1590 540 1618 ltem
565 1589 679 1627 juravit
704 1589 862 1628 predictus
891 1587 1033 1616 dominus
1061 1587 1268 1626 Tylemannus
1298 1586 1330 1615 in

425 1638 587 1678 presencia
602 1638 740 1666 nacionis
755 1643 898 1666 statutum
916 1636 1115 1675 paupertatis.

467 1688 540 1717 Item
552 1687 628 1716 lecta
640 1687 694 1715 suit
707 1697 767 1715 una
782 1686 879 1720 litera,
895 1696 985 1725 quam
997 1686 1080 1714 misit
1091 1685 1211 1714 nacioni
1223 1691 1329 1714 nostre

426 1737 556 1766 nuncius
572 1736 664 1765 rotuli
680 1736 779 1764 nostri
795 1735 941 1774 magister
957 1734 1139 1763 Guillelmus
1156 1734 1267 1763 Buzer.

466 1785 540 1824 (Fol.
558 1786 594 1814 24
611 1785 634 1823 Β)
653 1785 726 1813 Item
740 1785 882 1813 dominus
898 1790 1040 1822 receptor
1055 1783 1177 1812 nomine
1190 1783 1329 1812 nacionis

426 1835 580 1863 concessit
595 1833 685 1862 michi
702 1835 715 1862 1
732 1834 866 1862 francum
885 1833 971 1862 sicud
987 1833 1061 1861 alias
1078 1833 1166 1861 nacio
1180 1833 1328 1862 delibera-

425 1884 478 1918 vit,
499 1890 528 1912 et
545 1883 747 1922 impigneravi
766 1882 885 1911 nacioni
907 1882 974 1910 loco
994 1882 1077 1911 illius
1094 1882 1206 1911 librum
1219 1882 1250 1910 in
1268 1892 1330 1921 quo

426 1933 575 1961 habentur
590 1938 732 1970 excerpta
748 1932 877 1960 duorum
888 1931 1036 1960 librorum
1052 1931 1283 1960 Sentenciarum
1300 1938 1329 1960 et

426 1981 610 2018 Questiones
625 1981 722 2009 tercii.

466 2031 540 2059 Item
554 2029 704 2069 proposui
721 2030 751 2057 in
765 2029 1009 2068 congregacione
1022 2029 1160 2058 nacionis
1174 2030 1328 2068 quomodo

426 2079 594 2108 faciendum
622 2085 704 2107 esset
728 2088 794 2107 cum
819 2078 932 2107 nuncio
959 2078 1051 2107 rotuli
1080 2079 1194 2114 nostri,
1228 2085 1328 2107 utrum

426 2128 555 2166 pecunia
577 2134 659 2156 esset
682 2127 741 2156 sibi
765 2127 921 2161 mittenda,
947 2127 994 2156 vel
1022 2127 1119 2156 solum
1143 2127 1231 2156 litera
1254 2128 1329 2156 scri-

426 2178 534 2205 benda.
561 2176 599 2205 Et
619 2177 689 2215 quia
714 2176 801 2215 pauci
829 2176 968 2215 magistri
1001 2183 1161 2215 presentes
1189 2177 1326 2212 fuerunt,

425 2226 624 2254 deliberatum
646 2225 701 2254 fuit
715 2226 798 2264 quod
816 2226 956 2264 sequenti
975 2225 1024 2254 die
1042 2226 1128 2254 fieret
1148 2236 1204 2264 pro
1221 2227 1327 2255 eodem

426 2276 502 2303 facto
518 2274 576 2302 alia
592 2274 796 2313 congregacio
813 2273 1094 2313 perjuramentum.

466 2323 605 2351 Secunda
617 2323 665 2351 die
679 2323 796 2361 Aprilis
808 2323 883 2351 hora
891 2323 1059 2362 primarum
1073 2325 1149 2352 facta
1160 2334 1328 2364 congrega-

425 2372 511 2400 cione
530 2372 667 2400 nacionis
683 2371 954 2411 perjuramentum
973 2373 1053 2411 apud
1070 2372 1213 2401 Sanctum
1228 2373 1329 2402 Matu-

425 2421 523 2449 rinum
540 2421 576 2449 ad
593 2421 795 2449 ordinandum
810 2421 846 2449 de
862 2421 947 2449 factis
963 2421 1112 2455 nacionis,
1125 2422 1326 2451 deliberatum

425 2470 599 2508 suit,primo
610 2470 691 2508 quod
706 2469 818 2498 nuncio
840 2479 900 2498 non
922 2476 1005 2498 esset
1024 2470 1169 2499 mittenda
1186 2471 1326 2509 pecunia,

425 2518 608 2547 unanimiter
625 2528 678 2556 per
691 2528 797 2546 omnes
813 2519 995 2557 magistr0s;
1017 2519 1104 2547 etiam
1125 2519 1326 2549 deliberatum

420 2568 535 2604 fuitper
550 2577 658 2595 omnes
678 2567 849 2605 magistros
864 2574 972 2606 preter
995 2568 1129 2602 unicum,
1141 2570 1222 2607 quod
1236 2570 1323 2598 nacio

425 2616 574 2644 scriberet
588 2616 699 2644 nuncio
716 2615 807 2644 rotuli
826 2616 1028 2655 supplicando
1043 2617 1112 2651 sibi,
1134 2623 1165 2645 ut
1178 2618 1327 2647 fiduciali-

426 2670 482 2698 ter,
503 2664 678 2703 diligenter,
699 2665 764 2692 sine
782 2665 865 2693 tedio
880 2671 1123 2703 prosequeretur
1136 2667 1212 2695 facta
1226 2667 1327 2695 nacio-

426 2712 473 2741 nis
496 2723 592 2751 usque
615 2714 651 2741 ad
678 2714 782 2747 finem,
813 2720 842 2742 et
870 2714 1063 2752 promitteret
1088 2714 1147 2743 sibi
1170 2722 1202 2744 ut
1232 2726 1327 2754 pecu-

426 2761 515 2795 niam,
543 2772 631 2800 quam
660 2769 729 2800 post
760 2763 921 2791 terminum
954 2763 1102 2801 prefixum
1139 2764 1260 2793 nunciis
1290 2765 1327 2793 ad

425 2809 622 2838 laborandum
637 2821 692 2849 pro
706 2811 806 2839 rotulo
820 2812 850 2839 in
861 2811 999 2850 negociis
1011 2812 1148 2841 nacionis
1162 2814 1325 2852 expendet,

457 2915 478 2937 1.
515 2915 571 2937 Fuit
584 2914 637 2937 (Hes
649 2915 724 2938 lunae
735 2918 794 2946 post
807 2916 914 2939 Pascha.

458 2950 479 2972 2,
514 2950 552 2972 Ab
574 2950 631 2973 hinc
653 2959 730 2981 usque
752 2951 887 2974 sufficienti
904 2952 954 2983 (28)
974 2955 1064 2983 postea
1082 2953 1166 2976 deleta
1185 2957 1251 2979 sunt.

1380 705 1400 731 ’5

1366 950 1399 976 10

1367 1195 1400 1221 15

1367 1441 1400 1466 20

1367 1688 1400 1714 25

1367 1933 1400 1959 30

1366 2178 1399 2204 35

1366 2423 1399 2449 40

1365 2672 1399 2698 45

1437 505 1537 536 solvat
1557 506 1629 541 sibi,
1652 516 1720 536 cum
1739 507 1860 536 venerit
1876 506 2027 541 Parisius,
2056 512 2089 536 ut
2111 506 2169 536 alie
2197 506 2345 536 naciones

1437 555 1559 584 nunciis
1571 555 1642 585 >suis
1655 555 1786 585 solvent.
1803 556 1877 585 Item
1898 555 1976 585 lecta
1994 554 2050 585 fuit
2066 565 2126 585 una
2137 555 2238 591 litera,
2252 565 2343 595 quam

1437 604 1564 643 scripsit
1576 604 1697 634 nacioni
1714 611 1820 634 nostre
1837 605 1967 634 nuncius
1985 604 2090 639 rotuli.
2108 614 2165 644 pro
2181 614 2242 644 qua
2253 604 2347 634 nacio

1437 654 1716 683 recommendatum
1729 653 1836 683 habuit
1848 660 1919 683 tunc
1935 654 2077 683 eundem.

1478 702 1552 731 Item
1569 703 1599 732 7·
1614 702 1663 732 die
1681 703 1796 732 mensis
1812 702 1930 742 Aprilis
1947 703 2118 732 immediate
2132 709 2205 742 post
2219 712 2340 732 sermo-

1437 750 1525 780 nem‘
1563 752 1640 781 facta
1672 751 1918 792 congregacione
1954 751 2094 781 nacionis
2122 758 2229 781 nostre
2259 752 2342 792 apud

1438 799 1582 830 Sanctum
1600 801 1786 830 Maturinum
1803 801 1841 830 ad
1856 801 2033 841 eligendum
2047 806 2290 840 procuratorem,
2305 801 2345 830 ad

1437 849 1622 878 audiendum
1640 856 1814 890 computum
1832 850 1948 879 domini
1967 850 2140 889 receptoris
2162 855 2192 879 et
2212 850 2250 879 ad
2267 859 2349 890 sup·—

1438 898 1650 936 plicandum...
1664 897 1738 938 (sic).

1842 993 1936 1022 1371

1538 1064 1645 1103 [Acta
1673 1064 1935 1104 procuratorie
1962 1075 2055 1105 mag.
2089 1065 2244 1095 Heni-ici

1748 1114 1790 1142 de
1821 1113 2034 1153 Angeren.]

1477 1195 1568 1224 Anno
1594 1194 1718 1224 Domini
1750 1195 1862 1230 13⁰71⁰‚
1898 1195 1950 1224 7lm
1982 1195 2031 1224 die
2063 1195 2179 1225 mensis
2212 1195 2343 1236 Aprilis.

1437 1245 1528 1274 Anno
1547 1244 1669 1273 Domini
1688 1249 1717 1273 et
1734 1243 1783 1272 die
1803 1243 1919 1273 mensis
1935 1244 2048 1283 quibus
2064 1254 2158 1283 supra
2178 1245 2254 1274 sacta
2268 1256 2350 1276 con·-

1438 1294 1624 1333 gregacione
1644 1294 1725 1332 apud
1746 1292 1889 1322 Sanctum
1907 1292 2094 1322 Maturinum
2112 1294 2151 1322 ad
2168 1293 2345 1334 eligendum

1437 1349 1670 1382 procuratorem
1695 1348 1725 1371 et
1745 1343 1784 1370 ad
1803 1341 1988 1371 audiendum
2007 1349 2183 1381 computum
2202 1350 2345 1384 recepta-

1438 1393 1517 1421 toris
1531 1398 1561 1421 et
1571 1392 1608 1420 ad
1622 1391 1869 1431 supplicandum,
1885 1390 1917 1419 in
1932 1391 2041 1430 primis
2056 1391 2170 1421 Nostre
2185 1393 2342 1433 [Domine]

1439 1448 1510 1481 post
1525 1450 1697 1470 sermonem
1716 1441 1747 1468 in
1765 1440 1960 1479 Cordigeris,
1978 1439 2093 1470 electus
2111 1441 2168 1471 suit
2184 1443 2349 1472 concordi*

1438 1497 1486 1519 ter
1502 1490 1533 1519 in
1550 1496 1780 1529 procuratorem
1801 1489 1949 1528 magister
1968 1489 2122 1520 Henricus
2141 1491 2178 1519 de
2197 1490 2344 1532 Angeren

1438 1541 1475 1568 ab
1500 1540 1642 1568 omnibus
1669 1538 1838 1578 magistris.
1864 1537 1932 1567 Et²
1958 1548 2026 1567 cum
2059 1539 2175 1569 beanus
2207 1547 2290 1570 esset
2313 1541 2350 1571 in.

1438 1588 1549 1623 officio,
1579 1588 1700 1617 naeioni
1730 1587 1917 1627 supplicavit
1940 1593 1973 1616 ut
1998 1587 2059 1617 sibi
2086 1598 2179 1618 unum
2206 1589 2349 1620 francum.

1438 1638 1661 1666 accomodaret.
1675 1637 1766 1674 Quod
1776 1636 1919 1665 omnibus
1932 1637 2090 1676 magistris
2101 1637 2216 1676 placuit
2228 1638 2343 1669 ibidem

1437 1693 1569 1726 protunc
1585 1686 1801 1720 existentibus,
1820 1685 1872 1714 tali
1890 1691 1990 1714 tamen
2009 1686 2190 1716 condicione
2213 1686 2343 1729 adjecta,

1439 1737 1522 1775 quod
1544 1736 1623 1764 infra
1643 1742 1765 1774 tempus
1787 1744 1842 1763 sue
1867 1735 2100 1774 procuracionis
2120 1736 2248 1766 deberet
2271 1738 2346 1767 red-

1439 1786 1523 1820 dere,
1541 1791 1570 1814 et
1584 1784 1634 1823 [si]
1652 1784 1732 1813 infra
1750 1794 1812 1813 non
1831 1784 1977 1813 redderet
1998 1784 2131 1820 nacioni,
2154 1786 2192 1815 de
2212 1786 2344 1826 pignere

1438 1834 1642 1874 providere[t]
1662 1833 1834 1862 sufficienti.
1859 1832 1895 1861 In
1917 1832 2003 1872 cujus
2032 1835 2254 1872 procuracione
2279 1842 2346 1866 acta

1439 1890 1510 1913 sunt
1527 1883 1734 1921 infrascripta.

1480 1924 1622 1970 Item-[in]
1633 1932 1738 1960 eadem
1750 1931 1995 1971 congregacione
2005 1932 2192 1971 computavit
2201 1940 2347 1973 receptor

1439 1992 1541 2012 coram
1562 1981 1719 2021 magistris
1740 1980 1853 2009 ibidem
1876 1980 2092 2015 existentibus,
2114 1988 2144 2010 et
2164 1982 2242 2011 sacto
2265 1993 2349 2013 com--

1438 2038 1512 2071 puto
1524 2038 1554 2060 et
1568 2041 1585 2060 a
1599 2030 1756 2070 magistris
1772 2030 1942 2069 approbato
1955 2030 1992 2058 ab
2008 2030 2151 2060 omnibus
2166 2031 2253 2061 nacio
2266 2031 2345 2071 opti-

1438 2081 1505 2110 nuit
1520 2090 1587 2109 cum
1603 2085 1764 2119 receptore
1774 2078 1814 2107 Vl
1826 2078 1934 2113 libras,
1944 2078 1971 2107 V
1983 2078 2041 2107 sol.
2053 2085 2083 2108 et
2094 2078 2167 2108 VIII
2183 2080 2341 2110 denarios.

1479 2130 1553 2159 Item
1569 2128 1723 2157 dominica
1741 2134 1813 2167 post
1828 2127 1926 2157 Pasca
1949 2127 2103 2157 chbilate³
2118 2129 2156 2157 de
2171 2139 2258 2158 mane
2273 2136 2346 2169 post

1438 2189 1611 2208 sermonem
1628 2178 1705 2207 facta
1722 2177 1778 2206 fuit
1789 2177 1996 2216 congregacio
2010 2177 2040 2205 in
2057 2177 2169 2206 Sancto
2187 2178 2342 2208 Maturino

1438 2238 1532 2267 super
1561 2228 1681 2256 duobus
1713 2225 1862 2255 articulis.
1900 2225 2022 2255 Primus
2059 2226 2114 2255 fuit
2143 2227 2180 2255 de
2214 2227 2344 2266 pecunia

1437 2277 1576 2306 nacionis
1594 2285 1742 2305 concessa
1759 2275 1928 2314 magistris,
1948 2275 2021 2314 quid
2038 2275 2076 2304 de
2094 2275 2147 2304 illa
2163 2276 2229 2304 fleri
2248 2277 2344 2305 debe-

1437 2332 1495 2361 ret,
1512 2335 1580 2355 cum
1591 2325 1669 2364 ipsis
1681 2335 1698 2353 a
1710 2324 1838 2353 nacione
1854 2323 1906 2353 tali
1918 2324 2099 2352 condicione
2113 2324 2168 2353 fuit
2183 2334 2341 2360 concessa,

1438 2376 1521 2414 quod
1542 2375 1603 2414 ipsi
1622 2375 1772 2403 deberent
1793 2373 1960 2402 certificare
1980 2373 2139 2402 nacionem
2162 2373 2348 2413 pigneribus-

1437 2424 1485 2454 vel
1503 2424 1626 2458 litteris,
1644 2423 1727 2463 quod
1745 2422 1806 2462 ipsi
1825 2432 1887 2451 non
1907 2423 2045 2451 fecerunt
2063 2422 2094 2450 in
2114 2422 2191 2451 festo
2211 2422 2346 2458 Pasche,

1437 2474 1490 2513 qui
1507 2473 1561 2502 suit
1573 2473 1723 2502 terminus
1737 2472 1815 2511 ipsis
1833 2471 2020 2510 assignatus.

1477 2524 1523 2551 2¹¹³
1537 2522 1684 2551 articulus
1697 2522 1735 2550 de
1750 2520 1970 2560 perpotacione
1984 2520 2206 2558 procuratoris.

1477 2573 1522 2601 3¹¹³
1538 2571 1593 2600 fuit
1608 2571 1645 2600 de
1664 2569 1961 2610 supplicacionibus.

1477 2620 1523 2649 De
1539 2620 1639 2659 primo
1651 2619 1779 2648 articulo
1790 2618 2038 2647 deliberaverunt
2049 2617 2187 2647 nacionis
2203 2618 2348 2658 magistri.

1437 2670 1520 2708 quod
1537 2670 1686 2698 deberent
1705 2677 1820 2707 ponere
1839 2667 1969 2706 pignera
1984 2666 2187 2701 sufficiencia,
2207 2673 2237 2696 et
2252 2668 2344 2697 debe-

1436 2717 1525 2747 rent⁴
1551 2718 1608 2746 hoc
1628 2718 1727 2746 facere
1745 2716 1846 2746 statim
1868 2715 2076 2755 requisicione
2095 2716 2172 2744 facta
2193 2726 2210 2745 a
2229 2726 2348 2755 procu-

1436 2773 1549 2802 ratore,
1576 2773 1605 2795 et
1624 2766 1704 2795 idem
1725 2771 1907 2804 procurator
1926 2774 1979 2793 eos
1998 2764 2161 2804 requisivit
2182 2765 2213 2794 in
2235 2765 2343 2794 eadem

1436 2815 1694 2855 congregacione.

1465 2922 1488 2944 3.
1522 2921 1550 2943 27
1563 2919 1666 2951 Aprilis.

1464 2957 1488 2980 4.
1522 2955 1718 2979 Mancharum.

2611 1243 2632 1472 .„·.-.2..?n²-2-¹-⁴'-'Q
2614 1183 2632 1273 ¹⁷³1*oe
2611 1121 2625 1154 ³⁶
2611 1079 2618 1099 ’Δ
2620 959 2626 1043 ¹·''·
2608 928 2619 938 τι
2611 897 2620 911 “’
2612 871 2617 877 Ἴ
2613 771 2615 774 ⁴
