2632 3464
466 440 517 465 339
1002 433 1222 459 AUCTARIUM
1243 431 1501 458 CHARTULARII
1521 431 1692 457 UNIVERS.
1716 430 1834 457 PARIS.
2321 431 2375 458 340

466 514 604 543 nacionis
623 522 717 552 super
727 511 919 551 disponenda
933 509 1060 549 pecunia
1076 508 1214 537 nacionis
1227 514 1257 537 et
1272 517 1366 546 super

466 562 692 602 composicione
719 561 847 589 duorum
873 559 1089 598 magistrorum
1112 567 1206 596 super
1235 557 1365 595 quadam

466 613 567 646 domo,
596 611 657 639 dati
683 616 768 638 erant
799 608 934 647 deputati
963 607 1014 646 qui
1045 612 1183 635 taxarent
1210 605 1307 634 libros
1337 610 1366 633 et

468 661 597 700 pignora
614 658 751 688 nacionis
768 664 798 686 et
817 657 923 685 arbitri
943 666 995 685 seu
1017 656 1151 694 deputati
1174 655 1211 682 ad
1222 653 1366 693 judican-

467 711 537 739 dum
562 718 655 747 super
679 708 755 736 facto
779 706 994 745 magistrorum
1021 704 1098 743 ipsis
1120 703 1208 743 prius
1228 702 1366 742 plenarie

467 757 648 787 informatis.

507 807 581 835 ltem
597 805 713 834 decima
726 804 854 843 septima
870 803 918 831 die
931 802 1045 831 mensis
1056 801 1139 830 Junii
1151 802 1227 829 facta
1238 810 1366 839 congre-

468 856 595 895 gacione
614 853 750 883 nacionis
766 862 822 892 per
833 851 1036 890 juramentum
1057 851 1093 879 ad
1110 849 1313 878 ordinandum
1329 849 1366 877 de

467 904 596 944 pecunia
615 902 767 936 nacionis,
790 900 917 929 maxime
939 909 995 938 pro
1021 899 1167 928 solvendo
1194 905 1265 927 taxu
1291 907 1367 937 ope-

468 953 617 982 rariorum
651 950 875 990 perficiencium
910 949 1009 977 scolas
1042 947 1192 982 nacionis,
1225 947 1366 975 dominus

469 1007 610 1040 receptor
626 999 771 1038 magister
785 998 956 1027 Hernestus
970 1008 1006 1026 ex
1024 996 1249 1025 deliberacione
1262 995 1367 1024 nacio—

468 1051 516 1079 nis
553 1048 730 1078 auctoritate
765 1047 866 1075 habita
891 1046 1043 1076 vendendi
1073 1045 1203 1085 pignora
1229 1044 1367 1073 nacionis

469 1098 636 1137 assumpsit
653 1107 730 1126 onus
749 1096 931 1135 expediendi
948 1096 1090 1124 factorem
1110 1094 1158 1123 vel
1174 1100 1367 1133 operatorem

468 1148 618 1177 scolarum
633 1146 848 1185 predictarum.
868 1145 965 1173 Etiam
979 1143 1100 1172 nacioni
1118 1143 1232 1182 placuit
1249 1143 1274 1172 si
1297 1142 1368 1181 quis

468 1203 560 1231 esset,
581 1195 632 1234 qui
652 1194 771 1223 nacioni
787 1193 945 1232 pecuniam
959 1203 1015 1231 pro
1034 1192 1127 1221 scolis
1143 1192 1365 1220 accomodaret.

508 1246 581 1274 Item
595 1245 624 1273 in
636 1244 738 1272 eadem
755 1242 998 1282 congregacione
1010 1241 1208 1270 deliberatum
1219 1241 1274 1269 fuit
1284 1240 1368 1269 debi-

468 1300 529 1322 tum
544 1299 572 1322 et
581 1293 672 1322 eciam
687 1292 803 1320 racioni
813 1301 982 1320 consonum
994 1289 1175 1329 magistros⁴
1189 1295 1366 1328 perpotare‚

469 1343 520 1382 qui
540 1343 673 1370 nondum
689 1340 855 1380 jocundum
874 1340 1032 1369 solverunt
1052 1339 1222 1373 introitum,
1243 1345 1273 1367 et
1292 1348 1368 1367 con-

469 1391 581 1430 sumpti
609 1391 730 1419 suerunt
754 1391 782 1417 in
800 1391 940 1428 ymagine
961 1390 1058 1417 sancti
1081 1389 1227 1417 Johannis
1249 1388 1280 1416 in
1300 1387 1368 1416 vico

471 1440 572 1470 Sancti
589 1439 694 1468 Jacobi
713 1439 855 1478 superius
871 1439 931 1466 duo
950 1438 1045 1466 franci
1061 1443 1091 1466 et
1107 1438 1168 1466 duo
1183 1436 1313 1470 denarii,
1331 1437 1368 1465 de

470 1489 582 1528 quibus
595 1488 741 1527 magister
759 1488 869 1516 Petrus
885 1487 921 1515 12
937 1487 1065 1521 solidos,
1082 1486 1228 1525 magister
1244 1485 1369 1524 Thyde-

469 1539 551 1567 ricus
571 1538 606 1565 13
625 1537 741 1566 solidos
759 1536 928 1570 solverunt,
949 1542 979 1564 et
999 1535 1145 1574 magister
1165 1534 1311 1563 Hinricus
1331 1535 1368 1562 de

469 1587 583 1615 Thenis
597 1586 614 1614 4
627 1586 742 1614 solidos
760 1585 861 1619 solvit,
874 1591 903 1613 et
913 1585 1054 1613 dominus
1066 1590 1209 1623 receptor
1220 1584 1237 1612 3
1252 1583 1369 1612 solidos

470 1646 537 1664 cum
555 1636 674 1663 duobus
689 1634 835 1662 denariis.

509 1684 583 1713 ltem
603 1684 719 1712 decima
739 1693 819 1711 nona
841 1683 888 1711 die
907 1681 1042 1721 ejusdem
1063 1682 1228 1711 deliberata
1249 1683 1371 1710 fuerunt

470 1734 601 1773 pignora
628 1732 728 1771 posita
753 1732 789 1760 ad
812 1731 1012 1770 provinciam,
1039 1730 1157 1759 scilicet
1180 1731 1251 1759 libri
1271 1730 1368 1765 multi,

471 1782 617 1821 repositis
632 1788 731 1810 tamen
743 1780 811 1809 aliis
824 1780 892 1809 loco
906 1780 1027 1809 illorum
1040 1780 1237 1819 pignoribus,
1253 1779 1371 1808 scilicet

471 1830 621 1860 clenodiis
649 1829 802 1864 nacionis,
828 1829 972 1858 videlicet
993 1829 1086 1858 calice
1112 1835 1141 1858 et
1165 1829 1324 1868 ampullis,
1352 1829 1371 1857 6

472 1880 559 1908 libris
576 1879 783 1918 spectantibus
805 1879 843 1906 ad
861 1877 990 1907 officium
1009 1878 1158 1913 nacionis,
1178 1878 1277 1906 tribus
1298 1887 1371 1916 cap-

471 1929 531 1968 pis,
559 1927 694 1962 coriciis,
720 1933 749 1956 et
774 1927 873 1956 tribus
898 1927 1010 1956 niceris
1033 1927 1231 1962 ornamentis,
1256 1926 1373 1955 scilicet

473 1978 499 2006 11
522 1977 634 2006 casulis
650 1986 716 2005 cum
734 1977 797 2005 suis
813 1976 954 2004 omnibus
970 1976 1153 2005 attinenciis.

512 2026 585 2055 Item
612 2035 791 2054 concessum
816 2025 871 2054 suit
892 2025 1014 2053 lattamo
1040 2031 1073 2053 ut
1096 2025 1155 2053 sibi
1178 2024 1372 2053 solverentur

472 2075 547 2104 tales
560 2074 687 2113 pecunie
701 2075 738 2102 de
752 2074 858 2103 ultimo
876 2074 1006 2102 termino
1017 2074 1118 2102 debite
1134 2074 1164 2102 in
1181 2075 1258 2102 festo
1276 2073 1372 2102 sancti

472 2123 631 2152 Johannis.

514 2172 587 2201 ltem
606 2172 681 2200 facta
701 2171 944 2210 congregacione
967 2171 1104 2200 nacionis
1124 2172 1204 2211 apud
1229 2172 1372 2201 Sanctum

474 2221 653 2250 Matulinum'
675 2221 712 2249 25
734 2221 782 2249 die
808 2220 922 2249 mensis
944 2220 1026 2249 Junii
1051 2230 1108 2259 pro
1135 2221 1307 2250 ordinando
1334 2222 1372 2250 de

474 2270 602 2309 pecunia
615 2269 753 2298 nacionis
770 2269 871 2298 multis
883 2269 954 2298 hinc
973 2270 1066 2307 [inde]
1082 2270 1241 2305 estimatis,
1259 2270 1372 2299 delibe-

473 2325 571 2347 ratum
585 2319 639 2347 fuit
651 2319 733 2357 quod
747 2318 773 2346 si
787 2318 839 2356 qui
855 2318 993 2357 magistri
1012 2324 1115 2347 essent
1133 2319 1185 2357 qui
1204 2320 1372 2348 concedere

474 2367 522 2396 vel
551 2367 747 2396 accomodare
773 2366 893 2395 nacioni
922 2367 1079 2405 pecuniam
1106 2368 1235 2403 vellent,
1260 2368 1372 2397 talibus

474 2416 560 2444 nacio
591 2422 695 2455 parata
725 2422 807 2444 esset
832 2416 1006 2444 satisfacere
1036 2416 1113 2444 infra
1139 2417 1246 2445 festum
1276 2417 1373 2445 Pasce

474 2465 646 2499 affuturum,
674 2471 703 2492 et
726 2474 792 2493 cum
816 2464 872 2493 hoc
897 2466 1094 2493 accomodare
1120 2466 1219 2494 scolas
1247 2465 1315 2494 illas
1342 2466 1373 2494 in

475 2523 715 2552 recompensam,
731 2513 771 2542 ita
786 2514 868 2552 quod
888 2513 1033 2552 magister
1050 2514 1203 2543 Jordanus
1221 2515 1375 2544 concessit

475 2562 594 2591 nacioni
627 2561 704 2590 XL2
738 2563 870 2597 francos,
908 2568 1037 2600 propter
1074 2563 1156 2601 quod
1191 2563 1249 2591 sibi
1286 2563 1374 2592 nacio

477 2611 575 2639 scolas
599 2621 694 2639 novas
717 2611 878 2639 inferiores
900 2611 996 2639 libere
1016 2621 1072 2650 per
1092 2612 1169 2640 duos
1190 2622 1285 2641 annos
1300 2622 1375 2641 con-

478 2660 586 2694 cessit;
607 2659 752 2698 magister
773 2659 919 2688 Hinricus
945 2659 1099 2698 Langhals
1121 2661 1156 2689 15
1169 2659 1180 2678 ³
1199 2661 1374 2700 supradicte

476 2708 596 2737 nacioni
614 2708 777 2742 concessit,
797 2714 826 2737 et
846 2709 1022 2747 superiores
1042 2709 1141 2737 scolas
1164 2709 1304 2738 similiter
1318 2720 1375 2749 per

477 2757 553 2785 duos
584 2767 680 2786 annos
709 2757 887 2795 assignavit.
920 2757 1038 2794 Quibus
1062 2758 1149 2786 nacio
1178 2759 1320 2796 promisit
1346 2766 1376 2788 et

477 2812 618 2844 receptor
633 2816 669 2834 ex
685 2812 770 2844 parte
786 2805 921 2844 ejusdem
937 2806 1073 2835 nacionis
1087 2807 1274 2845 supradicte,
1292 2808 1374 2847 quod

509 2918 530 2938 1.
564 2915 647 2939 Primo
660 2919 715 2939 erat
727 2916 847 2947 heyanoa.

510 2951 531 2974 2.
565 2953 611 2975 Ma.
627 2952 688 2974 add.
703 2953 741 2975 [ΑΟ.

1405 950 1438 975 10

1406 1194 1439 1220 15

1406 1441 1439 1466 20

1407 1685 1440 1711 25

1409 1931 1442 1956 30

1410 2176 1442 2202 35

1411 2422 1444 2447 40

1412 2666 1445 2692 45

1474 506 1584 535 solutis
1604 517 1685 536 nunc
1707 507 1819 536 debitis
1842 507 1991 542 nacionis,
2013 507 2131 536 scilicet
2153 517 2212 546 pro
2231 507 2325 537 scolis
2347 513 2379 536 et

1474 565 1531 594 pro
1548 555 1708 594 provincia
1726 555 1909 591 Allemanie,
1927 566 1965 585 ex
1982 562 2054 585 tunc
2071 556 2215 585 continue
2239 555 2300 586 sibi
2317 555 2377 586 sol-

1472 611 1620 633 verentur
1639 605 1772 644 pignora
1797 611 1827 634 et
1851 605 1909 634 alia
1933 605 2035 634 debita
2060 605 2139 634 sicut
2158 605 2376 640 creditoribus,

1475 653 1593 682 scilicet
1613 653 1770 693 magistris
1793 653 1979 693 supradictis
2004 653 2272 692 persolverentur,
2304 663 2378 693 quo-

1475 712 1573 742 usque
1583 702 1673 732 fuerit
1680 702 1769 742 plene
1782 703 1980 732 satisfactum.
1992 702 2177 732 Caucionem
2188 712 2263 732 vero
2272 709 2378 742 postu-

1475 751 1573 780 lantes
1586 751 1631 781 eis
1641 751 1796 781 concessit
1806 751 1894 781 nacio
1906 751 2025 781 literam
2043 751 2271 790 recognicionis
2285 761 2379 791 super

1475 800 1536 829 hiis
1562 800 1716 836 omnibus,
1748 800 1932 840 promittens
1962 810 2020 840 per
2044 806 2236 839 receptorem
2260 799 2378 830 literam

1476 849 1690 888 prescriptam.

1517 898 1591 927 Item
1616 899 1759 937 exposuit
1782 905 1926 938 receptor
1947 900 1964 940 5
1987 898 2073 928 albos
2096 908 2155 938 pro
2176 898 2274 927 litera.
2303 898 2378 928 Item

1476 948 1494 976 3
1513 947 1600 976 albos
1615 957 1672 987 pro
1689 947 1803 987 sigillo.

1517 996 1591 1025 Item
1607 997 1645 1025 29
1662 996 1711 1026 die
1724 996 1798 1026 dicti
1812 996 1928 1026 mensis
1942 996 2024 1026 Junii
2043 997 2120 1026 sacta
2135 996 2379 1036 congregacione

1477 1045 1616 1074 nacionis
1645 1051 1774 1085 propter
1801 1045 1935 1075 rotulum
1959 1052 1990 1074 et
2018 1055 2095 1075 nova
2125 1045 2210 1075 curie
2242 1045 2379 1075 Romane

1478 1094 1644 1134 sigillatum
1663 1094 1718 1123 suit
1732 1094 1888 1133 publicum
1909 1094 2145 1124 instrumentum
2165 1095 2230 1124 sive
2249 1094 2380 1134 quedam

1477 1144 1564 1173 litera
1583 1143 1811 1183 recognicionis
1829 1143 1942 1182 sigillis
1963 1143 2103 1182 utrisque
2125 1143 2264 1172 nacionis
2286 1151 2381 1182 super

1477 1192 1700 1232 quinquaginta
1722 1193 1857 1232 quinque
1880 1192 2005 1227 francis,
2027 1202 2156 1231 quorum
2177 1193 2215 1222 40
2234 1192 2382 1231 magister

1476 1242 1630 1271 Jordanus
1651 1241 1771 1270 nacioni
1790 1241 1954 1276 concessit,
1978 1247 2008 1270 et
2026 1241 2114 1270 nacio
2136 1241 2196 1270 sibi
2218 1241 2381 1270 inferiores

1478 1291 1578 1320 scolas
1603 1300 1710 1326 novas,
1732 1291 1768 1319 15
1787 1300 1862 1319 vero
1882 1290 2029 1329 magister
2044 1290 2191 1319 Hinricus
2213 1289 2380 1329 Langhals,

1478 1340 1526 1369 cui
1545 1339 1723 1379 superiores
1738 1339 1903 1368 concessit.
1924 1339 2043 1376 Quibus
2061 1339 2284 1378 quinquaginta
2298 1339 2382 1367 fran-

1478 1389 1524 1418 cis
1537 1388 1658 1423 solutis,
1675 1387 1793 1418 scilicet
1806 1388 1838 1417 in
1856 1388 1905 1417 die
1923 1389 2082 1417 beatorum
2099 1387 2186 1417 Petri
2197 1394 2227 1416 et
2239 1387 2328 1416 Pauli
2339 1387 2384 1416 ad

1478 1439 1552 1467 duos
1576 1438 1697 1477 gladios
1732 1443 1932 1476 procuratore
1965 1442 1996 1466 et
2025 1442 2186 1476 receptore
2223 1446 2260 1465 ex
2294 1442 2382 1475 parte

1478 1487 1629 1522 nacionis,
1647 1493 1677 1515 et
1691 1486 1839 1525 magistro
1853 1486 1982 1515 Hinrico
1998 1485 2139 1524 predicto
2155 1495 2192 1514 ex
2206 1491 2293 1524 parte
2310 1484 2380 1521 alia,

1477 1542 1507 1565 et
1530 1536 1676 1575 magistro
1702 1535 1840 1564 Johanne
1863 1534 2005 1564 Ammers
2034 1534 2154 1563 notario
2174 1539 2204 1563 et
2223 1533 2380 1569 latthomo,

1478 1585 1596 1615 scilicet
1633 1585 1807 1614 edificatore
1838 1583 1990 1613 scolarum
2025 1583 2175 1618 nacionis,
2205 1589 2234 1612 et
2261 1583 2382 1612 duobus

1479 1634 1611 1663 bodellis
1626 1633 1759 1662 nationis
1777 1631 1924 1672 ejusdem.
1948 1633 1988 1661 Et
2004 1632 2235 1671 computacione
2257 1632 2334 1662 sacta
2353 1637 2384 1661 et

1479 1683 1637 1712 solucione
1652 1682 1723 1711 hinc
1736 1682 1807 1711 inde
1824 1681 1938 1711 ibidem
1952 1691 1988 1711 ex
2005 1687 2093 1720 parte
2107 1681 2246 1710 nacionis
2261 1681 2384 1710 fuerunt

1480 1731 1613 1771 expositi
1627 1731 1681 1760 XV
1698 1731 1788 1760 solidi
1806 1731 1906 1760 minus
1924 1731 1942 1759 2
1960 1730 2096 1760 denariis
2114 1740 2182 1759 cum
2192 1740 2254 1759 uno
2265 1729 2381 1764 franco,

1480 1781 1532 1820 qui
1572 1781 1702 1810 dabatur
1739 1779 1874 1815 notario,
1913 1779 2032 1809 scilicet
2068 1779 2216 1819 magistro
2250 1777 2384 1808 Johanni

1479 1829 1632 1859 Ammers.

1520 1878 1592 1919 (Pol.
1612 1878 1639 1919 9)
1652 1878 1727 1908 Item
1740 1878 1846 1908 ultima
1861 1878 1910 1907 die
1925 1877 2040 1907 mensis
2060 1877 2143 1907 Junii
2158 1876 2170 1895 ⁴
2187 1877 2265 1906 facta
2278 1876 2382 1906 nacio-

1479 1928 1528 1957 nis
1551 1927 1796 1967 congregacione
1821 1927 1901 1966 apud
1921 1926 2065 1956 Sanctum
2085 1926 2271 1955 Maturinum
2290 1934 2385 1965 super

1480 1977 1678 2013 ordinacione
1697 1977 1843 2006 sactorum
1865 1976 2003 2005 nacionis
2022 1986 2059 2004 ex
2080 1985 2235 2004 consensu
2251 1984 2384 2014 presen-

1481 2026 1571 2061 cium,
1591 2026 1738 2066 magister
1756 2025 1929 2054 Hernestus
1946 2031 2090 2064 receptor
2107 2025 2146 2053 ad
2160 2030 2265 2063 partes
2285 2023 2384 2053 iturus

1481 2075 1660 2114 magistrum
1689 2074 1858 2103 Johannem
1877 2073 2020 2103 Ammers
2042 2072 2202 2103 substituit
2227 2072 2259 2101 in
2283 2072 2384 2101 locum

1481 2134 1580 2159 suum,
1590 2133 1752 2163 quousque
1763 2129 1983 2158 reverteretur,
1993 2122 2046 2162 qui
2057 2122 2199 2161 promisit
2209 2131 2243 2151 se
2253 2120 2384 2150 officium

1479 2172 1557 2202 velle
1582 2172 1713 2201 fideliter
1734 2182 1890 2207 exercere,
1915 2181 1974 2211 pro
1996 2171 2109 2211 quibus
2131 2170 2278 2210 magister
2302 2169 2385 2199 Her—

1481 2228 1587 2251 nestus
1603 2221 1673 2250 fecit
1688 2231 1720 2250 se
1736 2222 1844 2250 fortem
1858 2227 1888 2250 et
1904 2221 2018 2250 bonum
2034 2220 2101 2250 sine
2113 2220 2244 2249 defectu.

1523 2271 1597 2300 Item
1614 2270 1713 2309 prima
1730 2270 1779 2299 die
1797 2269 1869 2299 Julii
1885 2270 1962 2299 facta
1976 2270 2099 2299 suerunt
2113 2268 2241 2308 pulpita.

1521 2319 1596 2348 Item
1616 2329 1653 2348 ex
1670 2325 1758 2358 parte
1775 2318 1906 2348 rectoris
1924 2319 1962 2347 de
1979 2318 2108 2347 nacione
2125 2316 2290 2347 Normanie
2306 2316 2386 2345 deli-

1480 2369 1619 2398 beratum
1641 2368 1697 2397 suit
1718 2368 1749 2397 in
1768 2368 1921 2405 naci0[ne]
1943 2373 2093 2406 quatenus
2111 2365 2298 2405 punire[tur]
2326 2374 2386 2404 pro

1481 2427 1611 2446 excessu
1627 2427 1694 2452 suo,
1716 2416 1834 2446 scilicet
1849 2417 1931 2455 quod
1949 2415 2087 2455 quolibet
2101 2421 2239 2453 tempore
2254 2413 2386 2443 affuturo

1482 2472 1601 2495 careret
1620 2465 1735 2501 officio;
1763 2466 1818 2494 fuit
1839 2465 1933 2494 eciam
1953 2464 2153 2493 deliberatum
2174 2463 2257 2502 quod
2278 2461 2387 2502 majori

1482 2525 1560 2554 pena
1569 2515 1735 2544 secundum
1743 2514 1870 2543 aliarum
1876 2513 2038 2543 nacionum
2045 2512 2203 2541 arbitrium
2211 2511 2383 2551 puniretur.

1523 2564 1598 2593 Item
1614 2573 1795 2593 concessum
1813 2563 1869 2592 fuit
1887 2563 1919 2591 in
1936 2562 2064 2591 nacione
2080 2561 2163 2600 quod
2183 2560 2386 2600 carpentariis

1483 2613 1548 2642 sive
1576 2613 1792 2652 operatoribus
1822 2611 1973 2641 scolarum
2001 2611 2126 2639 daretur
2158 2610 2280 2638 francus
2318 2619 2386 2638 cum

1483 2662 1621 2690 dimidio.

1524 2710 1599 2739 Item
1625 2709 1703 2739 dixit
1721 2709 1868 2749 magister
1888 2708 2060 2737 Hernestus
2081 2713 2224 2746 receptor
2246 2705 2388 2736 nacionis

1484 2760 1567 2798 quod
1578 2758 1737 2798 provincie
1750 2764 1832 2787 esset
1843 2757 1974 2787 solutum
1986 2757 2087 2796 quoad
2097 2756 2290 2785 medietatem
2302 2754 2387 2784 debi-

1484 2814 1596 2843 torum,
1617 2807 1733 2837 scilicet
1749 2806 1804 2836 XV
1821 2807 2005 2836 francorum.

1514 2919 1538 2941 3.
1572 2920 1640 2941 Inter
1652 2917 1732 2941 lineas
1743 2917 1794 2940 XV.

1514 2955 1537 2977 4.
1571 2955 1618 2977 Ms.
1634 2953 1705 2977 Julii.

2615 2874 2632 3295 ..ma-lmafl-“dm-uum-ssngmvt
2616 2751 2632 2845 .*—..1<„ss
