2632 3464
435 471 485 495 479

434 552 483 575 tus
499 546 535 574 ab
549 544 691 573 omnibus
708 548 773 571 erat
789 541 987 581 approbatus.
1006 539 1125 568 Deinde
1141 537 1257 566 electus
1273 543 1339 565 erat

435 593 630 623 concorditer
667 593 698 621 in
730 596 961 630 procuratorem
1002 588 1148 627 magister
1181 586 1338 615 Johannes

434 641 659 681 Levenhaghen
673 642 710 669 de
723 639 877 679 Wolgast.
894 638 928 667 In
944 636 1031 676 cujus
1046 634 1261 675 procuratoria
1273 640 1339 663 acta

435 698 507 721 sunt
525 691 580 719 hec
598 700 657 729 que
671 695 852 728 sequuntur.

475 740 579 769 Primo
596 740 672 767 sacta
687 737 932 777 congregacione
946 734 1084 763 nacionis
1098 733 1268 772 Anglicane
1284 742 1339 771 per

429 788 633 829 juramentum
650 787 719 816 Xll³
734 787 782 815 die
796 785 909 814 mensis
925 783 1109 814 Novembris
1127 782 1202 811 hora
1221 781 1339 821 prima-

435 848 501 867 rum
517 838 629 867 Nostre
645 836 775 865 Domine
791 835 822 863 in
838 835 928 863 domo
943 831 1103 871 capitulari
1119 831 1223 860 Sancti
1237 830 1339 859 Matu-

435 887 495 915 rini
511 887 548 915 ad
565 886 767 915 ordinandum
787 890 817 912 et
834 882 1061 922 disponendum
1085 881 1122 909 de
1146 880 1223 908 festo
1241 879 1338 909 sancti

435 935 608 965 Eadmundi
640 934 739 973 regis,
767 932 911 962 videlicet
942 936 1087 970 quantum
1119 930 1157 958 ad
1191 929 1339 967 sollemp-

434 985 544 1014 nitates
567 983 720 1012 faciendas
739 982 770 1010 in
786 981 928 1015 ecclesia,
947 980 978 1008 in
1002 978 1109 1008 officiis
1134 977 1247 1007 divinis
1269 977 1338 1017 ipso

435 1035 484 1062 die
504 1032 638 1072 ejusdem
660 1031 756 1060 sancti
774 1037 803 1059 et
821 1036 965 1069 quantum
988 1029 1026 1056 ad
1044 1027 1206 1067 prandium
1224 1027 1339 1056 facien-

435 1083 505 1111 dum
530 1092 587 1121 pro
611 1080 768 1119 magistris
790 1079 945 1113 nacionis,
967 1083 999 1106 ut
1031 1077 1056 1105 si
1082 1076 1246 1116 prandium
1272 1076 1339 1104 fieri

435 1133 560 1160 deberet
578 1130 804 1169 provideretur,
821 1134 850 1157 et
867 1128 904 1156 de
922 1127 1012 1155 modo
1031 1125 1163 1154 faciendi
1180 1125 1293 1164 ipsum,
1310 1131 1340 1154 et

434 1187 467 1209 ut
484 1181 630 1209 darentur
644 1185 674 1207 et
693 1179 913 1217 deputarentur
937 1176 1030 1215 aliqui
1053 1174 1192 1214 magistri
1208 1174 1247 1203 ad
1265 1183 1339 1213 pro-

435 1230 602 1258 curandum
621 1234 782 1267 oportuna.

474 1279 519 1306 2¹¹⁸
535 1276 682 1306 articulus
713 1282 778 1304 erat
806 1276 843 1303 ad
873 1275 1037 1303 videndum
1068 1274 1105 1302 de
1137 1272 1338 1312 expedicione

435 1327 597 1366 pignorum
617 1326 647 1354 in
665 1324 793 1353 nacione
809 1323 1025 1363 obligatorum.

476 1376 627 1412 Quantum
646 1375 683 1402 ad
706 1373 837 1412 primum
855 1372 1051 1401 concorditer
1073 1377 1138 1400 erat
1159 1370 1338 1400 conclusum

434 1431 467 1454 ut
487 1425 573 1453 fieret
590 1424 762 1452 condecens
783 1421 995 1460 sollempnitas
1013 1420 1045 1449 in
1065 1420 1195 1449 ecclesia
1210 1420 1241 1448 in
1258 1419 1339 1449 divi-

435 1474 484 1502 nis
499 1473 618 1508 officiis,
636 1478 665 1501 et
681 1478 714 1500 ut
732 1471 919 1499 haberentur
933 1469 1024 1498 alieni
1041 1475 1182 1498 cantores
1201 1475 1231 1498 et
1246 1479 1339 1498 orna-

435 1528 536 1551 menta
555 1521 684 1550 ecclesie
710 1527 740 1549 et
759 1526 860 1548 cetera
881 1518 1101 1553 cerimonialia,
1124 1524 1158 1547 ut
1176 1518 1252 1547 alias
1272 1518 1339 1546 fieri

435 1576 660 1600 consueverunt
675 1570 732 1598 sub
755 1568 899 1607 expensis
918 1567 1067 1597 nacionis.
1090 1567 1340 1597 Concludebatur

436 1618 524 1647 etiam
552 1617 746 1646 concorditer
763 1616 846 1655 quod
871 1615 958 1643 fieret
986 1614 1150 1653 prandium
1177 1614 1339 1643 honestum

436 1677 519 1696 more
538 1666 629 1695 solito
644 1676 701 1704 pro
719 1664 876 1704 magistris
901 1663 1039 1692 nacionis
1058 1663 1209 1692 interesse
1231 1663 1339 1692 volen-

435 1716 535 1750 tibus;
554 1715 594 1744 ita
609 1721 709 1743 tamen
725 1714 808 1753 quod
823 1712 954 1752 quilibet
969 1723 1074 1741 eorum
1091 1713 1178 1741 daret
1192 1718 1280 1741 antea
1294 1712 1338 1741 III

437 1764 553 1793 solidos
579 1763 759 1803 parisiens,
781 1769 811 1791 et
838 1762 925 1791 nacio
952 1762 1087 1791 solveret
1110 1761 1283 1797 residuum,
1310 1767 1340 1790 et

437 1813 507 1852 quia
533 1819 619 1841 erant
641 1812 780 1852 magistri
800 1811 923 1850 quidam
947 1817 1120 1850 presentes,
1140 1810 1258 1840 scilicet
1278 1811 1339 1840 duo

435 1856 483 1891 vel
505 1868 580 1896 tres,
611 1871 740 1901 quorum
766 1860 896 1900 quilibet
922 1860 1052 1889 debebat
1079 1861 1093 1888 1
1118 1861 1254 1889 francum
1281 1869 1339 1900 pro

432 1911 567 1950 jocundo
581 1910 708 1939 introitu
722 1920 827 1939 eorum
840 1910 878 1938 ad
894 1909 1170 1948 congregacionem
1186 1909 1337 1944 nacionis,

437 1970 515 1999 quos
542 1959 664 1999 quidem
686 1958 713 1988 II
737 1959 785 1987 vel
808 1958 852 1987 111
878 1959 999 1987 francos
1019 1958 1106 1987 nacio
1128 1958 1282 1997 reciperet
1308 1958 1339 1987 in

437 2009 633 2038 sublevamen
662 2008 879 2047 predictorum.
908 2007 1004 2036 Erant
1027 2007 1122 2036 eciam
1144 2007 1341 2036 concorditer

437 2068 497 2087 una
509 2068 576 2087 cum
592 2064 752 2096 receptore
765 2056 903 2085 nacionis
915 2056 1051 2095 deputati
1064 2057 1101 2084 ad
1114 2057 1340 2095 procurandum

437 2107 583 2146 magister
599 2106 781 2135 Guillelmus
795 2107 832 2134 de
853 2105 994 2134 Trebron
1017 2106 1054 2134 de
1071 2104 1179 2134 Scocia
1195 2112 1224 2134 et
1242 2104 1340 2145 magi-

438 2162 501 2185 ster
516 2155 657 2184 Andreas
674 2155 819 2194 Symonis
833 2155 870 2183 de
887 2154 1009 2183 Prucia.

479 2204 524 2233 De
545 2206 575 2232 2⁰
591 2210 689 2233 autem
708 2204 836 2232 articulo
857 2203 1096 2232 concludebatur
1110 2203 1294 2232 unanimiter
1309 2210 1342 2232 ut

438 2253 493 2288 illi,
507 2263 635 2292 quorum
648 2259 719 2281 sunt
730 2252 863 2292 pignora
874 2259 903 2281 et
914 2253 966 2291 qui
976 2259 1047 2281 sunt
1054 2259 1228 2291 presentes,
1239 2262 1341 2281 mone-

438 2308 555 2336 rentur,
582 2308 611 2330 et
632 2301 802 2330 monicione
820 2301 934 2336 habita,
956 2301 982 2330 si
1002 2311 1063 2330 non
1087 2301 1187 2330 statim
1208 2301 1342 2330 redime-

439 2357 507 2380 rent
533 2357 642 2379 extunc
663 2350 794 2389 pignora
815 2350 965 2389 ipsorum,
986 2361 1043 2379 una
1068 2361 1134 2379 cum
1158 2350 1341 2390 pignoribus

439 2400 614 2429 absencium
628 2400 799 2428 vendantur
810 2398 896 2438 juxta
912 2405 1023 2428 statuta
1038 2399 1188 2428 nacionis.

480 2447 582 2477 Inter⁴
610 2448 680 2477 illos
709 2449 885 2487 magistros,
914 2458 1044 2487 quorum
1063 2448 1192 2487 quilibet
1212 2449 1342 2478 debebat

441 2498 594 2526 sranckum
610 2507 668 2536 pro
678 2496 814 2535 jocundo
834 2497 970 2531 introitu,
997 2497 1051 2526 suit
1066 2498 1213 2536 magister
1226 2497 1342 2526 Arnol-

441 2547 497 2574 dus
518 2547 554 2574 de
573 2546 678 2584 Ghyse
700 2556 790 2580 unus,
813 2546 865 2584 qui
886 2546 977 2574 solvit
996 2556 1087 2574 unum
1106 2547 1263 2575 franckum
1285 2557 1341 2585 pro

435 2594 570 2633 jocundo
592 2595 718 2624 introitu
739 2595 994 2634 congregacionis
1018 2595 1188 2634 Anglicane
1211 2596 1242 2624 in
1266 2596 1342 2624 sesto

441 2644 537 2672 sancti
568 2644 739 2672 Eadmundi
768 2653 825 2682 pro
851 2644 980 2682 prandio
1006 2644 1156 2679 nacionis,
1183 2645 1266 2683 quod
1288 2644 1343 2673 fuit

441 2692 625 2721 celebratum
648 2693 678 2720 in
699 2692 816 2731 palacio
845 2693 1045 2721 Ter-minorum
1065 2693 1123 2721 sito
1146 2693 1176 2721 in
1196 2693 1341 2732 opposito

440 2740 498 2769 vici
514 2741 653 2770 Sorbone
663 2764 669 2776 ,
687 2747 719 2770 ut
732 2741 762 2769 in
777 2741 852 2769 libro
867 2743 1028 2779 receptor-is
1043 2747 1089 2770 est
1105 2742 1299 2780 explicatum.

473 2983 496 3006 1.
530 2984 600 3013 Quae
612 2987 760 3014 sequuntur,
775 2985 870 3016 scripta
880 2988 939 3008 sunt
953 2985 1007 3008 alia
1018 2994 1103 3009 manu.

971 461 1194 489 AUCTARIUM
1215 459 1473 486 CHARTULARII
1493 459 1667 487 UNIVERS.
1688 459 1807 486 PARIS.

1376 983 1410 1009 10

1376 1229 1410 1255 15

1376 1475 1410 1500 20

1377 1720 1410 1746 25

1377 1964 1410 1990 30

1378 2209 1412 2234 35

1379 2454 1412 2479 40

1379 2697 1413 2723 45

2298 459 2350 485 480

1852 535 1949 565 1375

1447 607 1519 647 (ΝΟΖ.
1560 607 1635 647 481‘)
1671 606 1760 636 Acta
1799 607 1835 636 in
1868 606 2134 646 procuratoria
2180 606 2351 646 magistri

1679 656 1860 686 ,Iohannis
1889 655 2112 685 Forestarii.

1486 731 1577 761 Anno
1593 742 1655 771 quo
1670 742 1775 771 supra,
1795 733 1846 761 20²
1861 732 1910 760 die
1925 731 2041 760 mensis
2063 730 2259 765 Novembris,
2277 731 2353 760 facta

1447 781 1694 821 congregacione
1723 781 1863 810 nacionis
1893 780 2064 820 Anglicane
2095 780 2176 819 apud
2209 779 2352 809 Sanctum

1447 829 1600 859 Julianum
1623 831 1660 859 ad
1685 829 1860 869 eligendum
1886 835 2130 869 procuratorem,
2162 828 2277 858 electus
2298 829 2354 858 fuit

1447 878 1523 908 hora
1535 879 1702 918 primarum
1718 878 1812 908 Beate
1827 878 1925 908 Marie
1939 878 2024 907 nullo
2044 878 2261 918 magistrorum
2278 888 2354 907 con-

1447 928 1615 957 tradicente
1626 928 1775 968 magister
1786 927 1943 957 Johannes
1964 927 2144 962 Forestarii,
2162 927 2216 966 qui
2229 927 2261 956 in
2275 927 2353 956 festo

1448 977 1545 1006 sancti
1566 976 1720 1006 Edmundi
1740 976 1879 1015 proximo
1900 982 2060 1016 sequente,
2085 975 2239 1005 celebrata
2258 976 2354 1005 missa

1447 1026 1598 1061 nacionis,
1625 1032 1697 1065 post
1716 1026 1877 1065 prandium
1897 1025 2116 1066 magistrorum
2133 1026 2172 1054 ad
2196 1026 2354 1054 tabernam

1448 1075 1576 1104 solverit
1589 1074 1711 1104 bedello
1722 1074 1862 1104 nacionis
1880 1084 1936 1113 pro
1952 1074 2052 1113 primo
2067 1074 2196 1103 introitu
2209 1074 2240 1103 in
2254 1073 2353 1103 officio

1448 1134 1502 1153 sue
1518 1123 1731 1163 procuratorie
1745 1133 1839 1152 unum
1857 1124 2006 1158 francum,
2025 1133 2116 1163 quem
2130 1123 2267 1152 nondum
2279 1132 2354 1162 per-

1446 1179 1604 1213 potarunt.
1639 1172 1673 1201 In
1707 1171 1793 1211 cujus
1828 1172 2039 1211 procuratoria
2074 1178 2140 1201 acta
2178 1178 2250 1201 sunt
2293 1181 2353 1211 que

1448 1228 1632 1261 sequuntur.

1487 1271 1684 1310 Congregata
1701 1270 1830 1300 nacione
1847 1270 1986 1309 predicta
1999 1270 2081 1309 apud
2097 1270 2241 1299 Sanctum
2256 1270 2354 1299 Julia-

1447 1330 1519 1349 num
1531 1320 1586 1349 XV
1589 1319 1631 1349 ΙΙι
1640 1320 1689 1348 die
1698 1319 1813 1349 mensis
1828 1319 2009 1348 Decembris
2023 1320 2059 1348 ad
2073 1319 2256 1348 audiendum
2271 1328 2354 1348 com-

1446 1376 1553 1409 putum
1568 1368 1741 1408 receptoris
1757 1379 1813 1398 nec
1832 1378 1895 1398 non
1914 1369 1952 1397 ad
1974 1368 2149 1408 eligendum
2172 1374 2356 1407 procurato-

1447 1429 1523 1453 rem,
1552 1417 1741 1458 computavit
1771 1423 1925 1457 receptor,
1958 1423 1988 1446 et
2018 1417 2161 1446 omnibus
2187 1416 2258 1445 hinc
2282 1417 2354 1446 inde

1447 1467 1644 1507 computatis,
1662 1467 1824 1496 tenebatur
1843 1466 1932 1495 nacio
1954 1465 2037 1495 dicto
2054 1465 2209 1505 receptori
2227 1465 2259 1494 in
2281 1465 2354 1495 vm

1448 1516 1558 1546 solidis
1573 1522 1602 1545 et
1615 1515 1672 1545 Vll
1689 1514 1838 1544 denariis.

1857 1609 1954 1638 1375

1447 1682 1539 1712 Acta
1578 1681 1614 1711 in
1652 1681 1923 1721 procuracione
1964 1680 2135 1720 magistri
2174 1679 2354 1709 Johannis

1649 1729 1828 1760 Lubberti
1860 1730 1903 1758 de
1934 1729 2153 1758 Daventria.

1487 1811 1578 1842 Anno
1603 1821 1664 1851 quo
1687 1820 1793 1850 supra,
1819 1809 1919 1839 XV112
1943 1810 1992 1838 die
2021 1809 2137 1838 mensis
2160 1809 2354 1845 Decembris,

1448 1862 1525 1891 sacta
1543 1859 1790 1900 congregacione
1810 1859 1949 1888 nacionis
1971 1857 2143 1898 Anglicane
2159 1859 2240 1897 apud
2259 1858 2356 1887 Sanc-

1448 1917 1510 1940 tum
1534 1909 1687 1939 Julianum
1718 1909 1757 1937 ad
1792 1907 1967 1948 eligendum
1997 1913 2228 1946 procuratorem
2257 1913 2287 1936 et
2317 1908 2356 1936 ad

1448 1959 1632 2000 audiendum
1658 1964 1833 1997 computum
1854 1956 2039 1995 receptoris,
2059 1956 2174 1985 electus
2199 1956 2255 1986 fuit
2279 1956 2355 1986 hora

1447 2008 1616 2048 primarum
1632 2007 1726 2036 Beate
1746 2006 1843 2036 Marie
1860 2005 1945 2035 nullo
1965 2005 2183 2044 magistrorum
2201 2005 2355 2034 contradi·

1449 2063 1536 2087 cente
1549 2056 1697 2096 magister
1713 2055 1870 2084 Johannes
1887 2053 2036 2084 Luhberti
2051 2054 2088 2083 de
2106 2053 2284 2089 Daventria.,
2301 2054 2355 2093 qui

1448 2106 1570 2135 nacioni
1588 2105 1636 2134 die
1657 2105 1688 2133 3²
1703 2110 1771 2134 ante
1788 2104 1835 2133 sui
1851 2103 2031 2133 electionem
2050 2103 2143 2132 solvit
2159 2113 2252 2132 unum
2269 2103 2356 2132 fran-

1449 2165 1516 2184 cum
1531 2164 1590 2194 pro
1602 2154 1701 2193 prima
1712 2152 1760 2182 sui
1775 2151 2003 2192 procuratoria;
2023 2161 2112 2191 quem
2130 2151 2269 2191 magistri
2282 2161 2355 2190 per-

1449 2209 1604 2243 potarunt.
1628 2202 1662 2232 In
1691 2201 1777 2241 cujus
1798 2201 2011 2241 procuratoria
2030 2206 2096 2230 acta
2121 2206 2194 2230 sunt
2212 2200 2269 2229 hec
2295 2210 2354 2239 que

1450 2258 1631 2291 sequuntur.

1490 2301 1606 2335 Primo,
1623 2299 1763 2329 nacionis
1779 2299 1855 2328 facta
1870 2297 2116 2338 congregacione
2129 2307 2189 2326 una
2202 2307 2269 2326 cum
2285 2307 2343 2326 con

1450 2350 1635 2390 gregacione
1653 2348 1872 2378 Universitatis
1893 2347 2004 2376 XX1X³
2021 2347 2070 2376 die
2090 2346 2205 2375 mensis
2223 2346 2356 2375 Decem-

1450 2399 1515 2428 bris
1535 2399 1616 2437 apud
1641 2397 1785 2427 Sanctum
1810 2396 1989 2426 Matulinum
2015 2405 2109 2434 super
2136 2395 2257 2424 duobus
2284 2394 2355 2424 arti-

1450 2447 1527 2478 culis
1535 2459 1542 2483 ;
1560 2447 1661 2486 primo
1686 2456 1780 2486 super
1804 2445 1933 2485 pecunia
1952 2445 2091 2473 habenda
2112 2444 2151 2473 ad
2175 2443 2355 2472 solvendum

1450 2496 1574 2526 domino
1593 2495 1761 2535 receptori,
1779 2494 1831 2524 ubi
1854 2494 2055 2523 deliberatum
2081 2492 2136 2522 fuit
2159 2492 2356 2522 concorditer

1451 2547 1533 2585 quod
1559 2545 1630 2574 libri
1659 2554 1738 2583 quos
1767 2544 1798 2572 in
1817 2543 1916 2573 vadiis
1941 2548 2059 2572 teneret
2082 2542 2301 2576 venderentur,
2327 2547 2357 2570 et

1450 2595 1533 2634 quod
1544 2595 1581 2623 de
1590 2593 1695 2634 gracia
1705 2593 1815 2627 solum,
1833 2598 1863 2621 et
1872 2601 1935 2620 non
1946 2592 1983 2620 de
1990 2590 2072 2630 jure,
2085 2590 2147 2619 illis
2159 2590 2272 2629 quibus
2283 2589 2356 2619 libri

1450 2643 1652 2683 pertinerent,
1667 2642 1833 2676 diceretur,
1851 2640 1878 2670 si
1894 2639 2035 2669 Parisius
2053 2645 2168 2668 essent.

1492 2692 1566 2721 Item
1584 2692 1629 2720 2¹¹⁸
1648 2691 1796 2720 articulus
1818 2689 1874 2719 fuit
1896 2699 1990 2728 super
2018 2689 2096 2717 festo
2129 2687 2356 2726 Concepcionis

1451 2741 1602 2780 Virginis,
1621 2746 1722 2769 utrum
1737 2740 1850 2768 bonum
1867 2743 1949 2767 esset
1968 2737 2125 2766 celebrare
2143 2737 2251 2766 festum
2271 2735 2357 2765 Con-

1451 2789 1602 2828 ceptionis
1618 2789 1705 2817 sicud
1720 2788 1779 2817 alia
1796 2793 1928 2826 quatuor
1940 2792 2047 2815 nostre
2066 2785 2209 2814 Domine.
2228 2785 2356 2814 Delibe-

1451 2845 1548 2868 ratum
1571 2837 1626 2867 fuit
1650 2837 1782 2876 primum
1804 2835 2000 2865 concorditer
2025 2835 2107 2874 quod
2129 2834 2184 2863 sic.
2208 2834 2270 2863 Sed
2285 2833 2357 2873 quia

1451 2887 1594 2917 concludi
1608 2896 1670 2915 non
1686 2891 1806 2925 poterat
1821 2885 1858 2914 de
1871 2884 1924 2913 illo
1941 2885 2017 2912 festo
2033 2883 2093 2912 nisi
2109 2882 2253 2922 primitus
2268 2881 2355 2911 factis
