2632 3464
383 400 436 425 191

382 475 520 505 corditer
536 475 685 515 magister
700 474 835 504 Thomas
852 475 890 504 de
910 475 981 504 Dun
1001 475 1113 504 Scotus
1133 475 1165 504 in
1182 484 1298 514 procu-

380 531 515 554 ratorem
537 523 619 553 dicte
643 524 796 560 nacionis,
821 523 908 553 nullo
930 524 1151 564 magistrorum
1173 514 1298 563 penitus

381 573 577 603 reclamante.
593 573 629 603 In
642 571 730 613 cujus
743 573 968 613 procuracione
986 574 1064 609 sacta
1080 579 1153 602 sunt
1167 572 1223 602 hec
1239 582 1298 612 que

382 629 539 652 secuntur.

422 672 528 701 Primo
544 672 575 701 in
593 672 731 701 crastino
746 678 820 711 post
838 671 1019 701 electionem
1035 680 1138 706 suam,
1156 670 1187 699 id
1205 676 1253 699 est
1267 670 1299 699 in

382 721 502 750 decima
529 720 579 750 die
614 719 751 760 ejusdem
781 721 914 755 mensis,
943 721 1021 750 sacta
1051 718 1299 759 congregacione

383 769 524 800 nacionis
540 769 713 810 Anglicane
734 771 817 810 apud
841 769 985 800 Sanctum
1008 769 1162 798 Julianum
1181 778 1299 808 paupe-

383 829 447 848 rem
464 820 502 848 ad
527 819 777 859 supplicandum,
800 819 1056 858 supplicaverunt
1077 817 1130 847 isti
1152 817 1300 846 determi-

384 875 510 904 nantes,
539 868 659 898 scilicet
686 868 855 898 Nicholaus
886 867 975 902 Snel,
1010 867 1165 896 Henricus
1195 866 1298 901 Zund,

386 917 604 947 Ghiselbertus
637 917 737 956 Paep,
770 916 897 946 Ulricus
932 916 1123 951 Ghiselberti
1157 915 1298 950 Ulrikes,

386 966 539 996 Colradus
565 967 603 996 de
632 966 793 1001 Bohemia,
822 965 991 1003 Bertoldus
1017 964 1104 1005 cujus
1129 974 1301 1004 cognomen

385 1026 447 1047 non
465 1015 574 1051 habui,
595 1016 792 1044 Harmannus
813 1015 1027 1050 Butenbroec,
1048 1014 1210 1054 quatinus,
1229 1013 1302 1053 quia

386 1075 540 1104 pauperes
557 1071 678 1100 essent,
706 1065 794 1093 sicud
815 1074 918 1093 coram
936 1070 1000 1093 tota
1018 1063 1148 1093 nacione
1172 1062 1302 1092 manife-

386 1115 508 1143 stabant
530 1114 663 1154 prestito
683 1112 870 1153 juramento,
900 1113 995 1142 vellet
1015 1113 1060 1142 eis
1082 1112 1172 1142 nacio
1190 1113 1302 1141 bursas

385 1164 542 1192 remittere
560 1163 714 1203 graciose.
733 1163 831 1200 Quam
850 1162 1114 1202 supplicacionem
1127 1161 1215 1191 nacio
1226 1170 1302 1190 con-

385 1212 481 1242 cessit
493 1213 523 1241 in
538 1212 620 1241 hunc
633 1213 769 1248 modum,
786 1213 870 1251 quod
879 1210 1021 1251 jurarent
1036 1211 1119 1250 quod
1136 1220 1227 1250 quam
1242 1209 1302 1239 cito

385 1262 430 1291 eis
446 1261 640 1301 aliquatenus
654 1261 782 1290 facultas
799 1267 1002 1296 accresceret,
1019 1260 1175 1300 predictas
1190 1260 1303 1289 bursas

387 1311 543 1340 solverent
563 1310 706 1345 indilate,
726 1310 811 1349 quod
829 1316 858 1339 et
880 1320 984 1339 coram
1001 1309 1131 1338 nacione
1152 1309 1300 1338 fecerunt.

426 1360 502 1389 Item
515 1360 546 1402 in
559 1360 664 1388 eadem
678 1359 926 1401 congregacione
938 1358 1157 1399 supplicabant
1168 1358 1303 1387 Jacobus

386 1409 485 1448 Helye
517 1415 546 1438 et
575 1409 735 1438 Gerardus
766 1408 883 1443 Fortis,
914 1408 1004 1437 etiam
1032 1407 1302 1442 determinatores,

386 1458 547 1497 quatinus,
569 1458 640 1497 quia
658 1458 820 1497 pecuniam
841 1456 1043 1487 sufficientem
1060 1466 1122 1485 non
1141 1456 1302 1491 haberent,

386 1507 519 1547 pignora
534 1506 756 1546 competencia,
774 1506 852 1535 citra
868 1507 978 1535 festum
995 1505 1147 1535 Johannis
1163 1504 1304 1544 Baptiste

387 1556 580 1591 redimenda,
606 1557 643 1584 ab
667 1556 785 1585 eisdem
808 1555 897 1585 nacio
917 1555 1059 1594 recipere
1080 1554 1189 1590 vellet,
1214 1564 1304 1594 quam

386 1605 650 1645 supplicacionem
669 1605 759 1634 etiam
775 1611 996 1634 concesserant
1011 1604 1161 1634 universi.

427 1655 502 1684 Item
519 1656 589 1683 14m=
605 1654 654 1683 die
673 1653 811 1693 ejusdem
830 1654 947 1683 mensis
962 1654 1039 1683 facta
1057 1652 1305 1693 congregacione

386 1704 526 1733 nacionis
548 1703 721 1743 Anglicane
741 1704 823 1743 apud
847 1703 992 1732 Sanctum
1012 1702 1166 1732 ,lulianum
1188 1711 1306 1741 paupe-

387 1763 451 1782 rem
476 1754 514 1782 ad
542 1752 791 1792 supplicandum,
820 1752 1007 1792 supplicavit
1034 1751 1134 1791 primo
1161 1751 1305 1780 dominus

388 1803 552 1832 Conradus
571 1803 608 1831 de
634 1801 899 1841 Cougelwingen,
923 1801 1069 1841 quatinus
1091 1810 1195 1830 secum
1217 1800 1306 1829 nacio

389 1862 484 1891 super
503 1851 617 1880 debitis
634 1850 919 1885 determinacionis,
940 1850 1012 1890 quia
1026 1860 1084 1879 nec
1097 1850 1146 1878 hie
1159 1860 1216 1879 nec
1232 1849 1305 1879 alibi

389 1901 507 1936 habuit,
527 1900 621 1930 vellet
638 1901 841 1939 dispensare;
860 1900 943 1939 quod
957 1899 1013 1928 suit
1030 1909 1224 1928 concessum.

429 1950 504 1979 Item
524 1951 630 1978 eadem
649 1949 698 1978 die
718 1949 973 1988 supplicaverunt
991 1948 1141 1988 magister
1158 1948 1306 1977 Albertus

388 2001 426 2028 de
455 1999 590 2028 Saxonia
612 2005 641 2027 et
666 1998 815 2038 magister
841 1997 959 2027 Themo
983 1997 1073 2026 Judei
1099 2007 1156 2036 pro
1181 1997 1306 2026 domino

390 2048 531 2078 Johanne
547 2048 584 2076 de
603 2047 715 2077 Prucia
731 2053 761 2076 et
775 2046 901 2076 domino
920 2046 1057 2076 Henrico
1081 2046 1233 2082 Embeke,
1254 2045 1306 2086 qui

390 2097 506 2126 domini
533 2096 760 2126 rationabiliter
784 2097 904 2126 fuerant
928 2096 1080 2135 impediti,
1107 2106 1144 2124 eo
1165 2096 1249 2135 quod
1275 2095 1307 2124 in

391 2156 513 2176 camera
537 2146 689 2175 examinis
712 2152 815 2180 erant,
840 2145 911 2174 ideo
935 2145 1144 2184 personaliter
1170 2145 1208 2174 ad
1232 2155 1308 2184 sup-

392 2196 567 2235 plicandum
597 2196 743 2224 accedere
773 2205 834 2223 non
862 2194 1015 2229 valebant,
1045 2194 1190 2234 quatinus
1219 2194 1308 2223 nacio

392 2246 479 2284 ipsos
499 2246 556 2274 sub
578 2244 669 2273 bonis
687 2244 876 2284 pignoribus
898 2253 997 2283 usque
1020 2244 1057 2272 ad
1081 2244 1191 2272 festum
1210 2243 1308 2272 sancti

391 2294 542 2324 Johannis
560 2293 699 2333 Baptiste
715 2294 753 2322 de
770 2293 875 2322 bursis
891 2292 1014 2321 nacioni
1032 2293 1151 2322 ratione
1167 2292 1309 2322 determi—

393 2343 533 2372 nacionis
549 2342 663 2371 debitis
678 2342 771 2371 vellet
788 2342 938 2377 relevare,
958 2352 1018 2381 que
1037 2342 1138 2370 omnia
1156 2342 1309 2370 concede-

394 2394 516 2421 bantur.

435 2442 510 2470 ltem
536 2442 584 2470 18²
604 2441 654 2469 die
672 2439 809 2480 ejusdem
829 2440 946 2469 mensis
967 2440 1045 2469 sacta
1063 2440 1309 2479 congregacione

396 2491 535 2520 nacionis
563 2491 601 2519 ad
624 2490 769 2518 Sanctum
793 2489 959 2523 Julianum,
983 2489 1237 2528 supplicaverunt
1258 2489 1309 2517 isti

395 2547 458 2569 tres
488 2539 616 2574 domini,
646 2539 748 2578 primo
774 2538 893 2567 scilicet
921 2538 1107 2567 Franciscus
1132 2539 1168 2567 de
1198 2537 1310 2578 Lippia

395 2589 540 2628 quatinus
559 2589 616 2617 sub
632 2597 711 2627 pena
728 2587 917 2626 privacionis
931 2587 1020 2616 nacio
1037 2587 1096 2616 sibi
1113 2587 1254 2616 inducias
1272 2587 1310 2615 de

395 2638 500 2667 bursis
527 2637 686 2667 solvendis
713 2647 812 2676 usque
839 2637 876 2665 ad
901 2637 1011 2665 festum
1038 2636 1134 2665 sancti
1159 2636 1310 2665 Johannis

394 2687 486 2716 vellet
501 2688 593 2721 dare;
614 2696 703 2725 quam
720 2685 843 2724 quidem
863 2685 1125 2724 supplicacionem
1142 2685 1232 2714 modo
1249 2695 1310 2724 quo

395 2736 504 2775 petivit
522 2735 611 2765 nacio
629 2735 771 2774 graciose
787 2734 953 2763 concessit.
971 2735 1002 2762 2⁰
1019 2734 1135 2766 ibidem
1152 2733 1311 2773 supplica-

394 2792 505 2821 verunt
525 2785 668 2814 dominus
689 2783 847 2812 Arnoldus
869 2784 906 2812 de
928 2782 1149 2812 Brunesberch
1166 2789 1195 2812 et
1210 2783 1311 2812 domi-

428 2904 449 2926 1.
484 2905 511 2926 ln
535 2903 650 2935 margine
672 2903 708 2926 ad
726 2911 813 2926 omnes
834 2905 966 2934 sequentes
991 2902 1138 2933 reseruntur
1157 2901 1231 2924 verba
1253 2909 1262 2925 .·
1284 2901 1309 2924 in

395 2940 482 2970 prima
499 2939 636 2962 audicione
651 2939 721 2970 apud
738 2939 861 2962 Nostram
877 2938 1026 2961 Dominam.

938 397 1161 425 AUCTARIUM
1183 397 1443 428 CHARTULARII
1461 398 1636 427 UNIVERS.
1659 399 1777 425 PARIS.

1339 922 1372 947 10

1340 1168 1372 1193 51

1342 1414 1375 1440 20

1343 1661 1376 1687 25

1344 1907 1378 1933 30

1345 2154 1379 2179 35

1347 2399 1381 2425 40

1348 2645 1382 2671 45

2270 399 2325 427 192

1408 484 1467 504 nus
1487 474 1646 504 lohannes
1673 475 1711 504 de
1737 474 1880 505 Culmine
1905 475 1990 514 quod
2011 475 2084 515 quia
2107 475 2242 505 nec-‘hic
2265 485 2323 506 nec

1408 523 1440 552 in
1458 523 1601 564 partibus
1623 523 1774 553 haberent
1796 525 1878 554 unde
1900 524 2012 554 bursas
2032 524 2154 554 solvere
2174 531 2324 564 possent,

1407 572 1546 612 placeret
1562 572 1685 602 nacioni
1705 583 1773 603 cum
1791 573 1871 612 ipsis
1890 573 2074 612 dispensare
2089 573 2128 604 d'e
2144 572 2323 613 hujusmodi

1408 622 1573 650 bursarum
1589 621 1761 659 solutione;
1780 631 1870 662 quam
1883 622 1973 651 etiam
1988 621 2330 662 supplicacionemibi-

1409 670 1478 702 dem
1491 670 1581 700 nacio
1593 670 1853 701 determinaverat
1867 671 2108 706 concedendam,
2123 676 2154 700 et
2168 670 2328 700 concessit

1409 728 1487 748 eam.
2240 748 2241 751 ,

1450 768 1506 797 Isti
1529 774 1600 798 sunt
1624 769 1678 808 qui
1702 769 1985 799 determinaverunt
2008 769 2069 798 isto
2091 778 2172 798 anno
2190 768 2223 798 in
2245 775 2327 798 tem—

1410 826 1486 856 pore
1501 817 1739 856 procuracionis
1757 817 1874 847 Thome
1891 818 1930 847 de
1949 818 2049 847 Duns.

1450 865 1547 895 Item⁴
1571 865 1738 896 Bertoldus
1756 867 1814 896 sub
1833 867 1983 907 magistro
1998 866 2138 896 Johanne
2160 867 2197 895 de
2218 866 2327 906 Leym-

1409 916 1516 951 broec,
1534 913 1621 954 cujus
1638 916 1734 945 bursa
1749 915 1855 945 nichil.

1451 964 1527 994 Item
1556 964 1700 995 dominus
1728 964 1892 994 Conradus
1918 966 1956 995 de
1989 965 2236 1005 Cougelvengyn
2267 965 2328 996 sub

1410 1014 1560 1053 magistro
1579 1013 1757 1043 Harmanno
1775 1014 1836 1052 [de]
1853 1014 1988 1050 Rotwil,
2005 1013 2093 1054 cujus
2107 1015 2203 1044 bursa
2217 1013 2324 1043 nichil.

1452 1062 1528 1092 Item
1546 1063 1690 1092 dominus
1710 1062 1907 1092 Harmannus
1923 1062 2120 1093 Butenbroec
2136 1064 2194 1093 sub
2209 1063 2328 1103 magis—

1411 1118 1460 1142 tro
1478 1111 1656 1141 Har-manno
1677 1112 1737 1150 [de]
1756 1111 1895 1147 Rotwill,
1908 1110 2103 1151 cujus'bursa
2117 1112 2223 1142 nichil.

1453 1161 1528 1190 Item
1553 1161 1697 1190 dominus
1714 1160 1883 1191 Nicholaus
1903 1160 1977 1190 Snel
1997 1162 2055 1190 sub
2076 1161 2226 1201 magistro
2245 1161 2329 1190 Har-

1412 1220 1524 1239 manno
1542 1211 1606 1249 [de]
1622 1210 1762 1246 Rotwill,
1779 1209 1866 1249 cujus
1884 1210 1980 1239 bursa
1997 1209 2103 1239 nichil.
2199 1241 2201 1244 .

1453 1259 1529 1288 Item
1549 1259 1693 1288 dominus
1712 1258 1867 1288 Henricus
1884 1259 1973 1288 Zund
1995 1259 2054 1288 sub
2077 1259 2226 1299 magistro
2245 1259 2330 1288 Her·—

1413 1318 1525 1338 manno
1546 1309 1607 1347 [de]
1625 1307 1753 1343 Rotwil,
1771 1306 1860 1347 cujus
1877 1308 1973 1337 bursa
1989 1307 2095 1337 nichil.

1453 1357 1529 1387 Item
1558 1356 1776 1387 Ghiselbertus
1803 1356 1887 1396 Paep
1915 1357 1973 1386 sub
2002 1356 2152 1397 magistro
2173 1356 2328 1393 Arnesto,

1413 1405 1500 1446 cujus
1516 1407 1612 1436 bursa
1626 1406 1733 1435 nichil.

1454 1456 1530 1485 Item
1559 1455 1703 1485 dominus
1735 1455 1860 1485 Ulricus
1894 1455 2084 1485 Ghiselberti
2115 1455 2242 1485 Ulrikes
2270 1456 2330 1485 sub

1413 1505 1563 1545 magistro
1578 1504 1725 1540 Arnesto,
1744 1503 1831 1544 cujus
1846 1505 1943 1534 bursa
1957 1504 2064 1534 nichil.

1455 1554 1530 1583 Item
1543 1553 1688 1583 dominus
1704 1553 1868 1583 Conradus
1886 1554 1923 1583 de
1940 1553 2090 1583 Bohemia
2105 1554 2163 1583 sub
2178 1553 2332 1593 magistro

1413 1603 1544 1634 Alberto
1562 1603 1600 1632 de
1618 1602 1783 1638 Bohemia,
1803 1601 1891 1642 cujus
1908 1603 2004 1632 bursa
2018 1602 2124 1632 nichil.

1455 1652 1531 1682 Item
1558 1652 1737 1682 Willelmus
1767 1652 1869 1681 Buser
1904 1652 1962 1681 sub
1993 1651 2144 1691 magistro
2174 1651 2329 1687 Arnesto,

1415 1700 1502 1741 cujus
1520 1702 1616 1731 bursa
1634 1702 1651 1731 5
1670 1701 1773 1730 solidi.

1455 1751 1531 1780 Item
1542 1750 1686 1780 dominus
1702 1751 1718 1780 J
1722 1751 1837 1780 acobus
1851 1749 1940 1779 Helie
1957 1750 2014 1779 sub
2029 1749 2179 1789 magistro
2193 1748 2333 1779 Henrico

1417 1801 1478 1839 [de]
1499 1801 1616 1840 Kempe
1634 1800 1741 1840 posuit
1758 1799 1860 1835 vadia,
1878 1798 1966 1839 cujus
1982 1800 2077 1828 bursa
2091 1799 2111 1827 4
2129 1798 2233 1828 solidi.

1456 1850 1531 1879 Item
1567 1849 1711 1878 dominus
1751 1849 1911 1878 Gerardus
1948 1848 2051 1878 Fortis
2087 1848 2145 1877 sub
2180 1848 2333 1888 magistro

1414 1898 1562 1934 Arnesto,
1576 1898 1661 1928 dedit
1674 1898 1763 1927 etiam
1780 1898 1923 1937 pignora,
1936 1896 2023 1937 cujus
2040 1898 2134 1926 bursa
2149 1897 2168 1926 3
2184 1896 2288 1926 solidi.

1457 1948 1531 1977 Item
1549 1948 1693 1977 dominus
1711 1946 1836 1976 Ulricus
1855 1947 1892 1976 de
1919 1946 2031 1976 Sancto
2050 1945 2140 1975 Gallo
2153 1945 2165 1964 ²
2183 1946 2334 1976 determi-

1416 2008 1493 2026 nans
1517 2003 1548 2026 et
1567 1997 1657 2026 etiam
1679 1996 1859 2025 licenciatus
1882 1996 1940 2025 sub
1963 1995 2113 2035 magistro
2133 1995 2273 2025 Johanne
2292 1995 2333 2024 de

1417 2046 1616 2081 Constancia,
1633 2044 1720 2085 cujus
1736 2046 1831 2074 bursa
1848 2045 1867 2073 4
1883 2044 1988 2075 solidi.
2203 2037 2205 2040 Α

1458 2096 1533 2125 Item
1557 2094 1701 2124 dominus
1727 2094 1940 2123 Theodericus
1963 2095 2001 2123 de
2024 2093 2161 2133 Campen
2184 2093 2333 2123 determi-

1417 2155 1494 2174 nans
1517 2145 1574 2174 sub
1595 2144 1745 2184 magistro
1762 2143 1899 2172 Henrico
1917 2143 1955 2172 de
1974 2143 2107 2182 Kempe,
2129 2141 2216 2182 cujus
2237 2143 2334 2171 bursa

1417 2195 1435 2223 5
1453 2193 1557 2223 solidi.

1458 2243 1534 2272 Item
1553 2242 1696 2272 dominus
1715 2241 1854 2271 Artolfus
1872 2242 1910 2270 de
1931 2241 2059 2271 Bavaria
2071 2240 2083 2259 ³
2100 2242 2157 2270 sub
2182 2240 2335 2280 magistro

1419 2292 1556 2322 Henrico
1571 2292 1632 2330 [de]
1650 2291 1780 2330 Kempe,
1798 2289 1886 2330 cujus
1902 2291 1997 2320 bursa
2012 2291 2030 2320 5
2046 2290 2149 2319 solidi.

1459 2341 1534 2371 Item
1557 2340 1701 2371 dominus
1726 2340 1903 2369 Macharius
1927 2341 1965 2368 de
1987 2339 2082 2369 Dacia
2105 2340 2162 2368 sub
2182 2338 2335 2378 magistro

1418 2391 1557 2420 ,iohanne
1576 2391 1614 2419 de
1631 2389 1838 2424 Wamberch,
1856 2387 1943 2429 cujus
1962 2389 2057 2418 bursa
2072 2388 2090 2417 4
2106 2388 2209 2417 solidi.

1460 2440 1534 2469 ltem
1572 2438 1716 2468 dominus
1757 2438 1868 2467 Petrus
1906 2437 2045 2467 Nicholai
2086 2438 2143 2466 sub
2183 2436 2335 2476 magistro

1418 2488 1558 2518 Johanne
1576 2489 1613 2517 de
1628 2487 1867 2522 Wazemberch‚
1885 2485 1972 2525 cujus
1989 2487 2083 2516 bursa
2098 2487 2116 2515 4
2132 2485 2235 2515 solidi.

1460 2538 1535 2567 ltem
1558 2537 1702 2566 dominus
1724 2536 1881 2566 Johannes
1905 2536 1944 2565 de
1969 2535 2080 2564 Prucia
2105 2536 2162 2564 sub
2185 2534 2336 2574 magistro

1419 2586 1548 2616 Alberto
1576 2587 1613 2615 de
1643 2585 1787 2620 saxonia,
1815 2584 1922 2624 posuit
1953 2584 2096 2624 pignora,
2127 2582 2214 2623 cujus
2240 2584 2335 2612 bursa

1419 2636 1437 2664 4
1456 2636 1560 2666 solidi.

1461 2685 1535 2714 Item
1559 2685 1702 2714 dominus
1721 2683 1878 2712 Henricus
1895 2683 1933 2711 de
1953 2682 2088 2711 Embeke
2109 2683 2167 2711 sub
2184 2681 2337 2720 magistro

1419 2734 1548 2763 Alberto
1575 2734 1612 2762 de
1645 2733 1789 2767 Saxonia‚
1820 2732 1925 2771 posuit
1949 2731 2043 2760 eciam
2073 2730 2216 2770 pignora,
2247 2728 2337 2769 cujus

1420 2784 1514 2813 bursa
1532 2785 1549 2812 5
1569 2783 1626 2812 sol.

1451 2900 1473 2922 2.
1507 2899 1543 2922 De
1557 2899 1581 2922 S.
1599 2897 1674 2922 Gallo
1688 2896 1754 2920 inter
1767 2895 1857 2919 lineas.

1451 2936 1474 2958 3.
1508 2936 1536 2958 In
1550 2933 1666 2966 margine
1679 2931 1850 2956 Lauterbech.
