2632 3464
440 419 491 444 399
977 412 1200 440 AUCTARIUM
1221 409 1480 437 CHARTULARII
1499 410 1672 436 UNIVERS.
1695 411 1814 438 PARIS.
2304 414 2356 440 400

482 493 554 522 Item
574 492 752 521 licenciatus
766 497 813 520 est
834 490 976 519 dominus
991 489 1136 519 Nicolaus
1151 487 1265 517 Mathie
1284 487 1341 516 5111)

441 542 588 581 magistro
611 541 746 570 Henrico
769 540 806 568 de
831 538 958 573 Thenis‚
973 537 1059 578 cujus
1081 538 1175 566 bursa
1198 537 1217 566 8
1236 535 1339 565 solidi.

441 591 595 620 Satisfecit
612 589 777 628 receptori.

482 640 554 669 Item
570 638 748 668 licenciatus
765 637 820 666 fuit
841 636 983 665 dominus
1001 635 1156 665 Sanderus
1173 634 1265 663 Fabri
1283 634 1340 662 sub

440 689 587 728 magistro
615 687 750 717 Henrico
777 687 814 715 de
837 685 963 719 Hassia‚
991 684 1078 723 cujus
1112 685 1206 712 bursa
1231 684 1250 712 8
1281 682 1338 712 sol.

441 737 596 766 Satisfecit
608 735 774 775 receptori.

480 786 554 815 Item
574 785 752 814 licenciatus
775 790 822 813 est
841 783 983 812 dominus
1002 781 1189 812 Wilhelmus
1214 780 1342 809 Gerlant

439 836 495 864 sub
514 834 661 874 magistro
678 833 841 862 Guillelmo
855 833 892 861 de
909 831 1083 870 Wadenoy,
1103 829 1189 870 cujus
1209 831 1303 859 bursa
1323 830 1342 858 6

439 884 496 913 sol.
513 883 666 912 Satisfecit
678 881 843 921 receptori.

480 933 552 961 Item
575 931 752 960 licenciatus
777 936 824 959 est
847 929 989 959 dominus
1009 927 1165 958 Johannes
1193 927 1341 957 Boisville

439 983 495 1010 sub
514 981 662 1020 magistro
681 979 820 1008 Mercilio
834 979 872 1008 de
889 977 1018 1018 Inghen‚
1038 976 1124 1017 cujus
1139 977 1235 1006 bursa
1249 978 1266 1006 7
1281 976 1339 1006 sol.

439 1030 593 1059 Satisfecit
607 1028 772 1068 receptori.

479 1079 552 1107 Item
571 1078 749 1106 licenciatus
767 1083 814 1106 est
829 1076 972 1105 dominus
988 1074 1178 1104 Godscalcus
1191 1076 1229 1104 de
1247 1074 1341 1104 Livo-

437 1127 487 1156 nia
502 1128 558 1156 sub
574 1127 721 1166 magistro
733 1125 868 1154 Henrico
883 1125 920 1153 de
933 1124 1056 1159 Hassia,
1075 1123 1161 1163 cujus
1171 1125 1265 1153 bursa
1277 1124 1296 1153 8
1312 1133 1337 1153 s.

439 1175 595 1205 Satisfecit
609 1174 774 1213 receptori.

478 1225 551 1253 Item
571 1224 749 1252 licenciatus
767 1229 815 1252 est
830 1223 973 1252 dominus
990 1222 1146 1252 Johannes
1168 1222 1206 1250 de
1225 1221 1341 1251 Gorin-

437 1273 522 1302 chem
535 1273 591 1302 sub
603 1272 750 1312 magistro
760 1272 897 1301 Jordano
908 1273 946 1301 de
960 1271 1068 1306 Clivis,
1082 1270 1167 1310 cujus
1180 1271 1275 1300 bursa
1284 1271 1303 1300 8
1312 1281 1338 1300 5.

438 1322 592 1351 Satisfecit
605 1321 771 1360 receptori.

477 1371 550 1400 Item
577 1370 755 1399 licenciatus
780 1375 827 1398 est
855 1369 998 1398 dominus
1019 1369 1176 1398 Johannes
1200 1368 1339 1408 Philippi

437 1421 493 1448 suh
512 1419 659 1459 magistro
674 1419 809 1447 Henrico
825 1419 862 1447 de
876 1418 1003 1454 Thenis,
1025 1424 1054 1448 et
1065 1417 1182 1457 juravit
1194 1424 1338 1447 statutum

436 1468 636 1507 paupertatis.

477 1517 551 1546 Item
573 1517 752 1546 licenciatus
772 1522 819 1545 est
836 1516 979 1545 dominus
999 1515 1175 1545 Alexander
1194 1517 1232 1545 de
1248 1516 1338 1546 Ethel

437 1567 493 1595 sub
508 1566 656 1605 magistro
675 1565 790 1594 Thoma
803 1566 840 1594 de
859 1565 947 1594 Duns
963 1565 1110 1605 magistro
1126 1565 1157 1593 in
1175 1565 1337 1602 medicina,

437 1614 522 1654 cujus
536 1615 629 1643 bursa
644 1615 662 1643 8
675 1614 777 1643 solidi.
795 1614 950 1643 Satisfecit
966 1614 1131 1653 receptori.

476 1663 550 1692 Item
570 1663 743 1692 licentiatus
759 1669 806 1692 est
820 1663 962 1692 dominus
977 1663 1165 1693 Wilhelmus
1181 1664 1218 1692 de
1237 1664 1339 1703 Duys-

435 1712 531 1741 borch
545 1713 600 1741 sub
618 1712 765 1752 magistro
783 1712 918 1741 Jordano
940 1713 977 1741 de
998 1712 1108 1742 Clivis.
1131 1712 1252 1742 Juravit
1274 1718 1338 1742 sta—

436 1768 532 1791 tutum
548 1761 748 1801 paupertatis.

636 1836 867 1876 Incipientes
895 1835 1002 1876 hujus
1032 1837 1132 1867 anni.

477 1908 551 1938 Item
571 1908 685 1947 incepit
703 1908 845 1937 dominus
863 1907 1009 1937 Nicolaus
1029 1908 1143 1937 Mathie
1164 1909 1221 1938 sub
1244 1909 1338 1949 magi-

436 1963 500 1986 stro
520 1957 667 1986 Heinrico
682 1957 719 1986 de
736 1957 863 1992 Thenis‚
879 1956 965 1996 cujus
978 1958 1073 1986 bursa
1085 1958 1104 1986 8
1122 1957 1225 1987 solidi.
1244 1958 1338 1987 Satis-

436 2006 506 2035 fecit
523 2005 688 2044 receptori.

476 2055 550 2084 Item
577 2055 692 2094 incepit
721 2054 863 2084 dominus
893 2054 1080 2084 Wilhelmus
1110 2054 1246 2084 Gerland
1281 2057 1338 2085 sub

436 2104 583 2143 magistro
597 2103 766 2133 Wilhelmo
782 2105 818 2132 de
836 2104 1011 2143 Wadenoy,
1029 2102 1115 2143 cujus
1131 2105 1226 2134 bursa
1242 2106 1260 2134 6
1278 2105 1335 2134 sol.

840 2196 934 2225 1371

437 2267 508 2307 (Fol.
538 2267 612 2306 26¹³)
645 2267 891 2297 Continuacio
933 2268 1103 2308 magistri
1146 2269 1337 2298 Wilhelmi

559 2317 600 2345 de
632 2316 822 2356 VVadenoy
851 2317 886 2346 in
916 2324 1211 2356 procuratorem.

475 2395 565 2425 Anno
586 2396 708 2425 Domini
729 2396 773 2425 Μο
798 2397 892 2426 CCC⁰
913 2398 975 2432 71⁰,
998 2398 1029 2426 2²
1048 2398 1096 2426 die
1116 2398 1232 2427 mensis
1254 2398 1337 2427 Junii

436 2444 513 2473 sacta
534 2445 777 2484 congregacione
802 2446 940 2475 nacionis
962 2446 1133 2486 Anglicane
1155 2447 1193 2476 ad
1215 2447 1338 2487 suppli-

436 2494 563 2522 candum
584 2500 613 2522 et
633 2494 670 2522 ad
691 2494 864 2533 eligendum
884 2502 1115 2534 procuratorem
1137 2496 1218 2535 apud
1241 2496 1338 2525 Sanc-

435 2548 498 2570 tum
529 2542 725 2578 Maturinum,
754 2544 940 2582 computavit
963 2551 1116 2583 receptor,
1135 2551 1164 2574 et
1194 2545 1337 2574 omnibus

436 2590 507 2618 hinc
523 2590 594 2619 inde
614 2591 771 2620 defalcatis
790 2593 901 2621 mansit
915 2599 1058 2632 receptor
1079 2594 1201 2622 nacioni
1218 2594 1338 2634 obliga-

436 2645 522 2667 tus...
538 2638 612 2678 (sic).

476 2687 549 2716 Item
566 2687 679 2717 electus
696 2688 750 2718 suit
760 2689 907 2728 magister
920 2689 1107 2719 Wilhelmus
1121 2691 1158 2720 de
1172 2690 1337 2730 Wadenoy

437 2736 630 2765 concorditer
651 2744 780 2775 protunc
802 2738 833 2766 in
852 2745 1084 2777 procuratorem
1098 2749 1154 2778 per
1171 2740 1336 2779 magistros

436 2784 573 2813 nacionis
605 2792 775 2823 presentes.
810 2786 844 2815 In
880 2786 966 2827 cujus
1001 2788 1240 2829 procur[atoria]
1271 2795 1337 2818 acta

437 2839 508 2861 sunt
522 2843 580 2872 que
599 2841 752 2864 secuntur.
773 2835 887 2871 Primo,
903 2842 960 2865 etc.

468 2935 489 2958 1.
521 2936 550 2958 25
560 2937 629 2960 Ιιιίιί.

1379 931 1412 957 10

1378 1176 1411 1202 15

1376 1422 1410 1448 20

1376 1667 1410 1693 25

1376 1913 1410 1939 30

1376 2159 1409 2185 35

1375 2405 1408 2431 40

1374 2650 1407 2675 45

1491 485 1567 514 Item
1583 496 1663 516 anno
1679 486 1804 516 Domini
1819 497 1880 526 quo
1898 497 2004 527 supra,
2021 487 2157 527 ejusdem
2173 490 2289 520 mensis
2303 490 2353 519 die

1452 535 1512 570 12¹,
1536 535 1612 564 13013
1637 535 1883 576 congregacione
1905 536 2045 566 nacionis
2066 536 2238 577 Anglicane
2259 548 2355 579 super

1450 584 1571 613 duobus
1586 584 1735 620 articulis,
1753 585 1872 614 scilicet
1885 586 1924 614 ad
1936 586 2140 616 ordinandum
2151 587 2189 616 de
2201 587 2356 627 quitancia

1451 633 1597 662 mittenda
1611 634 1760 673 magistro
1776 634 1944 664 Wilhelmo
1954 634 2066 671 Buzer,
2076 636 2189 666 nuncio
2202 637 2352 672 nacionis,

1451 692 1546 721 super
1559 682 1663 712 decem
1673 689 1702 712 et
1711 688 1780 712 octo
1794 684 1919 719 francis,
1928 694 2007 723 quos
2018 685 2106 714 nacio
2119 685 2178 714 sibi
2190 695 2351 716 concesse-

1450 737 1497 760 rat
1517 731 1548 760 in
1573 741 1646 760 casu
1668 742 1729 771 quo
1754 742 1815 762 non
1835 732 2027 762 inveniretur
2046 733 2208 774 negligens
2229 734 2261 764 in
2281 745 2356 764 exe-

1450 780 1573 819 quendo
1587 781 1665 810 facta
1678 781 1833 817 nacionis;
1849 791 1945 821 super
1959 792 2020 821 quo
2031 783 2160 812 nonfuit
2175 784 2351 819 concordia,

1450 839 1519 858 nam
1548 839 1608 858 una
1631 839 1704 869 pars
1733 830 1872 860 nacionis
1907 832 2062 861 concessit
2089 832 2172 862 dicto
2206 833 2354 872 magistro

1449 877 1618 907 Wilhelmo
1645 879 1842 918 quitanciam,
1870 879 1928 909 alia
1949 890 2023 909 vero
2051 880 2172 910 distulit
2193 892 2291 921 usque
2316 883 2354 911 ad

1450 927 1614 957 adventum
1643 927 1747 957 rotuli.
1791 928 1866 958 Item
1897 929 1936 958 ad
1966 929 2215 969 supplicandum.
2244 930 2354 961 Nullus

1450 982 1550 1005 tamen
1567 976 1765 1016 supplicavit.

1491 1024 1565 1054 Item
1581 1035 1660 1055 anno
1679 1025 1804 1055 Domini
1820 1037 1881 1066 quo
1899 1037 2004 1066 supra,
2019 1026 2156 1068 ejusdem
2171 1029 2288 1059 mensis
2303 1029 2353 1059 die

1451 1075 1510 1110 13³,
1532 1075 1607 1103 facta
1626 1075 1873 1114 congregacione
1888 1076 2027 1106 nacionis
2043 1087 2137 1116 super
2149 1078 2264 1108 eisdem
2283 1079 2354 1108 arti-

1450 1123 1538 1158 culis,
1558 1123 1760 1153 deliberatum
1775 1124 1830 1154 fuit
1842 1125 1880 1154 de
1891 1125 1992 1164 primo
2005 1126 2134 1155 articulo
2150 1127 2238 1156 sicud
2253 1128 2352 1167 prius.

1490 1171 1564 1201 Item
1582 1172 1768 1212 supplicavit
1781 1173 1928 1213 magister
1942 1174 2101 1204 Walterus
2116 1175 2263 1206 Venedou
2276 1187 2353 1216 qua·

1449 1226 1552 1256 tenus,
1577 1221 1604 1250 si
1625 1222 1820 1261 contingeret
1838 1222 1904 1251 fieri
1924 1223 2059 1253 rotulum
2075 1224 2107 1253 in
2122 1225 2266 1254 absencia
2284 1235 2349 1261 sua,

1449 1271 1533 1309 quod
1557 1270 1769 1309 imponeretur
1797 1281 1864 1300 cum
1894 1271 1974 1301 aliis.
2004 1272 2062 1302 Cui
2086 1283 2268 1303 concessum
2298 1274 2355 1304 fuit

1449 1320 1532 1359 quod
1550 1319 1610 1348 sibi
1625 1319 1712 1349 fieret
1732 1319 1819 1349 sicud
1835 1320 1916 1356 aliis,
1928 1321 1981 1360 qui
1997 1327 2066 1350 aute
2086 1322 2349 1362 supplicaverunt,

1448 1368 1567 1397 scilicet
1587 1369 1670 1408 quod
1686 1369 1712 1398 si
1733 1369 1928 1409 contingeret
1947 1371 2030 1409 quod
2049 1371 2194 1401 absentes
2211 1372 2352 1412 impone-

1447 1423 1565 1452 rentur,
1582 1424 1751 1457 poneretur
1769 1428 1836 1448 cum
1856 1418 1925 1448 aliis
1940 1419 1972 1448 in
1987 1419 2056 1449 loco
2074 1430 2142 1455 suo,
2161 1421 2272 1451 solutis
2289 1422 2355 1452 sol-

1446 1466 1567 1496 vendis.

1488 1515 1563 1544 Item
1587 1526 1667 1545 anno
1695 1516 1820 1545 Domini
1842 1527 1904 1556 quo
1924 1527 2029 1556 supra,
2052 1519 2168 1548 mensis
2190 1519 2264 1549 Julii
2288 1521 2350 1556 die,

1447 1570 1519 1600 etc.‚
1552 1565 1629 1594 facta
1654 1566 1900 1605 congregacione
1927 1566 2068 1596 nacionis
2095 1569 2176 1607 apud
2207 1568 2351 1599 Sanctum

1447 1613 1647 1649 Maturinum,
1663 1614 1849 1654 supplicavit
1863 1615 2011 1655 magister
2026 1616 2041 1645 J
2046 1616 2184 1646 ohannes
2196 1617 2348 1658 Zinnighe

1448 1669 1599 1702 quatenus
1637 1673 1695 1702 pro
1731 1663 1916 1703 quibusdam
1957 1664 2154 1704 pignoribus,
2203 1667 2348 1707 obligatis

1447 1711 1569 1740 nacioni
1589 1722 1646 1751 per
1670 1722 1748 1748 eum,
1776 1719 1883 1752 posset
1905 1723 2020 1753 ponere
2042 1714 2100 1743 alia
2119 1715 2251 1755 pignora
2273 1727 2350 1756 eque

1447 1761 1527 1790 bona
1544 1760 1594 1790 vel
1608 1761 1745 1791 meliora.
1761 1761 1857 1801 Cujus
1871 1763 2060 1802 supplicacio
2077 1763 2132 1793 fuit
2147 1774 2306 1801 concessa,
2323 1773 2353 1796 et

1447 1810 1586 1849 reposita
1613 1811 1736 1840 fuerunt
1758 1811 1891 1851 pignora
1921 1811 1953 1840 in
1979 1812 2071 1842 archa
2097 1814 2179 1852 apud
2206 1814 2349 1845 Sanctum

1447 1858 1644 1888 Maturinum.
2346 1888 2347 1891 ,

1488 1907 1563 1937 Item
1579 1918 1658 1937 anno
1672 1908 1797 1938 Domini
1810 1919 1872 1949 quo
1887 1919 1991 1949 supra,
2004 1910 2073 1950 ipso
2087 1911 2137 1940 die
2152 1912 2232 1942 beati
2245 1912 2351 1943 Jacobi

1447 1955 1613 1996 apostoli⁴‚
1633 1957 1709 1987 facta
1727 1959 1974 1998 congregacione
1993 1960 2133 1990 nacionis
2152 1962 2234 2000 apud
2251 1961 2348 1991 Sanc-

1447 2008 1510 2034 tum
1528 2005 1715 2036 Maturinum
1734 2008 1772 2036 ad
1794 2008 1997 2037 ordinandum
2018 2009 2056 2038 de
2078 2010 2190 2039 debitis
2210 2011 2350 2041 nacionis

1447 2061 1477 2084 et
1505 2055 1542 2083 ad
1571 2055 1818 2095 supplicandum,
1844 2056 2046 2086 deliberatum
2073 2058 2129 2088 fuit
2153 2060 2351 2089 concorditer

1446 2113 1503 2142 per
1523 2102 1714 2143 m[agistros]
1736 2105 1874 2135 nacionis
1899 2107 1983 2145 quod
2002 2106 2058 2142 illi,
2074 2107 2188 2147 quibus
2205 2108 2260 2138 suit
2274 2119 2349 2138 con-

1447 2162 1535 2181 cessa
1556 2153 1686 2191 pecunia
1704 2154 1854 2192 nacionis,
1873 2155 2047 2195 obligarent
2071 2156 2194 2185 nacioni
2219 2157 2349 2197 quilibet

1447 2211 1552 2230 eorum
1583 2202 1716 2242 pignora
1741 2203 1826 2242 dupli
1852 2204 1968 2234 valoris
1994 2205 2032 2234 ad
2069 2205 2228 2245 pecuniam
2251 2207 2289 2235 ab
2313 2217 2349 2236 eo

1447 2250 1591 2286 debitam,
1609 2258 1639 2280 et
1655 2259 1720 2281 erat
1732 2262 1849 2281 summa
1861 2254 2033 2283 debitorum
2050 2254 2082 2283 in
2099 2260 2163 2283 toto
2182 2256 2218 2284 15
2235 2256 2348 2291 franci;

1447 2306 1476 2328 et
1496 2300 1565 2328 data
1582 2300 1638 2329 fuit
1654 2301 1699 2330 eis
1717 2301 1828 2330 dilacio
1847 2303 1884 2331 ad
1901 2304 1943 2332 30¹
1963 2313 2096 2338 menses,
2116 2304 2160 2332 sic
2183 2305 2266 2343 quod
2288 2304 2350 2334 illis

1446 2347 1560 2387 elapsis
1585 2349 1717 2388 amplius
1741 2350 1872 2390 pignora
1890 2360 1952 2380 non
1972 2358 2102 2391 possent
2121 2352 2246 2381 redemi.
2274 2353 2349 2382 Item

1446 2397 1550 2425 eadem
1567 2399 1811 2438 congregacione
1823 2399 2024 2430 deliberatum
2039 2400 2096 2429 suit
2109 2401 2192 2440 quod
2203 2411 2350 2431 vocaren-

1446 2451 1495 2474 tur
1527 2446 1673 2486 magister
1711 2448 1887 2478 Hartwicus
1921 2449 1959 2478 de
1994 2449 2109 2478 Zundis
2140 2455 2170 2478 et
2202 2450 2350 2490 magister

1445 2493 1632 2525 Wilhelmus
1649 2496 1801 2532 Trebron‚
1818 2498 1965 2538 magister
1973 2497 2148 2528 Hartwicus
2162 2498 2280 2528 scilicet
2290 2509 2349 2539 pro

1446 2543 1547 2572 tribus
1557 2544 1680 2580 francis,
1694 2545 1725 2574 in
1734 2546 1847 2586 quibus
1857 2557 1914 2586 per
1926 2547 2032 2576 librum
2042 2548 2177 2575 nacionis
2187 2547 2349 2577 videbatur

1446 2592 1566 2621 nacioni
1582 2594 1691 2629 teneri,
1701 2601 1731 2624 et
1745 2595 1892 2635 magister
1907 2594 2090 2625 Guillelmus
2108 2606 2203 2635 super
2218 2597 2348 2636 quadam

1445 2640 1533 2670 litera
1546 2652 1605 2680 que
1623 2649 1687 2672 erat
1701 2643 1733 2672 in
1746 2643 1838 2674 archa
1852 2644 1990 2674 nacionis
2005 2645 2043 2674 de
2056 2645 2160 2674 bursis
2179 2645 2306 2675 licencie
2319 2653 2349 2676 et

1446 2690 1626 2728 magisterii.

1486 2744 1558 2782 (Fal.
1585 2742 1633 2782 27)
1658 2742 1732 2772 Item
1757 2752 1836 2772 anno
1866 2742 1990 2771 Domini
2015 2752 2075 2782 quo
2100 2752 2205 2782 supra,
2231 2743 2348 2773 mensis

1444 2792 1576 2832 Augusti
1597 2792 1645 2821 die
1670 2792 1729 2827 16⁵,
1755 2792 1831 2820 facta
1851 2791 2096 2831 congregacione
2112 2791 2250 2821 nacionis
2265 2793 2347 2831 apud

1446 2841 1590 2871 Sanctum
1602 2840 1799 2876 Maturinum,
1810 2839 1926 2870 vocatis
1935 2839 2085 2880 predictis
2095 2840 2245 2880 magistro
2255 2840 2347 2871 Hart-

2624 505 2632 588 ⁶⁴...-
