2632 3464
442 447 493 473 559

445 534 481 552 ex
505 529 592 562 parte
618 522 757 551 nacionis
783 527 858 556 erat,
887 521 1110 555 absolveretur,
1141 520 1278 548 facienda
1310 520 1348 548 ad

446 572 645 606 Clementem,
671 577 785 600 attento
813 571 893 609 quod
910 571 1051 598 Almania
1072 580 1103 597 se
1128 570 1171 597 ad
1197 568 1347 598 Urbanum

442 619 701 655 determinasset⁴,
730 626 759 648 et
787 619 868 658 quod
885 618 915 647 in
935 628 1054 647 omnem
1073 623 1214 646 eventum
1241 617 1347 646 saltem

443 671 536 699 rebus
557 669 707 698 stantibus
728 675 760 697 ut
778 678 869 702 nunc,
895 668 1148 706 quemadmodum
1169 672 1281 695 tactum
1301 672 1349 695 est

442 719 614 748 immediate
640 728 743 756 supra,
772 722 879 756 posset
905 726 974 745 esse
1003 716 1044 744 ita
1070 715 1160 744 liberi
1190 725 1346 750 recessus,

444 769 523 797 sicut
542 767 654 806 aliquis
673 766 750 795 alius
773 766 990 805 magistrorum
1012 764 1162 793 nacionis.
1184 764 1223 793 Et
1240 763 1348 803 hujus-

443 817 526 845 modi
550 815 797 855 supplicaciones
820 825 874 843 sue
895 823 1043 843 concesse
1071 814 1193 842 fuerunt
1216 823 1348 842 concor-

443 866 534 900 diter,
554 865 752 894 absolverunt
766 864 845 893 enim
863 874 930 892 eum
949 873 965 891 a
981 862 1061 892 dicta
1076 862 1247 902 legacione,
1262 861 1348 891 nullo

443 916 533 944 modo
548 914 688 943 volentes
710 913 811 952 ipsum
829 913 866 941 ad
885 912 1073 941 Clementem
1091 911 1215 940 iturum.
1234 911 1347 940 Verum

442 974 500 1003 per
515 963 679 1003 magistros
696 962 737 990 ibi
752 968 912 1001 presentes
928 960 1079 1000 adjectum
1095 960 1162 995 suit,
1173 961 1256 1000 quod
1266 961 1348 989 idem

442 1013 542 1041 dictus
557 1012 702 1051 magister
717 1017 891 1050 compotum
906 1011 944 1039 de
956 1009 1091 1049 receptis
1109 1010 1161 1039 uni
1177 1009 1274 1038 amico
1291 1019 1347 1039 suo

444 1062 656 1095 committeret,
671 1061 701 1088 in
715 1070 776 1099 quo
793 1059 818 1088 si
832 1059 1023 1099 reperiretur
1040 1059 1199 1088 nacionem
1217 1058 1276 1088 sibi
1294 1059 1347 1088 ali-

444 1111 517 1150 quid
537 1111 660 1144 debere,
692 1110 773 1148 quod
803 1109 860 1137 hoc
885 1108 944 1137 sibi
971 1108 1154 1137 solveretur.
1186 1107 1219 1137 Si
1248 1114 1347 1137 autem

443 1159 558 1198 aliquid
572 1160 609 1187 de
622 1158 756 1197 receptis
772 1163 962 1196 superesset,
980 1157 1011 1185 in
1027 1163 1056 1186 et
1071 1158 1109 1186 de
1129 1157 1187 1186 hoc
1203 1157 1349 1186 volebant

444 1209 503 1238 sibi
518 1209 616 1237 facere
628 1207 760 1246 graciam
768 1217 899 1241 omnem,
908 1217 967 1245 qua
979 1206 1126 1235 existeret
1136 1207 1213 1235 bene
1221 1206 1345 1245 dignus.

446 1258 599 1297 Exposuit
618 1257 711 1286 eciam
728 1256 805 1284 idem
828 1256 975 1295 magister
997 1255 1028 1284 in
1046 1256 1151 1284 eadem
1174 1265 1348 1295 congrega-

444 1307 532 1335 cione
544 1306 677 1340 nacioni,
695 1306 860 1344 quomodo,
879 1305 905 1333 si
923 1315 984 1334 non
1004 1305 1183 1334 evenissent
1198 1304 1258 1333 sibi
1275 1315 1348 1344 spe-

443 1356 531 1385 cialia
552 1354 729 1389 infortunia,
749 1355 831 1393 quod
853 1355 931 1383 bene
954 1361 1036 1383 esset
1054 1354 1147 1383 multa
1163 1353 1295 1394 pecunia
1316 1354 1348 1383 in

445 1405 588 1439 residuo;
620 1405 674 1433 sed
701 1404 773 1442 quia
801 1403 872 1432 talia
891 1409 1060 1432 evenerunt
1081 1403 1152 1438 sibi,
1175 1403 1294 1432 scilicet
1317 1403 1348 1432 in

442 1454 552 1483 famulo
571 1463 638 1487 suo,
662 1463 719 1491 pro
735 1463 796 1491 quo
813 1455 828 1482 7
845 1453 966 1481 francos
983 1452 1137 1491 exposuit,
1157 1458 1187 1481 et
1206 1452 1238 1480 in
1259 1452 1348 1491 equis

441 1514 474 1532 se
499 1502 675 1542 perdidisse
699 1502 804 1531 retulit
828 1502 866 1530 24
888 1502 1021 1536 francos,
1050 1502 1203 1530 modicum
1230 1508 1348 1530 restare

441 1558 572 1592 poterat.

486 1602 559 1630 Item
576 1601 606 1629 in
621 1602 725 1629 eadem
742 1600 988 1639 congregacione
1005 1600 1060 1629 fuit
1072 1600 1103 1628 in
1122 1599 1221 1629 officio
1237 1610 1348 1639 procu-

441 1651 552 1680 ratoris
573 1650 767 1679 continuatus
787 1649 981 1688 prescriptus
1000 1656 1184 1688 procurator
1201 1649 1349 1689 magister

442 1700 598 1729 Johannes
613 1700 650 1727 de
666 1698 840 1738 Maguncia.

483 1749 558 1778 Item
579 1749 685 1777 eodem
704 1748 753 1776 die
782 1748 812 1776 in
836 1748 940 1776 eadem
957 1748 1204 1787 congregacione
1226 1748 1349 1787 suppli-

443 1797 524 1827 cavit
543 1796 690 1836 magister
708 1796 866 1825 Arnoldus
892 1797 1040 1825 Blankart
1061 1797 1098 1825 de
1118 1797 1243 1832 Nussia,
1265 1798 1349 1836 quod

443 1847 469 1876 si
485 1846 679 1885 contingeret
690 1846 755 1874 fieri
771 1846 915 1881 rotulum,
931 1846 1013 1885 quod
1028 1845 1072 1874 illi
1090 1846 1302 1885 imponeretur
1316 1852 1350 1876 ut

441 1905 587 1935 presens;
602 1902 631 1924 et
647 1895 703 1924 hoc
717 1904 898 1924 concessum
912 1894 967 1923 fuit
980 1896 1147 1923 secundum
1163 1896 1247 1934 quod
1260 1895 1348 1924 nacio

441 1945 540 1984 potuit
554 1951 584 1973 et
598 1950 690 1983 prout
705 1944 773 1972 aliis
783 1944 985 1972 communiter
1003 1950 1193 1974 conswetum
1211 1951 1258 1973 est
1273 1954 1349 1973 con-

442 1994 520 2022 cedi.
720 1992 722 1994 ’

483 2042 554 2082 (Fol.
573 2042 620 2081 23)
637 2042 712 2071 Item
728 2042 834 2071 ultima
848 2042 897 2071 die
911 2042 1026 2071 mensis
1039 2042 1349 2082 Aprilisjuraverunt

441 2091 532 2120 michi
555 2091 670 2119 domini
696 2091 787 2130 Hugo
810 2092 847 2120 de
874 2091 1043 2126 Naeldwic,
1071 2091 1227 2121 Johannes
1249 2092 1345 2131 Dyer,

441 2140 623 2169 licenciandi
645 2141 701 2169 sub
722 2140 870 2179 magistro
888 2140 1026 2169 Johanne
1048 2142 1086 2169 de
1112 2141 1248 2180 Leyden,
1273 2151 1347 2180 quo-

441 2199 508 2218 rum
523 2189 686 2228 cujuslibet
703 2190 796 2218 bursa
815 2189 840 2217 V
857 2189 959 2218 solidi.

482 2238 556 2267 Item
574 2238 674 2277 primo
697 2238 746 2266 die
764 2237 836 2266 Maii
854 2238 969 2277 juravit
984 2239 1127 2268 dominus
1146 2239 1291 2269 Nicolaus
1309 2240 1347 2268 de

443 2288 547 2322 Dacia,
578 2287 630 2326 qui
662 2287 873 2316 licenciabitur
902 2294 932 2316 et
959 2288 1087 2326 incipiet
1111 2289 1168 2317 sub
1199 2288 1347 2328 magistro

442 2336 580 2365 Johanne
596 2336 756 2371 Hokelem,
774 2335 860 2375 cujus
873 2337 968 2365 bursa
984 2337 1024 2365 VI
1042 2337 1145 2370 solidi,
1163 2337 1202 2366 Vl
1215 2337 1344 2366 denarii.

482 2386 557 2414 Item
575 2386 682 2414 eodem
709 2385 758 2414 die
778 2385 893 2425 juravit
918 2386 1061 2414 dominus
1080 2386 1291 2415 Theodericus
1309 2388 1347 2416 de

440 2435 644 2469 Warmunde,
665 2435 717 2473 qui
736 2435 948 2463 licenciabitur
966 2436 1022 2463 sub
1041 2436 1190 2474 magistro
1208 2435 1347 2465 Johanne

444 2484 481 2511 de
496 2484 633 2522 Leyden,
653 2483 739 2522 cujus
754 2485 849 2512 bursa
861 2484 886 2511 V
897 2484 999 2512 solidi.
1199 2483 1202 2487 “

484 2532 557 2561 Item
575 2533 681 2561 eodem
698 2533 746 2561 die
763 2532 878 2572 juravit
899 2533 1041 2562 dominus
1066 2533 1196 2562 Mathias
1221 2535 1259 2562 de
1276 2534 1346 2563 Haf-

441 2587 503 2615 ten,
529 2582 581 2620 qui
611 2581 822 2610 licenciabitur
845 2583 901 2610 sub
928 2582 1076 2621 magistro
1107 2582 1245 2611 Johanne
1285 2583 1347 2612 Lu-

443 2630 533 2664 berti,
553 2629 638 2669 cujus
660 2631 755 2659 bursa
770 2630 795 2659 V
811 2630 914 2659 solidi.

484 2679 556 2707 Item
590 2680 696 2708 eodem
730 2679 779 2708 die
810 2679 911 2718 primo
949 2679 1022 2708 Maii
1052 2679 1168 2719 juravit
1203 2681 1346 2710 dominus

442 2728 628 2757 XVilhelmus
643 2728 824 2766 Jo[hannes]
849 2730 886 2757 de
912 2728 1031 2763 Gouda,
1055 2730 1107 2768 qui
1134 2729 1347 2759 licenciabitur

443 2777 500 2804 sub
518 2777 665 2815 magistro
683 2777 821 2806 Johanne
841 2778 878 2806 de
904 2777 1064 2813 Hokelem,
1095 2778 1182 2818 cujus
1212 2780 1305 2808 bursa
1321 2779 1347 2807 V

442 2825 544 2854 solidi.

474 2905 496 2927 1.
530 2905 600 2928 Febr.
613 2906 651 2928 27.
670 2905 723 2928 Vid.
736 2906 907 2933 szii'cxtn,
923 2906 1160 2937 Reichstagsucten,
1178 2907 1197 2935 I,
1210 2908 1254 2930 232
1269 2916 1325 2939 sqq.

474 2940 496 2962 2.
531 2942 578 2963 Ms.
594 2941 717 2968 Jubilate,
727 2950 793 2972 :luae
806 2944 889 2964 tamen
899 2942 950 2972 fuit
961 2942 972 2964 ⁴.
985 2942 1057 2969 Maii,
1068 2945 1092 2965 el
1102 2942 1190 2974 vigilia
1201 2943 1230 2965 30
1240 2943 1345 2974 Aprilis,

443 2975 512 3006 quod
526 2984 580 2998 cum
593 2985 669 3008 supra
686 2977 785 3008 scriptis
795 2985 845 3000 non
862 2977 984 3000 conuenit.
1001 2977 1133 3001 Dominica
1145 2978 1252 3002 Cantante
1264 2978 1314 3010 suit
1331 2979 1345 3001 8

980 443 1202 470 AUCTARIUM
1223 442 1482 469 CHARTULARII
1502 443 1675 470 UNIVERS.
1699 444 1816 473 PARIS.

1404 720 1419 746 5

1385 966 1419 991 10

1387 1211 1419 1237 15

1386 1456 1420 1482 20

1386 1702 1420 1728 25

2307 447 2360 473 580

1498 519 1572 548 Item
1596 521 1628 549 3⁸
1647 520 1696 550 die
1720 521 1794 550 Maii
1811 520 1995 560 juraverunt
2016 521 2132 551 domini
2155 522 2308 552 Henricus
2326 524 2364 553 de

1460 568 1580 598 Swecia
1609 575 1638 598 et
1662 569 1774 599 Petrus
1797 569 1900 599 Lucke
1926 571 1964 600 de
1995 570 2099 606 Dacia,
2125 571 2279 611 incepturi
2306 573 2364 602 suh

1458 619 1606 658 magistro
1621 619 1760 648 Johanne
1777 619 1938 655 Hokelem‚
1956 629 2087 659 quorum
2105 621 2200 650 bursa
2213 620 2306 660 primi
2322 621 2364 650 VI

1459 667 1563 703 solidi,
1582 667 1624 696 2di
1644 667 1684 697 VI
1704 668 1807 703 solidi,
1824 668 1864 697 Vl
1882 668 2012 697 denarii.

1498 716 1572 745 Item
1600 717 1704 746 eadem
1729 717 1779 746 die
1806 715 1922 756 juravit
1950 717 2095 747 dominus
2123 717 2302 748 Gerhardus
2327 719 2365 748 de

1458 764 1675 805 Gruninghen,
1697 766 1876 805 incepturus
1897 767 1954 795 sub
1974 766 2122 806 magistro
2140 766 2279 796 Johanne
2302 767 2365 797 Lu-

1458 815 1548 849 berti,
1566 813 1652 854 cujus
1668 816 1763 844 bursa
1779 815 1805 844 V
1818 815 1922 850 solidi,
1939 815 2011 844 VIII
2030 816 2162 845 denarii.

1498 864 1572 893 Item
1591 864 1622 893 in
1641 864 1748 904 vigilia
1760 864 1912 894 dominice
1932 865 2081 894 Cantate²
2095 864 2210 904 juravit
2223 866 2366 895 dominus

1457 913 1668 942 Theodericus
1681 914 1719 942 de
1731 913 1935 949 Warmunde,
1950 914 2131 953 incepturus
2143 915 2200 944 sub
2216 915 2365 954 magistro

1456 963 1595 992 Johanne
1611 962 1761 997 Hokelen,
1778 962 1864 1002 cujus
1882 964 1976 993 bursa
1995 963 2022 992 V
2043 963 2146 993 solidi.
2167 963 2278 994 Posuit
2294 964 2366 994 lite-

1456 1022 1520 1041 ram
1543 1011 1691 1041 officialis.
1894 1009 1899 1015 '

1497 1061 1573 1090 Item
1601 1071 1683 1090 nona
1713 1061 1763 1090 die
1791 1061 1908 1090 mensis
1934 1061 2008 1090 Maii
2036 1061 2220 1101 juraverunt
2248 1062 2366 1091 domini

1456 1110 1612 1139 Johannes
1643 1110 1728 1149 Dyer
1759 1116 1789 1139 et
1818 1110 1910 1150 Hugo
1937 1111 1974 1140 de
2005 1110 2187 1146 Naeldwiic,
2211 1111 2366 1150 incepturi

1458 1160 1515 1188 sub
1541 1159 1688 1198 magistro
1715 1159 1854 1188 Johanne
1878 1160 1916 1188 de
1936 1159 2088 1195 Hokelen‚
2109 1170 2242 1199 quorum
2265 1159 2365 1199 cujus-

1458 1207 1535 1237 libet
1546 1209 1641 1237 bursa
1655 1207 1682 1236 V
1700 1207 1803 1237 solidi.
1822 1207 1998 1238 Solverunt.

1499 1257 1574 1286 Item
1606 1258 1712 1286 eodem
1738 1257 1787 1286 die
1808 1256 1924 1296 juravit
1949 1257 2092 1286 dominus
2122 1257 2310 1288 Wilhelmus
2328 1258 2366 1287 de

1459 1306 1568 1336 Gouda
1577 1306 1757 1345 incepturus
1770 1307 1827 1335 sub
1839 1306 1987 1346 magistro
2006 1306 2146 1336 Johanne
2159 1307 2196 1336 de
2211 1306 2365 1342 Hokelen,

1459 1354 1546 1395 cujus
1561 1356 1656 1384 bursa
1670 1355 1697 1383 V
1714 1355 1817 1384 solidi.
1836 1355 1944 1384 Solvit.

1499 1405 1573 1434 Item
1592 1405 1700 1433 eodem
1715 1404 1764 1433 die
1780 1404 1899 1434 scilicet
1920 1414 2001 1434 nona
2018 1405 2134 1434 mensis
2149 1405 2235 1440 Maii,
2251 1404 2367 1445 juravit

1458 1454 1601 1483 dominus
1617 1453 1748 1482 Mathias
1762 1454 1798 1482 de
1809 1453 1938 1483 Haesten
1952 1453 2132 1493 incepturus
2146 1455 2203 1483 sub
2217 1453 2365 1493 magistro

1457 1503 1597 1532 Johanne
1615 1502 1754 1537 Luberti‚
1771 1501 1859 1542 cujus
1871 1503 1967 1532 bursa
1986 1502 2012 1531 V
2025 1502 2129 1532 solidi.
2149 1502 2258 1532 Solvit.

1499 1551 1570 1591 (F'ol.
1605 1553 1642 1581 23
1657 1551 1680 1591 b)
1710 1551 1785 1580 Item
1810 1552 1917 1580 eodem
1942 1552 1991 1580 die
2016 1552 2094 1581 sacta
2118 1551 2366 1592 congregacione

1457 1601 1597 1630 nacionis
1615 1601 1653 1630 ad
1675 1600 1911 1640 supplicandum
1933 1602 1970 1630 ad
1992 1600 2135 1630 Sanctum
2161 1601 2364 1636 Maturinum,

1458 1650 1644 1690 supplicavit
1665 1649 1813 1689 magister
1834 1649 1990 1679 Johannes
2013 1651 2051 1679 de
2070 1650 2207 1689 Leyden,
2232 1650 2315 1689 quod
2339 1649 2367 1680 si

1458 1699 1653 1739 contingeret
1669 1699 1736 1728 fieri
1752 1699 1896 1734 rotulum,
1910 1699 1993 1738 quod
2010 1699 2055 1728 illi
2071 1705 2215 1738 tanquam
2234 1708 2365 1738 presens

1458 1749 1680 1788 imponeretur,
1703 1754 1818 1777 attento
1834 1748 1918 1787 quod
1933 1758 1989 1787 per
2003 1754 2100 1777 totum
2121 1747 2313 1784 ordinarium
2333 1747 2365 1776 in

1458 1798 1561 1827 studio
1588 1797 1644 1827 suit
1674 1803 1704 1827 et
1731 1807 1914 1826 recessurus
1941 1797 2042 1826 animo
2069 1797 2219 1826 redeundi
2251 1803 2366 1836 quanto

1459 1846 1555 1876 cicius
1569 1852 1688 1887 posset.

1499 1897 1574 1926 Item
1603 1895 1673 1935 ipso
1709 1896 1758 1925 die
1789 1895 1884 1925 lune³
1920 1901 1989 1924 ante
2022 1895 2131 1924 festum
2161 1894 2365 1924 Ascensionis

1386 1949 1420 1975 30
1453 1945 1569 1985 juravit
1593 1945 1673 1974 idem
1696 1944 1838 1974 dominus
1862 1944 2018 1974 Johannes
2050 1944 2140 1973 Hoen
2164 1944 2202 1973 de
2226 1943 2364 1980 Harlem,

1385 2195 1418 2221 35

1385 2440 1418 2466 40

1384 2684 1417 2710 45

1458 1995 1511 2034 qui
1531 1994 1745 2023 licenciabitur
1761 1995 1817 2023 sub
1833 1993 1982 2033 magistro
2000 1993 2148 2032 Philippo
2166 1993 2259 2033 Ping,
2278 1991 2366 2032 cujus

1457 2044 1551 2073 bursa
1567 2043 1607 2072 vl
1621 2042 1725 2072 solidi.
1745 2042 1854 2072 Solvit.

1498 2093 1573 2122 Item
1586 2092 1635 2121 die
1645 2092 1751 2121 martis
1760 2098 1829 2121 ante
1836 2092 1946 2121 festum
1957 2090 2278 2130 Ascensionisjuravit
2284 2091 2365 2120 idem

1457 2142 1600 2171 dominus
1615 2141 1771 2170 Johannes
1786 2141 1875 2170 Hoen
1889 2141 1926 2169 de
1942 2140 2078 2175 Harlem‚
2099 2140 2151 2179 qui
2164 2139 2292 2179 incipiet
2307 2140 2364 2170 sub

1457 2191 1606 2230 magistro
1619 2190 1766 2229 Philippo
1778 2189 1871 2229 Ping,
1882 2188 1968 2229 cujus
1979 2190 2074 2219 bursa
2084 2189 2125 2218 VI
2137 2189 2240 2218 solidi.
2253 2187 2363 2219 Solvit.

1496 2240 1572 2269 Item
1599 2239 1630 2268 in
1644 2238 1773 2278 vigilia⁴
1794 2237 1997 2268 Ascensionis
2022 2239 2099 2267 facta
2119 2237 2365 2277 congregacione

1456 2288 1596 2318 nacionis
1609 2289 1647 2317 ad
1661 2288 1896 2327 supplicandum
1912 2288 1943 2316 in
1957 2287 2069 2316 Sancto
2080 2286 2202 2316 Juliano
2215 2296 2363 2325 paupere,

1457 2337 1643 2377 supplicavit
1675 2337 1822 2376 magister
1851 2336 2062 2366 Theodericus
2097 2336 2134 2364 de
2169 2335 2362 2365 Warmunde

1456 2397 1513 2427 pro
1523 2387 1675 2415 dilacione
1687 2385 1857 2415 solucionis
1870 2387 2032 2415 bursarum
2044 2385 2215 2414 debitarum
2228 2384 2362 2419 nacioni,

1456 2446 1513 2476 pro
1530 2436 1643 2475 quibus
1655 2435 1758 2475 posuit
1774 2435 1874 2470 vadia,
1891 2440 1922 2463 et
1936 2434 1992 2463 suit
2007 2433 2066 2463 sibi
2082 2443 2231 2462 concessa
2246 2433 2363 2472 suppli-

1457 2485 1540 2514 cacio
1558 2495 1657 2524 usque
1672 2484 1709 2513 ad
1725 2490 1789 2513 tres
1804 2493 1937 2512 menses.

1496 2534 1571 2563 Item
1588 2533 1618 2563 in
1634 2534 1739 2562 eadem
1755 2532 2001 2572 congregacione
2015 2531 2108 2560 solvit
2121 2531 2200 2560 idem
2216 2530 2364 2570 magister

1458 2584 1472 2611 1
1492 2584 1628 2611 francum
1658 2592 1714 2622 pro
1734 2581 1871 2621 jocundo
1889 2580 2027 2614 introitu,
2059 2580 2111 2619 qui
2143 2589 2211 2608 cum
2230 2579 2362 2618 quodam

1456 2632 1516 2661 alio
1535 2633 1639 2660 franco
1657 2637 1783 2670 recepto
1796 2640 1853 2670 per
1868 2640 1915 2658 me
1936 2635 2166 2668 procuratorem
2184 2639 2200 2657 a
2213 2628 2362 2667 magistro

1455 2680 1594 2710 Johanne
1608 2681 1645 2709 de
1656 2679 1869 2709 Aemsterdam
1881 2678 2037 2718 perpotati
2053 2678 2175 2706 fuerunt
2188 2677 2219 2705 in
2235 2677 2362 2706 taberna

1455 2731 1498 2758 ad
1510 2737 1623 2758 scutum
1638 2729 1765 2757 Francie
1779 2738 1816 2757 ex
1836 2727 2063 2757 deliberacione
2078 2726 2229 2755 nacionis.

1496 2779 1570 2807 Item
1587 2777 1716 2807 XXV11=
1725 2777 1775 2806 die
1802 2775 1917 2805 mensis
1945 2775 2018 2805 Maii
2037 2774 2221 2814 juraverunt
2244 2773 2361 2804 domini

1456 2826 1656 2856 Gevehardus
1672 2827 1709 2854 de
1728 2825 1870 2860 Zelbach,
1890 2824 2046 2854 Johannes
2063 2823 2250 2859 Ysebrandi,
2269 2822 2361 2852 Alar-

1454 2906 1528 2934 Maii,
1545 2906 1633 2937 vigilia
1644 2906 1657 2929 7
1668 2905 1741 2928 Maii.

1485 2943 1509 2965 3.
1543 2941 1572 2964 16
1586 2941 1657 2964 Maii.

1485 2978 1509 3001 [ι.
1544 2977 1573 3000 18
1588 2976 1662 3000 Maii.
