2632 3464
424 436 473 461 571

422 518 452 539 et
468 510 608 549 vesperis
625 510 655 538 in
670 509 782 538 Sancto
801 508 914 538 cosma
931 513 961 536 et
979 506 1139 541 Damiano,
1157 512 1187 535 et
1204 507 1231 535 si
1250 516 1326 535 con—

421 560 555 599 tingeret
570 559 635 588 fieri
653 558 797 592 rotulum,
815 567 875 586 non
892 555 1122 585 inrotularetur.
1142 555 1326 594 Verumpta-

420 619 489 637 men
511 608 712 637 deliberatum
736 606 791 636 suit
815 605 1011 634 concorditer
1041 604 1124 643 quod
1148 613 1217 634 cum
1243 610 1327 633 esset

419 664 546 687 vocatus
568 667 625 696 per
645 655 868 696 juramentum,
896 660 926 683 et
952 663 1014 682 non
1040 653 1134 687 venit,
1166 653 1250 692 quod
1275 653 1340 682 die.

420 712 568 746 sequente
581 706 668 734 fieret
678 715 738 734 una
754 704 812 733 alia
823 703 896 742 (Vol.
912 702 959 742 21)
972 702 1178 742 congregacio
1190 702 1325 734 omnium

419 756 637 795 magistrorum
657 764 713 793 per
730 752 947 792 juramentum,
971 757 1001 780 et
1021 751 1237 782 vocareturad
1255 761 1326 780 con-

419 804 636 844 gregacionem
653 802 920 841 perjuramentum
935 810 1023 829 suum
1037 810 1074 829 ex
1087 806 1173 839 parte
1186 799 1326 829 nacionis

419 859 449 882 et
462 852 683 892 procuratoris,
699 857 728 880 et
742 851 784 879 ibi
795 850 1007 888 requireretur
1020 848 1118 878 adhuc
1133 848 1228 878 semel
1243 849 1327 887 quod

419 902 554 931 solveret
579 902 724 930 francum.
755 900 787 928 Si
812 905 911 928 autem
931 898 1028 927 nollet
1043 898 1093 927 vel
1113 908 1175 927 non
1200 907 1326 937 compa-

418 958 512 985 reret,
534 951 756 990 procederetur
769 954 875 977 contra
890 957 958 977 eum
971 947 1062 986 penis
1080 947 1183 976 dictis.

460 1000 534 1029 Item
549 1001 625 1028 facta
640 999 695 1027 fuit
710 997 915 1036 congregacio
928 996 1067 1025 nacionis
1083 995 1255 1035 Anglicane
1268 1005 1326 1035 per

414 1048 620 1089 juramentum
642 1047 741 1076 xxlla
765 1047 813 1075 die
841 1046 957 1076 mensis
986 1045 1147 1079 Februarii
1173 1045 1205 1074 in
1234 1045 1325 1074 domo

419 1095 579 1134 capitulari
597 1095 678 1133 apud
694 1093 885 1132 Cordigeros
905 1098 975 1131 post
990 1102 1176 1128 ,sermonem
1190 1091 1326 1126 Univerff-

419 1145 518 1174 sitatis
534 1154 628 1183 super
643 1143 733 1172 modo
752 1142 883 1182 cogendi
898 1141 1078 1181 magistrum
1094 1141 1264 1170 Johannem
1279 1141 1334 1176 ,den

417 1194 557 1233 Angusia
574 1193 612 1221 ad
630 1192 809 1221 solvendum
828 1192 964 1220 francum
980 1200 1037 1229 pro
1048 1190 1153 1229 ,prima
1168 1189 1234 1229 ejus
1249 1199 1334 1229 pro-³

418 1242 581 1276 curatoria,
606 1251 695 1280 quem
716 1241 851 1269 nondum
877 1239 979 1269 solvit.
1008 1239 1048 1273 Et
1071 1239 1144 1278 quia
1167 1249 1248 1273 nunc
1270 1238 1326 1268 fuit

418 1298 543 1320 vocatus
566 1291 674 1319 iterato
699 1300 756 1328 pro
780 1289 916 1318 secunda
928 1288 1014 1324 vice,
1042 1289 1124 1327 quod
1145 1288 1267 1317 veniret
1287 1288 1326 1316 ad

418 1340 706 1379 congregacionem,
734 1344 764 1367 et
797 1338 922 1367 doceret
953 1337 1142 1366 solucionem
1171 1337 1268 1365 franci
1298 1336 1325 1365 si

418 1395 535 1428 posset,
549 1388 599 1418 vel
614 1388 697 1427 quod
713 1387 848 1416 solveret
864 1387 913 1416 vel
926 1393 1089 1415 excusaret
1106 1396 1150 1421 se,
1170 1386 1326 1415 delibera-

418 1446 481 1467 tum
503 1438 559 1467 fuit
576 1438 659 1476 quod
681 1436 780 1465 adhuc
801 1446 859 1475 pro
882 1436 977 1464 tercia
998 1435 1064 1464 vice
1086 1441 1250 1464 vocaretur
1268 1445 1326 1474 per

419 1487 484 1527 ejus
507 1486 726 1526 juramentum,
754 1486 837 1524 quod
855 1485 989 1524 prestitit
1014 1484 1221 1523 procuratori,
1242 1484 1326 1523 quod

417 1536 537 1565 veniret
558 1537 593 1564 ad
616 1534 906 1574 congregacionem,
929 1540 958 1562 et
976 1533 1111 1563 solveret
1129 1533 1178 1562 vel
1194 1542 1325 1562 excusa-

418 1592 466 1614 ret
487 1595 532 1619 se,
554 1591 582 1613 et
599 1584 625 1613 si
646 1590 718 1613 tunc
740 1593 802 1612 non
816 1582 947 1618 veniret,
973 1583 1194 1622 procederetur
1219 1588 1326 1611 contra

419 1645 486 1663 eum
502 1640 653 1672 tamquam
670 1639 776 1662 contra
789 1632 985 1671 suppositum
1003 1631 1110 1660 inutile
1126 1631 1278 1666 nacionis,
1296 1636 1326 1659 et

419 1683 595 1722 privaretur
610 1693 627 1711 a
644 1681 807 1717 consorcio
824 1681 1054 1720 magistrorum.

460 1732 534 1761 Item
563 1732 639 1760 facta
663 1731 719 1760 suit
745 1730 950 1769 congregacio
983 1729 1123 1759 nacionis
1154 1729 1325 1769 Anglicane

419 1781 550 1810 XXlllla
586 1780 635 1809 die
672 1779 787 1808 mensis
824 1779 984 1808 Februarii
1021 1779 1051 1807 in
1087 1779 1178 1808 nonis
1213 1779 1326 1808 Nostre

420 1830 551 1859 Domine
567 1830 647 1868 apud
664 1828 807 1857 Sanctum
822 1827 1009 1857 Maturinum
1025 1829 1063 1857 ad
1075 1828 1323 1867 supplicandum.

421 1879 459 1908 Et
475 1878 659 1917 supplicavit
672 1878 819 1916 magister
838 1877 950 1916 Hugho
969 1878 1006 1906 de
1023 1877 1187 1912 Hervorst‚
1208 1887 1275 1906 cum
1289 1886 1327 1905 ex

420 1928 513 1956 certis
528 1928 630 1956 causis
648 1926 907 1956 concernentibus
925 1925 990 1965 ejus
1009 1926 1227 1966 patrimonium
1244 1931 1327 1954 esset

420 1977 518 2005 iturus
537 1977 574 2005 ad
592 1982 705 2015 partes,
724 1976 806 2014 quod
826 1975 851 2004 si
864 1981 1004 2014 tempore
1020 1974 1085 2014 ejus
1099 1974 1244 2004 absencie
1259 1974 1326 2003 fieri

420 2026 613 2065 contingeret
625 2025 758 2054 rotulum
772 2025 809 2053 ad
820 2035 942 2064 papam,
952 2026 1013 2052 sive
1026 2026 1076 2052 ille
1089 2032 1164 2052 esset
1180 2026 1325 2059 Clemens,

419 2076 479 2102 sive
503 2074 651 2108 Urbanus,
666 2074 750 2112 quod
764 2080 873 2112 posset
886 2079 1038 2112 tamquam
1060 2083 1190 2112 presens
1206 2073 1327 2102 inrotu-

419 2123 486 2151 lari.
506 2124 536 2150 2⁰
552 2122 748 2161 supplicavit,
767 2132 834 2151 cum
853 2122 919 2160 ipse
935 2122 1103 2151 dimitteret
1123 2122 1172 2150 hic
1190 2123 1325 2157 domum,

421 2172 563 2211 quatinus
584 2171 732 2210 magister
750 2171 914 2210 Philippus
935 2171 1048 2210 Pingh,
1068 2177 1199 2210 protunc
1219 2181 1326 2210 procu-

420 2227 503 2249 rator
519 2220 655 2249 existens
666 2243 672 2254 ‚
692 2230 758 2256 cum
775 2221 902 2249 deberet
917 2230 1042 2258 preesse
1070 2220 1241 2248 scolaribus
1262 2220 1327 2249 suis

421 2269 452 2298 in
470 2270 560 2297 domo
578 2275 716 2307 tempore
733 2268 876 2297 absencie
895 2267 971 2307 ejus,
989 2268 1072 2307 quod
1088 2275 1195 2307 posset
1212 2268 1328 2297 exami-

421 2328 494 2347 nare
515 2318 754 2346 determinantes
772 2317 841 2346 loco
864 2318 911 2346 sui
930 2324 959 2346 et
974 2317 1076 2356 legere
1094 2317 1125 2345 in
1142 2317 1236 2346 scolis
1261 2318 1325 2346 suis

421 2367 577 2396 ordinarie
589 2373 619 2395 et
629 2366 779 2395 cursorie.
792 2368 823 2394 3⁰
831 2366 1018 2405 supplicavit
1029 2367 1111 2405 quod
1124 2366 1211 2395 nacio
1225 2377 1327 2395 amore

422 2416 487 2455 ejus
500 2416 591 2445 vellet
606 2422 770 2454 perpotare
785 2416 931 2444 francum.
951 2416 1051 2454 Super
1066 2416 1134 2444 istis
1146 2416 1329 2445 deliberavit

422 2465 509 2494 nacio
530 2466 585 2499 sic,
609 2465 690 2503 quod
716 2474 822 2493 omnes
839 2463 905 2502 ejus
924 2465 1171 2503 supplicaciones
1191 2465 1325 2494 admisit.

424 2514 462 2543 Et
485 2520 614 2552 protunc
643 2513 807 2552 Philippus
832 2513 944 2548 dictus,
967 2513 1019 2552 qui
1048 2520 1112 2542 erat
1131 2520 1325 2553 procurator,

423 2563 581 2591 substituit
591 2563 682 2591 alium
700 2569 930 2601 procuratorem
943 2569 971 2590 et
987 2562 1045 2590 sibi
1058 2562 1173 2601 juravit
1187 2573 1244 2602 pro
1261 2564 1329 2592 offi-

422 2611 469 2639 cio
484 2611 699 2640 examinatoris
715 2611 996 2640 determinancium.

463 2660 536 2688 Item
560 2661 635 2688 facta
663 2660 717 2689 suit
746 2659 950 2699 congregacio
981 2660 1120 2689 nacionis
1158 2660 1328 2700 Anglicane

422 2708 520 2736 XxVa
543 2708 591 2737 die
613 2709 727 2737 mensis
749 2709 907 2738 Februarii
926 2715 998 2748 post
1019 2710 1143 2738 missam
1165 2709 1329 2739 Universi-

423 2757 493 2785 tatis
515 2757 544 2785 in
564 2758 675 2786 Sancto
696 2758 856 2786 Bernardo
877 2768 971 2797 super
985 2759 1076 2787 modo
1092 2758 1224 2787 habendi
1245 2760 1329 2788 sran-

423 2815 490 2833 cum
509 2816 525 2834 a
540 2807 686 2844 magistro
708 2807 846 2835 Johanne
867 2807 904 2836 de
923 2807 1071 2846 Angusia.
1091 2807 1129 2836 Et
1148 2814 1279 2846 protunc
1295 2818 1328 2837 se

424 2854 501 2882 dixit
518 2854 596 2883 velle
617 2855 748 2891 solvere,
765 2862 794 2884 et
812 2856 1025 2885 subticuerunt
1043 2857 1184 2896 magistri
1199 2863 1329 2896 propter

426 2902 482 2931 hoc
499 2909 580 2937 tunc,
599 2904 624 2931 si
641 2910 739 2932 tamen
757 2905 901 2934 solveret.
966 2900 968 2904 ¹

466 2951 539 2979 ltem
562 2952 665 2980 ultima
685 2953 732 2981 die
757 2953 872 2982 mensis
895 2953 1055 2983 Februarii
1078 2954 1154 2983 facta
1176 2955 1231 2984 fuit
1251 2965 1327 2984 con-

962 430 1186 457 AUCTARIUM
1207 429 1466 456 CHARTULARII
1486 430 1666 457 UNIVERS..
1683 430 1801 462 PARIS,

1363 952 1397 978 10

1363 1197 1396 1223 15

1363 1442 1397 1467 20

1363 1686 1397 1712 25

1364 1932 1398 1958 30

1365 2177 1398 2202 35

1366 2422 1399 2447 40

1366 2666 1400 2692 45

1366 2911 1399 2937 50

2290 430 2346 456 572

1434 505 1582 545 gregacio
1605 506 1742 537 nacionis
1761 505 1932 545 Anglicane
1953 504 1985 534 in
2002 505 2112 545 primis
2132 512 2345 544 postsermo-

1434 565 1504 584 nem
1517 555 1598 594 apud
1615 555 1759 584 Sanctum
1775 554 1963 584 Maturinum
1982 555 2213 594 superduobus
2228 555 2345 589 articu-

1435 603 1486 633 lis.
1506 604 1631 633 Primus
1644 610 1713 635 ,erat
1727 604 1766 634 ad
1781 603 1987 633 ordinandum
2003 604 2040 632 de
2055 603 2188 643 pecunia
2201 604 2341 634 nacionis

1434 659 1466 682 et
1485 653 1523 682 ad
1543 653 1789 693 supplicandum.
1815 653 1854 682 Et
1868 659 2007 692 protunc
2033 652 2356 691 supplicaveruntin·

1435 712 1563 731 numero
1589 702 1644 732 XV
1670 702 1719 731 vel
1743 701 1826 734 XVIv
1843 712 1902 741 pro
1925 701 2077 730 dilacione
2100 702 2262 731 bursarum
2287 711 2344 732 sue

1434 750 1687 787 determinancie,
1701 757 1732 780 et
1746 757 1898 790 ponerent
1910 751 2049 790 pignera.
2068 750 2211 787 Quorum.
2222 751 2345 790 suppli-

1434 799 1577 829 caciones
1592 800 1879 831 fueruntvconcesse
1896 800 1954 833 sub
1969 799 2038 829 istis
2056 799 2342 836 moderacionibus,

1435 858 1494 888 que
1521 855 1719 888 sequuntur„
1739 849 1844 882 Primo
1878 849 1960 888 quod
1992 849 2102 878 darent
2133 849 2165 877 in
2197 854 2346 888 prompto

1434 897 1595 937 pecuniam
1622 897 1756 927 debitam
1785 897 1932 932 bedellis,
1963 897 2098 930 scilicet⁴
2118 898 2243 927 bursam
2274 907 2343 928 cum

1434 946 1572 982 dimidia,
1585 946 1659 986 quia
1675 956 1732 985 pro
1742 946 1803 980 ,illo
1824 946 2011 986 supplicavit
2025 946 2181 977 Johannes
2201 946 2342 976 bedellus

1434 1005 1492 1035 pro
1506 995 1577 1035 ipso
1595 1001 1624 1025 et
1639 995 1762 1024 Matheo
1772 1007 1780 1030 ;
1797 995 1829 1024 2⁰
1843 996 1928 1034 quod
1945 995 1990 1024 illi
2004 995 2064 1034 ,qui
2087 1001 2194 1025 essent
2213 996 2250 1024 de
2266 1005 2354 1035 prom

1433 1044 1535 1074 vincia
1547 1044 1687 1073 Almanie
1699 1044 1786 1083 prius
1798 1044 2012 1074 satisfacerent
2021 1044 2181 1083 provincie
2193 1056 2201 1080 ;
2214 1045 2246 1074 3⁰
2258 1044 2343 1084 quod

1434 1093 1461 1122 si
1472 1093 1525 1132 qui
1537 1093 1888 1126 tenerenturcollectam
1900 1093 2057 1132 magistris
2069 1093 2209 1123 nacionis
2223 1099 2342 1128 nostre,

1434 1143 1518 1181 quod
1541 1141 1624 1171 illam
1646 1142 1819 1178 solverent;
1839 1142 1871 1171 4⁰
1899 1142 1983 1181 quod
2007 1141 2149 1181 jurarent
2173 1143 2256 1181 quod
2287 1152 2346 1171 nec

1434 1191 1584 1220 haberent
1601 1201 1656 1220 nec
1675 1191 1788 1221 habere
1803 1197 1934 1230 possent
1949 1191 1980 1219 in
1995 1197 2139 1230 prompto
2156 1191 2223 1220 sine
2237 1201 2343 1222 eorum

1434 1240 1579 1279 dampno,
1589 1241 1619 1268 in
1630 1245 1694 1269 toto
1709 1240 1759 1269 vel
1771 1240 1907 1279 inparte‚
1918 1249 1978 1279 que
1990 1246 2074 1269 esset
2084 1240 2350 1280 medietas,pecu-.

1434 1289 1514 1318 niam
1532 1299 1622 1328 quam
1640 1289 1791 1322 deberent
1804 1288 1925 1318 solvere
1942 1289 2063 1318 nacioui
2079 1295 2186 1318 nostre
2195 1301 2203 1324 ;
2214 1290 2245 1318 5ο
2260 1290 2343 1329 quod

1435 1338 1462 1367 si
1473 1338 1588 1367 vellent
1605 1347 1722 1377 ponere
1741 1337 1882 1377 pignera,
1904 1337 2054 1367 deberent
2073 1347 2189 1377 ponere
2209 1338 2352 1378 pignera,

1434 1397 1494 1426 que
1510 1393 1615 1416 essent
1627 1386 1714 1426 dupli
1728 1386 1844 1416 valoris
1858 1387 2028 1415 secundum
2042 1386 2234 1416 taxacionem
2246 1387 2344 1416 libra-

1433 1436 1551 1465 riorum
1576 1435 1749 1475 juratorum
1772 1435 2004 1471 Universitatis,
2030 1441 2060 1465 et
2082 1446 2145 1465 non
2175 1437 2344 1466 secundum

1434 1485 1663 1514 estimacionem
1685 1494 1803 1520 eorum,
1828 1490 1858 1514 et
1879 1484 1933 1515 illa
1956 1484 2055 1514 solum
2080 1491 2232 1524 ponerent
2253 1486 2292 1514 ad
2313 1486 2346 1514 3·

1434 1544 1568 1569 menses,
1581 1534 1627 1563 sic
1637 1534 1721 1573 quod
1733 1533 1834 1563 sinon
1847 1533 2030 1573 expedirent
2039 1533 2248 1574 pigneraista‚
2261 1540 2350 1567 tram,

1435 1583 1527 1612 sactis
1545 1583 1645 1612 tribus
1665 1582 1823 1615 mensibus
1839 1582 1927 1612 nacio
1945 1582 2011 1612 sive
2027 1589 2173 1622 receptor
2186 1589 2296 1623 posset
2309 1593 2347 1613 ea

1434 1633 1569 1663 vendere
1602 1633 1719 1671 absque
1751 1631 2005 1661 contradictione.
2039 1632 2079 1661 Et
2112 1632 2171 1661 ista
2204 1632 2346 1672 predicta

1435 1691 1541 1710 omnes
1552 1680 1735 1720 juraverunt
1749 1680 1920 1720 sigillatim,
1935 1691 2015 1710 unus
2025 1687 2098 1720 post
2110 1681 2214 1717 alium,
2227 1681 2259 1710 in
2274 1689 2344 1720 pre-

1435 1731 1539 1760 sencia
1563 1730 1713 1760 nacionis.
1738 1729 1777 1759 Et
1798 1729 1899 1769 primo
1916 1728 2032 1769 juravit
2054 1730 2166 1760 Petrus
2192 1730 2277 1763 Luch
2304 1731 2344 1760 de

1436 1779 1542 1815 Dacia,
1556 1779 1753 1812 Hermannus
1769 1778 1901 1814 Cfieure,
1918 1778 2064 1814 Nicolaus
2080 1779 2118 1808 de
2134 1779 2240 1814 Dacia,
2256 1779 2348 1808 Hen-

1435 1829 1519 1858 ricus
1542 1829 1580 1858 de
1599 1828 1720 1863 Suecia‚
1748 1828 1903 1858 Henricus
1925 1828 2083 1863 Krouwet,
2105 1828 2341 1867 The[odericus]

1435 1879 1473 1907 de
1492 1878 1677 1913 Warmond,
1698 1877 1845 1907 Nicolaus
1868 1877 1998 1913 Muden,
2022 1877 2179 1906 Johannes
2198 1878 2236 1906 de
2258 1876 2342 1917 Hijr,

1435 1926 1592 1956 Johannes
1607 1926 1794 1961 Ysebrandi,
1816 1926 1971 1958 Henricus
1988 1926 2025 1955 de
2047 1926 2177 1962 Hauwe,
2198 1926 2291 1966 Hugo
2306 1927 2347 1956 de

1436 1975 1609 2011 Naldwich,
1631 1975 1808 2015 Stephanus
1827 1975 1900 2004 Pes.

1477 2025 1552 2054 Item
1567 2031 1639 2064 post
1652 2024 1997 2064 supplicavitdominus
2011 2023 2144 2054 Mathias
2157 2025 2194 2053 de
2213 2024 2343 2054 Haesten

1436 2074 1581 2113 quatinus
1594 2074 1682 2102 nacio
1697 2074 1785 2102 daret
1796 2073 1856 2102 sibi
1870 2073 2053 2102 dilacionem
2068 2074 2232 2103 bursarum
2245 2074 2344 2103 deter-

1436 2123 1586 2152 minancie
1609 2133 1663 2152 sue
1689 2129 1718 2152 et
1739 2123 1823 2162 quod
1847 2122 1936 2151 nacio
1961 2133 2028 2151 eum
2051 2122 2185 2162 quitaret
2204 2123 2242 2152 de
2262 2123 2346 2162 posi—

1436 2173 1525 2201 cione
1540 2172 1716 2211 pignerum,
1735 2171 1807 2210 quia
1825 2177 1949 2210 paratus
1969 2177 2053 2200 esset
2065 2170 2171 2210 jurare
2186 2172 2270 2210 quod
2286 2181 2343 2201 nec

1436 2231 1541 2260 perse
1555 2231 1612 2250 nec
1630 2231 1687 2260 per
1701 2221 1816 2250 amicos
1832 2227 1940 2259 posset
1953 2219 2015 2259 jam
2033 2220 2130 2249 dictas
2150 2221 2262 2250 bursas
2279 2220 2345 2250 sol-

1435 2280 1520 2305 vere,
1542 2280 1598 2299 nec
1618 2270 1746 2299 haberet
1761 2270 1892 2309 pignera
1911 2279 1972 2309 que
1990 2276 2101 2309 posset
2115 2269 2266 2309 obligare,
2283 2275 2342 2298 etc.

1437 2318 1534 2359 Cujus
1562 2319 1752 2358 supplicacio
1775 2319 1831 2348 suit
1854 2328 2004 2348 concessa
2034 2328 2102 2347 cum
2126 2318 2344 2348 moderacione

1436 2368 1500 2403 tali,
1518 2369 1601 2407 quod
1616 2367 1748 2407 prestito
1759 2366 1933 2407 juramento
1949 2368 1987 2396 de
1998 2367 2159 2406 predictis,
2173 2373 2207 2396 ut
2221 2367 2343 2406 optulit,

1437 2418 1591 2457 obligaret
1614 2427 1647 2446 se
1672 2417 1704 2445 in
1728 2417 1818 2446 litera
1841 2416 1981 2445 officialis
2006 2417 2063 2445 suh
2088 2426 2168 2455 pena
2187 2417 2346 2445 sentencie

1437 2467 1507 2502 late,
1524 2467 1607 2505 quod
1623 2466 1702 2494 infra
1719 2466 1749 2495 3⁵
1762 2475 1885 2494 menses
1901 2465 2091 2497 satisfaceret
2107 2465 2228 2494 nacioni
2244 2465 2346 2498 inclu-

1437 2516 1503 2545 sive
1523 2516 1560 2544 de
1582 2515 1687 2544 bursis
1709 2514 1871 2554 predictis.
1894 2514 2014 2543 Deinde
2039 2513 2225 2553 supplicavit
2245 2513 2346 2543 domi-

1437 2575 1495 2594 nus
1515 2564 1672 2594 Johannes
1692 2565 1730 2593 de
1750 2563 1937 2593 Constancia
1957 2563 2101 2602 quatinus
2121 2563 2210 2592 nacio
2233 2564 2346 2592 faceret

1438 2614 1498 2643 sibi
1530 2613 1664 2653 graciam
1693 2614 1731 2642 de
1765 2612 1870 2643 bursis
1900 2622 1954 2641 sue
1980 2611 2231 2647 determinancie,
2258 2611 2347 2652 cujus

1438 2662 1628 2702 supplicacio
1652 2662 1766 2691 ibidem
1790 2661 1845 2690 fuit
1866 2671 2015 2690 concessa
2036 2670 2122 2690 more
2148 2661 2250 2695 solito,
2273 2661 2345 2700 quia

1437 2721 1566 2751 pauper,
1595 2717 1625 2740 et
1641 2710 1757 2750 juravit
1780 2710 1811 2739 in
1841 2709 2003 2749 presencia
2034 2709 2174 2739 nacionis
2199 2715 2344 2739 statutum

1438 2760 1641 2799 paupertatis.

1478 2810 1523 2837 2¹¹⁸
1538 2808 1685 2837 articulus
1701 2808 1757 2837 suit
1773 2808 1811 2837 de
1828 2808 1919 2837 modo
1937 2807 2070 2836 habendi
2087 2808 2223 2836 francum
2245 2807 2348 2846 magi-

1438 2858 1494 2886 stri
1518 2857 1668 2886 Johannis
1693 2858 1731 2885 de
1750 2856 1902 2896 Angusia,
1929 2862 1959 2885 et
1979 2855 2162 2885 deliberavit
2185 2856 2285 2891 nacio,
2307 2865 2344 2884 ex

1437 2917 1499 2946 quo
1514 2906 1662 2945 magister
1677 2905 1768 2945 Hugo
1782 2906 1867 2934 dedit
1883 2905 2005 2934 nacioni
2023 2905 2159 2934 francum
2175 2905 2214 2933 ad
2233 2914 2342 2943 perpo-

1436 2956 1573 2990 tandum‚
1593 2955 1676 2994 quod
1696 2954 1783 2983 nacio
1804 2954 1862 2984 iret
1883 2955 1922 2983 ad
1941 2955 2110 2989 tabernam,
2135 2959 2164 2983 et
2183 2959 2347 2983 vocaretur

1612 3125 1649 3161 A
