2632 3464
223 481 421 508 Subdetermi-

274 532 373 553 nantes

226 2108 402 2134 Licentiandi

1276 400 1541 430 INTRODUCTIO

443 409 529 426 xlxnl

491 477 856 522 Subdeterminatio‚
874 478 1109 527 pauperibus
1125 486 1332 522 reservata,
1351 479 1479 516 nullus
1493 488 1703 529 proventus
1724 482 1870 518 nationi
1889 481 2124 530 generaliter
2145 482 2330 521 afferebat
2343 485 2368 520 ¹.

442 546 503 581 Sic
521 547 780 595 juramentum
800 560 819 583 a
841 547 1228 584 subdeterminaturis
1245 548 1506 597 exigebam-2.

482 669 645 702 Jurabitis
666 671 756 714 quod
779 683 867 703 anno
890 671 1182 704 determinationis
1207 678 1350 710 vestrae,
1372 684 1434 704 nee
1456 672 1497 704 de
1518 673 1669 716 proprio,
1692 685 1754 705 nee
1774 673 1815 706 de
1833 686 2046 719 quocumque
2069 674 2147 714 alio,
2171 675 2370 720 plusquam

437 729 604 761 sexdecim
619 729 776 762 denarios
791 728 826 761 in
848 729 1033 773 septimana
1050 729 1192 773 potestis
1207 729 1398 773 expendere
1418 730 1600 762 secundum
1616 738 1759 764 vestram
1777 732 1978 769 facultatem.

485 848 680 896 Quosdam
702 847 750 883 ad
769 848 1205 884 subdeterminationem
1223 848 1413 884 admissos
1433 848 1552 885 fuisse
1573 862 1592 884 a
1614 843 1769 885 natione
1788 863 1847 885 an.
1873 851 1964 902 1373
1978 839 2076 898 (423,
2099 851 2121 888 6
2138 851 2242 902 sqq.)
2261 829 2369 888 invess

434 918 573 961 nimus,
595 931 757 967 quorum
773 917 888 954 bursa
904 917 952 953 ad
973 920 993 953 5
1025 917 1170 954 solidos
1184 918 1244 954 vel
1270 919 1290 954 5
1310 917 1381 954 sol.
1400 926 1439 954 et
1452 919 1474 953 2
1495 917 1673 955 denarios
1689 918 1749 955 vel
1768 919 1811 961 18
1831 919 1976 974 solidos
1993 920 2244 958 ascendebat.
2264 923 2369 972 Rurf

434 1000 499 1023 sus
513 988 739 1037 saepissime
755 1000 836 1030 eos,
860 988 925 1036 qui
947 994 1133 1024 statutum
1151 989 1389 1037 paupertatis
1411 1000 1540 1023 coram
1557 989 1712 1024 natione
1726 974 1960 1037 juraverant,
1983 972 2167 1040 tanquam
2183 990 2366 1027 determi-

432 1064 569 1093 nantes
585 1064 811 1106 procurator
827 1057 1036 1106 inscripsit.
1054 1057 1104 1093 At
1131 1070 1174 1093 ea
1209 1064 1440 1093 statutorum
1458 1058 1714 1105 transgressio
1729 1058 1945 1107 vituperata
1962 1066 2020 1095 est
2038 1059 2085 1095 ab
2106 1060 2190 1109 ipsa
2210 1059 2366 1097 natione

431 1139 491 1161 an.
515 1126 621 1171 1374,
644 1139 741 1175 quae
758 1127 895 1162 iterum
912 1126 1083 1162 decrevit
1106 1141 1122 1161 «
1142 1126 1245 1175 quod
1267 1126 1430 1176 amplius
1445 1127 1482 1161 in
1501 1126 1668 1163 futurum
1683 1126 1811 1163 nullus
1827 1112 1973 1177 pauper
1988 1128 2274 1174 determinaret,
2295 1129 2364 1167 sed

430 1195 778 1231 subdeterminaret
812 1197 851 1230 in
896 1194 1021 1231 medio
1044 1195 1379 1246 quadragesimae,
1408 1203 1446 1231 et
1467 1195 1570 1245 quod
1591 1183 1719 1232 nullus
1744 1195 1851 1232 dives
1882 1196 2018 1233 bursas
2049 1210 2137 1234 suas
2168 1198 2364 1236 soluturus

428 1265 592 1314 amplius
624 1264 987 1307 subdeterminaret,
1021 1266 1125 1301 omni
1152 1266 1318 1302 nationis
1347 1264 1637 1315 dispensatione
1654 1266 1666 1287 ³
1702 1278 1818 1315 super
1841 1265 1915 1302 hoc
1942 1252 2096 1316 penitus
2122 1247 2360 1306 interdictas

426 1334 523 1381 (448,
548 1335 616 1377 36;
636 1334 722 1377 452,
745 1334 819 1381 41).

477 1405 515 1439 Si
545 1405 630 1453 quis
653 1403 990 1439 determinantium
1021 1404 1158 1439 seriem
1183 1402 1391 1452 diligenter
1410 1403 1686 1446 observaverit,
1711 1405 1907 1440 nationem
1933 1404 2188 1454 Anglicanam
2213 1385 2361 1455 videbit

426 1476 716 1522 interpretatam
732 1486 818 1509 esse
830 1473 1038 1522 juramenti
1059 1472 1175 1509 verba
1192 1472 1303 1509 aliter
1323 1485 1365 1508 ac
1380 1474 1584 1522 potuisset,
1609 1486 1696 1509 cum
1713 1473 1822 1509 multi
1837 1473 2033 1510 scholares
2050 1475 2115 1525 qui
2136 1489 2154 1510 <c
2177 1458 2255 1511 non
2273 1474 2364 1533 plus,

425 1557 538 1593 quam
571 1544 766 1579 semea-im
799 1543 979 1579 denarios
1016 1543 1054 1577 in
1084 1543 1299 1592 septimana
1328 1542 1546 1591 expendere
1576 1550 1756 1592 poterant
1785 1557 1801 1577 ))
1838 1550 2020 1593 tanquam
2058 1532 2360 1581 determinantes

425 1613 697 1655 inscribantur,
716 1611 857 1649 nedum
875 1611 922 1648 ad
947 1611 1358 1648 subdeterminandum
1375 1611 1547 1648 admissi.
1569 1613 1632 1648 Sic
1655 1625 1753 1648 unus
1778 1613 1886 1661 cujus
1908 1612 2022 1648 bursa
2045 1614 2089 1649 16
2112 1613 2200 1649 den.
2225 1613 2357 1651 deter-

426 1684 543 1718 minat
555 1695 612 1718 an.
635 1682 724 1717 1377
747 1682 844 1728 (512,
865 1682 936 1728 35),
956 1689 1045 1718 octo
1063 1694 1123 1717 an.
1148 1682 1253 1724 1398,
1269 1694 1367 1717 unus
1388 1694 1448 1717 an.
1468 1682 1560 1718 1399
1576 1682 1674 1729 (789,
1691 1682 1764 1728 47),
1784 1688 1965 1731 quattuor
1984 1695 2045 1718 an.
2067 1683 2269 1730 1400(810,
2290 1667 2361 1736 '173'-

424 1753 508 1793 812,
530 1753 578 1798 2),
612 1759 793 1801 quattuor
815 1764 876 1787 an.
907 1751 997 1786 1401
1025 1751 1121 1796 (823,
1149 1751 1196 1785 24
1217 1753 1303 1800 sq.),
1329 1758 1479 1800 septem
1504 1764 1564 1787 an.
1590 1750 1682 1787 1402
1699 1751 1796 1798 (839,
1815 1752 1861 1787 35
1882 1753 1970 1801 sq.),
1989 1751 2096 1788 etc.4.
2116 1753 2163 1788 Et
2179 1765 2227 1788 ne
2244 1759 2357 1801 putes

424 1822 526 1857 illam
545 1822 780 1857 mentionem
799 1820 846 1856 ad
871 1820 973 1857 idem
995 1819 1120 1856 redire
1140 1833 1182 1856 ac
1206 1835 1222 1855 «
1246 1820 1362 1856 bursa
1379 1820 1474 1856 nihil
1497 1835 1530 1863 »,
1549 1819 1752 1857 afferemus
1768 1820 1864 1856 duos
1886 1820 2081 1857 scholares
2095 1834 2257 1870 quorum
2272 1821 2358 1858 bur-

424 1905 463 1928 sa
488 1892 532 1927 16
547 1891 652 1933 den.‚
676 1890 816 1940 quibus
842 1903 888 1926 ex
913 1891 1131 1939 juramento
1153 1889 1338 1927 adstricte
1354 1889 1699 1927 subdeterminatio
1722 1898 1854 1939 aperta
1883 1890 2032 1933 fuisset,
2060 1903 2129 1940 per
2154 1890 2357 1940 dispensa-

422 1963 567 1997 tionem
586 1959 989 2010 (subdeterminavisse
1009 1960 1108 2006 (770,
1142 1959 1204 2001 16;
1229 1959 1312 2001 792,
1332 1959 1379 2006 6).
1413 1960 1564 1995 Nomini
1588 1960 1726 2009 prioris
1748 1954 1974 2009 procurator
1989 1959 2137 1996 addidit
2160 1974 2176 1995 t<
2198 1959 2313 1996 solvit
2335 1974 2351 1995 >2

423 2029 559 2067 eodem
578 2029 693 2066 modo
707 2042 783 2079 quo
800 2028 1166 2066 subdeterminatori
1184 2029 1311 2065 vicino
1332 2029 1440 2078 cujus
1452 2028 1568 2065 bursa
1584 2030 1605 2064 5
1622 2028 1693 2065 sol.
1713 2029 1810 2076 (770.
1833 2028 1884 2077 6).
2231 2079 2233 2081 ι

473 2099 712 2136 Licentiandi
730 2101 768 2135 in
783 2098 929 2135 artibus
942 2099 1164 2147 juraverant
1178 2099 1189 2120 5
1207 2111 1248 2134 se
1263 2113 1279 2133 c<
1294 2100 1483 2148 receptori
1502 2099 1667 2134 nationis
1685 2099 1835 2148 integre
1852 2099 1872 2134 5
1888 2098 2039 2142 bursas,
2053 2100 2156 2134 omni
2169 2097 2301 2135 fraude
2316 2106 2355 2135 et

424 2169 513 2206 dolo
535 2170 764 2219 postpositis
782 2184 799 2203 )>
822 2167 1017 2204 soluturos
1038 2176 1077 2204 et
1092 2183 1108 2203 «
1126 2167 1174 2204 de
1194 2168 1392 2204 reddendo
1403 2168 1588 2204 >salarium
1606 2167 1769 2204 bedellis
1788 2169 1954 2204 nationis
1973 2181 1990 2202 ³>
2009 2169 2232 2204 memoriam
2250 2167 2354 2204 habi-

428 2247 546 2275 turos.
576 2241 776 2275 Praeterea
806 2246 952 2275 sextam
974 2238 1143 2279 bursam,
1169 2238 1323 2288 quando
1352 2239 1531 2287 imposita
1551 2237 1622 2274 fuit
1649 2238 1770 2273 cuivis
1788 2237 2000 2287 quemlibet
2021 2237 2181 2287 gradum
2207 2239 2352 2287 petenti

464 2400 490 2426 1.
537 2396 699 2426 Posterius
712 2403 811 2425 tamen
825 2396 1079 2431 determinantes,
1093 2406 1224 2435 quorum
1240 2397 1334 2425 bursa

422 2447 509 2481 nihil,
528 2446 683 2485 receptori
702 2447 715 2474 1
736 2445 789 2474 lib.
812 2446 831 2474 6
850 2445 908 2476 sol.
928 2445 1098 2474 solverunt.
1120 2444 1209 2484 (Reg.
1228 2455 1333 2484 recep-

422 2497 499 2525 toris
515 2506 563 2524 an.
582 2496 657 2524 1494
677 2505 747 2534 sqq.
766 2494 860 2525 Areh.
873 2494 965 2524 Univ.
985 2494 1085 2529 Paris,
1103 2498 1137 2523 1ιο
1149 2493 1212 2533 85.)

461 2547 489 2574 2.
534 2545 604 2573 Vid.
628 2546 775 2573 Chartul.,
794 2544 834 2579 Il,
851 2554 882 2583 p.
901 2545 959 2573 674
971 2543 1020 2583 (5)

461 2597 489 2623 3.
535 2594 744 2623 Nihilominus
756 2604 804 2622 an.
821 2594 897 2622 1398
912 2593 1046 2622 citantur
1057 2594 1118 2621 duo
1130 2593 1332 2621 subdetermi-

421 2650 539 2678 nantes,
565 2653 694 2682 quorum
714 2653 794 2672 unus
812 2643 937 2672 bursam
969 2644 986 2671 5
1011 2642 1083 2676 sol.,
1105 2641 1181 2670 alter
1208 2642 1331 2671 bursam

424 2694 460 2721 16
475 2693 671 2721 denariorum
689 2693 831 2727 habebat,
847 2702 914 2720 cum
930 2697 1002 2720 nota
1018 2691 1160 2730 apposita
1176 2703 1181 2719 :
1205 2703 1217 2717 ι(
1233 2691 1333 2719 Solvit

422 2752 478 2781 per
502 2742 766 2780 dispensationem
783 2753 799 2769 ³>
821 2740 901 2780 (770,
921 2741 940 2769 8
962 2746 991 2769 et
1015 2740 1072 2779 16).
1090 2740 1188 2769 Etiam
1208 2750 1244 2768 ex
1265 2739 1332 2768 dis-

423 2791 604 2830 pensatione
626 2790 760 2819 nationis
783 2790 1111 2818 sublimet-minaverunt
1131 2789 1331 2817 sufficientem

422 2842 545 2870 bursam
570 2840 717 2869 habentes
741 2846 886 2879 quattuor
906 2849 954 2868 an.
983 2839 1059 2867 1374
1080 2838 1160 2878 (447,
1185 2839 1234 2872 33,
1259 2838 1329 2872 449,

422 2892 439 2918 3
456 2890 528 2928 sq.),
551 2900 628 2918 unus
645 2899 694 2917 an.
715 2890 792 2918 1376
809 2889 887 2927 (487,
908 2888 969 2927 43),
986 2898 1065 2917 unus
1086 2897 1134 2916 an.
1156 2887 1231 2916 1383
1249 2886 1329 2925 (650,

423 2940 482 2978 23),
505 2949 583 2967 unus
609 2949 657 2966 an.
683 2939 758 2967 1397
781 2939 860 2977 (736,
880 2937 940 2976 20),
964 2938 1024 2966 duo
1044 2947 1092 2965 an.
1118 2936 1194 2965 1398
1213 2936 1293 2975 (770,
1312 2936 1331 2964 6

1442 2401 1471 2424 et
1497 2394 1555 2434 16),
1574 2405 1654 2424 unus
1677 2404 1726 2423 an.
1748 2394 1824 2423 1399
1848 2394 1928 2434 (792,
1951 2393 1992 2433 6),
2013 2394 2074 2423 duo
2094 2404 2143 2423 an.
2170 2394 2246 2423 1402
2269 2394 2350 2434 (841,

1442 2444 1502 2483 24),
1517 2445 1578 2473 duo
1590 2454 1637 2472 an.
1658 2443 1734 2472 1405
1747 2443 1826 2483 (918,
1843 2443 1901 2483 13),
1914 2444 1974 2472 duo
1987 2443 2099 2472 divites
2112 2453 2161 2472 an.
2179 2443 2256 2472 1406
2270 2442 2349 2482 (918,

1443 2494 1498 2529 13;
1518 2493 1588 2527 919,
1605 2492 1665 2532 34).

1482 2542 1510 2570 4.
1556 2542 1672 2571 Multos
1693 2542 1934 2570 determinantes
1952 2553 1965 2568 «
1981 2551 2112 2580 quorum
2128 2542 2222 2570 bursa
2240 2540 2317 2570 nihil
2335 2552 2349 2568 ι»

1442 2590 1615 2620 invenimus
1645 2601 1724 2630 quos
1757 2592 1794 2619 ad
1833 2590 2160 2620 subdeterminantiam
2191 2589 2351 2619 admittere

1442 2640 1524 2669 natio
1554 2639 1719 2679 potuisset,
1746 2649 1794 2668 ex.
1823 2650 1853 2679 g.
1883 2640 1988 2668 decem
2018 2649 2066 2669 an.
2086 2639 2163 2668 1349
2185 2637 2265 2678 (134,
2290 2639 2349 2678 14),

1442 2695 1559 2728 septem
1585 2699 1634 2717 an.
1670 2689 1746 2717 1350
1776 2688 1855 2727 (140,
1891 2689 1939 2717 34.
1965 2687 2039 2728 sq.)‚
2065 2694 2183 2727 septem
2206 2697 2254 2716 an.
2274 2688 2350 2716 1354

1442 2738 1521 2777 (170,
1538 2737 1649 2776 pass),
1667 2738 1771 2766 decem
1788 2747 1836 2766 an.
1862 2738 1939 2766 1368
1958 2737 2037 2776 (326,
2054 2737 2092 2766 34
2112 2736 2186 2776 sq.),
2206 2742 2351 2775 quattuor

1441 2797 1490 2817 an.
1508 2787 1585 2816 1380
1595 2786 1675 2826 (585,
1687 2787 1704 2815 2
1717 2786 1862 2826 sq.),du0
1878 2796 1927 2815 an.
1944 2786 2020 2815 1382
2036 2785 2115 2826 (166,
2133 2786 2250 2821 25;67,
2267 2784 2346 2824 127),

1442 2836 1566 2865 Blasius
1587 2847 1600 2863 «
1619 2836 1745 2865 omnino
1764 2845 1882 2875 pauper
1902 2848 1915 2862 »
1940 2845 1988 2864 an.
2008 2835 2085 2864 1383
2102 2834 2182 2874 (652,
2203 2835 2257 2870 32,
2275 2835 2345 2870 653,

1440 2886 1500 2924 41),
1516 2895 1595 2914 unus
1611 2895 1660 2914 an.
1683 2885 1759 2914 1400
1775 2885 1854 2924 (810,
1874 2884 1933 2924 14),
1951 2894 2030 2913 unus
2046 2894 2094 2913 an.
2114 2883 2191 2913 1403
2205 2885 2285 2923 (866,
2306 2882 2346 2923 7).

1481 2935 1507 2963 5.
1554 2934 1623 2963 Vid.
1644 2935 1793 2970 Char-tub,
1808 2934 1848 2969 ll,
1861 2944 1892 2973 p.
1910 2934 1968 2963 675
1984 2933 2033 2973 (7).
