2632 3464
448 431 498 456 403
987 426 1210 453 AUCTARIUM
1231 424 1489 451 CHARTULARII
1509 425 1683 453 UNIVERS.
1705 426 1822 454 PARls.
2307 429 2360 457 4⁰4

447 505 577 540 articuli,
602 505 653 544 qui
673 504 761 533 statui
785 505 943 538 deberent,
966 504 1114 532 deberent
1127 502 1194 531 dari
1218 507 1349 540 quatuor

447 554 610 594 deputatis,
626 554 743 583 scilicet
753 553 876 581 domino
885 551 1013 582 rectori⁴
1027 558 1056 581 et
1064 551 1188 580 domino
1199 550 1349 590 magistro

447 603 512 633 Ade
530 610 560 633 et
573 603 720 642 magistro
739 602 873 631 Henrico
890 601 1039 630 Lanchals
1055 606 1084 629 et
1098 599 1258 639 magistro,
1275 605 1346 634 etc.,

446 653 483 681 ad
506 652 738 681 examinandum
754 651 834 679 etad
853 650 1080 690 corrigendum,
1098 659 1135 677 ne
1153 648 1269 688 aliquid
1285 653 1348 677 sta-

447 707 583 731 tueretur
595 706 701 729 contra
718 699 879 739 privilegia
899 704 927 727 et
943 705 1053 727 statuta
1069 697 1299 727 Universitatis.

487 750 561 779 Item
577 749 688 778 ibidem
709 748 892 787 supplicavit
909 747 1051 776 dominus
1070 752 1265 786 procurator,
1285 745 1349 775 sei-

447 799 517 828 licet
532 798 677 837 magister
689 796 834 826 Albertus
847 797 884 825 de
901 796 1022 830 Prucia,
1039 796 1122 834 quod
1137 795 1225 824 nacio
1244 794 1348 824 dimit-

446 854 524 877 teret
541 847 599 876 sibi
621 856 712 875 unum
734 847 867 874 francum
892 846 929 874 de
953 845 1091 884 pecunia,
1114 854 1204 884 quam
1227 843 1348 873 nacioni

447 898 576 926 debebat
594 906 629 924 ex
645 901 730 934 parte
750 894 841 923 rotuli
858 894 943 923 missi
960 893 1125 933 Gregorio,
1144 903 1211 922 cum
1229 893 1297 933 ipse
1317 893 1348 922 in

446 945 546 985 primo
561 944 661 973 rotulo
674 954 804 983 presens
816 943 934 972 suisset.
954 942 994 972 Et
1005 941 1070 981 ejus
1087 942 1278 982 supplicacio
1294 941 1350 972 suit

446 1004 603 1023 concessa.
623 993 667 1022 De
683 993 743 1021 alio
759 1002 832 1021 vero
847 993 950 1021 franco
967 991 1114 1021 satisfecit
1130 991 1262 1027 nacioni,
1277 991 1349 1031 quia

448 1043 506 1072 sibi
531 1043 618 1071 nacio
645 1042 779 1081 obligata
802 1041 858 1070 suit
880 1041 911 1070 in
935 1041 1062 1070 dimidio
1083 1041 1185 1069 franco
1206 1041 1243 1069 de
1270 1041 1348 1069 festo

449 1091 630 1125 Eadmundi,
651 1097 680 1119 et
700 1090 791 1119 alium
812 1089 970 1119 dimidium
988 1089 1126 1129 prestitit
1143 1089 1276 1125 bedello,
1296 1089 1348 1129 qui

446 1139 513 1179 ejus
532 1140 661 1179 pignora
674 1139 833 1168 retinebat.

487 1189 559 1218 Item
585 1188 696 1216 ibidem
718 1188 902 1227 supplicavit
932 1187 1075 1217 dominus
1101 1187 1265 1217 Gotsalcus
1290 1196 1348 1227 pro

446 1238 533 1267 litera
550 1237 744 1266 testimoniali
766 1238 802 1265 de
821 1237 959 1272 licencia,
980 1236 1066 1276 cujus
1087 1236 1278 1276 supplicacio
1294 1236 1350 1265 fuit

445 1296 602 1320 concessa,
618 1286 689 1325 quia
708 1286 858 1325 rigorosa.

488 1335 560 1364 ltem
576 1336 650 1364 sacta
663 1335 908 1374 congregacione
927 1334 1066 1364 nacionis
1081 1334 1251 1374 Anglicane
1269 1344 1349 1364 anno

446 1394 506 1423 quo
518 1394 626 1422 supra,
642 1383 740 1412 XXII·
753 1384 801 1412 die
815 1383 929 1412 mensis
942 1383 1144 1422 Septembris,
1160 1384 1241 1422 apud
1257 1383 1349 1412 Sanc-

447 1439 508 1461 tum
539 1432 743 1461 Marturinum
774 1433 811 1461 ad
840 1433 1015 1472 eligendum
1044 1439 1248 1472 receptorem,
1277 1438 1350 1461 tunc

446 1482 589 1521 antiquus
614 1487 757 1520 receptor
779 1491 815 1510 ex
835 1482 990 1511 voluntate
1010 1481 1143 1511 omnium
1171 1481 1227 1511 fuit
1249 1481 1350 1511 conti-

448 1537 567 1559 nuatus.

489 1580 560 1608 Item
574 1579 685 1608 ibidem
702 1580 889 1618 computavit
905 1579 1047 1608 dominus
1059 1586 1212 1619 receptor,
1233 1586 1262 1609 et
1278 1579 1350 1608 hinc

448 1629 518 1657 inde
537 1628 693 1657 desalcatis
704 1628 815 1657 mansit
827 1628 948 1657 nacioni
964 1628 1119 1668 obligatus
1132 1629 1163 1657 in
1177 1635 1246 1658 octo
1260 1628 1350 1657 libris

447 1683 477 1706 et
502 1677 571 1706 XlX
597 1677 717 1706 solidis.
741 1676 911 1716 Computus
925 1684 1024 1706 tamen
1042 1676 1106 1717 ejus
1126 1687 1188 1706 non
1213 1684 1278 1707 erat
1295 1687 1351 1717 per

447 1736 554 1754 omnes
576 1727 764 1765 approbatus
787 1732 916 1765 propter
933 1727 1083 1765 quandam
1101 1727 1262 1766 pecuniam
1278 1736 1350 1766 per-

449 1781 580 1814 potatam
610 1775 639 1803 in
665 1775 814 1804 electione
843 1775 958 1804 domini
987 1775 1198 1814 procuratoris
1220 1781 1351 1814 protunc

449 1824 609 1853 existentis
634 1830 663 1852 et
682 1830 808 1863 propter
830 1824 990 1863 pecuniam
1014 1831 1202 1864 prrpotatam
1223 1825 1254 1853 in
1277 1834 1352 1864 pro-

447 1873 530 1911 pina,
550 1883 638 1912 quam
656 1873 744 1901 nacio
763 1873 911 1912 magistro
934 1873 1075 1902 Mersilio
1097 1873 1127 1902 in
1147 1874 1278 1903 adventu
1295 1883 1351 1903 suo

452 1922 639 1961 propinavit.

490 1970 563 1999 Item
589 1970 701 1999 ibidem
726 1971 814 2000 nacio
838 1971 963 2000 intravit
980 1972 1148 2006 tabernam,
1165 1977 1195 2000 et
1209 1977 1352 2011 receptor

450 2019 541 2048 solvit
554 2029 645 2048 unum
660 2020 794 2048 francum
805 2031 812 2055 ;
824 2026 1006 2059 procurator
1018 2030 1093 2049 vero
1104 2030 1238 2060 sequens
1247 2020 1350 2055 alium,

450 2068 567 2097 scilicet
585 2068 731 2107 magister
748 2068 881 2098 Thomas
899 2069 936 2098 de
951 2069 1104 2098 Haerlem.

852 2161 946 2191 1371

510 2232 579 2270 (Vol.
600 2235 636 2261 28
651 2232 674 2271 b)
706 2232 795 2262 Acta
826 2234 1090 2272 procuratorie
1118 2234 1291 2273 magistri

588 2281 721 2310 Thome
751 2282 921 2311 Nicholai
953 2283 995 2311 de
1024 2282 1213 2312 Haerlem.

489 2361 578 2389 Anno
594 2361 714 2390 Domini
729 2362 773 2390 Μο
785 2361 878 2391 CCC⁰
891 2362 1000 2391 LXXl⁰
1015 2363 1092 2391 sacta
1107 2363 1352 2402 congregacione

450 2410 586 2438 nacionis
607 2410 775 2449 Anglicane
798 2411 943 2439 vicesimo
959 2411 1050 2440 tertio
1073 2411 1122 2440 ‹lie
1141 2412 1256 2441 mensis
1273 2411 1352 2451 Sep-

450 2458 575 2487 tembris
589 2460 667 2497 apud
683 2459 825 2488 Sanctum
842 2460 1026 2489 Maturinum
1041 2461 1077 2489 ad
1091 2460 1267 2500 eligendum
1281 2470 1351 2500 pro-

452 2513 620 2535 curatorem
647 2514 677 2536 et
698 2508 734 2536 ad
762 2508 945 2537 audiendum
965 2515 1140 2548 computum
1167 2509 1350 2549 receptoris‚

452 2555 565 2584 electus
589 2557 643 2584 suit
676 2557 706 2585 in
730 2563 958 2595 procuratorem
986 2558 1132 2597 magister
1153 2558 1286 2588 Thomas
1315 2560 1352 2588 de

454 2603 592 2631 llacrlem
607 2605 642 2632 ab
659 2605 800 2634 omnibus
817 2606 1023 2635 concorditer.
1044 2607 1077 2635 In
1097 2606 1183 2646 cujus
1203 2617 1352 2646 procura-

454 2651 539 2681 cione
555 2659 618 2681 acta
635 2654 755 2683 suerunt
770 2654 824 2683 hec
837 2665 896 2693 que
910 2662 1090 2694 sequuntur.

495 2700 526 2728 ln
543 2702 640 2739 primo
663 2703 737 2731 sacta
757 2704 1001 2742 congregacione
1024 2705 1162 2734 nacionis
1182 2705 1352 2745 Anglicane

454 2758 532 2777 anno
551 2760 610 2787 quo
629 2761 731 2789 supra,
749 2752 866 2780 decimo
882 2753 978 2781 tercio
994 2753 1043 2782 die
1062 2753 1177 2783 mensis
1194 2754 1351 2790 Octobris,

455 2798 533 2835 apud
554 2799 694 2827 Sanctum
719 2800 869 2829 Julianurn
890 2802 926 2829 ad
949 2802 1131 2830 audiendum
1158 2803 1353 2831 concordiam

456 2845 664 2883 deputatorum
692 2849 727 2875 ad
752 2850 943 2878 statuendum
966 2851 1002 2878 de
1026 2850 1130 2886 scolis,
1153 2851 1353 2881 deliberatum

488 2941 509 2963 1.
544 2942 658 2966 Marsilio
672 2944 702 2966 de
718 2945 823 2975 lnghen.
841 2945 894 2969 Vid.
909 2946 1026 2970 Cbartul.
1041 2947 1085 2976 111,
1099 2948 1208 2971 n⁰1369.

1386 945 1420 971 10

1386 1188 1419 1215 15

1387 1434 1421 1459 20

1388 1678 1421 1704 25

1389 1927 1422 1953 30

1389 2172 1423 2198 35

1389 2416 1423 2442 40

1390 2660 1423 2686 45

1456 507 1522 531 erat
1540 502 1623 541 quod
1642 502 1815 532 deferretur
1829 513 1928 543 usque
1948 505 1985 534 ad
2001 505 2171 545 proximam
2187 515 2362 547 congrega-

1457 550 1587 586 cionem,
1601 551 1745 591 quoniam
1762 552 1852 591 pauci
1867 553 2007 592 magistri
2025 554 2140 584 ibidem
2156 561 2318 584 venerunt.

1498 599 1572 629 Item
1611 601 1687 630 facta
1725 601 1971 641 congregacione
2009 602 2150 633 nacionis
2189 602 2361 644 Anglicane

1456 648 1575 678 decimo
1593 655 1703 688 quarto
1727 649 1777 679 die
1796 650 1912 679 mensis
1933 651 2079 681 Octobris
2094 652 2165 681 anni
2183 652 2315 692 predicti
2329 652 2361 682 in

1457 697 1565 736 primis
1585 699 1665 737 apud
1689 698 1833 728 Sanctum
1855 698 2008 729 sulianum
2026 701 2064 730 ad
2084 700 2267 730 audiendum
2284 711 2362 731 con-

1457 746 1592 775 cordiam
1619 747 1850 786 deputatorum,
1874 749 1911 777 ad
1937 749 2130 779 statuendum
2152 750 2191 779 de
2217 749 2311 780 scolis
2332 756 2363 780 et

1456 795 1494 824 ad
1522 795 1725 825 ordinandum
1750 797 1788 826 de
1810 797 1939 836 pecunia
1963 797 2102 827 nacionis
2127 804 2157 828 et
2177 799 2215 828 sd
2239 798 2368 838 suppli-

1456 844 1598 879 candum,
1610 844 1662 874 ubi
1677 844 1772 875 relata
1787 845 1843 875 fuit
1857 846 2023 876 concordia
2038 847 2130 876 trium
2146 847 2362 886 deputatorum

1455 902 1513 932 per
1530 893 1611 925 hunc
1623 894 1758 928 modum,
1775 895 1858 934 quod
1875 895 1906 924 in
1919 895 1979 924 fine
1992 895 2095 935 magni
2108 896 2258 925 ordinarii
2273 896 2361 926 nacio

1457 941 1584 971 haberet
1596 942 1723 972 liberam
1740 942 1982 982 disposicionem
1997 945 2035 974 de
2053 944 2148 974 scolis
2165 944 2233 974 sine
2246 944 2362 985 allega-

1457 990 1544 1020 cione
1553 989 1634 1030 juris
1645 991 1788 1031 inquilini
1800 990 2020 1032 cujuscunque,
2032 1003 2094 1022 non
2107 994 2248 1023 obstante
2262 1000 2362 1023 tamen

1458 1040 1540 1079 quod
1555 1039 1668 1080 aliquis
1685 1040 1832 1080 magister
1847 1041 1878 1070 in
1902 1041 2004 1081 aliqua
2019 1041 2149 1082 legisset
2173 1052 2230 1082 per
2250 1052 2362 1072 annum

1458 1098 1511 1118 seu
1529 1089 1619 1124 duos,
1642 1089 1708 1119 sive
1728 1099 1786 1128 per
1805 1089 1942 1128 spacium
1966 1091 2115 1131 temporis
2144 1092 2360 1131 quodcunque.

1458 1138 1604 1167 Preterea
1621 1138 1703 1177 quod
1723 1138 1811 1167 nacio
1829 1148 1891 1168 non
1915 1139 2097 1179 disponeret
2117 1140 2155 1172 de
2178 1140 2274 1170 scolis
2297 1139 2362 1170 suis

1457 1186 1517 1216 nisi
1534 1186 1614 1216 infra
1635 1187 1744 1216 festum
1768 1187 1977 1217 Bartholomei
2001 1194 2032 1218 et
2051 1188 2238 1228 principium
2260 1188 2363 1229 magni

1457 1236 1618 1271 ordinarii,
1632 1242 1662 1265 et
1679 1235 1737 1265 hoc
1751 1235 1820 1275 ipsa
1839 1236 2015 1276 specialiter
2027 1238 2065 1266 ad
2080 1237 2138 1267 boc
2154 1243 2272 1267 vocata.
2290 1237 2364 1275 Qui—

1458 1285 1515 1314 bus
1529 1285 1629 1314 tribus
1644 1295 1705 1314 una
1716 1294 1790 1324 pars
1806 1285 2025 1325 magistrorum
2040 1286 2154 1315 ibidem
2166 1286 2364 1326 presencium

1458 1333 1618 1363 consensit
1647 1334 1684 1362 ad
1715 1333 1773 1363 hoc
1805 1335 2010 1364 statuendum.
2038 1334 2275 1375 Verumptamen
2305 1335 2365 1365 hoc

1459 1388 1567 1422 quarto
1585 1383 1731 1422 deputato
1746 1393 1807 1413 non
1815 1383 1943 1423 placuit,
1955 1390 1985 1413 et
1995 1383 2090 1413 eciam
2101 1384 2285 1424 quibusdam
2295 1383 2367 1414 aliis

1459 1431 1628 1471 magistris,
1657 1438 1788 1472 propter
1816 1439 1995 1472 argumenta
2022 1443 2081 1473 que
2118 1433 2149 1462 in
2175 1432 2365 1463 contrarium

1458 1481 1661 1511 adduxerunt.

1499 1530 1573 1559 Item
1597 1529 1628 1558 in
1650 1531 1755 1559 eadem
1786 1531 2032 1570 congregacione
2059 1531 2261 1560 deliberatum
2287 1537 2364 1567 erat,

1459 1579 1601 1618 quoniam
1619 1578 1707 1608 nacio
1723 1586 1842 1609 careret
1855 1579 1987 1619 pecunia
2001 1580 2038 1609 ad
2053 1580 2281 1610 observandum
2296 1579 2366 1610 lau-

1459 1628 1590 1657 dabilem
1622 1628 1874 1658 consuetudinem
1898 1629 1928 1657 in
1958 1629 2036 1658 festo
2064 1628 2249 1664 Eadmundi‚
2281 1629 2366 1668 quod

1458 1677 1605 1706 darentur
1626 1677 1763 1716 deputati
1787 1678 1825 1707 ad
1847 1677 2074 1716 procurandum
2090 1677 2192 1707 debita
2211 1677 2363 1709 nacionis.

1460 1726 1499 1755 Et
1511 1726 1648 1765 deputati
1668 1732 1755 1755 erant
1773 1732 1956 1766 procurator
1975 1736 2033 1766 pro
2051 1732 2201 1766 tempore,
2221 1732 2367 1766 receptor

1459 1775 1598 1804 nacionis
1614 1781 1643 1804 et
1655 1775 1802 1815 magister
1819 1775 1973 1805 Jordanus
1988 1776 2026 1805 de
2042 1774 2151 1805 Clivis.

1500 1824 1574 1854 item
1590 1824 1622 1853 in
1637 1825 1741 1853 eadem
1761 1824 2007 1864 congregacione
2026 1825 2269 1864 proponebatur,
2285 1834 2366 1864 quo·

1460 1873 1539 1902 niam
1550 1873 1697 1913 magister
1703 1873 1890 1903 Wilhelmus
1901 1873 2002 1903 Buzer
2010 1873 2125 1903 electus
2134 1879 2200 1902 erat
2209 1883 2288 1903 anno
2297 1883 2366 1913 pre-

1461 1922 1552 1952 terito
1568 1922 1599 1951 in
1617 1922 1777 1951 creacione
1796 1921 1943 1962 Gregorii
1960 1932 2038 1962 pape
2048 1921 2090 1952 XI
2105 1922 2136 1951 in
2152 1922 2297 1952 nuncium
2309 1922 2364 1961 [et]

1461 1971 1520 2001 sibi
1536 1981 1718 2000 concessum
1730 1977 1805 2006 erat,
1819 1971 1901 2010 quod
1917 1977 2025 2011 posset
2040 1971 2200 2011 imponere
2215 1971 2245 2000 in
2262 1970 2364 2001 rotulo

1460 2012 1510 2048 vt'
1523 2019 1702 2059 magistros,
1735 2019 1853 2049 scilicet
1878 2019 1978 2049 XVIII
2007 2018 2152 2049 francos²
2179 2019 2286 2055 libere,
2311 2019 2365 2049 tali

1460 2069 1642 2098 condicione
1665 2069 1747 2108 quod
1771 2068 1797 2098 si
1821 2068 1954 2098 fideliter
1975 2068 2130 2098 laboraret
2153 2068 2184 2098 in
2206 2069 2292 2098 curia
2307 2077 2364 2108 pro

1460 2117 1588 2147 nacione
1606 2118 1644 2146 ad
1664 2117 1785 2157 singula
1806 2118 1883 2146 bene
1905 2117 2141 2156 expediendum,
2162 2116 2250 2147 nacio
2268 2117 2366 2157 quita-

1461 2173 1507 2196 ret
1524 2167 1583 2196 sibi
1601 2166 1762 2206 pecuniam
1783 2167 1820 2196 de
1838 2165 1901 2195 illis
1921 2167 1940 2195 6
1957 2166 2115 2206 magistris
2137 2165 2363 2206 recipiendam3

1461 2215 1487 2245 si
1505 2222 1604 2245 autem
1629 2215 1750 2244 nacioni
1775 2221 1930 2244 constaret
1948 2216 1986 2244 de
2002 2225 2056 2244 sua
2074 2215 2278 2255 negligencia,
2300 2214 2367 2244 sol-

1460 2271 1546 2294 veret
1562 2274 1619 2303 pro
1641 2264 1703 2293 illis
1720 2265 1739 2293 6
1753 2264 1912 2304 magistris
1936 2264 2087 2303 predictis
2108 2263 2209 2294 XVIII
2230 2263 2364 2299 francos,

1461 2314 1498 2342 de
1516 2323 1577 2353 quo
1595 2312 1822 2354 [deJIiberatum
1839 2319 1915 2348 erat,
1939 2313 2011 2352 quia
2031 2314 2141 2342 sactum
2161 2318 2227 2342 erat
2247 2312 2367 2341 instru-

1461 2369 1593 2392 mentum
1611 2372 1706 2402 super
1723 2362 1863 2401 predicta
1879 2362 2072 2397 condicione,
2096 2362 2177 2401 quod
2196 2361 2366 2390 deferretur

1461 2421 1559 2451 usque
1575 2411 1613 2440 ad
1630 2411 1704 2440 illud
1723 2417 1855 2450 tempus,
1880 2421 1941 2450 quo
1960 2409 2137 2450 specialiter
2150 2410 2238 2439 nacio
2259 2415 2367 2439 vocata

1461 2461 1498 2489 ad
1531 2460 1587 2489 hoc
1621 2460 1722 2495 suerit,
1751 2466 1784 2489 ut
1805 2459 1946 2499 inspecto
1971 2459 2175 2489 instrumento
2197 2468 2230 2488 se
2260 2458 2366 2488 sanius

1462 2509 1575 2548 poterit
1590 2519 1684 2548 super
1702 2509 1759 2538 hoc
1774 2508 1957 2538 deliberare.

1501 2559 1576 2588 Item
1603 2558 1708 2587 eadem
1740 2557 1986 2597 congregacione
2016 2556 2200 2596 supplicavit
2219 2557 2366 2596 magister

1463 2607 1627 2642 Henricus,
1651 2606 1818 2636 monachus
1850 2606 1984 2646 quidam,
2004 2611 2154 2646 quatenus
2181 2605 2269 2635 nacio
2292 2605 2367 2635 velit

1461 2656 1612 2685 interesse
1628 2656 1726 2695 prime
1746 2665 1800 2685 sue
1818 2655 1922 2684 misse⁴
1945 2654 2002 2685 Cui
2018 2664 2125 2683 omnes
2146 2660 2367 2684 concesserunt

1462 2706 1543 2745 quod
1567 2705 1699 2734 libenter
1722 2704 1898 2738 interesset,
1926 2709 1955 2733 et
1977 2703 2059 2743 quod
2084 2703 2144 2742 ipsi
2165 2703 2368 2742 propinarent

1463 2754 1585 2793 ciphum
1603 2759 1781 2793 argenteum
1797 2752 1944 2792 ponderis
1959 2752 2050 2781 unius
2062 2751 2194 2786 marche,
2209 2761 2276 2780 cum
2292 2752 2367 2780 duo-

1462 2804 1519 2832 bus
1538 2802 1650 2831 srancis
1667 2808 1718 2831 aut
1733 2811 1800 2830 cum
1816 2801 1859 2830 4⁰¹·
1869 2800 2060 2830 coclearibus
2077 2800 2233 2840 argenteis
2250 2799 2367 2830 valoris

1462 2853 1591 2881 duorum
1606 2852 1790 2880 francorum.

1493 2949 1516 2972 2.
1552 2947 1612 2972 Scit.
1625 2947 1702 2971 XVIII
1718 2947 1821 2971 francos
1832 2946 1898 2971 inter
1909 2946 1999 2970 lineas.
2016 2945 2070 2970 Vid.
2080 2953 2159 2977 cupra
2171 2953 2198 2976 p.
2213 2945 2267 2976 382,
2279 2944 2303 2968 3.

2611 686 2632 995 ‘aaezfflikssss.n2..⁴.⁷x.·.“m)ffl
2627 654 2632 663 -1
2628 631 2632 633 .
2630 607 2632 611 .

2623 1034 2632 1066 ...A
2623 1001 2632 1027 μμ-

2624 1187 2632 1207 -ι
2622 1104 2632 1169 ·..ι
