2632 3464
439 427 490 452 363

438 509 468 532 ct
492 501 646 542 pericula,
671 510 730 540 que
754 499 863 528 exhinc
892 497 1015 527 evenire
1039 496 1175 536 poterint
1199 501 1229 524 et
1252 500 1340 523 antea

438 552 543 591 sepius
562 555 740 580 evenerunt.

478 601 552 629 ltem
578 600 608 628 in
636 599 739 627 eadem
766 595 1012 636 congregacione
1037 593 1219 623 deliberavit
1250 591 1338 621 nacio

437 650 520 689 quod
548 650 585 678 ad
616 648 788 676 habendum
823 645 924 674 scolas
958 654 1014 683 pro
1048 653 1128 672 anno
1166 641 1338 671 immediate

437 697 578 738 sequenti
594 696 699 726 senior
715 695 823 725 volens
836 703 945 733 regere
959 693 1175 731 prefereretur.

493 805 564 845 (Fol.
595 804 642 843 17)
671 801 896 833 Procuracio
925 799 1086 840 ejusdem
1114 797 1283 837 magistri

814 849 958 879 Jacobi.

476 937 550 966 Item
577 937 608 965 in
636 936 740 965 eadem
772 932 1016 973 congregacione
1042 931 1244 960 deliberatum
1273 936 1339 959 erat

435 987 517 1026 quod
533 987 570 1014 de
588 984 724 1014 articulis
741 983 883 1022 superius
896 981 985 1010 tactis
998 987 1027 1010 et
1037 980 1208 1020 propositis
1225 985 1337 1009 statue-

435 1042 519 1065 retur
535 1045 593 1074 que
607 1034 786 1063 viderentur
800 1031 890 1060 statui
901 1029 1131 1060 racionabiliter
1143 1039 1211 1058 cum
1225 1028 1336 1058 mediis

435 1083 608 1124 oportunis.

474 1133 549 1161 Item
575 1132 606 1160 in
633 1131 737 1160 eadem
765 1128 1010 1168 congregacione
1037 1127 1219 1156 deliberavit
1248 1126 1336 1155 nacio

435 1181 586 1211 bedellum
605 1179 749 1219 adjuvare
766 1189 839 1218 erga
859 1178 987 1206 clientes
1003 1177 1041 1205 ad
1058 1176 1267 1205 rehabendum
1281 1185 1336 1204 sua

435 1231 522 1260 vadia
535 1236 623 1269 capta
640 1239 696 1268 pro
710 1227 848 1257 excubiis
865 1226 936 1255 ville
950 1226 1108 1254 faciendis.

475 1280 548 1308 Item
568 1289 625 1318 pro
649 1284 720 1307 tunc
743 1275 925 1306 deliberavit
943 1275 1030 1303 nacio
1053 1275 1136 1313 quod
1155 1280 1339 1313 procurator

435 1327 572 1356 nacionis
599 1326 737 1366 predicte
764 1335 831 1354 cum
862 1324 962 1353 tribus
993 1324 1042 1353 vel
1066 1329 1198 1362 quatuor
1233 1333 1337 1352 secum

433 1375 564 1414 sumptis
593 1375 751 1404 accederet
783 1374 821 1403 ad
855 1379 1006 1402 rectorem
1042 1371 1274 1406 Universitatis‚
1309 1377 1338 1400 et

433 1434 535 1454 secum
549 1429 714 1452 tractarent
728 1423 766 1451 de
785 1422 915 1461 septimo
933 1421 1062 1450 articulo
1079 1421 1223 1460 superius
1242 1426 1335 1455 tacto,

432 1473 576 1502 videlicet
589 1482 682 1511 super
697 1471 836 1510 exequiis
852 1470 1000 1499 faciendis
1015 1470 1140 1499 insimul
1153 1470 1191 1498 de
1208 1475 1338 1508 utraque

433 1522 551 1551 scilicet
569 1521 694 1550 nacione
714 1520 870 1549 Gallicana
892 1526 922 1549 et
940 1519 1125 1558 Anglicana,
1147 1519 1174 1547 si
1193 1518 1338 1548 videlicet

432 1571 564 1610 aliquem
601 1570 780 1609 magistrum
819 1570 856 1598 de
895 1569 999 1608 aliqua
1034 1568 1170 1607 ipsarum
1208 1569 1336 1597 duarum

432 1620 593 1649 nacionum
610 1619 771 1654 decedere,
793 1618 870 1647 mori
893 1618 958 1647 sive
978 1618 1111 1657 migrare
1129 1617 1333 1656 contingeret.

473 1669 547 1698 ltem
563 1668 744 1697 deliberavit
758 1668 852 1696 eciam
869 1674 999 1706 protunc
1014 1666 1101 1695 nacio
1117 1667 1201 1705 quod
1219 1676 1334 1705 procu-

433 1724 516 1746 rator
537 1727 604 1746 cum
629 1717 782 1755 aliquibus
804 1717 964 1745 accederet
984 1716 1020 1744 ad
1046 1715 1131 1745 illum
1156 1715 1220 1744 sive
1247 1715 1334 1751 illos,

432 1766 484 1805 qui
500 1766 736 1804 a[u]ctoritatem
748 1765 814 1794 sive
825 1771 1007 1804 potestatem
1020 1764 1169 1794 haberent
1179 1764 1333 1793 vendendi

432 1815 498 1844 sive
524 1815 675 1843 alienandi
700 1814 802 1843 scolas
830 1820 946 1853 septem
971 1814 1093 1849 artium,
1118 1823 1178 1852 que
1203 1819 1336 1852 protunc

431 1864 611 1893 dicebantur
634 1863 746 1902 exponi
767 1863 957 1898 vendicioni,
979 1869 1009 1892 et
1032 1873 1100 1892 cum
1122 1863 1176 1891 illo
1201 1862 1251 1892 vel
1272 1862 1335 1891 illis

431 1919 607 1948 tractarent,
640 1913 797 1952 querendo
828 1918 858 1941 et
885 1912 1105 1951 interrogando
1139 1912 1166 1940 si
1194 1911 1334 1951 predicte

432 1962 514 1990 scole
529 1962 634 2001 utique
653 1962 860 1991 venderentur
875 1967 905 1990 et
920 1971 976 2000 pro
992 1967 1106 2000 quanto
1123 1961 1241 2000 precio,
1260 1966 1291 1990 et
1308 1961 1334 1990 si

430 2017 500 2039 ante
512 2010 587 2039 alias
602 2011 747 2039 naciones
761 2010 792 2039 in
803 2011 931 2039 emendo
944 2020 1002 2049 pro
1010 2009 1095 2049 justo
1106 2009 1213 2049 precio
1228 2019 1335 2049 posse-

431 2070 497 2089 mus
511 2060 684 2098 prevenire.

470 2108 544 2137 Item
566 2108 596 2136 in
616 2109 720 2137 eadem
740 2108 984 2148 congregacione
1007 2114 1114 2137 contra
1131 2108 1335 2137 deliberacio-

429 2167 498 2186 nem
523 2157 634 2186 ibidem
655 2158 761 2186 factam
783 2158 820 2185 de
843 2157 948 2191 scolis,
971 2157 1119 2196 magister
1142 2157 1332 2187 Wilhelmus

429 2206 590 2244 VVadeney
606 2206 834 2245 protestabatur
852 2206 889 2235 de
907 2206 1090 2245 appellando
1109 2207 1148 2235 ad
1164 2216 1333 2235 conserva-

429 2261 537 2284 torem.

492 2361 754 2401 Congregacio
781 2362 1069 2401 procuracionis
1103 2361 1266 2401 ejusdem

633 2411 805 2450 magistri
836 2411 965 2440 Jacobi
991 2411 1125 2440 tercia.

469 2498 542 2527 Item
563 2500 639 2528 facta
659 2500 904 2539 congregacione
925 2500 1062 2529 nacionis
1084 2500 1254 2540 Anglicane
1274 2511 1332 2540 per

423 2546 627 2585 juramentum
643 2548 726 2577 X1X⁰
741 2549 790 2577 die
805 2549 920 2578 mensis
934 2549 1126 2588 Septembris
1139 2550 1220 2589 apud
1237 2550 1330 2579 Sanc-

428 2602 490 2624 tum
514 2596 698 2625 Maturinum
721 2597 797 2626 hora
818 2598 849 2626 in
874 2597 983 2636 primis
1004 2598 1116 2627 Nostre
1136 2599 1267 2628 Domine
1294 2600 1332 2628 ad

429 2646 619 2674 statuendum
638 2646 784 2675 articulos
799 2652 897 2675 tactos
913 2653 942 2676 et
957 2647 1137 2686 propositos
1150 2647 1181 2675 in
1199 2658 1332 2687 congre-

428 2693 555 2732 gacione
571 2694 742 2723 immediate
758 2695 948 2734 precedenti.

469 2741 572 2771 Primo
587 2743 691 2771 statuit
707 2743 805 2778 nacio,
824 2744 854 2772 in
873 2754 932 2783 qua
944 2744 1030 2773 XXII
1046 2745 1185 2784 magistri
1204 2755 1330 2784 presen-

428 2796 474 2819 tes
499 2797 628 2829 protunc
651 2799 747 2827 erant,
767 2793 848 2831 quod
871 2793 1002 2832 pecunia
1017 2794 1155 2823 nacionis
1174 2795 1212 2823 de
1227 2801 1330 2824 cetero

429 2839 600 2868 nullatenus
623 2840 652 2868 in
674 2841 809 2870 tabernis
829 2852 885 2870 nec
905 2842 978 2870 alibi
1000 2842 1031 2871 in
1049 2843 1263 2882 potacionibus
1280 2844 1329 2873 vel

429 2888 667 2917 comestionibus
687 2890 877 2928 expendetur
894 2901 949 2919 nec
972 2898 1179 2927 consumetur,
1200 2899 1329 2931 excepto

429 2937 574 2965 duntaxat
598 2937 645 2965 die
669 2938 747 2966 beati
774 2938 945 2968 Eadmundi
965 2940 1049 2979 regis
1074 2947 1103 2969 et
1127 2941 1273 2976 martiris,
1297 2941 1328 2970 in

978 419 1198 446 AUCTARIUM
1220 416 1478 444 CHARTULARII
1498 417 1671 443 UNIVERS.
1694 416 1811 443 PARIS.

1376 937 1409 963 10

1375 1182 1408 1208 15

1374 1427 1409 1453 20

1373 1671 1407 1697 25

1373 1918 1406 1944 30

1371 2163 1405 2189 35

1370 2409 1404 2435 40

1368 2653 1402 2679 45

1366 2897 1400 2923 50

2300 417 2357 444 ³64

1447 503 1509 532 quo
1524 499 1588 522 tota
1602 493 1690 523 nacio
1705 493 1796 523 simul
1811 493 1849 522 ad
1860 492 2084 522 convivandum
2100 499 2132 522 et
2148 492 2352 523 festivandum

1447 541 1614 571 convenire
1641 542 1812 578 consuevit,
1839 542 1895 572 sed
1925 541 2034 581 pocius
2062 541 2131 581 ipsa
2152 541 2284 581 pecunia
2312 542 2352 572 ad

1446 591 1607 620 utilitatem
1623 597 1653 621 et
1668 592 1840 632 profectum
1857 591 1996 620 nacionis
2014 600 2082 620 cum
2095 590 2262 631 diligencia
2275 600 2356 620 con-v

1447 646 1599 669 servetur.

1488 689 1563 718 Item
1581 690 1717 719 secundo
1734 689 1766 718 in
1783 690 1889 719 eadem
1904 689 2152 729 congregacione
2165 688 2272 719 statuit
2282 698 2352 728 pre-

1447 738 1529 767 dicta
1553 738 1642 767 nacio
1670 739 1754 777 quod
1781 738 1812 767 in
1839 737 1979 778 quolibet
2003 747 2084 767 anno
2116 737 2266 778 deinceps
2293 747 2354 768 una

1447 787 1542 816 missa
1558 797 1625 816 cum
1645 786 1738 822 notis,
1756 787 1885 827 vigiliis,
1905 787 1995 816 etiam
2018 796 2086 816 cum
2103 786 2198 822 notis,
2221 787 2260 816 de
2280 797 2359 817 ves-

1446 845 1520 875 pere
1537 835 1777 875 precedentibus
1795 845 1852 875 pro
1873 835 2016 865 omnibus
2035 835 2178 865 fidelibus
2200 835 2357 866 defunctis

1447 890 1477 913 et
1500 884 1676 924 specialiter
1702 894 1759 924 pro
1787 884 1930 914 omnibus
1958 884 2116 924 magistris
2143 884 2296 914 defunctis
2323 890 2354 915 et

1447 933 1576 963 mortuis
1591 934 1628 962 de
1644 934 1749 963 eadem
1760 933 1888 963 nacione
1899 939 1972 974 post
1981 933 2111 973 primam
2122 933 2356 964 ordinacionem

1447 988 1477 1013 et
1490 982 1702 1022 incepcionem
1722 981 1799 1022 ejus,
1820 982 1871 1022 pie
1890 983 2069 1012 devocionis
2087 982 2196 1012 affectu
2213 982 2358 1012 celebre·

1446 1037 1507 1067 tur,
1535 1032 1573 1060 ad
1597 1041 1674 1071 quas
1701 1031 1826 1060 missam
1852 1031 1971 1061 scilicet
2001 1038 2032 1061 et
2057 1031 2182 1071 vigilias
2210 1031 2353 1071 magistri

1445 1080 1585 1120 predicte
1600 1079 1740 1109 nacionis
1760 1090 1818 1120 per
1836 1080 1990 1110 bedellum
2007 1086 2158 1110 vocentur
2171 1090 2230 1120 per
2247 1090 2352 1110 eorum

1442 1128 1660 1168 juramentum,
1690 1135 1720 1158 et
1750 1129 1833 1168 quod
1860 1128 1912 1159 fiat
1947 1129 2131 1159 distribucio
2162 1129 2292 1169 pecunie
2322 1129 2354 1159 in

1447 1178 1563 1208 eisdem
1579 1178 1673 1207 missa
1688 1184 1718 1208 et
1730 1178 1848 1218 vigiliis
1865 1184 1960 1218 prout
1974 1178 2006 1207 in
2021 1178 2092 1208 aliis
2110 1179 2216 1208 missis
2233 1185 2263 1208 et
2281 1188 2361 1208 ves-

1446 1228 1531 1267 peris
1559 1227 1698 1256 nacionis
1728 1227 1795 1256 fieri
1829 1227 1909 1257 solet
1939 1234 1969 1257 et
2000 1227 2178 1264 consuevit;
2210 1228 2354 1258 dicantur

1446 1283 1545 1306 autem
1560 1276 1700 1316 predicte
1714 1276 1820 1316 vigilie
1835 1276 1867 1305 in
1883 1276 1934 1306 die
1950 1276 2047 1306 sancti
2063 1275 2188 1306 Andree
2206 1276 2356 1317 apostoli,

1447 1332 1477 1355 et
1491 1326 1585 1355 missa
1601 1326 1670 1365 ipsa
1686 1326 1718 1355 in
1733 1325 1869 1355 crastino
1885 1324 1951 1365 ejus
1965 1325 2151 1355 celebretur.

1487 1431 1559 1472 (F'ol.
1584 1431 1658 1472 17¹²)
1690 1431 1919 1462 Procuracio
1949 1432 2112 1471 predicti
2141 1432 2314 1473 magistri

1721 1480 1850 1510 Jacobi
1879 1481 1922 1510 de
1952 1481 2079 1510 Dacia.

1486 1570 1560 1599 ltem
1577 1571 1608 1600 in
1623 1571 1728 1600 eadem
1746 1570 1885 1610 predicta
1900 1570 2147 1610 congregacione
2162 1570 2269 1601 statuit
2284 1571 2356 1611 ipsa»

1445 1619 1533 1649 nacio
1548 1619 1720 1660 Anglicana
1739 1619 1889 1659 predicta,
1906 1620 1990 1659 quod
2008 1620 2047 1648 ad
2067 1619 2241 1650 evitandum
2255 1620 2354 1657 rixas,

1445 1669 1655 1703 disenoiones,
1679 1669 1786 1708 brigas
1808 1675 1838 1698 et
1857 1669 2052 1698 inordinatos
2073 1668 2224 1699 clamores
2246 1669 2359 1709 sepius

1444 1718 1476 1747 in
1507 1718 1807 1758 congregacionihus
1847 1717 1987 1747 nacionis
2023 1718 2120 1747 factos
2159 1724 2189 1748 et
2215 1719 2350 1754 auditos,

1443 1773 1574 1807 propter
1593 1777 1671 1807 quos
1687 1767 1827 1807 magistri
1845 1766 2044 1806 quamplures
2059 1776 2076 1796 a
2093 1768 2352 1808 congregacioni-

1444 1817 1502 1846 bus
1520 1822 1718 1846 recesserunt
1735 1822 1765 1846 et
1777 1826 1810 1845 se
1827 1815 1946 1856 pluries
1964 1816 2176 1852 absentabant,
2195 1817 2280 1856 quod
2295 1817 2350 1857 qui

1444 1864 1619 1905 hujusmodi
1653 1865 1803 1895 clamores
1834 1864 1883 1894 vel
1916 1865 2001 1894 rixas
2036 1864 2068 1893 in
2106 1865 2353 1906 congregacione

1444 1914 1568 1950 faceret,
1590 1914 1617 1944 si
1634 1920 1683 1944 ter
1703 1914 1769 1944 sive
1788 1914 1889 1943 tribus
1908 1913 2029 1943 vicibus
2048 1924 2106 1953 per
2118 1920 2355 1954 procuratorem

1443 1964 1583 1993 nacionis
1594 1963 1732 2003 predicte
1745 1963 1929 1993 ammonitus
1940 1969 2024 1993 esset
2035 1969 2148 1999 tacere,
2164 1970 2194 1993 et
2203 1973 2266 1993 non
2276 1973 2358 2004 pro--

1442 2013 1515 2042 tunc
1529 2018 1654 2048 taceret,
1671 2012 1755 2052 quod
1770 2018 1882 2041 extunc
1898 2022 2005 2042 vocem
2023 2022 2109 2041 suam
2127 2022 2184 2051 pro
2204 2011 2257 2041 illa
2272 2022 2350 2042 con-

1443 2061 1630 2101 gregacione
1653 2062 1808 2100 perderet,
1834 2066 1864 2090 et
1886 2061 1982 2090 eciam
2007 2061 2185 2100 privaretur
2211 2062 2250 2090 de
2273 2070 2351 2091 voce

1444 2110 1542 2139 suain
1559 2110 1658 2139 tribus
1677 2109 1977 2150 congregacionibus
1993 2110 2134 2139 nacionis
2153 2119 2356 2150 consequen-

1443 2165 1501 2188 ter.

1484 2208 1558 2237 ltem
1591 2208 1622 2237 in
1651 2208 1756 2237 eadem
1788 2207 2035 2247 congregacione
2068 2207 2174 2237 statuit
2210 2207 2352 2247 predicta

1443 2257 1531 2287 nacio
1546 2257 1585 2286 ad
1602 2257 1776 2286 evitandum
1794 2257 2048 2296 conspiraciones
2065 2262 2096 2286 et
2111 2256 2276 2296 practicam,
2288 2267 2348 2296 que

1442 2312 1572 2346 possent
1579 2306 1661 2334 circa
1669 2305 1767 2335 officia
1777 2312 1807 2335 et
1817 2306 1920 2335 scolas
1931 2304 2069 2345 ejusdem
2080 2305 2220 2335 nacionis
2231 2305 2356 2335 haben-

1442 2355 1497 2384 das
1525 2354 1608 2390 fieri,
1634 2355 1718 2394 quod
1739 2354 1791 2394 qui
1814 2355 1852 2383 ad
1875 2354 2000 2393 aliquod
2022 2353 2154 2383 officium
2175 2353 2225 2383 vel
2246 2353 2349 2384 scolas

1441 2403 1580 2443 predicte
1599 2403 1738 2432 nacionis
1758 2403 1874 2432 electus
1894 2403 1982 2432 fieret
2000 2409 2072 2442 post
2088 2409 2247 2442 acceptum
2259 2402 2354 2442 jura-

1441 2458 1575 2482 mentum
1598 2463 1654 2492 per
1674 2458 1907 2492 procuratorem
1930 2451 2071 2481 nacionis
2095 2452 2133 2480 ab
2160 2452 2284 2487 eodem,
2314 2457 2348 2481 ut

1441 2512 1502 2530 non
1540 2507 1738 2540 procurasset
1774 2501 1833 2530 sibi
1869 2501 1950 2530 idem
1997 2500 2134 2531 officium?
2162 2500 2211 2530 vel
2246 2500 2347 2530 scolas

1439 2561 1497 2590 per
1511 2550 1736 2580 multitudinem
1750 2560 1871 2584 vocum,
1889 2550 1972 2589 quod
1988 2549 2014 2578 si
2029 2549 2231 2589 imposterum
2245 2549 2354 2579 racio-

1440 2599 1585 2628 nabiliter
1611 2605 1641 2628 et
1669 2599 1821 2629 veraciter
1854 2596 1981 2638 probari
2010 2598 2059 2627 vel
2088 2597 2220 2637 reperiri
2247 2598 2349 2637 possit

1439 2648 1632 2687 oppositum,
1661 2648 1743 2687 quod
1768 2653 1879 2677 extunc
1904 2647 2068 2676 multitudo
2091 2646 2156 2676 sive
2186 2646 2346 2686 pluralitas

1440 2696 1576 2736 ipsarum
1591 2707 1699 2726 vocum
1717 2696 1841 2726 minime
1858 2696 1918 2725 sibi
1932 2695 2052 2726 valeant
2066 2696 2105 2724 ad
2120 2696 2200 2724 idem
2217 2695 2348 2725 officium

1438 2746 1487 2775 vel
1514 2746 1614 2775 scolas
1638 2745 1827 2781 retinendas,
1853 2754 1955 2784 ymmo
1981 2751 2092 2774 extunc
2115 2745 2221 2774 eodem
2247 2744 2348 2774 officio

1438 2794 1487 2824 vel
1501 2794 1594 2824 scolis
1611 2794 1651 2824 sit
1666 2794 1816 2834 privatus.

1479 2843 1554 2873 Item
1581 2843 1613 2872 in
1649 2844 1754 2872 eadem
1786 2842 2037 2882 'congregacione
2071 2842 2176 2872 statuit
2206 2841 2348 2882 predicta

1437 2892 1525 2922 nacio
1542 2893 1625 2931 quod
1642 2892 1717 2921 nulli
1733 2893 1771 2921 de
1786 2891 1874 2921 novis
1886 2891 2044 2931 magistris
2055 2892 2093 2920 ad
2106 2891 2231 2920 missam
2244 2891 2347 2920 nacio-

1437 2941 1486 2970 nis
1502 2941 1567 2970 sive
1582 2951 1729 2981 vesperas
1742 2940 1876 2970 venienti
1892 2941 1982 2970 detur
1997 2939 2181 2970 distribucio
2196 2940 2234 2969 de
2250 2950 2351 2979 pecu-
