2632 3464
890 426 1163 455 MEMORABILIA
1182 425 1267 452 NAT.
1289 425 1534 452 ANGLICANAE
2105 434 2175 451 xxxv

295 507 440 541 Thomas
460 507 503 539 de
522 508 617 540 Duas
631 506 657 545 ¹,

297 565 463 598 Heni-icus
479 564 521 597 de
537 565 702 608 Kempen,

295 623 464 656 Heni-icus
484 622 526 655 de
538 622 676 662 Thenis,

297 683 461 715 Ernestus
480 681 522 714 de
542 679 630 719 Delf,

305 806 414 844 Multi
436 805 602 842 nationis
628 803 780 853 Anglic.
810 804 849 839 in
873 802 1010 839 rotulis
1031 809 1073 839 ut
1096 801 1291 838 scholares
1312 802 1352 836 in
1376 801 1461 849 jure
1481 812 1565 835 can.
1586 799 1705 835 Paris.
1733 798 1924 847 designati
1955 806 2061 843 sunt;
2082 799 2179 836 duos
2200 808 2260 834 Lic.
2275 808 2372 842 injur.
2389 816 2449 833 cau.

1259 502 1431 536 Walterus
1447 501 1489 533 de
1506 501 1596 541 Delf,

1256 561 1386 593 Franco
1403 558 1591 592 Ghiisberti
1610 559 1651 591 de
1665 559 1753 599 Delf,

1260 617 1430 650 Johannes
1447 617 1549 660 Gray,

1260 676 1303 707 Et
1319 675 1460 707 fortasse
1477 675 1652 706 Hebernus
1673 673 1810 713 Jutfaes,
1827 673 1903 706 Joh.
1924 673 1965 706 de
1981 674 2095 706 Platea
2107 674 2132 705 2’.

253 885 384 914 tamen
403 875 526 912 solum
550 886 684 911 eruere
713 874 919 923 potuimus,
945 873 1011 922 qui
1036 872 1200 908 Parisiis
1225 872 1264 907 in
1284 870 1381 918 jure
1407 883 1492 905 ean.
1524 869 1712 905 licentiati
1738 875 1864 911 erant,
1892 869 2105 905 Johannem
2132 869 2180 905 de

255 945 415 983 Colonia
435 946 591 981 Scotum
605 951 645 980 et
660 942 910 980 Benedictum
928 941 977 978 de
994 942 1160 990 Ungaria
1177 953 1245 977 seu
1265 939 1314 976 de
1334 939 1464 976 Makra
1477 940 1504 974 ³.

305 1015 415 1052 Circa
437 1014 574 1062 viginti
598 1019 780 1062 quattuor
803 1012 1091 1061 suppositorum
1112 1017 1188 1046 nat.
1215 1008 1452 1058 Anglicanae
1472 1008 1545 1044 hoc
1568 1007 1674 1044 brevi
1695 1009 1880 1058 temporis
1903 1009 2028 1058 spatio
2052 1009 2090 1043 in
2114 1021 2182 1044 sua
2203 1017 2340 1052 Epi-copi

256 1085 381 1134 patria
399 1083 584 1132 Episcopi
599 1083 718 1118 creati
738 1088 837 1123 sunt,
863 1094 940 1117 non
960 1093 1046 1117 raro
1068 1081 1152 1116 sine
1167 1078 1246 1115 ullo
1262 1078 1337 1114 alio
1352 1077 1473 1127 gradu
1490 1090 1603 1126 quam
1625 1090 1726 1127 mag.
1747 1079 1898 1114 artium.
1919 1077 2086 1114 Dimidia
2104 1076 2183 1114 fere

256 1166 346 1204 pars
368 1165 500 1190 eorum
521 1151 569 1189 ad
590 1153 741 1195 Scotos,
759 1150 878 1187 altera
898 1149 946 1187 ad
963 1150 1198 1187 Alemannos
1214 1157 1253 1186 et
1271 1151 1415 1186 Suecos
1430 1149 1599 1199 pertinet
1611 1150 1638 1184 ⁴.

383 1281 554 1317 Walterus
567 1281 609 1314 de
618 1280 1119 1326 Wardlaw‚ep.Glasguens,et
1130 1279 1222 1312 card.
1271 1279 1347 1311 Joh.
1363 1278 1404 1311 de
1424 1279 1539 1318 Erkel,
1557 1291 1610 1323 ep.
1628 1279 1802 1324 Ultraject.
1814 1279 1851 1319 ¹¹,

385 1340 460 1372 Joh.
483 1339 610 1379 Pehhs,
630 1351 684 1383 ep.
704 1338 935 1371 Dunkeldens.
949 1339 973 1378 5,

385 1398 555 1432 walterus
573 1397 684 1441 Trayl,
705 1409 758 1441 ep.
783 1397 818 1429 S.
839 1396 1018 1436 Andrews,

386 1456 574 1489 Matthaeus
594 1455 820 1499 Glendowyn,
841 1467 896 1498 ep.
912 1455 1114 1500 Glasguens.
1125 1454 1150 1492 ὓ,

387 1513 560 1547 Gilbertus
579 1513 749 1552 Grenlaw,
768 1524 822 1556 ep.
839 1512 1012 1545 Aberdon.
1027 1512 1052 1551 7,

387 1571 588 1604 Guillelmus
609 1571 650 1603 de
668 1570 788 1614 Spiny,
805 1582 859 1614 ep.
877 1570 1116 1609 Moraviens.⁸‚

387 1629 553 1662 Henricus
572 1628 614 1661 de
633 1628 818 1668 Wardlaw,
841 1640 894 1672 ep.
919 1629 955 1660 S.
973 1628 1138 1661 Andrews
1148 1628 1172 1667 9,

387 1687 543 1720 Galterus
562 1686 760 1726 Forestarii,
777 1698 831 1730 ep.
850 1686 1087 1725 Breehinens.,

301 1474 335 1566 Scoti

387 1746 556 1779 Iohannes
576 1745 765 1785 Crannach,
784 1757 838 1789 ep.
862 1744 1115 1784 Cathenens.¹⁰‚

301 1925 329 1955 1.
372 1924 418 1954 De
442 1924 645 1964 sequentibus
673 1924 736 1953 vid.
766 1923 797 1952 in
827 1926 965 1958 Auctar„
993 1922 1168 1962 partimque

258 1973 431 2008 Jounmm,
446 1973 555 2008 Index,
572 1979 644 2008 etc„
664 1984 695 2012 p.
716 1974 784 2002 198.

301 2023 330 2052 2.
375 2023 444 2058 788,
459 2022 496 2058 4;
515 2022 620 2057 Bnou,
637 2023 757 2052 Bullar.
776 2023 920 2059 Trajem„
937 2021 977 2058 II,
994 2025 1027 2051 n⁰
1039 2022 1127 2051 1880.

300 2072 330 2101 3.
373 2071 444 2101 vid.
459 2071 550 2107 infra,
569 2081 600 2110 p.
621 2072 690 2106 771,
704 2071 723 2100 4
739 2081 810 2111 sqq.

300 2121 330 2150 4.
374 2121 425 2150 Ad
456 2120 527 2150 illos
554 2126 668 2150 tantum
690 2126 779 2150 notas
804 2120 1006 2160 apponimus,
1032 2129 1111 2159 quos
1138 2119 1170 2148 in

265 2170 399 2199 Char-tul.
417 2168 467 2198 vel
488 2169 520 2198 in
539 2169 622 2199 notis
637 2169 776 2199 Auctarii
796 2170 933 2199 nondum
953 2175 986 2199 ut
1004 2169 1170 2208 episcopos

262 2218 504 2259 designavimus.

301 2268 332 2297 5.
374 2267 445 2296 Vid.
467 2269 617 2303 Chat-tul„
637 2267 694 2303 ΙΙΙ,
710 2267 780 2303 661,
798 2273 861 2298 not.
877 2268 915 2297 ad
931 2278 962 2307 p.
979 2268 1028 2297 37.

301 2317 332 2348 6.
374 2315 435 2346 An.
461 2317 645 2351 1388-1389,
664 2327 733 2346 cum
760 2316 870 2346 suisset
900 2316 951 2346 lic.
981 2317 1013 2345 in
1039 2322 1171 2356 utroque

257 2365 340 2406 jure.
359 2365 430 2395 vid.
448 2365 527 2406 Reg.
542 2365 600 2396 Av.
618 2365 715 2396 Clem.
734 2365 804 2401 VII,
824 2365 887 2396 vol.
903 2365 939 2401 L,
957 2365 1009 2395 sol.
1027 2366 1097 2396 335.

303 2416 332 2445 7.
373 2414 433 2444 An.
457 2415 546 2450 1390,
569 2415 637 2444 Jan.
664 2416 711 2450 19,
733 2425 802 2444 cum
826 2421 910 2444 esset
931 2415 1035 2446 licent.
1059 2415 1090 2444 in
1112 2421 1170 2444 art.

263 2463 343 2504 Reg.
360 2463 418 2494 Av.
437 2463 533 2494 Clem.
551 2463 623 2499 VII,
640 2464 702 2494 voI.
722 2463 817 2499 LVII,
836 2464 887 2493 fol.
905 2464 970 2494 77¹»-

300 2515 331 2543 8.
375 2513 435 2543 An.
455 2514 543 2548 1397,
564 2513 650 2553 Sept.
672 2514 700 2549 1,
722 2523 790 2542 cum
809 2519 892 2543 esset
913 2514 980 2543 bac.
1003 2514 1119 2542 decret.
1144 2518 1174 2542 et

263 2568 370 2592 cantor
383 2562 458 2592 eccl.
477 2562 595 2592 Morav.
615 2562 694 2602 Reg.
713 2562 771 2592 Av.
790 2562 868 2592 Ben.
883 2562 971 2598 XIII,
984 2563 1046 2592 vol.
1060 2562 1172 2598 XXIV,

262 2610 317 2642 sol.
333 2612 371 2641 65
385 2611 410 2640 ὓ.
427 2611 494 2640 Jam
508 2621 557 2641 an.
577 2611 652 2642 1371
665 2611 721 2641 fuit
736 2612 803 2641 bac.
821 2612 906 2641 decr.
923 2618 954 2641 et
971 2621 1037 2642 can.
1052 2611 1171 2642 Morav.

264 2659 355 2700 (Reg.
373 2659 432 2690 Av.
453 2659 549 2700 Greg.
568 2659 623 2695 XI,
639 2660 703 2692 vol.
721 2660 761 2696 ΙΙ,
779 2660 832 2690 fol.
851 2661 931 2700 101).

301 2710 332 2739 9.
376 2709 436 2739 An.
451 2710 539 2744 1403,
552 2709 638 2749 Sept.
656 2710 703 2745 10,
718 2720 787 2740 cum
798 2716 882 2740 esset
892 2716 1076 2750 praecentor
1087 2710 1175 2740 Glas-

264 2768 374 2799 guens.
410 2764 440 2788 et
475 2759 560 2788 decr.
597 2759 716 2788 doctor.
755 2759 833 2799 Reg.
870 2759 930 2789 Av.
971 2759 1048 2789 Ben.
1086 2759 1173 2795 XIII,

263 2807 326 2839 vol.
341 2807 436 2843 XXX,
457 2808 476 2837 s.
491 2809 541 2837 99.

306 2856 355 2886 10.
397 2856 498 2886 Ambo
516 2857 605 2892 infra,
622 2868 654 2897 p.
669 2858 739 2893 782,
754 2863 818 2887 not.
832 2858 862 2892 6,
879 2863 909 2887 et
926 2868 957 2897 p.
974 2858 1045 2893 926,
1063 2864 1127 2888 not.
1143 2858 1174 2887 8.

307 2906 356 2935 11.
399 2905 460 2936 An.
480 2906 567 2936 1342.
586 2905 657 2935 Vid.
672 2905 780 2942 Bnou,
798 2908 970 2935 Bullarium
987 2908 1131 2944 Traject„
1150 2907 1174 2943 I,

266 2957 300 2983 ιι(1
319 2954 406 2984 1046.
424 2953 556 2985 Parisiis
578 2955 695 2986 studuit
718 2955 759 2996 (v.
777 2955 868 2992 ibid„
887 2960 931 2985 n⁰¹
951 2957 1021 2992 930,
1039 2956 1108 2996 937)
1119 2967 1127 2992 ς
1145 2956 1176 2986 in

1262 1337 2097 1381 AlbertusdeRamex-stadt,ep.Halberstadiens.¹‘-’‚

1261 1395 1431 1428 Arnoldus
1452 1395 1494 1428 de
1511 1396 1636 1435 Horae,
1655 1407 1708 1439 ep.
1725 1396 1900 1439 Ultraject.
1914 1396 1951 1434 ¹³,

1268 1454 1343 1485 Joh.
1362 1453 1403 1486 de
1419 1453 1645 1492 Jenzenstein,
1663 1466 1717 1497 ep.
1740 1454 1903 1486 Misnens.
1916 1454 1952 1493 ¹4,

2142 1360 2175 1536 Alemann.

1268 1511 1497 1543 Theodericus
1513 1513 1693 1551 Damerou,
1711 1524 1765 1556 ep.
1783 1512 2032 1556 Torpatens.1⁵,

1265 1569 1458 1613 Raynaldus
1476 1569 1517 1601 de
1536 1570 1678 1609 Vianen,
1701 1582 1755 1614 ep.
1776 1570 1950 1614 Ultraject.
1965 1570 2002 1610 ¹3,

1266 1627 1434 1659 lohannes
1454 1627 1547 1660 Petri
1565 1627 1606 1659 de
1627 1627 1741 1666 Dacia,
1758 1639 1812 1671 ep.
1833 1628 2031 1668 Aboens.¹⁷‚

1265 1686 1352 1718 Bero
1365 1685 1523 1731 Gregorii
1541 1685 1583 1718 de
1605 1685 1737 1724 Suecia,
1756 1697 1809 1729 ep.
1832 1686 1980 1718 Aboens.
1995 1686 2031 1726 ¹⁸,

1271 1743 1490 1787 Brunulphus
1507 1743 1634 1783 Karoli,
1648 1755 1700 1788 ep.
1722 1744 1876 1776 Scarens.
1893 1744 1930 1783 ¹⁹,

2143 1668 2175 1766 Sueci

1276 1922 1359 1951 bulla
1372 1922 1474 1962 papali
1491 1928 1591 1951 tamen
1606 1933 1668 1951 non
1689 1922 1803 1952 mentio
1821 1923 1854 1952 fit
1867 1933 1934 1952 eum
1951 1924 2046 1953 fuisse
2062 1934 2141 1964 mag.
2156 1925 2186 1954 in

1277 1978 1349 2006 art„
1365 1972 1420 2000 sed
1433 1971 1533 2001 solum
1551 1982 1618 2002 can.
1631 1971 1763 2011 Traject.

1320 2021 1368 2050 12.
1412 2020 1482 2050 Vid.
1500 2022 1650 2057 Char-cul„
1668 2021 1724 2056 III,
1740 2027 1770 2050 et
1781 2021 1883 2057 Kmm,
1898 2024 2015 2061 Pdpstl.
2030 2024 2188 2053 Urkumlen

1279 2081 1308 2100 u.
1327 2073 1483 2110 Regesten,
1501 2074 1534 2098 n⁰
1549 2071 1617 2100 765.

1321 2119 1369 2149 13.
1412 2119 1472 2149 An.
1487 2120 1575 2155 1371,
1587 2120 1649 2149 Jul.
1663 2121 1693 2155 9,
1709 2130 1777 2149 cum
1793 2127 1876 2150 esset
1893 2131 1960 2149 can.
1978 2120 2089 2150 Colon.
2107 2121 2186 2160 Reg.

1279 2168 1337 2198 Av.
1356 2168 1453 2208 Greg.
1472 2168 1526 2203 XI,
1547 2169 1610 2198 vol.
1635 2169 1691 2203 ΙΙΙ,
1720 2169 1772 2198 sol.
1791 2170 1841 2198 64.
1863 2169 1904 2199 Ut
1918 2169 1950 2198 in
1971 2172 2052 2199 Gall.
2073 2171 2188 2204 chrisa,

1281 2217 1337 2253 111,
1358 2219 1428 2253 899,
1460 2219 1593 2247 refertur·
1617 2229 1653 2247 ex
1678 2218 1792 2248 illustri
1818 2219 1931 2247 familia
1953 2226 2018 2248 erat
2038 2219 2190 2248 oriundus

1280 2267 1360 2296 sicut
1370 2273 1488 2296 noster.
1502 2266 1561 2296 An.
1576 2268 1664 2302 1378,
1679 2268 1864 2297 transfertur
1879 2268 1917 2297 ad
1931 2267 2006 2298 eccl.
2024 2268 2188 2297 Leodiens.

1322 2317 1370 2345 14.
1416 2316 1461 2345 De
1471 2327 1532 2356 quo
1542 2317 1573 2345 in
1584 2317 1702 2353 Char-t„
1712 2317 1768 2346 III.
1781 2317 1874 2347 Certe
1886 2317 1964 2346 infra
1973 2328 2035 2346 non
2046 2319 2190 2351 refertur,

1280 2376 1349 2395 cum
1372 2365 1471 2395 solum
1500 2372 1646 2395 notentur
1670 2366 1723 2405 qui
1745 2366 1878 2405 aliquem
1899 2367 2029 2406 gradum
2049 2366 2193 2396 obtinue-

1281 2421 1363 2444 runt.
1380 2415 1442 2444 Sed
1455 2415 1493 2444 ad
1508 2421 1570 2444 nat.
1590 2414 1683 2454 Angl.
1700 2415 1832 2444 Parisiis
1850 2416 2010 2455 pertinuit.

1323 2465 1370 2493 15.
1415 2463 1473 2493 An.
1495 2465 1582 2499 1378,
1598 2464 1673 2493 Dec.
1692 2465 1741 2499 21,
1758 2470 1791 2494 ut
1805 2464 1895 2493 Gnis
1911 2465 2015 2494 refert.

1324 2514 1372 2544 16.
1415 2513 1475 2542 An.
1494 2513 1582 2549 1379,
1600 2513 1678 2543 Nov.
1696 2514 1746 2548 28,
1762 2523 1829 2542 cum
1846 2520 1929 2543 esset
1948 2515 2015 2543 bac.
2034 2514 2065 2542 in
2083 2514 2144 2553 leg.
2164 2521 2193 2542 et

1283 2562 1496 2592 thesaurarius
1523 2562 1598 2592 eccl.
1628 2562 1760 2603 Trajeet.
1796 2563 1874 2602 Reg.
1909 2563 1967 2592 Av.
1999 2562 2096 2592 Clem.
2121 2562 2190 2595 vll,

1282 2611 1343 2641 vol.
1356 2611 1453 2647 XVII,
1472 2611 1523 2641 sol.
1542 2613 1591 2641 39.
1613 2612 1674 2641 Sed
1688 2622 1749 2641 non
1769 2611 1859 2646 sedit,
1877 2622 1945 2641 cum
1965 2612 2140 2641 Florentius
2154 2612 2192 2640 de

1282 2661 1546 2701 Wevelinghosen
1564 2661 1641 2691 Nov.
1664 2662 1681 2691 7
1702 2659 1839 2701 ejusdem
1861 2661 1933 2690 anni
1950 2661 1987 2690 ab
2004 2660 2131 2690 Urbano
2153 2660 2191 2689 VI

1283 2710 1360 2739 ibid.
1378 2710 1538 2740 institutus
1553 2716 1636 2739 esset
1653 2710 1833 2749 episcopus.

1324 2760 1371 2788 17.
1416 2759 1477 2788 An.
1497 2760 1585 2789 1368.
1603 2759 1673 2788 Vid.
1694 2760 1843 2794 Charml.,
1860 2758 1916 2794 III,
1935 2768 1967 2798 p.
1989 2759 2057 2793 157,
2075 2768 2105 2788 n.
2123 2759 2150 2787 1.

1326 2809 1373 2838 18.
1417 2808 1477 2838 An.
1505 2809 1591 2837 1385.
1618 2807 1710 2847 Apud
1736 2807 1838 2842 GAMs,
1858 2810 1922 2837 Ser.
1942 2808 2048 2846 episc„
2068 2818 2098 2847 p.
2121 2807 2191 2840 338,

1285 2857 1398 2898 legitur
1413 2869 1419 2886 ι
1437 2857 1519 2886 Bero
1537 2859 1669 2896 Georgii.
1684 2874 1722 2879 -
1733 2856 1908 2892 Nescimus,
1925 2867 1963 2886 an
1978 2856 2135 2886 Iohannes
2155 2857 2193 2885 de

1285 2906 1481 2946 Westphalia
1496 2917 1546 2936 an.
1568 2907 1656 2942 1370,
1674 2906 1748 2935 ibid.
1765 2911 1887 2934 notatus
1903 2911 2010 2935 noster
2025 2906 2075 2935 sit.

1327 2956 1373 2986 19.
1418 2955 1478 2985 An.
1498 2956 1585 2985 1405.
1605 2954 1675 2984 Vid.
1693 2955 1783 2990 infra,
1798 2965 1829 2994 p.
1849 2955 1918 2990 655,
1938 2961 2001 2984 not.
2022 2955 2050 2984 2.

2254 852 2374 878 Parisiis
