2632 3464
287 452 340 478 477

330 528 436 558 Primo
448 527 532 557 xlx·
540 527 589 556 die
598 526 789 567 Septembris
799 525 1046 565 congregacione
1055 525 1194 555 nacionis

290 579 366 608 facta
387 578 469 617 apud
490 577 634 606 Sanctum
654 576 819 610 lulianum,
843 574 1028 614 supplicavit
1047 575 1196 614 magister

288 626 446 657 lohannes
461 627 499 656 de
519 625 636 666 lnghen
649 631 800 665 quatenus
813 623 840 653 si
854 623 1050 663 contingeret
1062 623 1195 653 rotulum

288 686 327 706 ex
340 682 428 716 parte
446 674 664 705 Universitatis
682 673 760 703 mitti
782 673 819 703 ad
843 682 951 712 papam
969 679 1038 702 ante
1063 673 1195 702 reditum

290 734 378 755 suum
411 724 561 758 Par-isius,
591 723 660 763 ipse
690 722 902 751 admitteretur
934 721 1063 761 imponi.
1098 721 1195 758 Quam

290 773 551 814 supplicacionem
565 772 652 802 nacio
670 771 825 801 concessit
837 776 983 810 quantum
999 770 1108 810 potuit.

331 822 405 852 Item
426 821 527 852 xxu·
547 821 598 850 die
621 820 738 850 mensis
763 819 899 860 ejusdem
927 820 1003 849 sacta
1027 828 1196 859 congrega-

290 872 379 902 cione
401 871 482 911 apud
512 870 656 900 Sanctum
682 868 867 898 Maturinum
894 868 969 898 hora
994 878 1196 908 vesperorum

289 922 329 951 ad
346 920 530 950 audiendum
548 924 724 958 computum
738 917 910 957 receptoris
923 923 954 947 et
967 918 1004 946 ad
1022 917 1197 958 eligendum

291 976 483 1010 receptorem
512 974 543 998 et
570 968 609 997 ad
642 967 889 1006 supplicandum,
917 966 1022 996 audito
1053 972 1197 1005 computo

290 1018 476 1058 computatis
513 1017 672 1050 omnibus,
712 1015 824 1045 mansit
862 1022 1007 1055 receptor
1044 1015 1197 1055 obligatus

292 1067 413 1097 nacioni
430 1067 462 1096 in
492 1066 533 1096 lx
557 1065 658 1099 libris,
676 1064 718 1094 lll
742 1064 852 1094 solidis
868 1071 898 1094 et
920 1065 932 1093 Ι
947 1065 1086 1094 denario.
1105 1064 1144 1094 Et
1160 1065 1198 1094 de

290 1126 445 1147 consenso
459 1116 522 1155 (sic)
536 1115 671 1144 omnium
686 1114 904 1154 magistrorum
917 1113 973 1143 suit
994 1114 1073 1143 idem
1090 1123 1199 1153 recep-

290 1172 340 1196 tor
354 1165 560 1195 continuatus.
580 1163 698 1193 Deinde
713 1162 900 1202 supplicavit
912 1163 1036 1202 quidam
1052 1163 1200 1202 magister

291 1214 412 1244 nomine
433 1212 614 1252 Radolphus
631 1222 690 1242 van
715 1213 774 1241 den
795 1211 1029 1247 Dodenwerde,
1055 1212 1199 1251 quatinus

292 1263 380 1294 nacio
410 1263 449 1292 de
475 1262 658 1302 quibusdam
685 1261 828 1295 debitis„
843 1261 874 1290 in
901 1261 1014 1301 quibus
1040 1262 1200 1291 tenebatur

291 1311 426 1346 nacioni,
444 1310 590 1341 videlicet
604 1311 642 1340 de
662 1310 923 1340 determinacione
940 1310 1040 1349 ipsius
1055 1320 1090 1340 ac
1104 1310 1199 1339 eciam

291 1362 331 1391 de
344 1361 474 1391 licencia
490 1366 520 1390 et
538 1359 718 1400 incepcione
731 1359 843 1399 ipsius,
859 1359 961 1399 ipsum
972 1359 1117 1399 quim-et,
1131 1368 1199 1388 cum

293 1410 447 1450 impotens
467 1415 551 1439 esset
569 1409 607 1438 ad
619 1408 812 1438 solvendum.
833 1407 929 1447 Cujus
949 1408 1139 1448 supplicacio
1155 1408 1200 1437 sic

292 1459 350 1489 fuit
363 1468 523 1494 concessa,
541 1458 568 1488 si
583 1458 706 1497 quando
719 1457 819 1497 ipsum
836 1457 941 1486 venire
954 1457 1147 1496 contingeret
1162 1457 1199 1486 ad

292 1508 498 1548 pingwiorem
517 1507 666 1536 fortunam
686 1507 769 1546 quod
789 1512 861 1535 tunc
887 1506 1032 1540 solveret,
1060 1506 1200 1535 commit-

294 1557 386 1587 tendo
397 1563 497 1586 tamen
509 1556 567 1585 hoc
577 1555 770 1585 consciencie
786 1565 856 1590 sue;
871 1554 920 1584 sin
933 1561 1044 1590 autem,
1059 1554 1202 1584 videlicet

292 1607 377 1646 quod
394 1606 522 1635 intraret
541 1604 722 1644 religionem
732 1604 781 1633 vel
799 1604 922 1634 interim
939 1605 1115 1640 moriretur,
1130 1605 1200 1634 sim-

295 1655 417 1695 pliciter
425 1661 508 1684 esset
522 1654 638 1694 quitus.
653 1653 766 1683 Postea
776 1663 850 1683 vero
865 1653 896 1682 in
909 1653 969 1682 fine
980 1653 1068 1682 nacio
1076 1653 1202 1683 intravit

294 1704 451 1734 tabernam
467 1703 498 1732 in
513 1703 582 1732 vico
593 1702 719 1732 Cithare
729 1703 773 1731 ad
784 1703 954 1742 epitogium,
967 1709 997 1732 et
1009 1702 1064 1732 fuit
1077 1702 1118 1732 ibi
1130 1712 1202 1742 per-

293 1759 418 1794 potatus
434 1762 514 1782 unus
535 1752 670 1787 francus,
695 1761 786 1791 quem
805 1751 898 1782 solvit
916 1758 1060 1791 receptor
1077 1752 1201 1781 racione

293 1802 397 1832 officii.

700 1895 718 1923 1
723 1894 798 1924 375

355 1966 444 1996 Acta
471 1965 736 2006 procuratoris
772 1965 944 2005 magistri
973 1965 1141 1996 Mai-celii

630 2014 676 2044 de
708 2013 864 2054 lnghen.

294 2119 302 2123 -
338 2096 412 2126 ltem
429 2096 506 2125 sacta
521 2094 767 2135 congregacione
787 2095 926 2125 nacionis
943 2095 995 2124 24·
1017 2095 1067 2125 die
1087 2096 1202 2126 mensis

294 2145 432 2186 ejusdem
474 2144 556 2184 apud
596 2143 741 2174 Sanctum
776 2144 928 2174 lulianum
964 2155 1129 2184 pauperem
1164 2146 1203 2174 ad

296 2194 481 2225 audiendum
508 2198 683 2232 computum
713 2193 886 2233 receptoria
910 2199 940 2223 et
965 2194 1003 2223 ad
1027 2194 1202 2234 eligendum

294 2249 540 2284 procuratorem,
566 2242 604 2271 de
633 2251 788 2272 consensu
816 2242 950 2272 omnium
985 2243 1202 2283 magistrorum

296 2293 352 2323 fuit
373 2297 534 2332 compotus
551 2290 664 2321 dilatus
682 2300 780 2331 usque
799 2291 837 2320 ad
862 2292 1030 2331 proximam
1054 2302 1204 2332 procura-

293 2341 428 2375 cionem,
444 2347 475 2370 et
491 2340 608 2370 electus
624 2339 655 2369 in
669 2347 900 2380 procuratorem
921 2341 1068 2381 magister
1084 2341 1204 2371 Marce-

296 2390 356 2420 lius
373 2390 411 2419 de
428 2389 557 2429 lnghen.
573 2389 606 2418 ln
617 2388 704 2429 cujus
716 2389 927 2428 procuratoria
939 2390 1062 2419 fuerunt
1077 2389 1133 2419 hec
1144 2400 1204 2430 que

296 2445 481 2479 sequuntur.

338 2487 444 2518 Primo
459 2486 564 2517 ultima
588 2487 639 2517 die
661 2487 854 2527 Septembris
870 2493 1018 2527 sequente
1039 2488 1115 2518 sacta
1133 2498 1203 2518 con-

295 2537 484 2578 gregacione
505 2536 645 2566 nacionis
669 2536 750 2576 apud
776 2535 919 2566 Sanctum
946 2536 1141 2576 Maturynum
1165 2538 1203 2567 ad

297 2586 503 2616 ordinandum
518 2585 556 2615 de
574 2585 681 2620 scolis,
699 2585 872 2615 ordinatum
889 2585 944 2615 suit
960 2586 1043 2625 quod
1067 2586 1204 2627 quinque

296 2635 439 2665 seniores
462 2634 632 2664 retinerent
651 2634 752 2664 scolas
774 2634 805 2663 in
829 2634 942 2674 quibus
963 2641 1078 2664 essent.
1100 2635 1202 2665 Ceteri

297 2693 372 2714 vero
387 2683 414 2714 si
427 2683 480 2724 qui
494 2689 600 2713 essent
611 2683 810 2722 providerent
822 2683 881 2712 sibi
895 2684 1041 2724 expensis
1051 2684 1202 2719 nacionis,

296 2733 370 2763 dum
384 2738 484 2762 tamen
499 2731 631 2762 fideliter
646 2732 861 2762 continuarent
878 2731 1036 2762 lecturam.

298 2800 305 2804 -
340 2782 412 2819 (Pol.
429 2781 477 2820 48)
496 2780 570 2811 ltem
587 2787 658 2811 tunc
673 2780 768 2810 eciam
784 2781 863 2811 sacto
877 2781 1007 2811 articulo
1023 2782 1060 2811 ad
1072 2791 1204 2812 concor·

299 2830 432 2860 dandum
447 2829 609 2870 aliqualem
624 2829 852 2859 dissencionem
873 2840 933 2870 que
954 2837 1020 2860 erat
1035 2830 1115 2860 inter
1131 2841 1204 2871 sup-

299 2878 402 2919 posita
424 2877 581 2913 nacionis,
605 2878 750 2908 videlicet
770 2878 949 2918 magistrum
970 2878 1138 2909 Jordanum
1165 2881 1203 2909 de

332 2975 355 2999 ¹.
387 2974 459 2999 Alia·
471 2974 548 3003 neve,
562 2974 654 3001 noue.
706 2967 709 2970 ,

796 450 908 476 LIBER
929 449 1242 477 PROCURATORUM
1262 449 1442 476 NATIONIS
1461 450 1705 476 ANGLICANAE

1235 974 1269 1000 10

1237 1218 1270 1244 15

1237 1464 1271 1489 20

1239 1709 1272 1735 25

1239 1955 1274 1982 30

1240 2200 1274 2226 35

1241 2446 1275 2472 40

1241 2691 1275 2718 4⁵

1534 0 1541 8 l
1556 0 1586 7 w
1598 0 1636 9 s„
1653 0 1819 20 fosffuff.
1862 4 1865 8 ,
1900 0 1913 8 ,,

2158 449 2208 474 478

1303 525 1410 564 Clyvis
1421 531 1508 565 parte
1523 535 1561 554 ex
1574 535 1649 560 una,
1661 532 1691 554 et
1706 526 1885 564 magistrum
1903 525 2063 564 Hugonem
2082 526 2119 553 de
2133 525 2208 553 ller-

1303 581 1390 604 vorst
1411 581 1499 614 parte
1516 584 1553 603 ex
1576 574 1682 608 altera,
1702 574 1982 614 compromiserunt
2006 574 2095 602 iidem
2117 574 2208 612 magi-

1304 624 1359 653 stri
1381 625 1417 652 ad
1442 623 1621 652 instanciam
1639 630 1669 653 et
1689 633 1792 652 amore
1811 623 1948 651 nacionis
1967 623 1998 651 in
2015 623 2209 651 venerabiles

1304 679 1334 702 et
1352 673 1505 702 discretos
1524 673 1609 702 viros
1630 672 1795 711 magistros
1814 672 2001 711 Liphardum
2023 672 2059 700 de
2080 672 2208 705 Datlem,

1304 727 1435 762 protunc
1458 721 1677 751 Universitatis
1694 721 1882 750 parisiensis
1902 727 2065 755 rectorem,
2085 727 2114 749 et
2130 721 2211 749 ller-

1305 781 1447 800 mannum
1478 770 1568 800 Rueb
1580 770 1604 805 ⁴,
1631 771 1662 799 in
1696 776 1842 809 quantum
1872 770 2068 799 concorditer
2095 769 2210 808 aliquid

1306 819 1557 860 pronunciarent,
1574 826 1604 849 et
1635 820 1665 848 in
1693 829 1765 848 casu
1785 819 1942 849 discordie
1965 819 1996 848 in
2020 819 2211 858 superiorem

1305 869 1482 908 magistrum
1507 869 1672 898 Henricum
1699 869 1737 897 de
1762 868 1890 903 Hassia,
1918 868 2123 897 bachalarium
2149 869 2212 897 sor-

1306 924 1417 947 matum
1443 918 1474 946 in
1508 927 1595 947 sacra
1617 917 1788 957 theologia,
1810 919 1868 947 sub
1890 927 1969 956 pena
1998 918 2037 946 20
2065 917 2211 947 librarum

1307 967 1471 1007 parisiens.
1515 967 1668 996 mediatim
1707 967 1828 996 nacioni
1866 973 1896 996 et
1940 966 2093 996 mediatim
2133 967 2212 1006 parti

1306 1016 1422 1046 tenenti
1445 1016 1604 1045 arbitrium
1631 1015 1858 1051 solvendarum,
1875 1026 1907 1045 se
1933 1022 2111 1045 servaturos
2139 1026 2213 1055 pro-

1307 1065 1496 1094 nunciatum.

1349 1114 1423 1144 ltem
1438 1115 1542 1143 eadem
1558 1114 1607 1143 die
1635 1114 1711 1143 facta
1740 1114 1986 1153 congregacione
2013 1114 2152 1143 nacionis
2176 1115 2212 1143 ad

1308 1163 1555 1203 supplicandum,
1584 1163 1771 1203 supplicavit
1793 1163 1940 1202 magister
1962 1163 2157 1193 Hermannus
2177 1164 2214 1192 de

1309 1212 1542 1246 Bottenbroich,
1581 1212 1656 1241 alias
1692 1212 1823 1242 nuncius
1856 1212 1994 1241 nacionis
2031 1213 2068 1242 ad
2099 1213 2214 1242 curiam

1309 1261 1488 1296 Romanam,
1519 1267 1670 1301 quatenus
1700 1261 1788 1290 nacio
1815 1261 1875 1290 sibi
1904 1261 1983 1291 solvi
2018 1262 2131 1291 faceret
2162 1272 2215 1291 sex

1310 1311 1431 1340 francos
1448 1321 1526 1350 quos
1549 1317 1621 1340 tunc
1636 1310 1724 1340 nacio
1741 1311 1899 1346 mutuavit,
1919 1320 1998 1350 quos
2019 1311 2143 1350 quidem
2162 1321 2215 1340 sex

1309 1360 1431 1389 francos
1451 1359 1539 1389 nacio
1561 1359 1663 1389 levare
1683 1360 1816 1389 debebat
1835 1370 1852 1389 a
1879 1366 2039 1399 receptore
2062 1361 2216 1389 communi

1308 1409 1539 1440 Universitatis.
1560 1408 1635 1438 Item
1654 1415 1844 1448 conquestus
1862 1415 1910 1439 est
1925 1409 2047 1439 nacioni
2062 1410 2100 1438 de
2113 1409 2217 1439 multi-

1308 1458 1414 1488 tudine
1433 1468 1636 1498 expensarum
1662 1458 1832 1487 habitarum
1855 1468 1912 1498 pro
1927 1458 2056 1487 nacione
2074 1459 2104 1487 in
2120 1459 2215 1493 curia,

1309 1507 1416 1536 dicens
1444 1507 1471 1536 si
1500 1507 1587 1536 nacio
1618 1513 1736 1547 posset,
1769 1508 1847 1536 bene
1881 1507 1973 1536 vellet
2003 1508 2086 1546 quod
2116 1509 2216 1548 ipsum

1309 1556 1497 1596 aliquantum
1515 1556 1684 1586 alleviaret.
1701 1556 1740 1585 Et
1754 1557 1811 1586 fuit
1823 1556 2015 1596 supplica-cio
2030 1557 2130 1596 prima
2145 1567 2216 1586 con-

1311 1615 1410 1641 cessa,
1427 1605 1570 1635 similiter
1591 1606 1633 1641 2¹,
1653 1615 1728 1635 vero
1745 1606 1903 1634 moderata
1917 1605 1961 1634 sic
1979 1606 2045 1640 suit,
2061 1607 2143 1646 quod
2160 1617 2217 1646 pro

1310 1660 1374 1684 toto
1389 1654 1539 1695 magister
1554 1654 1749 1684 Hermannus
1765 1665 1782 1684 a
1797 1654 1926 1684 nacione
1945 1655 1981 1683 12
2000 1655 2122 1685 francos
2141 1655 2217 1685 acci-

1311 1709 1408 1743 peret,
1427 1710 1456 1733 et
1479 1703 1596 1743 primos
1612 1714 1667 1733 sex
1685 1704 1715 1733 in
1741 1710 1897 1743 prompto,
1923 1705 1960 1732 de
1980 1704 2050 1734 aliis
2071 1715 2145 1734 vero
2163 1715 2216 1734 sex

1312 1759 1480 1792 proventus
1493 1753 1767 1782 determinancium
1779 1753 1809 1782 in
1824 1753 1912 1783 XLm·
1930 1753 2030 1783 futura
2042 1761 2218 1794 expectaret

1311 1808 1340 1831 et
1353 1808 1426 1831 tunc
1439 1801 1634 1831 solverentur
1649 1802 1760 1831 eidem.
2054 1831 2056 1834 Α

1352 1850 1426 1879 ltem
1456 1849 1496 1879 Χ·
1520 1849 1570 1879 die
1602 1851 1749 1880 Octobris
1779 1851 1855 1880 facta
1883 1851 2131 1891 congregacione
2161 1863 2217 1891 pro

1311 1899 1455 1939 eligendo
1473 1905 1636 1934 rectorem,
1653 1899 1782 1929 nacione
1795 1906 1866 1929 tunc
1877 1907 2076 1940 congregata,
2096 1901 2218 1941 suppli-

1312 1948 1392 1978 cavit
1408 1948 1557 1988 magister
1570 1948 1662 1988 Hugo
1674 1949 1711 1978 de
1728 1948 1882 1978 Hervorst
1893 1949 1975 1988 quod
1989 1960 2055 1978 curn
2068 1949 2151 1979 scole
2163 1960 2217 1979 sue

1312 1998 1343 2027 in
1363 1998 1460 2027 muris
1483 1998 1576 2027 fracte
1592 1998 1703 2032 sorem,
1724 1998 1768 2027 sic
1783 1998 1865 2038 quod
1884 1998 1984 2027 claudi
1999 2008 2060 2027 non
2078 2005 2216 2038 possent,

1311 2047 1458 2086 expensis
1471 2046 1610 2076 nacionis
1626 2047 1836 2077 reficerentur.
1857 2047 1924 2085 Que
1940 2047 2131 2087 supplicacio
2147 2059 2218 2077 con-

1311 2106 1400 2126 cessa
1417 2096 1483 2126 fuit.

1353 2145 1428 2175 ltem
1449 2146 1525 2174 sacta
1548 2145 1793 2185 congregacione
1817 2146 1956 2175 nacionis
1979 2147 2015 2175 ad
2034 2147 2217 2176 audiendum

1312 2200 1487 2234 computum
1497 2194 1681 2233 receptoris.
1694 2201 1724 2224 et
1733 2194 1876 2224 omnibus
1885 2194 2037 2224 hincinde
2048 2195 2216 2230 desalcntis,

1312 2243 1424 2273 mansit
1455 2249 1598 2283 receptor
1624 2243 1780 2283 obligatus
1808 2244 1930 2273 nacioni
1963 2244 1992 2273 in
2020 2244 2091 2274 Vlll
2117 2245 2216 2279 libris,

1311 2292 1385 2322 Xlll
1401 2292 1549 2322 denariis.

1718 2386 1815 2416 1375

1413 2457 1679 2487 Procuratoria
1718 2458 1889 2498 magistri
1936 2458 2118 2487 Johannis

1620 2506 1907 2547 Levenhnghen.

1352 2586 1442 2616 Anno
1459 2586 1584 2616 Domini
1603 2597 1664 2626 quo
1679 2597 1790 2626 supra,
1807 2587 1907 2616 xxnn
1919 2587 1968 2616 die
1989 2587 2104 2616 mensis
2123 2587 2218 2617 Octo-

1313 2635 1390 2670 bris,
1411 2642 1596 2675 congregata
1619 2635 1748 2665 nacione
1764 2635 1932 2675 Anglicana
1957 2636 2031 2665 hora
2051 2636 2216 2675 primarum

1313 2684 1425 2714 Nostre
1451 2685 1582 2714 Domine
1605 2685 1685 2724 apud
1705 2685 1848 2714 Sanctum
1869 2685 2022 2713 Julianum
2053 2695 2216 2724 pauperem

1312 2734 1349 2763 ad
1362 2733 1547 2763 audiendum
1563 2740 1738 2773 computum
1756 2733 1926 2772 receptoria
1942 2740 1972 2762 et
1986 2734 2023 2762 ad
2042 2733 2217 2773 eligendum

1311 2788 1555 2822 procuratorem.
1567 2783 1753 2822 computavit
1761 2782 1904 2811 dominus
1918 2789 2072 2822 receptor,
2082 2789 2112 2812 et
2122 2783 2218 2812 omni-

1312 2831 1370 2861 bus
1385 2831 1455 2861 hinc
1478 2831 1550 2861 inde
1573 2831 1741 2866 defalcatis,
1762 2831 1873 2860 mansit
1894 2838 2037 2871 receptor
2063 2831 2218 2871 obligatus

1312 2880 1432 2910 nacioni
1450 2881 1479 2909 in
1496 2880 1567 2909 Vlll
1588 2880 1676 2909 libris
1700 2886 1729 2910 et
1746 2880 1819 2909 Xlll
1843 2880 1994 2916 denarii„
2017 2880 2068 2919 qui
2089 2891 2218 2920 compu-
