2632 3464
298 455 352 482 849

298 531 471 561 Morelioen
484 531 596 561 latamo
610 531 642 560 in
654 530 711 560 XX
724 529 821 560 scutis
832 529 959 559 racione
969 529 1122 559 scolarum
1135 539 1201 568 sep-

297 587 354 609 tem
376 581 493 609 arcium
517 581 555 611 ad
574 580 755 610 solvendum
781 579 833 608 illa
858 578 915 608 XX
939 584 1026 608 scuta
1049 578 1203 607 dominica

296 628 516 659 Remini-scer&
539 629 573 658 in
591 628 845 668 Quadragesima,
863 633 894 657 et
910 633 959 657 est
976 627 1154 667 ingrossata
1173 633 1204 656 et

297 677 432 718 sigillata
446 677 552 718 sigillo
566 687 678 718 magno
690 677 842 707 nacionis.

338 726 456 756 indicta
472 726 719 767 congregacione
731 725 872 756 nacionis
883 734 976 760 anno,
992 724 1073 759 loco,
1089 724 1202 764 quibus

297 785 403 816 supra,
418 782 490 816 post
499 785 673 806 sermonem
684 775 754 815 ipso
773 774 824 804 die
835 773 949 804 Mathei
964 773 1097 814 apostoli
1108 783 1204 813 super

295 825 340 854 4⁰*
366 824 517 855 articulis.
542 824 667 855 Primus
693 822 842 853 articulus
871 823 927 852 fuit
955 823 994 852 ad
1028 822 1202 863 eligendum

295 883 409 904 novum
433 879 626 914 receptorem
642 872 692 902 vel
712 872 752 902 ad
767 871 1007 902 continuandum
1031 871 1200 911 antiquum.

298 922 338 952 Et
357 922 552 952 continuatus
572 922 628 952 tuit
647 920 844 952 concorditer
865 926 1008 960 receptor
1031 921 1202 960 precedens

296 971 444 1012 magister
463 970 623 1002 Arnoldns
645 970 786 1000 Wtwiic.
811 970 973 1000 Secundus
997 969 1144 1000 articulus
1164 971 1203 999 ad

295 1020 480 1050 audiendum
509 1025 686 1060 computum
720 1019 904 1058 receptoris.
929 1018 968 1048 Et
999 1018 1112 1048 dilatus
1148 1019 1203 1049 suit

295 1078 394 1108 usque
406 1069 444 1098 ad
461 1068 760 1099 consummacionem
775 1067 928 1098 scolarum
948 1075 1059 1107 septem
1074 1070 1200 1098 arcium.

294 1117 424 1148 Tercius
441 1118 479 1147 ad
502 1117 750 1147 distribuendum
770 1117 872 1147 scolas
896 1117 1052 1158 magistris
1069 1118 1203 1148 volenti-

295 1167 354 1196 bus
376 1176 496 1207 regere.
524 1166 564 1196 Et
579 1166 818 1206 resignaverunt
840 1173 986 1207 regentes
1003 1167 1074 1197 anni
1093 1177 1203 1206 prece·

293 1215 396 1246 dentis
419 1215 521 1246 scolas
537 1225 609 1246 suas
630 1215 663 1245 in
684 1225 776 1246 manu
790 1215 942 1251 nacionis,
959 1222 990 1246 et
1005 1216 1203 1256 supplicave-

293 1269 366 1294 runt
379 1264 519 1295 volentes
533 1274 644 1305 regere
658 1265 731 1300 isto,
749 1265 893 1304 quatinus
911 1265 1000 1295 nacio
1017 1265 1096 1304 ipsis
1109 1265 1203 1296 vellet

294 1313 460 1354 providere
491 1314 530 1343 de
560 1313 656 1344 scolis
668 1336 676 1349 ,
709 1323 840 1354 quorum
872 1314 1097 1354 supplicacioni
1129 1315 1203 1345 favit

291 1362 381 1393 nacio
402 1363 571 1393 secundum
594 1363 721 1393 formam
743 1363 860 1399 statuti,
882 1363 926 1392 ita
946 1362 1091 1394 videlicet
1117 1366 1202 1404 quod

292 1411 423 1452 quilibet
447 1411 586 1452 ipsorum
613 1412 807 1452 promitteret
831 1421 942 1452 regere
968 1422 1025 1452 per
1055 1412 1201 1454 majorem

293 1466 412 1500 partem
434 1460 597 1495 ordinarii,
617 1466 648 1490 et
668 1470 727 1500 pro
748 1460 802 1490 illo
823 1467 956 1501 poneret
972 1461 1199 1502 fidejussorem.

294 1509 384 1546 Quod
399 1515 430 1539 et
444 1509 554 1539 iactum
573 1515 630 1539 est.
651 1509 786 1547 Quartus
805 1509 952 1540 articulus
972 1521 1067 1550 super
1079 1512 1202 1551 suppli-

294 1557 485 1593 cacionibus‚
501 1564 560 1588 etc.
574 1557 613 1588 Et
625 1558 812 1598 supplicavit
821 1559 969 1599 magister
983 1559 1201 1591 Coenraerdus

293 1608 333 1637 de
357 1606 534 1647 Eslangher
543 1605 568 1642 ²,
586 1603 673 1647 quod>
692 1617 729 1636 ex
752 1617 814 1647 quo
836 1608 984 1648 magister
1006 1608 1200 1640 Hermannus

293 1656 332 1686 de
349 1655 480 1696 Eslinga
489 1655 552 1695 jam
570 1666 632 1686 non
649 1662 715 1686 erat
735 1656 888 1688 parisius.
907 1663 937 1686 et
951 1663 1052 1687 tamen
1069 1658 1201 1689 intendit

292 1714 414 1745 regere,
427 1705 573 1745 quatinus
585 1705 674 1735 nacio
686 1705 747 1735 sibi
762 1705 855 1735 vellet
869 1706 1034 1746 providere
1050 1707 1088 1736 de
1105 1708 1200 1738 scolis

293 1754 462 1784 secundum
481 1754 604 1784 modum
620 1753 756 1784 solitum.
773 1754 813 1784 Et
835 1754 892 1784 suit
909 1764 1058 1786 concessa
1078 1757 1200 1797 suppli-

293 1811 389 1832 cacto.

294 1909 509 1950 Sequuntur
539 1909 688 1940 nomina
715 1910 929 1950 regencium
957 1910 1066 1951 hujus
1094 1913 1196 1942 anni.

333 1997 484 2038 Magister
497 1997 655 2028 Amoldus
671 1997 813 2035 Wtwiic,
829 2006 984 2039 receptor.

333 2047 484 2088 Magister
500 2046 695 2077 Guillielmus
710 2047 801 2084 Bloc3
819 2047 985 2088 fidejussor
999 2059 1068 2090 ego.

331 2096 483 2136 Magister
501 2095 710 2126 Goedscalcus
729 2095 845 2133 Vreze;
868 2095 1034 2138 fidejussor
1053 2099 1200 2139 magister

291 2144 481 2175 wilhelmus
499 2144 587 2175 Bloc.

331 2193 482 2234 Magister
498 2193 693 2224 Hermannus
707 2194 746 2224 de
761 2194 891 2224 Ommen
900 2207 908 2230 ;
926 2194 1092 2235 fidejussor
1104 2197 1198 2237 magi-

292 2249 357 2273 ster
367 2242 525 2272 Johannes
543 2241 656 2272 Aveze.

332 2291 482 2332 Magister
498 2291 692 2321 Hermannus
704 2292 743 2321 de
762 2291 907 2332 Eslinga3
926 2292 1090 2333 fidejussor
1106 2295 1198 2334 magi-

292 2346 357 2371 ster
372 2340 530 2370 lohannes
548 2339 700 2370 Boutbur.

332 2389 483 2430 Magister
509 2388 667 2419 Johannes
698 2389 816 2425 Aveze;
849 2388 1013 2430 fidejussor
1052 2392 1199 2432 magister

294 2437 490 2468 Her-mannus
505 2438 543 2467 de
555 2437 698 2468 Ummen.

331 2486 481 2528 Magister
507 2486 665 2517 Johannes
695 2486 813 2526 Royan
846 2486 1011 2527 fidejussor
1051 2489 1199 2529 magister

292 2535 427 2566 lacobus
439 2536 478 2565 de
495 2535 648 2565 Haerlem.

332 2583 483 2624 Magister
517 2584 724 2614 Goeszwinus
756 2585 794 2614 de
827 2583 961 2615 Aer-nem
972 2583 1000 2621 ³;
1033 2585 1198 2626 fidejussor

293 2632 440 2673 magister
455 2632 650 2663 Hermannus
666 2633 704 2663 de
720 2632 860 2664 Ummen.

332 2681 482 2722 Magister
518 2681 735 2712 Coenraerdus
765 2683 803 2711 de
837 2681 996 2719 Lssbeeclq
1032 2683 1198 2724 fidejussor

292 2730 440 2770 magister
456 2729 674 2761 Coenraerdus
688 2731 726 2760 de
746 2730 931 2771 Eslangher.

332 2777 483 2818 Magister
497 2777 651 2810 Henricus
664 2780 702 2810 de
716 2779 858 2816 Xanctis3
873 2778 1038 2820 fidejussor
1049 2781 1198 2821 magister

290 2826 448 2857 lohannes
462 2827 501 2857 de
517 2826 655 2858 Xanctis.

324 2937 344 2961 i.
375 2939 424 2961 An.
439 2937 510 2966 1403,
525 2937 617 2961 'arcii'
628 2938 666 2962 ¹1.

322 2973 347 2996 2.
378 2973 397 2997 1.
410 2972 560 3005 alt-linga.

371 3018 484 3038 Aueiae-'na
496 3017 620 3038 cusnani-ru
629 3017 716 3038 valan.
728 3018 794 3039 Parin.
803 3029 829 3036 -
839 3018 855 3039 Ι.

796 454 909 480 LIBER
935 453 1247 480 PROCURATORUM
1272 453 1451 480 NATloxis·
1473 455 1716 481 ANGLICANAE

1257 729 1274 755 5

1240 973 1274 999 10

1239 1219 1272 1245 15

1239 1465 1273 1491 20

1237 1709 1271 1735 25

1236 1955 1270 1981 30

1236 2200 1270 2226 35

1235 2442 1270 2469 40

1235 2686 1268 2712 45

2162 457 2215 483 850

1350 529 1501 569 Magister
1527 530 1617 569 Hugo
1649 531 1686 559 de
1710 530 1850 566 Arbona;
1879 531 2043 570 fidejussor
2068 533 2216 572 magister

1311 577 1528 607 Coenraerdus
1544 580 1582 607 de
1601 579 1755 608 Lubeeck.

1715 672 1812 702 1402

1350 742 1422 782 (rol.
1450 742 1514 783 66b]
1541 742 1810 773 Procuratoria
1840 744 2034 775 Wilhelmi
2068 746 2172 776 Bloc.

1352 823 1443 853 Facta
1460 823 1706 864 congregacione
1728 824 1867 854 nacionis
1887 826 1969 864 apud
1987 825 2130 855 Sanctum
2149 827 2216 856 Ma-

1312 872 1445 902 turinum
1463 882 1543 902 anno
1560 883 1622 912 quo
1640 883 1745 913 supra,
1769 874 1820 902 23·
1838 873 2041 913 SeptembriS,
2063 874 2138 904 hora
2163 886 2216 905 oc-

1311 927 1379 950 tava
1388 931 1484 961 super
1497 922 1618 951 duobus
1631 922 1780 952 articulis.
1793 922 1916 952 Primus
1927 923 1983 952 suit
1991 924 2028 952 ad
2038 923 2213 964 eligendum

1311 981 1423 1000 novum
1437 977 1684 1010 procuratorem;
1708 972 1754 1000 2¹¹·
1771 981 1867 1011 super
1885 972 2170 1012 supplicacionibus
2186 980 2215 1003 et

1311 1019 1445 1059 injuriis.
1465 1022 1502 1050 Et
1520 1020 1707 1060 supplicavit
1723 1027 1906 1060 procurator
1923 1022 2093 1060 precedens
2114 1023 2215 1062 quati-

1310 1079 1369 1098 nus
1384 1069 1416 1098 in
1430 1069 1506 1099 actis
1522 1079 1579 1109 per
1595 1079 1663 1099 eum
1681 1075 1819 1108 tempore
1833 1070 2067 1109 procuracionis
2085 1071 2215 1101 habere-

1310 1124 1360 1147 tur
1374 1124 1492 1158 gratus,
1513 1125 1640 1148 avoatus
1661 1124 1692 1148 et
1708 1119 1984 1148 recommendatus.
2007 1119 2158 1157 Quantum
2177 1122 2213 1149 ad

1310 1166 1443 1207 primum
1457 1167 1573 1197 electus
1595 1167 1651 1197 suit
1667 1167 1863 1197 concorditer
1877 1167 2063 1198 Wilhelmus
2085 1169 2160 1199 Bloc
2182 1170 2212 1198 in

1311 1222 1541 1255 procuratorem
1554 1217 1704 1246 nacionis.
1724 1216 1877 1254 Quantum
1892 1218 1929 1246 ad
1947 1218 1987 1246 2¹¹¹
2002 1218 2090 1247 nacio
2107 1219 2213 1248 annuit

1310 1265 1534 1305 supplicacioni
1551 1265 1667 1295 domini
1684 1266 1896 1305 procuratoris
1912 1267 2118 1305 precedentis.

1715 1358 1812 1388 1402

1530 1430 1777 1460 Continuacio
1811 1429 1991 1470 ejusdem.

1352 1511 1468 1540 lndicta
1505 1511 1751 1550 congregacione
1783 1511 1922 1540 nacionis
1954 1512 2034 1550 apud
2069 1511 2212 1542 Sanctum

1310 1559 1496 1590 Maturinum
1517 1570 1597 1588 anno
1619 1570 1680 1599 quo
1701 1569 1806 1599 supra,
1825 1560 1876 1589 21·
1893 1559 2050 1594 Octobris,
2067 1560 2143 1590 hora
2157 1571 2212 1590 oc-

1309 1616 1376 1639 tava
1394 1618 1488 1648 super
1509 1609 1630 1638 duobus
1654 1608 1803 1638 articulis.
1824 1609 1947 1638 Primus
1970 1609 2026 1638 fuit
2040 1610 2077 1638 ad
2093 1610 2213 1650 eligen-

1309 1659 1380 1687 dum
1395 1668 1507 1687 novum
1527 1664 1773 1697 procuratorem
1797 1658 1842 1686 2¹·-
1862 1668 1957 1697 super
1972 1659 2212 1697 supplicacioni-

1308 1708 1366 1737 bus
1382 1713 1412 1736 et
1430 1705 1563 1746 injuriis,
1581 1707 1632 1736 ubi
1655 1716 1714 1746 ego
1734 1706 1904 1746 supplicavi
1925 1707 2067 1746 quatinus
2086 1708 2117 1736 in
2135 1709 2212 1737 actis

1308 1766 1365 1796 per
1379 1766 1427 1785 me
1442 1755 1599 1795 magistris
1615 1755 1750 1795 placeret
1765 1765 1812 1785 me
1828 1755 1940 1785 habere
1953 1762 2085 1795 gratum,
2100 1763 2210 1792 ratum,

1307 1811 1447 1835 avoatum
1471 1811 1501 1834 et
1525 1805 1814 1834 recommendatum.
1839 1804 1991 1842 Quantum
2016 1806 2053 1834 ad
2080 1806 2210 1844 primum

1308 1864 1366 1895 ego
1384 1854 1425 1883 fui
1443 1854 1640 1883 concorditer
1653 1863 1711 1893 per
1725 1863 1831 1883 omnes
1849 1853 1970 1883 nemine
1983 1854 2211 1884 contradicente

1307 1903 1502 1933 continuatus
1517 1903 1548 1932 in
1567 1909 1797 1942 procuratorem
1816 1902 1954 1931 nacionis
1970 1903 2075 1932 matris
2093 1909 2209 1934 nostre.

1307 1951 1460 1989 Quantum
1474 1952 1511 1981 ad
1527 1952 1567 1981 2¹¹³
1585 1951 1672 1980 nacio
1690 1951 1796 1980 annuit
1810 1951 2033 1991 supplicacioni
2050 1962 2126 1987 mee,
2143 1962 2210 1992 gra-

1307 1999 1435 2041 t[um]...
1457 2000 1612 2030 Persolvit
1633 2000 1776 2030 dominus
1796 2000 1971 2040 Heynricus
1990 2000 2128 2030 Vischlin
2153 2011 2211 2041 pro

1308 2049 1513 2079 bachalariatu
1542 2055 1571 2078 et
1599 2049 1727 2078 licencia
1749 2049 1885 2088 optentis
1917 2049 1947 2078 in
1976 2049 2106 2084 artibus,
2138 2050 2210 2089 quia

1307 2099 1382 2127 alias
1406 2108 1467 2127 non
1495 2098 1627 2127 solverat
1654 2098 1764 2127 bursas
1789 2108 1871 2128 suas.
1896 2098 1935 2127 Et
1959 2097 2024 2138 ejus
2047 2099 2140 2128 bursa
2164 2105 2211 2128 est

1307 2148 1437 2176 duorum
1454 2147 1544 2176 solid.

1711 2239 1808 2269 1402

1440 2310 1708 2341 Procuratoria
1735 2311 1865 2340 Jacobi
1896 2310 2077 2340 Johannis

1633 2360 1676 2389 de
1703 2359 1888 2389 Haerlem.

1347 2439 1438 2470 Facta
1452 2439 1698 2480 congregacione
1708 2439 1847 2469 nacionis
1859 2441 1939 2479 apud
1957 2440 2099 2469 Sanctum
2114 2440 2209 2470 Matu-

1307 2489 1406 2519 rinum
1424 2498 1505 2518 anno
1521 2498 1583 2528 quo
1607 2498 1712 2528 supra,
1735 2490 1784 2518 19·
1802 2489 1995 2524 Novembris.
2013 2489 2087 2518 hora
2105 2495 2208 2519 octava

1306 2547 1402 2578 super
1426 2538 1525 2567 tribus
1553 2537 1702 2567 articulis.
1736 2537 1858 2567 Primus
1889 2538 1944 2567 suit
1970 2538 2006 2566 ad
2033 2537 2207 2577 eligendum

1306 2597 1417 2616 novum
1437 2593 1683 2626 procuratorem;
1712 2588 1866 2616 secundus
1888 2587 1925 2616 ad
1947 2587 2150 2616 ordinandum
2170 2588 2208 2616 de

1307 2636 1384 2665 festo
1414 2635 1554 2665 nacionis
1583 2642 1613 2665 et
1640 2636 1678 2665 de
1706 2635 1845 2675 exequiis
1870 2635 2028 2665 Wilhelmi
2055 2636 2206 2672 defuncti5

1305 2685 1355 2727 3¹¹2
1370 2694 1466 2724 super
1490 2683 1773 2724 supplicacionibus
1800 2691 1830 2714 et
1854 2683 1985 2723 injuriis.
2013 2684 2120 2721 Quoad
2146 2684 2207 2724 pri-

1305 2743 1385 2763 mum
1406 2733 1521 2763 electus
1541 2733 1596 2763 fuit
1618 2733 1648 2762 in
1668 2739 1897 2773 procuratorem
1914 2732 2060 2771 magister
2073 2732 2207 2763 lacobus

1303 2781 1453 2811 lobannis
1478 2782 1516 2811 de
1544 2781 1696 2811 Haerlem.
1729 2782 1836 2819 Quoad
1863 2782 2029 2811 secundum
2053 2781 2207 2811 delibera·

1304 2837 1415 2860 verunt
1435 2830 1632 2860 concorditer
1654 2830 1806 2871 magistri,
1829 2830 1911 2870 quod
1935 2830 2021 2860 fieret
2043 2831 2151 2861 festum
2176 2831 2206 2860 in

1335 2941 1356 2981 8..
1393 2942 1412 2966 1.
1427 2949 1449 2965 e.
1458 2940 1490 2965 ds
1502 2941 1614 2965 Hoeven.
1633 2940 1686 2964 rid.
1698 2948 1775 2972 nupta
1787 2948 1811 2972 p.
1824 2941 1878 2968 ³00.
1891 2943 1943 2964 nol.
1955 2941 1977 2963 3.
1993 2939 2136 2964 Medicinae
2149 2943 2205 2964 alu—

1324 2984 1348 2999 ui

1304 2976 1323 3000 d
1351 2978 1368 3000 l.
2099 3020 2124 3040 u
