2632 3464
289 449 346 476 589
791 450 904 476 LIBER
925 448 1238 476 PROCURATORUM
1265 448 1445 475 NATIONIS
1463 448 1708 474 ANGLICANAE
2154 449 2206 475 590

335 525 411 555 Item
423 525 540 566 incepit
553 525 697 555 dominus
711 525 865 555 Henricus
878 524 960 555 Mole
977 526 1035 554 sub
1050 525 1198 564 magistro

295 574 434 609 Luberti,
451 574 539 614 cujus
553 575 649 604 bursa
660 574 702 604 V1
717 574 821 604 solidi.
837 573 946 604 Solvit.

334 623 410 653 Item
426 623 542 663 incepit
556 624 700 654 dominus
715 623 870 653 Heni-icus
890 623 991 662 Wyse
1011 623 1069 652 sub
1090 623 1198 652 eodem

293 673 454 713 magistro,
471 671 559 712 cujus
573 673 668 702 bursa
682 672 723 702 Vl
737 672 839 702 solidi.
860 672 970 702 Solvit.

312 774 382 805 Isti
406 781 493 805 sunt
517 775 580 815 qui
609 774 804 805 solverunt
832 774 868 804 in
897 774 969 804 ista
997 784 1178 814 procura-

465 824 563 854 toria
583 823 783 864 jocundum
811 823 1020 854 introitum.

332 917 407 947 item
434 917 466 947 in
493 918 553 946 fine
579 915 738 957 cujusdam
762 917 1020 957 congregacionis
1043 917 1198 956 generalis

290 966 379 996 nacio
394 966 520 996 intravit
529 967 686 996 tabernam
702 966 734 996 in
744 967 813 996 vico
826 976 925 1006 prope
934 977 1063 1006 parvum
1074 973 1198 1006 pontem

288 1016 334 1044 ad
347 1017 463 1055 gallum
478 1023 508 1044 ee
518 1017 679 1055 gallinam,
696 1021 726 1045 et
740 1015 855 1045 ibidem
870 1015 962 1045 trium
980 1016 1198 1055 magistrorum

290 1064 432 1105 quilibet,
456 1064 575 1094 scilicet
596 1064 745 1104 magister
765 1064 921 1094 Johannes
947 1064 1042 1094 Lethe
1069 1065 1197 1100 Scotus‚

289 1113 439 1154 magister
449 1113 645 1143 Hermannus
655 1114 694 1142 de
703 1113 832 1153 Treysa,
845 1120 875 1143 et
884 1114 1032 1153 magister
1041 1114 1056 1143 J
1061 1113 1198 1144 ohannes

289 1162 454 1192 Menteller
463 1162 487 1198 ⁴,
497 1162 591 1192 solvit
599 1173 693 1192 unum
705 1163 842 1193 francum
853 1173 910 1202 pro
920 1162 1057 1202 jocundo
1071 1162 1198 1193 introitu

292 1211 325 1241 in
341 1211 471 1252 primam
484 1211 763 1252 congregacionem
779 1211 1010 1242 Universitatis.

331 1261 407 1290 Item
425 1260 642 1300 supplicarunt
661 1260 790 1296 hedeni,
806 1261 889 1300 quod
909 1271 977 1290 cum
995 1261 1199 1291 emolumenta

288 1319 396 1339 eorum
423 1320 440 1339 a
470 1310 600 1339 nacione
626 1319 684 1350 pro
716 1310 776 1339 isto
805 1320 885 1339 anno
922 1311 1044 1340 fuerunt
1071 1310 1198 1340 multum

292 1359 395 1389 tenuia
422 1365 553 1399 propter
581 1359 763 1399 paucitatem
792 1360 1024 1399 graduatorum,
1052 1359 1197 1399 quatinus

290 1408 380 1437 nacio
405 1408 587 1448 dignaretur
612 1408 658 1437 eis
682 1408 824 1447 graciose
849 1408 1014 1438 subvenire
1037 1408 1118 1438 ultra
1145 1418 1196 1444 ea,

291 1467 351 1497 que
372 1457 410 1487 de
427 1457 532 1497 rigore
553 1457 598 1486 eis
617 1462 838 1496 competerent.
862 1457 998 1487 Protunc
1018 1458 1106 1487 nacio
1125 1468 1197 1488 con-

290 1506 389 1536 cessit
404 1506 450 1536 eis
464 1506 523 1535 xl!
540 1507 674 1541 francos,
691 1516 822 1545 quorum
834 1513 903 1536 octo
916 1506 1044 1536 haberet
1057 1506 1197 1537 bedellus

292 1554 488 1595 principalis,
509 1554 709 1584 subbedellus
726 1565 801 1584 vero
819 1561 963 1595 quatuor,
981 1556 1099 1586 addens
1113 1556 1198 1596 quod

289 1604 396 1644 utique
414 1604 446 1633 in
473 1604 606 1634 futurum
629 1605 667 1633 ad
691 1604 949 1644 consequenciam
974 1615 1036 1635 non
1058 1605 1198 1635 trahere-

288 1659 349 1683 tur.

694 1707 713 1735 1
718 1706 793 1736 380

361 1773 610 1804 Continuacio
643 1773 815 1813 magistri
848 1773 1048 1804 Hermanni
1079 1775 1122 1805 de

426 1822 685 1862 Warendorpe
715 1822 750 1852 in
778 1823 1057 1863 procuratoria.

328 1896 420 1927 Anno
434 1898 558 1927 Domini
571 1908 633 1938 quo
646 1907 752 1938 supra,
764 1898 880 1928 mensis
892 1898 976 1928 Junii
987 1899 1038 1929 die
1048 1901 1194 1937 secunda,

288 1946 367 1976 facta
381 1946 629 1987 congregacione
645 1946 818 1988 Anglicana
835 1946 911 1977 bora
927 1948 1095 1987 primarum
1115 1950 1197 1989 apud

289 1994 435 2025 Sanctum
449 1995 603 2025 Julianum
618 2005 786 2036 pauperem
803 1997 841 2026 ad
859 1996 1036 2037 eligendum
1051 2008 1196 2038 procura-

288 2050 387 2074 torem
402 2050 433 2074 et
449 2044 487 2074 ad
504 2045 690 2074 audiendum
709 2051 885 2085 computum
904 2047 1089 2086 receptoris‚
1111 2057 1197 2076 com-

291 2093 410 2133 putavit
419 2093 562 2124 dominus
577 2099 732 2133 receptor,
744 2100 775 2124 et
786 2101 911 2134 paratus
923 2101 988 2124 erat
997 2102 1193 2136 computare;

289 2148 389 2172 tamen
412 2152 450 2172 ex
471 2142 626 2172 communi
650 2152 805 2173 consensu
824 2144 1041 2183 magistrorum
1064 2151 1196 2184 protunc

289 2190 404 2221 dilatus
417 2197 483 2221 erat
497 2197 660 2231 computus
671 2192 855 2231 receptoria.

330 2240 450 2270 Deinde
469 2240 586 2270 electus
607 2246 674 2270 erat
692 2240 723 2270 in
744 2247 982 2280 procuratorem
999 2242 1196 2273 concorditer

287 2288 374 2318 nullo
396 2289 582 2319 reclamante
603 2289 751 2330 magister
780 2289 975 2321 Hei-mannus
997 2292 1035 2320 de
1059 2291 1196 2322 WVaren-

286 2337 398 2378 dorpe.

328 2386 406 2416 Post
415 2387 693 2427 congregacionem
702 2397 778 2417 vero
788 2387 876 2417 nacio
889 2388 1014 2418 intravit
1025 2389 1194 2425 tabernam,

287 2440 319 2465 et
347 2435 463 2465 ibidem
495 2436 625 2466 duorum
656 2436 875 2476 magistrorum
909 2437 1050 2477 quilibet,
1077 2437 1197 2468 scilicet

289 2483 438 2524 magister
454 2484 651 2515 Hermannus
669 2484 841 2515 Everbardi
858 2486 896 2515 de
915 2486 1036 2517 Swecia
1050 2492 1080 2516 et
1096 2487 1196 2527 magi-

287 2538 353 2562 ster
380 2532 581 2573 Brunulpbus
604 2533 722 2569 Kar-oli,
745 2534 838 2564 solvit
862 2545 955 2564 unum
978 2535 1115 2565 francum
1136 2546 1195 2576 pro

281 2579 421 2622 jocundo
436 2582 563 2612 introitu
579 2582 610 2612 in
627 2583 756 2622 primam
771 2583 1049 2623 congregacionem
1065 2583 1195 2615 Univer-

289 2630 400 2660 sitatis.
429 2631 503 2661 Item
528 2631 630 2661 dictus
656 2638 840 2671 procurator
863 2639 934 2662 tunc
958 2633 1074 2663 electus
1099 2634 1194 2663 eciam

286 2679 429 2718 graciose
460 2685 491 2710 et
520 2679 690 2710 liberaliter
726 2681 818 2711 solvit
857 2681 913 2711 XX
951 2681 1085 2717 solidos,
1115 2693 1195 2722 quos

289 2734 432 2768 receptor
469 2729 591 2759 nomine
632 2729 771 2760 nacionis
808 2730 940 2760 debebat
976 2731 1036 2761 sibi
1072 2732 1194 2762 tradere

286 2777 410 2806 racione
443 2778 656 2817 procuratorie
689 2788 744 2819 per
777 2779 975 2815 vacaciones,
1011 2786 1043 2810 ut
1069 2781 1192 2810 dicebat

288 2824 369 2855 idem
386 2831 539 2866 receptor.

321 2939 344 2963 1.
376 2939 488 2964 Nomine
500 2940 589 2965 luorum
598 2941 675 2966 trium
689 2942 867 2976 magistrorum
877 2942 1026 2968 calventium
1042 2943 1067 2968 ιἰι
1078 2944 1195 2978 margine

1237 970 1270 996 10

1236 1216 1270 1242 15

1235 1462 1269 1488 2⁰

1235 1708 1269 1734 25

1234 1953 1268 1980 30

1233 2199 1268 2226 35

1233 2445 1267 2471 40

1233 2690 1267 2717 45

1349 524 1469 564 lncepit
1485 525 1628 553 dominus
1643 524 1800 553 Johannes
1819 525 2011 554 Mullechner
2031 526 2068 553 de
2086 525 2213 555 Austria

1307 574 1367 602 sub
1398 573 1547 613 magistro
1571 573 1710 602 Johanne
1737 573 1774 602 de
1801 573 1980 613 Maguncia,
2007 573 2094 613 cujus
2118 575 2212 604 bursa

1308 622 1414 651 nichil.
1431 623 1550 652 Juravit
1565 628 1710 651 statutum
1728 623 1929 661 paupertatis.

1348 672 1423 701 Item
1445 671 1626 701 licenciatus
1653 671 1709 701 suit
1735 671 1878 700 dominus
1897 671 2031 701 ,Iacobus
2053 672 2212 702 wilhelmi

1307 720 1474 750 Boterman
1501 721 1559 750 sub
1590 720 1740 760 magistro
1773 720 1950 749 Hermanno
1982 720 2211 761 XVarcndorpe,

1309 768 1395 809 cujus
1408 771 1503 799 bursa
1521 769 1562 798 Vl
1579 769 1683 799 solidi.
1704 769 1813 798 Solvit.

1348 818 1424 848 Item
1440 818 1619 848 licenciatus
1631 819 1686 848 suit
1696 818 1840 848 dominus
1853 818 2050 858 Sthephanus
2062 819 2123 859 (sie)
2138 810 2215 849 Boet

1309 868 1367 897 sub
1382 867 1531 908 magistro
1548 867 1687 897 Johanne
1706 868 1844 903 Luberti,
1865 867 1951 908 cujus
1967 869 2061 897 bursa
2077 868 2136 898 1111
2154 869 2211 898 sol.

1308 916 1419 946 Posuit
1432 917 1573 956 pignera.

1349 965 1424 995 Item
1441 966 1620 995 licenciatus
1638 965 1693 995 suit
1710 965 1853 995 dominus
1866 965 2023 995 ,lohannes
2041 966 2162 1005 Repere
2175 968 2213 995 de

1307 1015 1498 1044 Monasterio
1532 1015 1590 1044 sub
1615 1015 1764 1055 magistro
1783 1015 1960 1044 Hermanno
1981 1015 2212 1055 Warendorpe,

1310 1063 1396 1104 cujus
1409 1065 1504 1094 bursa
1516 1063 1556 1093 Vl
1577 1064 1680 1093 solidi.
1699 1064 1809 1094 Posuit
1822 1064 1962 1104 pignera.

1348 1113 1423 1143 ltem
1439 1113 1618 1143 licenciatus
1635 1113 1690 1142 fuit
1701 1113 1844 1142 dominus
1859 1113 2016 1143 Johannes
2034 1114 2071 1143 de
2085 1113 2214 1143 Colonia

1308 1163 1420 1192 Scotus
1439 1164 1496 1192 sub
1515 1163 1663 1202 magistro
1684 1161 1848 1192 Guillelmo
1865 1161 1998 1197 Gorren,
2017 1162 2103 1202 cujus
2120 1164 2214 1193 bursa

1306 1211 1347 1241 vl
1361 1212 1463 1241 solidi.
1482 1211 1591 1241 Solvit.

1347 1261 1423 1291 Item
1436 1261 1552 1301 incepit
1566 1261 1710 1290 dominus
1730 1260 1905 1300 Nycolavus
1921 1262 1959 1290 de
1978 1261 2142 1300 Freynstat
2157 1263 2214 1291 sub

1306 1311 1455 1350 magistro
1470 1310 1586 1339 Mathia
1597 1311 1634 1339 de
1650 1309 1809 1346 Bohemia,
1825 1309 1912 1350 cujus
1925 1311 2019 1340 bursa
2036 1310 2092 1340 Vll
2109 1310 2212 1340 solidi.

1308 1359 1418 1389 Solvit.

1348 1408 1423 1437 Item
1441 1408 1558 1447 incepit
1569 1407 1712 1437 dominus
1727 1407 1861 1437 Jacobus
1876 1407 2031 1437 Guillelmi
2048 1409 2215 1438 Boterman

1307 1458 1346 1486 de
1365 1457 1558 1486 Scoenhovia
1571 1457 1629 1486 sub
1642 1456 1791 1497 magistro
1801 1457 1977 1486 Hermanno
1984 1457 2213 1497 Warendorpe,

1307 1505 1394 1546 cujus
1410 1507 1506 1536 bursa
1519 1506 1560 1536 Vl
1579 1506 1682 1535 solidi.
1703 1505 1812 1535 Solvit.

1347 1555 1424 1585 Item
1440 1555 1556 1595 incepit
1570 1555 1714 1584 dominus
1728 1554 1885 1584 Johannes
1901 1556 1938 1584 de
1957 1555 2088 1585 Colonia
2105 1557 2215 1585 Scotus

1308 1606 1366 1646 sub
1381 1605 1530 1645 magistro
1542 1604 1682 1634 Johanne
1694 1603 1875 1639 Forestarii‚
1893 1603 1979 1644 cujus
1995 1605 2090 1634 bursa
2101 1605 2142 1634 VI
2155 1605 2212 1634 sol.

1307 1653 1416 1684 Solvit.

1348 1703 1423 1732 item
1439 1703 1555 1742 incepit
1572 1702 1715 1732 dominus
1739 1702 1936 1742 sthephanus
1953 1702 2031 1732 Boet
2048 1704 2106 1732 sub
2122 1704 2215 1743 magi-

1308 1759 1374 1782 stro
1390 1751 1530 1782 Johanne
1546 1752 1684 1787 Luberti,
1703 1750 1791 1791 cujus
1803 1752 1896 1781 bursa
1913 1751 1971 1781 llll
1989 1752 2091 1782 solidi.
2106 1752 2216 1782 Posuit

1305 1801 1446 1842 pignera.

1347 1851 1422 1880 Item
1440 1851 1571 1880 redemit
1592 1850 1722 1890 pignera
1742 1861 1796 1879 sue
1819 1850 2057 1879 determinancie
2076 1850 2214 1890 Reynol-

1305 1901 1363 1930 dus
1381 1900 1419 1929 de
1437 1899 1546 1934 Vinea,
1563 1898 1650 1939 cujus
1663 1900 1757 1929 bursa
1771 1899 1812 1929 Vl
1830 1899 1922 1928 solidi
1939 1905 1969 1928 et
1980 1899 2020 1928 Vl
2035 1899 2164 1929 denarii.

1347 1949 1421 1978 Item
1429 1949 1559 1978 redemit
1568 1949 1696 1988 pignera
1706 1959 1759 1978 sue
1769 1948 1897 1978 licencie
1906 1949 2048 1977 dominus
2056 1948 2213 1978 ,lohannes

1306 1998 1344 2027 de
1361 1997 1563 2034 Monasterio‚
1580 1996 1668 2037 cujus
1686 1998 1780 2026 bursa
1798 1997 1856 2026 llll
1875 1997 1978 2026 solidi.

1346 2047 1421 2077 Item
1437 2047 1556 2087 recepit
1575 2053 1719 2086 receptor
1737 2047 1775 2075 ab
1793 2046 2002 2076 Universitate
2017 2046 2076 2075 llll
2091 2047 2212 2076 francos

1305 2095 1429 2127 nomine
1444 2096 1594 2131 nacionis,
1608 2102 1638 2125 et
1653 2095 1684 2124 in
1698 2095 1755 2124 hoc
1770 2095 1903 2125 solutum
1917 2102 1964 2125 est
1975 2095 2095 2124 nacioni
2107 2102 2212 2124 nostre

1306 2145 1338 2174 in
1353 2151 1417 2174 toto
1433 2145 1471 2174 de
1485 2145 1630 2175 mutuatis
1648 2145 1860 2174 Universitati.

1347 2194 1420 2224 Item
1437 2195 1555 2234 recepit
1569 2194 1650 2224 idem
1669 2194 1697 2223 11
1713 2195 1834 2223 francos
1848 2203 1906 2233 pro
1924 2193 2043 2233 locagio
2059 2193 2210 2222 scolarum

1305 2249 1481 2273 nostrarum
1505 2243 1712 2283 superiorum,
1747 2252 1874 2282 quarum
1907 2242 2133 2281 proprietarius
2165 2249 2212 2271 est

1304 2292 1455 2332 magister
1467 2291 1636 2321 Guibertus
1649 2291 1798 2320 medicus.

1346 2340 1421 2370 ltem
1436 2340 1566 2370 redemit
1586 2341 1716 2380 pignera
1739 2350 1792 2370 sue
1810 2339 2050 2369 determinant-ie
2068 2340 2210 2369 dominus

1303 2389 1438 2419 Thomas
1474 2389 1665 2429 Stramiglot,
1700 2388 1786 2429 cujus
1826 2390 1918 2418 bursa
1956 2388 2012 2417 vll
2054 2388 2145 2417 solidi
2181 2395 2211 2418 et

1302 2437 1343 2468 Vl
1359 2438 1489 2468 denarii.

1345 2487 1419 2517 ltem
1431 2489 1508 2517 facta
1518 2487 1763 2528 congregacione
1776 2487 1912 2516 nacionis
1925 2487 1955 2515 in
1967 2486 2209 2515 Sanctosuliano

1303 2537 1341 2566 ad
1364 2536 1611 2576 supplicandum,
1639 2536 1823 2576 supplicavit
1846 2536 1992 2575 magister
2015 2535 2209 2564 Hermannus

1302 2585 1522 2626 Warendorpe
1538 2596 1596 2626 pro
1612 2586 1681 2625 ipso
1695 2592 1725 2615 et
1743 2586 1835 2614 fratre
1853 2584 1918 2624 ejus
1935 2585 2083 2623 magistro
2098 2583 2209 2613 Frede-

1303 2634 1369 2664 rico
1383 2644 1440 2674 pro
1458 2635 1556 2664 literis
1571 2634 1890 2669 recominendatoriis,
1905 2632 1991 2672 cujus
2006 2632 2209 2673 supplicacio-

1304 2693 1359 2713 nes
1374 2689 1462 2713 erant
1475 2694 1623 2713 concesse
1639 2684 1676 2712 ab
1697 2683 1851 2712 omnibus.

1344 2732 1417 2770 (Fal.
1432 2733 1480 2772 26)
1500 2732 1573 2762 Item
1585 2733 1714 2772 quadam
1729 2732 1778 2761 die
1790 2731 1929 2771 sequenti
1947 2732 2023 2760 sacta
2035 2741 2210 2770 congrega-

1304 2781 1391 2811 cione
1409 2781 1548 2810 nacionis
1564 2780 1733 2820 Anglicane
1748 2790 1804 2820 per
1815 2778 2020 2818 juramentum
2038 2779 2074 2807 ad
2094 2778 2210 2808 haben-

1303 2830 1375 2859 dum
1393 2829 1567 2864 consilium,
1586 2829 1717 2869 qualiter
1732 2834 1813 2858 essct
1831 2828 2058 2867 procedendum
2078 2828 2108 2857 in
2122 2828 2209 2857 factis

1302 2943 1428 2975 superiori
1441 2943 1517 2968 etiam
1531 2943 1626 2975 'cripta
1639 2946 1706 2969 nunt.
1722 2950 1753 2966 ne
1766 2941 1899 2966 scribendo
1912 2941 2045 2974 registrum
2061 2941 2209 2966 exciderent

1302 2979 1334 3003 de
1346 2979 1467 3003 memoria
1476 2978 1662 3011 procuratoris.
