2632 3464
1300 0 1494 30 ιιρυιςτνὶῑ,
1538 18 1559 31 i
1587 10 1698 33 ..iffa-...m

418 428 468 454 687
959 427 1183 454 AUCTARIUM
1203 427 1463 454 CHARTULARII
1482 428 1657 456 UNIVERS.
1678 429 1797 456 PARIS.
2290 434 2344 460 688

417 504 586 543 primarum
610 505 691 543 apud
714 504 858 533 Sanctum
879 503 1032 533 Julianum
1055 514 1223 543 pauperem
1245 514 1326 533 anno

418 552 543 582 Domini
570 553 612 582 M.
640 552 732 582 CCC.
762 552 899 582 LXXXX
922 560 1044 592 quarto,
1069 553 1109 582 Xa
1135 553 1185 582 die
1209 553 1326 582 mensis

419 602 579 631 Februarii
597 612 692 641 super
710 602 810 631 tribus
827 602 975 631 articulis.
994 602 1118 631 Primus
1133 608 1200 632 erat
1217 603 1256 632 ad
1269 602 1326 631 eli-

417 652 550 690 gendum
578 657 820 690 procuratorem.
849 650 887 680 Et
911 651 1026 680 electus
1051 651 1107 680 suit
1130 652 1327 681 concorditer

418 701 566 740 magister
590 700 746 730 Johannes
768 700 805 729 de
827 699 985 729 Moravia⁴
1008 706 1038 729 et
1059 706 1186 740 rogatus
1213 707 1324 730 attenta

417 751 546 778 materia
556 750 691 787 presenti
704 750 742 777 de
757 750 863 777 unione
881 750 1014 778 ecclesie.

459 798 619 827 Secundus
665 798 812 826 articulus
852 799 890 827 ad
928 798 1113 827 audiendum
1151 805 1325 839 computum

417 847 601 886 receptoris,
621 846 673 886 qui
690 846 746 875 fuit
767 846 891 876 dilatus.
912 847 986 876 Item
1009 848 1047 876 ad
1062 847 1238 887 eligendum
1259 847 1325 876 offi-

418 896 541 926 ciarios.
562 896 602 925 Et
624 895 712 925 electi
737 896 860 925 fuerunt
879 896 939 925 duo
962 896 1103 925 seniores
1128 902 1272 936 regentes
1297 903 1326 926 et

418 945 523 974 senior
540 955 601 973 non
617 954 741 984 regens,
758 944 903 974 videlicet
915 945 1062 984 magister
1080 945 1243 975 conradus
1260 952 1325 975 tan-

417 1004 507 1033 quam
525 1004 586 1022 non
604 1004 728 1032 regens,
748 1000 778 1023 et
792 994 940 1033 magister
958 994 1113 1023 Henricus
1133 995 1171 1023 de
1188 994 1325 1024 Arnhem

417 1049 447 1071 et
468 1043 616 1082 magister
634 1042 788 1072 Henricus
804 1043 841 1072 de
856 1043 904 1082 Oy
915 1042 927 1060 ²
948 1044 1009 1072 duo
1027 1043 1167 1072 seniores
1180 1050 1324 1083 regentes

416 1102 473 1131 per
489 1092 610 1120 modum
629 1091 764 1126 solitum,
779 1092 924 1121 videlieet
944 1092 1005 1121 duo
1023 1092 1164 1121 seniores
1179 1099 1324 1132 regentes

417 1147 447 1169 et
468 1140 573 1169 senior
594 1150 655 1169 non
679 1150 793 1180 regens
818 1146 965 1170 exeuntes
987 1141 1146 1170 nacionem
1170 1141 1326 1181 eligerunt

417 1189 545 1228 quilibet
555 1189 632 1218 alios
644 1190 733 1223 duos,
747 1195 776 1218 et
785 1196 977 1228 receptorem
989 1200 1026 1219 ex
1037 1189 1147 1219 officio.
1159 1190 1205 1219 De
1214 1190 1324 1220 officia-

415 1238 471 1267 riis
481 1238 599 1267 scilicet
607 1248 664 1277 pro
674 1238 832 1268 mensibus
841 1238 947 1274 nichil,
956 1240 1011 1268 sed
1020 1239 1114 1268 eciam
1124 1239 1322 1269 diserehatur.

456 1287 585 1316 Tercius
601 1287 747 1316 articulus
766 1288 803 1316 ad
822 1288 1069 1327 supplicandum.
1085 1289 1125 1317 Et
1140 1289 1325 1327 supplicavit

416 1336 564 1375 magister
581 1336 724 1371 Andreas
742 1337 780 1365 de
796 1336 925 1366 Bavaria
941 1338 1024 1376 quod
1042 1337 1207 1366 haberetur
1217 1344 1324 1377 gratus

416 1385 447 1414 in
471 1385 570 1414 officio
595 1385 828 1424 procuracionis
854 1392 1023 1422 transacte,
1052 1396 1112 1426 que
1134 1387 1324 1426 supplicacio

415 1434 472 1463 suit
486 1444 644 1463 concessa.

456 1483 575 1522 Incepit
595 1484 738 1513 dominus
757 1483 917 1513 Walterus
941 1484 1111 1513 Forestarii
1134 1484 1245 1515 Scotus
1266 1486 1324 1515 sub

415 1532 563 1571 magistro
580 1532 715 1562 Henrico
730 1533 768 1562 de
779 1532 928 1569 Arnhem,
943 1532 1031 1573 cujus
1049 1534 1142 1563 bursa
1161 1534 1203 1563 IX
1218 1534 1321 1563 solidi.

416 1580 515 1610 Solvit
534 1581 700 1621 receptori.

455 1630 525 1670 (Fal.
543 1630 616 1670 121³)
634 1631 754 1660 Deinde
770 1631 882 1660 XXVI⁰
899 1630 1037 1670 ejusdem
1055 1632 1171 1662 mensis
1190 1632 1323 1662 Februa-

414 1679 453 1707 rii
472 1679 585 1708 indicta
602 1679 849 1719 congregacione
867 1680 1005 1719 generali
1024 1681 1061 1709 ad
1081 1680 1225 1710 Sanctum
1244 1681 1323 1710 Ber-

414 1729 542 1756 nardum
552 1729 589 1756 ad
602 1728 769 1757 faciendam
781 1728 965 1758 relacionem
977 1735 1034 1758 etc.
1046 1729 1164 1759 viarum
1175 1736 1323 1760 tactarum

414 1786 516 1805 coram
528 1777 682 1815 deputatis
693 1778 777 1817 regis
789 1778 826 1807 de
837 1778 950 1807 unione
962 1778 1092 1807 ecclesie
1103 1778 1127 1814 ³,
1139 1784 1168 1808 et
1183 1779 1322 1809 nacionis

414 1827 452 1854 ad
469 1826 671 1855 ordinandum
693 1827 729 1855 de
752 1826 908 1856 officiariis
927 1827 1067 1856 nacionis
1088 1838 1146 1866 pro
1164 1829 1322 1858 mensibus

414 1875 639 1904 distribuendis
661 1876 699 1904 ad
720 1876 954 1905 examinandum
974 1876 1177 1906 bachallarios
1196 1884 1322 1907 vocatos

414 1925 494 1962 apud
509 1924 654 1953 Sanctum
668 1924 867 1960 Genovcsam,
881 1931 910 1954 et
921 1925 1111 1964 presentavit
1127 1936 1160 1955 se
1175 1927 1323 1966 magister

414 1973 534 2002 Franco
556 1974 593 2002 de
619 1973 694 2002 Delf
712 1984 769 2012 pro
791 1975 935 2003 omnibus
956 1975 1115 2004 mensibus
1138 1975 1229 2005 istius
1250 1976 1322 2005 anni

414 2032 480 2051 cum
508 2022 661 2051 solutione
684 2022 739 2051 XX
768 2023 938 2052 solidorum
966 2025 1247 2062 perpotandorum,
1273 2025 1321 2054 cui

413 2071 554 2100 concessi
573 2078 669 2100 erant.
696 2072 770 2100 Item
792 2073 940 2112 magister
965 2072 1175 2103 Theodericus
1194 2074 1231 2103 de
1252 2074 1326 2103 Delf

414 2119 506 2148 solvit
533 2120 668 2148 francum
695 2130 752 2159 pro
773 2119 909 2159 jocundo
932 2121 1070 2150 introitu.
1097 2122 1171 2151 Item
1197 2123 1321 2161 quidam

413 2168 491 2196 alius
520 2168 697 2198 Fridericus
728 2170 765 2198 de
793 2169 926 2198 Saxonia
953 2170 1046 2199 solvit
1075 2170 1086 2199 Ι
1112 2171 1259 2201 francum.
1282 2172 1322 2201 Et

413 2217 546 2246 ordinati
563 2224 650 2246 erant
667 2218 727 2247 duo
744 2225 964 2257 procuratores
983 2229 1040 2258 pro
1057 2220 1106 2248 die
1122 2221 1264 2259 sequenti
1282 2221 1321 2249 ad

412 2265 587 2304 hujusmodi
611 2266 653 2295 111
677 2267 799 2296 srancos
823 2273 852 2296 et
875 2267 936 2296 IIII
957 2268 1075 2297 solidos
1096 2270 1318 2308 perpotandos.

454 2315 676 2344 Determinavit
686 2316 829 2345 dominus
842 2316 1019 2346 Willelmus
1031 2318 1068 2346 de
1078 2317 1251 2347 Blacburne
1263 2319 1320 2347 sub

413 2364 562 2403 magistro
581 2364 717 2394 Hem-ico
733 2365 770 2394 de
786 2365 935 2401 Arnhem,
951 2365 1037 2406 cujus
1058 2367 1152 2396 bursa
1170 2367 1196 2395 V
1215 2367 1318 2397 solidi.

412 2412 511 2441 Solvit
529 2413 695 2452 receptori.

452 2461 613 2490 Posterius
638 2463 774 2491 secunda
802 2463 911 2492 Marcii
938 2465 975 2492 ad
1002 2471 1177 2503 requestam
1204 2465 1319 2495 domini

412 2511 583 2549 receptoris
595 2511 732 2540 nacionis
744 2511 857 2541 indicta
868 2518 933 2541 erat
947 2523 982 2541 ex
993 2520 1140 2552 precepto
1155 2515 1235 2543 dom.
1249 2525 1319 2553 pro-

411 2560 563 2588 curatoris
582 2561 786 2599 congregacio
804 2561 942 2590 nacionis
963 2563 1044 2600 apud
1062 2562 1206 2592 Sanctum
1221 2563 1319 2592 Julia-

412 2618 493 2642 num,
509 2609 560 2637 ubi
581 2615 646 2637 erat
665 2609 871 2649 congregacio
889 2610 1041 2639 facultatis
1061 2621 1118 2650 pro
1135 2611 1318 2650 juramentis

411 2655 533 2685 illorum
549 2658 585 2686 de
599 2657 699 2696 primo
715 2668 820 2687 mense
838 2658 927 2688 istius
945 2659 1028 2693 anni,
1042 2659 1118 2688 hora
1131 2660 1315 2699 primarum;

443 2740 463 2763 1.
498 2742 568 2772 Quae
579 2744 719 2772 sequuntur
729 2750 807 2773 usque
818 2743 935 2771 ecclesie,
944 2743 969 2766 in
985 2743 1108 2775 margine.
1119 2745 1166 2767 Per
1181 2743 1229 2767 ista
1242 2745 1317 2768 uerba

413 2775 540 2799 alluditur
569 2777 817 2810 congregalz'onIbum
848 2786 913 2809 quus
938 2781 998 2802 tunc
1030 2779 1158 2810 temporis,
1193 2779 1317 2811 imprimis

410 2811 532 2834 Februar.
548 2813 586 2839 26,
603 2813 758 2837 &nium-sitae
775 2813 807 2836 de
823 2813 904 2837 tribue
920 2814 966 2837 viia
981 2814 1079 2838 habuit.
1099 2815 1152 2838 Vid.
1172 2815 1217 2838 lia.
1238 2816 1276 2842 24,
1293 2818 1317 2839 et

411 2846 527 2870 chartul.
544 2848 589 2871 111.
603 2848 736 2872 ‚lohannes
752 2850 783 2872 de
797 2849 914 2873 Moravia
930 2850 981 2880 suit
999 2858 1063 2873 unus
1080 2859 1111 2873 ex
1128 2851 1316 2881 antiquioribus

411 2882 540 2913 magistris
562 2883 683 2910 nationis,
707 2886 730 2906 et
753 2883 924 2912 clmentista,
949 2884 1010 2916 quia
1032 2887 1128 2909 Scelus.
1161 2885 1215 2908 Vici.
1237 2894 1315 2917 supra

410 2925 437 2947 p.
453 2917 506 2947 616,
527 2919 550 2945 li,
564 2921 587 2940 et
602 2919 730 2947 Chartul.,
742 2920 786 2948 111,
803 2928 829 2951 p.
841 2921 895 2944 375.
908 2922 956 2944 An.
969 2921 1038 2949 1395,
1053 2923 1144 2950 lamen,
1158 2921 1276 2944 Novemb.
1291 2923 1313 2952 5,

410 2956 537 2984 suspectus
550 2953 701 2978 habebatur.

1380 702 1396 728 5

1362 946 1396 972 10

1363 1192 1395 1218 15

1361 1437 1395 1463 20

1360 1683 1393 1709 25

1359 1928 1393 1954 30

1358 2174 1392 2200 35

1358 2419 1391 2445 40

1355 2668 1388 2694 45

1434 504 1573 534 nacionis
1599 505 1724 544 quidem
1747 506 1785 535 ad
1812 508 2060 546 computandum.
2083 507 2173 538 Unde
2199 509 2343 540 dominus

1434 559 1578 593 receptor
1588 554 1723 584 asseruit
1737 555 1821 594 quod
1832 556 1955 595 quidam
1973 556 2221 596 obloquebantur
2231 558 2291 588 sihi
2304 559 2342 588 de

1434 601 1492 631 hoc
1504 602 1587 642 quod
1595 613 1658 632 non
1669 604 1856 643 computavit
1866 604 1898 633 in
1908 605 2053 640 nacione3
2066 605 2162 645 igitur
2172 607 2344 646 comparuit

1434 650 1548 680 ibidem
1561 652 1599 681 ad
1617 653 1853 691 computandum
1872 659 1904 682 et
1914 653 2066 683 instanter
2077 654 2242 694 requisivit
2258 656 2341 695 quod

1434 699 1602 730 audiretur.
1626 701 1686 738 Qui
1710 708 1872 741 computus
1896 702 2008 732 dilatus
2032 703 2088 733 suit
2111 704 2150 732 ad
2170 705 2341 744 proximam

1434 748 1614 779 electionem
1629 751 1852 789 procuratoris.

1475 797 1515 827 Et
1530 797 1592 828 dati
1608 799 1731 829 suerunt
1745 799 1840 839 aliqui
1857 800 1971 830 ibidem
1991 801 2029 830 ad
2043 801 2231 832 visitandum
2248 812 2341 842 repa-

1433 846 1574 876 raciones
1597 848 1691 877 saetas
1713 849 1745 877 in
1766 849 1858 879 domo
1877 860 1967 878 cornu
1987 852 2067 879 cervi
2090 856 2120 880 et
2140 850 2172 880 in
2194 851 2286 881 domo
2309 851 2342 881 in

1432 895 1502 925 vico
1530 896 1669 926 Brunelli
1702 899 1853 937 ymaginis
1883 906 1982 928 nostre
2010 901 2152 935 Domine,
2182 910 2243 929 una
2273 910 2342 930 cum

1433 951 1606 984 receptore,
1631 952 1665 975 ut
1690 945 1734 975 illi
1759 947 1894 977 facerent
1920 947 2106 978 relacionem
2135 949 2174 978 de
2198 948 2259 979 hiis
2281 959 2343 989 que

1433 1000 1577 1033 receptor
1592 995 1669 1024 dixit
1688 995 1720 1024 in
1735 995 1797 1025 illis
1818 996 1913 1026 fuisse
1935 1003 2088 1036 reparata.
2106 997 2146 1027 Et
2165 998 2288 1028 iverunt
2303 999 2343 1028 ad

1432 1043 1619 1073 visitandum
1635 1044 1782 1084 magister
1797 1044 1952 1075 Henricus
1968 1047 2005 1075 de
2020 1045 2168 1082 Amhem,
2182 1046 2343 1078 Arnoldus

1433 1093 1471 1121 de
1496 1092 1659 1128 Wtwiick,
1688 1093 1843 1133 Nycolaus
1872 1093 2024 1124 Gameren
2053 1101 2084 1125 et
2116 1088 2271 1126 Hem-icus
2303 1097 2344 1126 de

1433 1141 1540 1171 Fulda.

1473 1190 1548 1220 Item
1564 1191 1754 1230 presentavit
1768 1191 1800 1220 in
1818 1192 1923 1221 eadem
1939 1194 2186 1233 congregacione
2198 1201 2345 1234 receptor

1432 1249 1523 1269 unam
1534 1240 1672 1269 cedulam
1688 1241 1726 1270 de
1741 1241 1974 1280 computacione
1989 1243 2224 1281 reparacionum
2236 1244 2340 1274 domo-

1432 1298 1499 1318 rum
1521 1289 1740 1328 predictarum,
1757 1288 1844 1329 cujus
1863 1290 1982 1330 copiam
2003 1291 2113 1330 petivit
2128 1292 2340 1323 locumtenens

1432 1338 1644 1377 procuratoris
1666 1345 1738 1368 tunc
1758 1339 1906 1368 absentis.
1930 1339 1992 1369 Sed
2015 1341 2178 1380 respondit
2197 1348 2343 1382 receptor

1433 1387 1516 1427 quod
1533 1388 1703 1418 traditurus
1717 1394 1810 1418 esset.
1831 1388 1928 1426 Quam
1943 1390 2079 1419 nondum
2094 1390 2232 1420 tradidit.

1513 1488 1585 1529 (Fol.
1606 1489 1652 1529 13)
1669 1489 1758 1519 Item
1778 1489 1844 1520 isti
1865 1497 1951 1520 sunt
1967 1492 2259 1522 determinantes

1624 1538 1732 1579 hujus
1751 1539 1849 1575 anni,
1871 1539 2022 1570 scilicet
2038 1541 2144 1570 1394.

1472 1631 1547 1661 Item
1564 1631 1746 1661 Guillelmus
1762 1633 1800 1661 de
1819 1631 2037 1662 Scoenbrench
2052 1634 2267 1665 determinavit
2281 1637 2340 1666 sub

1431 1681 1580 1720 magistro
1595 1681 1735 1710 Arnoldo
1754 1681 1867 1717 Utwic,
1886 1680 1972 1721 cujus
1986 1679 2081 1712 bursa
2092 1682 2120 1711 V
2134 1683 2237 1713 solidi.

1471 1730 1546 1759 Item
1562 1730 1729 1759 Heinricus
1745 1731 1782 1759 de
1798 1729 1921 1770 Barghe
1939 1731 2156 1762 determinavit
2169 1733 2226 1762 sub
2239 1734 2338 1774 magi-

1431 1785 1496 1808 stro
1514 1779 1656 1808 Arnoldo
1673 1779 1787 1814 Utwic,
1805 1778 1892 1819 cujus
1907 1781 2004 1809 bursa
2015 1779 2042 1809 V
2057 1781 2160 1810 solidi.

1471 1827 1547 1857 Item
1567 1827 1756 1857 Wilhelmus
1781 1827 1857 1857 Bloc
1881 1829 2096 1859 determinavit
2119 1831 2176 1860 sub
2197 1830 2339 1862 Arnoldo

1431 1876 1519 1912 Bloc‚
1539 1875 1625 1917 cujus
1643 1878 1738 1906 bursa
1752 1876 1779 1906 V
1794 1877 1896 1907 solidi.

1472 1926 1546 1956 Item
1564 1926 1704 1956 Matheus
1722 1927 1759 1955 de
1774 1925 1919 1956 Gueddes
1937 1927 2152 1958 determinavit
2168 1930 2225 1958 sub
2238 1930 2338 1970 magi-

1431 1981 1496 2004 stro
1512 1975 1659 2004 Heinrico
1677 1976 1714 2004 de
1731 1975 1892 2010 Arnheim‚
1910 1974 1997 2015 cujus
2012 1976 2107 2006 bursa
2122 1977 2258 2018 quinque
2276 1979 2332 2009 sol.

1471 2024 1546 2053 Item
1581 2023 1756 2053 Alexander
1794 2025 1831 2053 de
1869 2025 1990 2064 Carnys
2025 2026 2240 2056 determinavit
2279 2029 2338 2058 sub

1430 2073 1579 2113 magistro
1597 2073 1745 2103 Heinrico
1759 2074 1796 2102 de
1815 2072 1975 2109 Arnheim,
1985 2073 2072 2114 eujus
2089 2076 2185 2105 bursa
2199 2077 2337 2117 quinque

1431 2122 1534 2152 solidi.

1470 2172 1546 2202 Item
1560 2172 1716 2201 Johannes
1728 2171 1870 2201 Barherii
1885 2172 2099 2203 determinavit
2112 2174 2169 2203 sub
2187 2174 2337 2214 magistro

1430 2221 1577 2250 Heinrico
1593 2221 1630 2249 de
1647 2220 1796 2256 Arnhem‚
1817 2219 1903 2260 cujus
1921 2221 2016 2250 bursa
2026 2228 2144 2261 septem
2162 2223 2265 2252 solidi.

1470 2271 1544 2300 Item
1569 2269 1735 2299 Nicholaus
1760 2270 1798 2298 de
1821 2269 2017 2299 Monikedam
2041 2271 2256 2302 determinavit
2277 2274 2337 2302 sub

1429 2317 1577 2356 magistro
1588 2315 1728 2345 Arnoldo
1744 2315 1859 2351 Utwic,
1873 2315 1959 2356 cujus
1975 2317 2069 2347 bursa
2085 2320 2127 2348 4⁰³
2141 2318 2213 2347 albi.

1470 2366 1544 2395 Item
1579 2365 1758 2394 Gerhardus
1788 2365 1963 2395 Ysebrandi
1974 2365 1986 2384 ⁴
2029 2367 2244 2397 determinavit
2277 2369 2335 2398 sub

1429 2415 1577 2455 magistro
1593 2414 1785 2448 Baldewino‚
1801 2413 1887 2453 cujus
1904 2415 1998 2444 bursa
2009 2415 2036 2444 V
2049 2415 2152 2445 solidi.

1470 2464 1544 2493 Item
1557 2463 1704 2493 Albertus
1722 2462 1819 2492 Baers
1837 2463 1875 2492 de
1891 2463 2032 2503 Trajecto
2049 2465 2264 2495 determinavit
2276 2467 2335 2496 sub

1427 2513 1576 2553 magistro
1589 2512 1727 2541 Johanne
1742 2511 1913 2551 NalIinger,
1929 2512 2015 2552 cujus
2032 2514 2127 2543 bursa
2138 2514 2182 2542 4⁰¹·
2199 2514 2270 2543 albi.

1468 2562 1542 2591 Item
1562 2561 1718 2591 Robertus
1741 2560 1846 2600 Egidii
1867 2561 2080 2591 determinavit
2105 2563 2162 2592 sub
2185 2563 2336 2603 magistro

1426 2611 1565 2641 Arnoldo
1584 2610 1697 2645 Utwic,
1714 2608 1800 2649 cujus
1819 2610 1914 2639 bursa
1926 2616 1989 2640 tres
2007 2610 2110 2646 solidi,
2129 2612 2149 2640 8
2162 2612 2292 2644 denarii.

1467 2660 1541 2689 Item
1580 2659 1755 2698 Stephanus
1788 2658 1825 2687 de
1863 2658 1994 2689 Bavaria
2025 2660 2241 2691 determinavit
2275 2662 2334 2691 sub

1456 2745 1478 2768 2.
1513 2743 1640 2767 Henricus
1658 2742 1689 2765 de
1708 2741 1748 2773 Oy
1764 2741 1811 2765 Ιιοσ
1828 2750 1896 2766 anno
1913 2742 1967 2766 solo
1985 2743 2094 2767 Parisiis
2109 2744 2247 2775 remansi&
2265 2752 2335 2768 anno

1424 2779 1540 2811 sequenti
1552 2778 1632 2810 (1395)
1644 2778 1668 2801 in
1682 2777 1849 2801 Universitate
1862 2778 1950 2802 Colon.
1962 2778 2108 2804 incitatam
2118 2782 2163 2803 nt.
2180 2779 2234 2803 Vid.
2245 2780 2333 2804 Ktus-

1425 2823 1484 2842 san.
1497 2814 1625 2842 Matrikel,
1643 2815 1663 2843 Ι,
1676 2823 1702 2846 p.
1714 2817 1752 2839 65.

1454 2852 1478 2874 3.
1516 2850 1570 2874 Vid.
1591 2850 1782 2874 instrumentum
1804 2851 1900 2874 editum
1918 2850 1950 2873 de
1970 2849 2018 2873 Ιιοε
2037 2850 2063 2874 in
2081 2851 2209 2879 Chartul.,
2230 2851 2275 2880 111,
2295 2852 2333 2875 De

1423 2886 1572 2910 Schismate.
1593 2887 1654 2909 Fere
1672 2887 1718 2910 400
1737 2886 1857 2919 magistri
1872 2889 1895 2910 et
1914 2886 2030 2909 doctores
2049 2886 2159 2910 omnium
2175 2885 2331 2918 facultatum

1423 2924 1496 2945 erant
1511 2922 1668 2954 congregati.

1453 2958 1476 2980 [ι.
1510 2958 1550 2980 Ex
1569 2957 1735 2981 Umber-vitate
1750 2957 1837 2981 Calon.
1857 2957 1911 2981 Vid.
1921 2965 2009 2989 supra,
2023 2965 2050 2989 p.
2063 2958 2118 2986 673,
2129 2960 2182 2981 not.
2196 2958 2219 2980 2.

2614 1234 2632 2072 „..225.s.=-.·.4-„.„.a.2.*mmm-,amtz—..n-tA-dm..„4A„-..x.
2628 1146 2632 1150 .
2631 1095 2632 1098 „
2630 1070 2632 1074 .

2622 2159 2632 2206 aii*
2622 2077 2632 2152 „au-...21
