<?xml version="1.0" encoding="UTF-8"?>
<!DOCTYPE html PUBLIC "-//W3C//DTD XHTML 1.0 Transitional//EN"
    "http://www.w3.org/TR/xhtml1/DTD/xhtml1-transitional.dtd">
<html xmlns="http://www.w3.org/1999/xhtml" xml:lang="en" lang="en">
 <head>
  <title>
</title>
<meta http-equiv="Content-Type" content="text/html;charset=utf-8" />
  <meta name='ocr-system' content='tesseract 3.04.00' />
  <meta name='ocr-capabilities' content='ocr_page ocr_carea ocr_par ocr_line ocrx_word'/>
</head>
<body>
  <div class='ocr_page' id='page_1' title='image "auctariumchartul01univuoft_0255.png"; bbox 0 0 2632 3464; ppageno 0'>
   <div class='ocr_carea' id='block_1_1' title="bbox 0 0 620 3464">
    <p class='ocr_par' dir='ltr' id='par_1_1' title="bbox 0 0 620 3464">
     <span class='ocr_line' id='line_1_1' title="bbox 0 0 620 3464; baseline 0 -3006"><span class='ocrx_word' id='word_1_1' title='bbox 0 0 620 3464; x_wconf 95' lang='lat' dir='ltr'><strong>    </strong></span> 
     </span>
    </p>
   </div>
   <div class='ocr_carea' id='block_1_2' title="bbox 288 481 1195 527">
    <p class='ocr_par' dir='ltr' id='par_1_2' title="bbox 288 481 1195 527">
     <span class='ocr_line' id='line_1_2' title="bbox 288 481 1195 527; baseline -0.012 -8"><span class='ocrx_word' id='word_1_2' title='bbox 288 488 348 519; x_wconf 85' lang='lat' dir='ltr'><strong>sub</strong></span> <span class='ocrx_word' id='word_1_3' title='bbox 372 487 522 527; x_wconf 78' lang='lat' dir='ltr'><strong>magistro</strong></span> <span class='ocrx_word' id='word_1_4' title='bbox 547 485 687 515; x_wconf 83' lang='lat' dir='ltr'><strong>Arnoldo</strong></span> <span class='ocrx_word' id='word_1_5' title='bbox 713 483 830 518; x_wconf 85' lang='lat' dir='ltr'><strong>Neven,</strong></span> <span class='ocrx_word' id='word_1_6' title='bbox 857 482 910 522; x_wconf 92' lang='lat' dir='ltr'><strong>qui</strong></span> <span class='ocrx_word' id='word_1_7' title='bbox 938 481 1041 521; x_wconf 87' lang='lat' dir='ltr'><strong>posuit</strong></span> <span class='ocrx_word' id='word_1_8' title='bbox 1063 481 1195 520; x_wconf 85' lang='lat' dir='ltr'><strong>pignora</strong></span> 
     </span>
    </p>
   </div>
   <div class='ocr_carea' id='block_1_3' title="bbox 285 537 1195 616">
    <p class='ocr_par' dir='ltr' id='par_1_3' title="bbox 285 537 1195 616">
     <span class='ocr_line' id='line_1_3' title="bbox 285 537 454 568; baseline -0.018 0"><span class='ocrx_word' id='word_1_9' title='bbox 285 547 358 568; x_wconf 80' lang='lat' dir='ltr'><strong>rece</strong></span> <span class='ocrx_word' id='word_1_10' title='bbox 382 537 454 566; x_wconf 89' lang='lat' dir='ltr'><strong>tori.</strong></span> 
     </span>
     <span class='ocr_line' id='line_1_4' title="bbox 328 547 1195 616; baseline -0.01 -1"><span class='ocrx_word' id='word_1_11' title='bbox 328 547 403 616; x_wconf 60' lang='lat' dir='ltr'><strong>Itg’m</strong></span> <span class='ocrx_word' id='word_1_12' title='bbox 424 584 598 614; x_wconf 77' lang='lat' dir='ltr'>licentiatus</span> <span class='ocrx_word' id='word_1_13' title='bbox 621 583 678 613; x_wconf 84' lang='lat' dir='ltr'><strong>fuit</strong></span> <span class='ocrx_word' id='word_1_14' title='bbox 696 581 838 611; x_wconf 89' lang='lat' dir='ltr'><strong>dominus</strong></span> <span class='ocrx_word' id='word_1_15' title='bbox 861 579 994 609; x_wconf 86' lang='lat' dir='ltr'><strong>Thomas</strong></span> <span class='ocrx_word' id='word_1_16' title='bbox 1013 579 1050 608; x_wconf 92' lang='lat' dir='ltr'><strong>de</strong></span> <span class='ocrx_word' id='word_1_17' title='bbox 1070 578 1195 608; x_wconf 74' lang='lat' dir='ltr'><strong>Hei-lem</strong></span> 
     </span>
    </p>
   </div>
   <div class='ocr_carea' id='block_1_4' title="bbox 284 627 1202 1261">
    <p class='ocr_par' dir='ltr' id='par_1_4' title="bbox 284 627 1196 722">
     <span class='ocr_line' id='line_1_5' title="bbox 284 627 1196 675; baseline -0.011 -10"><span class='ocrx_word' id='word_1_18' title='bbox 284 636 346 666; x_wconf 81' lang='lat' dir='ltr'><strong>sub</strong></span> <span class='ocrx_word' id='word_1_19' title='bbox 361 635 511 675; x_wconf 80' lang='lat' dir='ltr'><strong>magistro</strong></span> <span class='ocrx_word' id='word_1_20' title='bbox 523 633 702 673; x_wconf 77' lang='lat' dir='ltr'><strong>Reygnero,</strong></span> <span class='ocrx_word' id='word_1_21' title='bbox 715 630 768 670; x_wconf 86' lang='lat' dir='ltr'><strong>qui</strong></span> <span class='ocrx_word' id='word_1_22' title='bbox 776 629 892 670; x_wconf 84' lang='lat' dir='ltr'><strong>juravit</strong></span> <span class='ocrx_word' id='word_1_23' title='bbox 902 629 986 668; x_wconf 90' lang='lat' dir='ltr'><strong>quod</strong></span> <span class='ocrx_word' id='word_1_24' title='bbox 996 638 1058 657; x_wconf 91' lang='lat' dir='ltr'><strong>non</strong></span> <span class='ocrx_word' id='word_1_25' title='bbox 1069 627 1196 657; x_wconf 84' lang='lat' dir='ltr'><strong>haberet</strong></span> 
     </span>
     <span class='ocr_line' id='line_1_6' title="bbox 295 678 881 722; baseline -0.014 -7"><span class='ocrx_word' id='word_1_26' title='bbox 295 685 416 715; x_wconf 86' lang='lat' dir='ltr'><strong>solvere</strong></span> <span class='ocrx_word' id='word_1_27' title='bbox 430 684 462 712; x_wconf 92' lang='lat' dir='ltr'><strong>in</strong></span> <span class='ocrx_word' id='word_1_28' title='bbox 480 682 650 722; x_wconf 79' lang='lat' dir='ltr'><strong>septimana</strong></span> <span class='ocrx_word' id='word_1_29' title='bbox 665 679 707 710; x_wconf 79' lang='lat' dir='ltr'><strong>xl</strong></span> <span class='ocrx_word' id='word_1_30' title='bbox 725 678 881 709; x_wconf 87' lang='lat' dir='ltr'><strong>denarios.</strong></span> 
     </span>
    </p>

    <p class='ocr_par' dir='ltr' id='par_1_5' title="bbox 293 726 1197 872">
     <span class='ocr_line' id='line_1_7' title="bbox 330 726 1195 763; baseline -0.01 0"><span class='ocrx_word' id='word_1_31' title='bbox 330 733 404 763; x_wconf 93' lang='lat' dir='ltr'><strong>ltem</strong></span> <span class='ocrx_word' id='word_1_32' title='bbox 417 731 592 762; x_wconf 74' lang='lat' dir='ltr'>licentiatus</span> <span class='ocrx_word' id='word_1_33' title='bbox 607 729 662 760; x_wconf 80' lang='lat' dir='ltr'><strong>fuit</strong></span> <span class='ocrx_word' id='word_1_34' title='bbox 677 729 820 758; x_wconf 86' lang='lat' dir='ltr'><strong>dominus</strong></span> <span class='ocrx_word' id='word_1_35' title='bbox 834 727 991 757; x_wconf 85' lang='lat' dir='ltr'><strong>Johannes</strong></span> <span class='ocrx_word' id='word_1_36' title='bbox 1004 726 1122 756; x_wconf 83' lang='lat' dir='ltr'><strong>Ruisch</strong></span> <span class='ocrx_word' id='word_1_37' title='bbox 1137 726 1195 755; x_wconf 86' lang='lat' dir='ltr'><strong>sub</strong></span> 
     </span>
     <span class='ocr_line' id='line_1_8' title="bbox 293 775 1197 822; baseline -0.011 -9"><span class='ocrx_word' id='word_1_38' title='bbox 293 782 443 822; x_wconf 81' lang='lat' dir='ltr'><strong>magistro</strong></span> <span class='ocrx_word' id='word_1_39' title='bbox 463 779 603 810; x_wconf 87' lang='lat' dir='ltr'><strong>Arnoldo</strong></span> <span class='ocrx_word' id='word_1_40' title='bbox 622 778 717 814; x_wconf 86' lang='lat' dir='ltr'><strong>Neve,</strong></span> <span class='ocrx_word' id='word_1_41' title='bbox 740 776 828 817; x_wconf 89' lang='lat' dir='ltr'><strong>cujus</strong></span> <span class='ocrx_word' id='word_1_42' title='bbox 846 777 941 806; x_wconf 87' lang='lat' dir='ltr'><strong>burse</strong></span> <span class='ocrx_word' id='word_1_43' title='bbox 963 775 1021 804; x_wconf 91' lang='lat' dir='ltr'><strong>Vll</strong></span> <span class='ocrx_word' id='word_1_44' title='bbox 1042 775 1145 811; x_wconf 80' lang='lat' dir='ltr'><strong>solidi,</strong></span> <span class='ocrx_word' id='word_1_45' title='bbox 1166 781 1197 804; x_wconf 85' lang='lat' dir='ltr'><strong>et</strong></span> 
     </span>
     <span class='ocr_line' id='line_1_9' title="bbox 293 830 552 872; baseline -0.012 -11"><span class='ocrx_word' id='word_1_46' title='bbox 293 831 398 872; x_wconf 82' lang='lat' dir='ltr'><strong>posuit</strong></span> <span class='ocrx_word' id='word_1_47' title='bbox 410 830 552 870; x_wconf 81' lang='lat' dir='ltr'><strong>pignora.</strong></span> 
     </span>
    </p>

    <p class='ocr_par' dir='ltr' id='par_1_6' title="bbox 291 873 1202 1261">
     <span class='ocr_line' id='line_1_10' title="bbox 331 873 1196 915; baseline -0.01 -5"><span class='ocrx_word' id='word_1_48' title='bbox 331 880 407 910; x_wconf 86' lang='lat' dir='ltr'><strong>Item</strong></span> <span class='ocrx_word' id='word_1_49' title='bbox 435 879 472 908; x_wconf 83' lang='lat'><strong>14</strong></span> <span class='ocrx_word' id='word_1_50' title='bbox 493 877 543 908; x_wconf 87' lang='lat' dir='ltr'><strong>die</strong></span> <span class='ocrx_word' id='word_1_51' title='bbox 569 876 686 906; x_wconf 81' lang='lat' dir='ltr'>mensis</span> <span class='ocrx_word' id='word_1_52' title='bbox 706 875 826 915; x_wconf 82' lang='lat' dir='ltr'><strong>Aprilis</strong></span> <span class='ocrx_word' id='word_1_53' title='bbox 851 875 929 904; x_wconf 80' lang='lat' dir='ltr'><strong>sacta</strong></span> <span class='ocrx_word' id='word_1_54' title='bbox 949 873 1196 913; x_wconf 81' lang='lat' dir='ltr'><strong>congregacione</strong></span> 
     </span>
     <span class='ocr_line' id='line_1_11' title="bbox 294 921 1198 967; baseline -0.01 -8"><span class='ocrx_word' id='word_1_55' title='bbox 294 929 435 959; x_wconf 81' lang='lat' dir='ltr'><strong>nacionis</strong></span> <span class='ocrx_word' id='word_1_56' title='bbox 451 926 623 967; x_wconf 79' lang='lat' dir='ltr'><strong>Anglicane</strong></span> <span class='ocrx_word' id='word_1_57' title='bbox 639 925 720 965; x_wconf 88' lang='lat' dir='ltr'><strong>apud</strong></span> <span class='ocrx_word' id='word_1_58' title='bbox 737 924 881 954; x_wconf 89' lang='lat' dir='ltr'><strong>Sanctum</strong></span> <span class='ocrx_word' id='word_1_59' title='bbox 900 923 1099 957; x_wconf 84' lang='lat' dir='ltr'><strong>Maturinum‚</strong></span> <span class='ocrx_word' id='word_1_60' title='bbox 1118 921 1198 951; x_wconf 89' lang='lat' dir='ltr'><strong>deli-</strong></span> 
     </span>
     <span class='ocr_line' id='line_1_12' title="bbox 293 971 1198 1013; baseline -0.01 -5"><span class='ocrx_word' id='word_1_61' title='bbox 293 977 414 1008; x_wconf 86' lang='lat' dir='ltr'><strong>beravit</strong></span> <span class='ocrx_word' id='word_1_62' title='bbox 430 976 518 1006; x_wconf 89' lang='lat' dir='ltr'><strong>nacio</strong></span> <span class='ocrx_word' id='word_1_63' title='bbox 539 974 736 1005; x_wconf 91' lang='lat' dir='ltr'><strong>concorditer</strong></span> <span class='ocrx_word' id='word_1_64' title='bbox 752 973 835 1013; x_wconf 91' lang='lat' dir='ltr'><strong>quod</strong></span> <span class='ocrx_word' id='word_1_65' title='bbox 857 978 1042 1012; x_wconf 90' lang='lat' dir='ltr'><strong>procurator</strong></span> <span class='ocrx_word' id='word_1_66' title='bbox 1058 971 1198 1000; x_wconf 81' lang='lat' dir='ltr'><strong>nacionis</strong></span> 
     </span>
     <span class='ocr_line' id='line_1_13' title="bbox 292 1020 1199 1067; baseline -0.01 -10"><span class='ocrx_word' id='word_1_67' title='bbox 292 1026 470 1067; x_wconf 76' lang='lat' dir='ltr'><strong>supradicte</strong></span> <span class='ocrx_word' id='word_1_68' title='bbox 483 1034 590 1054; x_wconf 89' lang='lat' dir='ltr'><strong>omnes</strong></span> <span class='ocrx_word' id='word_1_69' title='bbox 607 1022 774 1063; x_wconf 80' lang='lat' dir='ltr'><strong>magistros</strong></span> <span class='ocrx_word' id='word_1_70' title='bbox 786 1031 896 1057; x_wconf 80' lang='lat' dir='ltr'><strong>novos,</strong></span> <span class='ocrx_word' id='word_1_71' title='bbox 913 1021 1032 1051; x_wconf 87' lang='lat' dir='ltr'><strong>scilicet</strong></span> <span class='ocrx_word' id='word_1_72' title='bbox 1048 1020 1101 1060; x_wconf 86' lang='lat' dir='ltr'><strong>qui</strong></span> <span class='ocrx_word' id='word_1_73' title='bbox 1119 1030 1199 1049; x_wconf 90' lang='lat' dir='ltr'><strong>non-</strong></span> 
     </span>
     <span class='ocr_line' id='line_1_14' title="bbox 293 1069 1202 1113; baseline -0.009 -8"><span class='ocrx_word' id='word_1_74' title='bbox 293 1077 367 1106; x_wconf 90' lang='lat' dir='ltr'><strong>dum</strong></span> <span class='ocrx_word' id='word_1_75' title='bbox 382 1074 552 1108; x_wconf 85' lang='lat' dir='ltr'><strong>solverunt,</strong></span> <span class='ocrx_word' id='word_1_76' title='bbox 566 1073 705 1113; x_wconf 87' lang='lat' dir='ltr'><strong>ipsorum</strong></span> <span class='ocrx_word' id='word_1_77' title='bbox 711 1071 881 1111; x_wconf 88' lang='lat' dir='ltr'><strong>jocundum</strong></span> <span class='ocrx_word' id='word_1_78' title='bbox 891 1070 1061 1104; x_wconf 88' lang='lat' dir='ltr'><strong>introitum,</strong></span> <span class='ocrx_word' id='word_1_79' title='bbox 1074 1069 1202 1098; x_wconf 84' lang='lat' dir='ltr'><strong>haberet</strong></span> 
     </span>
     <span class='ocr_line' id='line_1_15' title="bbox 295 1117 1201 1164; baseline -0.01 -9"><span class='ocrx_word' id='word_1_80' title='bbox 295 1123 481 1164; x_wconf 85' lang='lat' dir='ltr'><strong>require[re]</strong></span> <span class='ocrx_word' id='word_1_81' title='bbox 497 1129 527 1152; x_wconf 92' lang='lat' dir='ltr'><strong>et</strong></span> <span class='ocrx_word' id='word_1_82' title='bbox 541 1122 679 1156; x_wconf 84' lang='lat' dir='ltr'>deberet,</span> <span class='ocrx_word' id='word_1_83' title='bbox 692 1127 725 1150; x_wconf 89' lang='lat' dir='ltr'><strong>ut</strong></span> <span class='ocrx_word' id='word_1_84' title='bbox 740 1120 840 1150; x_wconf 87' lang='lat' dir='ltr'><strong>statim</strong></span> <span class='ocrx_word' id='word_1_85' title='bbox 856 1119 1026 1159; x_wconf 89' lang='lat' dir='ltr'><strong>predictum</strong></span> <span class='ocrx_word' id='word_1_86' title='bbox 1033 1117 1201 1159; x_wconf 87' lang='lat' dir='ltr'><strong>jocundum</strong></span> 
     </span>
     <span class='ocr_line' id='line_1_16' title="bbox 291 1168 1202 1206; baseline -0.009 -2"><span class='ocrx_word' id='word_1_87' title='bbox 291 1173 451 1204; x_wconf 86' lang='lat' dir='ltr'><strong>introitum</strong></span> <span class='ocrx_word' id='word_1_88' title='bbox 470 1171 638 1206; x_wconf 84' lang='lat' dir='ltr'><strong>solverent,</strong></span> <span class='ocrx_word' id='word_1_89' title='bbox 658 1170 777 1200; x_wconf 85' lang='lat' dir='ltr'><strong>scilicet</strong></span> <span class='ocrx_word' id='word_1_90' title='bbox 791 1170 829 1198; x_wconf 88' lang='lat' dir='ltr'><strong>ad</strong></span> <span class='ocrx_word' id='word_1_91' title='bbox 842 1169 999 1198; x_wconf 90' lang='lat' dir='ltr'><strong>minimum</strong></span> <span class='ocrx_word' id='word_1_92' title='bbox 1014 1178 1107 1197; x_wconf 89' lang='lat' dir='ltr'><strong>unum</strong></span> <span class='ocrx_word' id='word_1_93' title='bbox 1122 1168 1202 1196; x_wconf 85' lang='lat' dir='ltr'><strong>sran-</strong></span> 
     </span>
     <span class='ocr_line' id='line_1_17' title="bbox 294 1217 1202 1261; baseline -0.009 -8"><span class='ocrx_word' id='word_1_94' title='bbox 294 1232 363 1253; x_wconf 87' lang='lat' dir='ltr'><strong>cum</strong></span> <span class='ocrx_word' id='word_1_95' title='bbox 380 1222 438 1252; x_wconf 89' lang='lat' dir='ltr'><strong>sub</strong></span> <span class='ocrx_word' id='word_1_96' title='bbox 457 1230 537 1261; x_wconf 84' lang='lat' dir='ltr'><strong>pena</strong></span> <span class='ocrx_word' id='word_1_97' title='bbox 553 1220 669 1255; x_wconf 83' lang='lat' dir='ltr'><strong>statuti,</strong></span> <span class='ocrx_word' id='word_1_98' title='bbox 684 1220 767 1259; x_wconf 91' lang='lat' dir='ltr'><strong>quod</strong></span> <span class='ocrx_word' id='word_1_99' title='bbox 781 1217 964 1258; x_wconf 87' lang='lat' dir='ltr'><strong>juraverunt</strong></span> <span class='ocrx_word' id='word_1_100' title='bbox 980 1227 1104 1246; x_wconf 88' lang='lat' dir='ltr'><strong>servare</strong></span> <span class='ocrx_word' id='word_1_101' title='bbox 1126 1226 1202 1246; x_wconf 93' lang='lat' dir='ltr'><strong>con-</strong></span> 
     </span>
    </p>
   </div>
   <div class='ocr_carea' id='block_1_5' title="bbox 269 1265 1201 1308">
    <p class='ocr_par' dir='ltr' id='par_1_7' title="bbox 269 1265 1201 1308">
     <span class='ocr_line' id='line_1_18' title="bbox 269 1265 1201 1308; baseline -0.009 -6"><span class='ocrx_word' id='word_1_102' title='bbox 269 1277 274 1283; x_wconf 92' lang='grc'><strong>’</strong></span> <span class='ocrx_word' id='word_1_103' title='bbox 293 1270 474 1302; x_wconf 87' lang='lat' dir='ltr'><strong>suetudines</strong></span> <span class='ocrx_word' id='word_1_104' title='bbox 489 1269 640 1303; x_wconf 75' lang='lat' dir='ltr'><strong>nacionis.</strong></span> <span class='ocrx_word' id='word_1_105' title='bbox 659 1278 787 1308; x_wconf 84' lang='lat' dir='ltr'><strong>quarum</strong></span> <span class='ocrx_word' id='word_1_106' title='bbox 804 1268 863 1297; x_wconf 86' lang='lat' dir='ltr'><strong>ista</strong></span> <span class='ocrx_word' id='word_1_107' title='bbox 880 1273 927 1296; x_wconf 85' lang='lat' dir='ltr'><strong>est</strong></span> <span class='ocrx_word' id='word_1_108' title='bbox 944 1277 1014 1301; x_wconf 89' lang='lat' dir='ltr'><strong>una,</strong></span> <span class='ocrx_word' id='word_1_109' title='bbox 1032 1273 1061 1295; x_wconf 88' lang='lat' dir='ltr'><strong>et</strong></span> <span class='ocrx_word' id='word_1_110' title='bbox 1075 1266 1159 1306; x_wconf 88' lang='lat' dir='ltr'><strong>quod</strong></span> <span class='ocrx_word' id='word_1_111' title='bbox 1174 1265 1201 1295; x_wconf 91' lang='lat' dir='ltr'><strong>si</strong></span> 
     </span>
    </p>
   </div>
   <div class='ocr_carea' id='block_1_6' title="bbox 284 1315 1205 2725">
    <p class='ocr_par' dir='ltr' id='par_1_8' title="bbox 292 1315 1200 1498">
     <span class='ocr_line' id='line_1_19' title="bbox 295 1315 1200 1359; baseline -0.008 -9"><span class='ocrx_word' id='word_1_112' title='bbox 295 1330 359 1351; x_wconf 91' lang='lat' dir='ltr'><strong>non</strong></span> <span class='ocrx_word' id='word_1_113' title='bbox 376 1319 498 1350; x_wconf 86' lang='lat' dir='ltr'><strong>solvant</strong></span> <span class='ocrx_word' id='word_1_114' title='bbox 514 1324 677 1359; x_wconf 80' lang='lat' dir='ltr'><strong>postquam</strong></span> <span class='ocrx_word' id='word_1_115' title='bbox 695 1317 796 1357; x_wconf 90' lang='lat' dir='ltr'><strong>primo</strong></span> <span class='ocrx_word' id='word_1_116' title='bbox 814 1316 955 1356; x_wconf 80' lang='lat' dir='ltr'><strong>requisiti</strong></span> <span class='ocrx_word' id='word_1_117' title='bbox 973 1315 1097 1350; x_wconf 86' lang='lat' dir='ltr'><strong>suerint,</strong></span> <span class='ocrx_word' id='word_1_118' title='bbox 1114 1315 1200 1355; x_wconf 87' lang='lat' dir='ltr'><strong>ipso·</strong></span> 
     </span>
     <span class='ocr_line' id='line_1_20' title="bbox 292 1364 1199 1404; baseline -0.008 -4"><span class='ocrx_word' id='word_1_119' title='bbox 292 1379 360 1400; x_wconf 83' lang='lat' dir='ltr'><strong>rum</strong></span> <span class='ocrx_word' id='word_1_120' title='bbox 390 1378 484 1399; x_wconf 85' lang='lat' dir='ltr'><strong>voces</strong></span> <span class='ocrx_word' id='word_1_121' title='bbox 513 1368 544 1397; x_wconf 91' lang='lat' dir='ltr'><strong>in</strong></span> <span class='ocrx_word' id='word_1_122' title='bbox 574 1367 702 1397; x_wconf 76' lang='lat' dir='ltr'><strong>nacione</strong></span> <span class='ocrx_word' id='word_1_123' title='bbox 731 1377 792 1396; x_wconf 90' lang='lat' dir='ltr'><strong>non</strong></span> <span class='ocrx_word' id='word_1_124' title='bbox 821 1365 1004 1396; x_wconf 82' lang='lat' dir='ltr'><strong>audirentur</strong></span> <span class='ocrx_word' id='word_1_125' title='bbox 1034 1374 1133 1404; x_wconf 90' lang='lat' dir='ltr'><strong>neque</strong></span> <span class='ocrx_word' id='word_1_126' title='bbox 1162 1364 1199 1393; x_wconf 87' lang='lat' dir='ltr'><strong>ad</strong></span> 
     </span>
     <span class='ocr_line' id='line_1_21' title="bbox 294 1413 1199 1458; baseline -0.007 -10"><span class='ocrx_word' id='word_1_127' title='bbox 294 1418 422 1458; x_wconf 79' lang='lat' dir='ltr'><strong>aliquod</strong></span> <span class='ocrx_word' id='word_1_128' title='bbox 442 1417 574 1447; x_wconf 86' lang='lat' dir='ltr'><strong>officium</strong></span> <span class='ocrx_word' id='word_1_129' title='bbox 595 1415 735 1445; x_wconf 79' lang='lat' dir='ltr'><strong>nacionis</strong></span> <span class='ocrx_word' id='word_1_130' title='bbox 755 1415 805 1445; x_wconf 91' lang='lat' dir='ltr'><strong>vel</strong></span> <span class='ocrx_word' id='word_1_131' title='bbox 829 1414 1065 1444; x_wconf 87' lang='lat' dir='ltr'><strong>emolumentum</strong></span> <span class='ocrx_word' id='word_1_132' title='bbox 1088 1413 1199 1443; x_wconf 89' lang='lat' dir='ltr'><strong>admit-</strong></span> 
     </span>
     <span class='ocr_line' id='line_1_22' title="bbox 293 1474 406 1498; baseline -0.018 0"><span class='ocrx_word' id='word_1_133' title='bbox 293 1474 406 1498; x_wconf 85' lang='lat' dir='ltr'><strong>tantur.</strong></span> 
     </span>
    </p>

    <p class='ocr_par' dir='ltr' id='par_1_9' title="bbox 288 1511 1199 2083">
     <span class='ocr_line' id='line_1_23' title="bbox 333 1511 1196 1553; baseline -0.006 -7"><span class='ocrx_word' id='word_1_134' title='bbox 333 1516 408 1546; x_wconf 90' lang='lat' dir='ltr'><strong>ltem</strong></span> <span class='ocrx_word' id='word_1_135' title='bbox 433 1515 538 1545; x_wconf 83' lang='lat' dir='ltr'><strong>eadem</strong></span> <span class='ocrx_word' id='word_1_136' title='bbox 560 1514 610 1544; x_wconf 82' lang='lat' dir='ltr'><strong>die</strong></span> <span class='ocrx_word' id='word_1_137' title='bbox 631 1515 708 1543; x_wconf 82' lang='lat' dir='ltr'><strong>sacta</strong></span> <span class='ocrx_word' id='word_1_138' title='bbox 728 1513 974 1553; x_wconf 78' lang='lat' dir='ltr'><strong>congregacione</strong></span> <span class='ocrx_word' id='word_1_139' title='bbox 1002 1511 1196 1552; x_wconf 69' lang='lat' dir='ltr'><strong>pmvincie‘,</strong></span> 
     </span>
     <span class='ocr_line' id='line_1_24' title="bbox 292 1562 1199 1606; baseline -0.006 -11"><span class='ocrx_word' id='word_1_140' title='bbox 292 1565 478 1606; x_wconf 75' lang='lat' dir='ltr'><strong>supplicavit</strong></span> <span class='ocrx_word' id='word_1_141' title='bbox 496 1564 585 1593; x_wconf 91' lang='lat' dir='ltr'><strong>nacio</strong></span> <span class='ocrx_word' id='word_1_142' title='bbox 606 1563 784 1602; x_wconf 82' lang='lat' dir='ltr'><strong>supradicta</strong></span> <span class='ocrx_word' id='word_1_143' title='bbox 800 1562 884 1602; x_wconf 89' lang='lat' dir='ltr'><strong>quod</strong></span> <span class='ocrx_word' id='word_1_144' title='bbox 903 1562 947 1591; x_wconf 92' lang='lat' dir='ltr'><strong>illi</strong></span> <span class='ocrx_word' id='word_1_145' title='bbox 965 1562 1199 1591; x_wconf 85' lang='lat' dir='ltr'><strong>accomodarent</strong></span> 
     </span>
     <span class='ocr_line' id='line_1_25' title="bbox 289 1611 1198 1652; baseline -0.006 -7"><span class='ocrx_word' id='word_1_146' title='bbox 289 1621 321 1645; x_wconf 87' lang='lat' dir='ltr'><strong>et</strong></span> <span class='ocrx_word' id='word_1_147' title='bbox 341 1614 549 1644; x_wconf 85' lang='lat' dir='ltr'><strong>concederent</strong></span> <span class='ocrx_word' id='word_1_148' title='bbox 567 1612 699 1652; x_wconf 79' lang='lat' dir='ltr'><strong>aliquam</strong></span> <span class='ocrx_word' id='word_1_149' title='bbox 719 1611 893 1651; x_wconf 86' lang='lat' dir='ltr'><strong>pecuniam,</strong></span> <span class='ocrx_word' id='word_1_150' title='bbox 917 1617 948 1640; x_wconf 91' lang='lat' dir='ltr'><strong>et</strong></span> <span class='ocrx_word' id='word_1_151' title='bbox 963 1621 1112 1640; x_wconf 85' lang='lat' dir='ltr'><strong>concessa</strong></span> <span class='ocrx_word' id='word_1_152' title='bbox 1133 1617 1198 1640; x_wconf 88' lang='lat' dir='ltr'><strong>erat</strong></span> 
     </span>
     <span class='ocr_line' id='line_1_26' title="bbox 294 1660 1197 1704; baseline -0.003 -11"><span class='ocrx_word' id='word_1_153' title='bbox 294 1662 496 1704; x_wconf 82' lang='lat' dir='ltr'><strong>supplicacio‚</strong></span> <span class='ocrx_word' id='word_1_154' title='bbox 515 1661 634 1691; x_wconf 85' lang='lat' dir='ltr'><strong>scilicet</strong></span> <span class='ocrx_word' id='word_1_155' title='bbox 644 1660 805 1701; x_wconf 87' lang='lat' dir='ltr'><strong>provincia</strong></span> <span class='ocrx_word' id='word_1_156' title='bbox 819 1660 975 1690; x_wconf 81' lang='lat' dir='ltr'><strong>concessit</strong></span> <span class='ocrx_word' id='word_1_157' title='bbox 989 1669 1043 1690; x_wconf 90' lang='lat' dir='ltr'><strong>seu</strong></span> <span class='ocrx_word' id='word_1_158' title='bbox 1060 1670 1197 1690; x_wconf 81' lang='lat' dir='ltr'><strong>accomo-</strong></span> 
     </span>
     <span class='ocr_line' id='line_1_27' title="bbox 289 1709 1196 1744; baseline -0.004 -2"><span class='ocrx_word' id='word_1_159' title='bbox 289 1712 375 1743; x_wconf 83' lang='lat' dir='ltr'><strong>davit</strong></span> <span class='ocrx_word' id='word_1_160' title='bbox 389 1711 511 1741; x_wconf 87' lang='lat' dir='ltr'><strong>nacioni</strong></span> <span class='ocrx_word' id='word_1_161' title='bbox 525 1711 565 1741; x_wconf 85' lang='lat'><strong>30</strong></span> <span class='ocrx_word' id='word_1_162' title='bbox 580 1711 703 1740; x_wconf 80' lang='lat' dir='ltr'><strong>francos</strong></span> <span class='ocrx_word' id='word_1_163' title='bbox 718 1710 756 1739; x_wconf 92' lang='lat' dir='ltr'><strong>ad</strong></span> <span class='ocrx_word' id='word_1_164' title='bbox 769 1709 788 1739; x_wconf 83' lang='lat'><strong>4</strong></span> <span class='ocrx_word' id='word_1_165' title='bbox 805 1719 938 1744; x_wconf 83' lang='lat' dir='ltr'><strong>menses,</strong></span> <span class='ocrx_word' id='word_1_166' title='bbox 958 1709 1016 1738; x_wconf 89' lang='lat' dir='ltr'><strong>sub</strong></span> <span class='ocrx_word' id='word_1_167' title='bbox 1029 1709 1081 1739; x_wconf 90' lang='lat' dir='ltr'><strong>tali</strong></span> <span class='ocrx_word' id='word_1_168' title='bbox 1097 1715 1196 1738; x_wconf 85' lang='lat' dir='ltr'><strong>tamen</strong></span> 
     </span>
     <span class='ocr_line' id='line_1_28' title="bbox 294 1758 1197 1800; baseline -0.004 -9"><span class='ocrx_word' id='word_1_169' title='bbox 294 1761 476 1792; x_wconf 85' lang='lat' dir='ltr'><strong>condicione</strong></span> <span class='ocrx_word' id='word_1_170' title='bbox 494 1760 577 1799; x_wconf 91' lang='lat' dir='ltr'><strong>quod</strong></span> <span class='ocrx_word' id='word_1_171' title='bbox 593 1765 745 1800; x_wconf 87' lang='lat' dir='ltr'><strong>ponerent</strong></span> <span class='ocrx_word' id='word_1_172' title='bbox 761 1769 821 1798; x_wconf 89' lang='lat' dir='ltr'><strong>que</strong></span> <span class='ocrx_word' id='word_1_173' title='bbox 833 1758 924 1788; x_wconf 89' lang='lat' dir='ltr'><strong>vendi</strong></span> <span class='ocrx_word' id='word_1_174' title='bbox 939 1764 1069 1798; x_wconf 89' lang='lat' dir='ltr'><strong>possent</strong></span> <span class='ocrx_word' id='word_1_175' title='bbox 1085 1758 1115 1787; x_wconf 88' lang='lat' dir='ltr'><strong>in</strong></span> <span class='ocrx_word' id='word_1_176' title='bbox 1133 1764 1197 1788; x_wconf 88' lang='lat' dir='ltr'><strong>ter-</strong></span> 
     </span>
     <span class='ocr_line' id='line_1_29' title="bbox 293 1805 1196 1847; baseline -0.004 -9"><span class='ocrx_word' id='word_1_177' title='bbox 293 1808 388 1844; x_wconf 89' lang='lat' dir='ltr'><strong>mino,</strong></span> <span class='ocrx_word' id='word_1_178' title='bbox 407 1807 434 1838; x_wconf 90' lang='lat' dir='ltr'><strong>si</strong></span> <span class='ocrx_word' id='word_1_179' title='bbox 454 1806 585 1847; x_wconf 87' lang='lat' dir='ltr'><strong>pecunia</strong></span> <span class='ocrx_word' id='word_1_180' title='bbox 604 1806 744 1846; x_wconf 86' lang='lat' dir='ltr'><strong>predicta</strong></span> <span class='ocrx_word' id='word_1_181' title='bbox 765 1815 827 1835; x_wconf 92' lang='lat' dir='ltr'><strong>non</strong></span> <span class='ocrx_word' id='word_1_182' title='bbox 846 1805 967 1835; x_wconf 89' lang='lat' dir='ltr'><strong>solvere</strong></span> <span class='ocrx_word' id='word_1_183' title='bbox 988 1805 1037 1835; x_wconf 83' lang='lat' dir='ltr'><strong>vel</strong></span> <span class='ocrx_word' id='word_1_184' title='bbox 1056 1805 1151 1834; x_wconf 89' lang='lat' dir='ltr'><strong>eciam</strong></span> <span class='ocrx_word' id='word_1_185' title='bbox 1169 1805 1196 1834; x_wconf 85' lang='lat' dir='ltr'><strong>si</strong></span> 
     </span>
     <span class='ocr_line' id='line_1_30' title="bbox 289 1851 1196 1896; baseline -0.006 -11"><span class='ocrx_word' id='word_1_186' title='bbox 289 1853 451 1896; x_wconf 85' lang='lat' dir='ltr'><strong>provincie</strong></span> <span class='ocrx_word' id='word_1_187' title='bbox 483 1854 675 1883; x_wconf 86' lang='lat' dir='ltr'><strong>incumberet</strong></span> <span class='ocrx_word' id='word_1_188' title='bbox 711 1852 893 1887; x_wconf 80' lang='lat' dir='ltr'><strong>necessitas,</strong></span> <span class='ocrx_word' id='word_1_189' title='bbox 927 1851 1046 1882; x_wconf 90' lang='lat' dir='ltr'><strong>scilicet</strong></span> <span class='ocrx_word' id='word_1_190' title='bbox 1075 1852 1196 1882; x_wconf 90' lang='lat' dir='ltr'><strong>emendi</strong></span> 
     </span>
     <span class='ocr_line' id='line_1_31' title="bbox 288 1898 1197 1939; baseline -0.006 -7"><span class='ocrx_word' id='word_1_191' title='bbox 288 1902 414 1932; x_wconf 85' lang='lat' dir='ltr'><strong>domum</strong></span> <span class='ocrx_word' id='word_1_192' title='bbox 432 1900 521 1931; x_wconf 85' lang='lat' dir='ltr'><strong>aliam</strong></span> <span class='ocrx_word' id='word_1_193' title='bbox 540 1899 589 1931; x_wconf 86' lang='lat' dir='ltr'><strong>vel</strong></span> <span class='ocrx_word' id='word_1_194' title='bbox 605 1899 687 1930; x_wconf 91' lang='lat' dir='ltr'><strong>aliud</strong></span> <span class='ocrx_word' id='word_1_195' title='bbox 705 1898 813 1939; x_wconf 82' lang='lat' dir='ltr'><strong>majus,</strong></span> <span class='ocrx_word' id='word_1_196' title='bbox 832 1900 915 1939; x_wconf 89' lang='lat' dir='ltr'><strong>quod</strong></span> <span class='ocrx_word' id='word_1_197' title='bbox 933 1905 1005 1928; x_wconf 89' lang='lat' dir='ltr'><strong>tunc</strong></span> <span class='ocrx_word' id='word_1_198' title='bbox 1020 1899 1108 1928; x_wconf 90' lang='lat' dir='ltr'><strong>nacio</strong></span> <span class='ocrx_word' id='word_1_199' title='bbox 1123 1909 1197 1939; x_wconf 89' lang='lat' dir='ltr'><strong>pre-</strong></span> 
     </span>
     <span class='ocr_line' id='line_1_32' title="bbox 291 1948 1196 1990; baseline -0.003 -10"><span class='ocrx_word' id='word_1_200' title='bbox 291 1950 403 1980; x_wconf 85' lang='lat' dir='ltr'><strong>dictam</strong></span> <span class='ocrx_word' id='word_1_201' title='bbox 418 1949 577 1990; x_wconf 88' lang='lat' dir='ltr'><strong>pecuniam</strong></span> <span class='ocrx_word' id='word_1_202' title='bbox 592 1949 743 1989; x_wconf 86' lang='lat' dir='ltr'><strong>requisita</strong></span> <span class='ocrx_word' id='word_1_203' title='bbox 758 1954 829 1988; x_wconf 87' lang='lat' dir='ltr'><strong>post</strong></span> <span class='ocrx_word' id='word_1_204' title='bbox 844 1948 901 1978; x_wconf 87' lang='lat' dir='ltr'><strong>hoc</strong></span> <span class='ocrx_word' id='word_1_205' title='bbox 914 1949 952 1977; x_wconf 87' lang='lat' dir='ltr'><strong>ad</strong></span> <span class='ocrx_word' id='word_1_206' title='bbox 964 1949 984 1978; x_wconf 89' lang='grc'>8</span> <span class='ocrx_word' id='word_1_207' title='bbox 994 1948 1061 1978; x_wconf 84' lang='lat' dir='ltr'><strong>dies</strong></span> <span class='ocrx_word' id='word_1_208' title='bbox 1077 1948 1196 1987; x_wconf 88' lang='lat' dir='ltr'><strong>predic-</strong></span> 
     </span>
     <span class='ocr_line' id='line_1_33' title="bbox 290 1998 1197 2039; baseline -0.003 -10"><span class='ocrx_word' id='word_1_209' title='bbox 290 2005 351 2030; x_wconf 83' lang='lat' dir='ltr'><strong>tam</strong></span> <span class='ocrx_word' id='word_1_210' title='bbox 380 1999 539 2039; x_wconf 85' lang='lat' dir='ltr'><strong>pecuniam</strong></span> <span class='ocrx_word' id='word_1_211' title='bbox 569 1998 729 2038; x_wconf 84' lang='lat' dir='ltr'><strong>provincie</strong></span> <span class='ocrx_word' id='word_1_212' title='bbox 764 1998 908 2028; x_wconf 87' lang='lat' dir='ltr'><strong>redderet</strong></span> <span class='ocrx_word' id='word_1_213' title='bbox 932 1998 990 2027; x_wconf 83' lang='lat' dir='ltr'><strong>sub</strong></span> <span class='ocrx_word' id='word_1_214' title='bbox 1019 2007 1098 2037; x_wconf 90' lang='lat' dir='ltr'><strong>pena</strong></span> <span class='ocrx_word' id='word_1_215' title='bbox 1123 2007 1197 2037; x_wconf 87' lang='lat' dir='ltr'><strong>pre-</strong></span> 
     </span>
     <span class='ocr_line' id='line_1_34' title="bbox 290 2048 459 2083; baseline 0 -5"><span class='ocrx_word' id='word_1_216' title='bbox 290 2048 383 2083; x_wconf 81' lang='lat' dir='ltr'><strong>dicta,</strong></span> <span class='ocrx_word' id='word_1_217' title='bbox 400 2054 459 2078; x_wconf 87' lang='lat' dir='ltr'><strong>etc.</strong></span> 
     </span>
    </p>

    <p class='ocr_par' dir='ltr' id='par_1_10' title="bbox 284 2095 1196 2236">
     <span class='ocr_line' id='line_1_35' title="bbox 334 2095 1196 2137; baseline -0.002 -10"><span class='ocrx_word' id='word_1_218' title='bbox 334 2097 408 2127; x_wconf 88' lang='lat' dir='ltr'><strong>ltem</strong></span> <span class='ocrx_word' id='word_1_219' title='bbox 439 2097 555 2137; x_wconf 83' lang='lat' dir='ltr'><strong>incepit</strong></span> <span class='ocrx_word' id='word_1_220' title='bbox 585 2095 733 2126; x_wconf 81' lang='lat' dir='ltr'><strong>Hinricus</strong></span> <span class='ocrx_word' id='word_1_221' title='bbox 765 2096 804 2126; x_wconf 91' lang='lat' dir='ltr'><strong>de</strong></span> <span class='ocrx_word' id='word_1_222' title='bbox 836 2096 936 2126; x_wconf 84' lang='lat' dir='ltr'><strong>Lecka</strong></span> <span class='ocrx_word' id='word_1_223' title='bbox 962 2096 1020 2125; x_wconf 88' lang='lat' dir='ltr'><strong>sub</strong></span> <span class='ocrx_word' id='word_1_224' title='bbox 1047 2096 1196 2135; x_wconf 82' lang='lat' dir='ltr'><strong>magistro</strong></span> 
     </span>
     <span class='ocr_line' id='line_1_36' title="bbox 293 2144 1196 2186; baseline -0.003 -9"><span class='ocrx_word' id='word_1_225' title='bbox 293 2146 434 2177; x_wconf 79' lang='lat' dir='ltr'><strong>Arnoldo</strong></span> <span class='ocrx_word' id='word_1_226' title='bbox 451 2146 575 2182; x_wconf 86' lang='lat' dir='ltr'><strong>Neven;</strong></span> <span class='ocrx_word' id='word_1_227' title='bbox 599 2144 686 2185; x_wconf 89' lang='lat' dir='ltr'><strong>cujus</strong></span> <span class='ocrx_word' id='word_1_228' title='bbox 702 2146 797 2175; x_wconf 87' lang='lat' dir='ltr'><strong>burse</strong></span> <span class='ocrx_word' id='word_1_229' title='bbox 815 2144 922 2181; x_wconf 86' lang='lat' dir='ltr'><strong>nichil,</strong></span> <span class='ocrx_word' id='word_1_230' title='bbox 941 2145 1013 2186; x_wconf 92' lang='lat' dir='ltr'><strong>quia</strong></span> <span class='ocrx_word' id='word_1_231' title='bbox 1032 2154 1150 2185; x_wconf 83' lang='lat' dir='ltr'><strong>pauper</strong></span> <span class='ocrx_word' id='word_1_232' title='bbox 1167 2150 1196 2174; x_wconf 88' lang='lat' dir='ltr'><strong>et</strong></span> 
     </span>
     <span class='ocr_line' id='line_1_37' title="bbox 284 2194 575 2236; baseline -0.01 -10"><span class='ocrx_word' id='word_1_233' title='bbox 284 2194 404 2236; x_wconf 84' lang='lat' dir='ltr'><strong>juravit</strong></span> <span class='ocrx_word' id='word_1_234' title='bbox 420 2201 575 2225; x_wconf 86' lang='lat' dir='ltr'><strong>statutum.</strong></span> 
     </span>
    </p>

    <p class='ocr_par' dir='ltr' id='par_1_11' title="bbox 291 2242 1196 2382">
     <span class='ocr_line' id='line_1_38' title="bbox 333 2242 1196 2282; baseline -0.002 -8"><span class='ocrx_word' id='word_1_235' title='bbox 333 2244 407 2274; x_wconf 92' lang='lat' dir='ltr'><strong>ltem</strong></span> <span class='ocrx_word' id='word_1_236' title='bbox 431 2244 605 2274; x_wconf 81' lang='lat' dir='ltr'><strong>licentiatus</strong></span> <span class='ocrx_word' id='word_1_237' title='bbox 627 2243 682 2273; x_wconf 84' lang='lat' dir='ltr'><strong>suit</strong></span> <span class='ocrx_word' id='word_1_238' title='bbox 708 2243 851 2273; x_wconf 86' lang='lat' dir='ltr'><strong>dominus</strong></span> <span class='ocrx_word' id='word_1_239' title='bbox 874 2242 1021 2274; x_wconf 80' lang='lat' dir='ltr'><strong>Albertus</strong></span> <span class='ocrx_word' id='word_1_240' title='bbox 1043 2244 1080 2272; x_wconf 87' lang='lat' dir='ltr'><strong>de</strong></span> <span class='ocrx_word' id='word_1_241' title='bbox 1108 2243 1196 2282; x_wconf 78' lang='lat' dir='ltr'><strong>Tylia</strong></span> 
     </span>
     <span class='ocr_line' id='line_1_39' title="bbox 291 2291 1196 2334; baseline -0.001 -11"><span class='ocrx_word' id='word_1_242' title='bbox 291 2294 350 2323; x_wconf 86' lang='lat' dir='ltr'><strong>sub</strong></span> <span class='ocrx_word' id='word_1_243' title='bbox 364 2293 513 2334; x_wconf 73' lang='lat' dir='ltr'><strong>magistro</strong></span> <span class='ocrx_word' id='word_1_244' title='bbox 528 2291 704 2322; x_wconf 89' lang='lat' dir='ltr'><strong>Gwillelmo</strong></span> <span class='ocrx_word' id='word_1_245' title='bbox 722 2291 912 2327; x_wconf 80' lang='lat' dir='ltr'><strong>Gwadenov.</strong></span> <span class='ocrx_word' id='word_1_246' title='bbox 929 2291 1016 2332; x_wconf 84' lang='lat' dir='ltr'><strong>cujus</strong></span> <span class='ocrx_word' id='word_1_247' title='bbox 1031 2293 1125 2322; x_wconf 88' lang='lat' dir='ltr'><strong>bursa</strong></span> <span class='ocrx_word' id='word_1_248' title='bbox 1143 2303 1196 2322; x_wconf 90' lang='lat' dir='ltr'><strong>sex</strong></span> 
     </span>
     <span class='ocr_line' id='line_1_40' title="bbox 293 2341 716 2382; baseline -0.002 -10"><span class='ocrx_word' id='word_1_249' title='bbox 293 2342 397 2378; x_wconf 82' lang='lat' dir='ltr'><strong>solidi,</strong></span> <span class='ocrx_word' id='word_1_250' title='bbox 413 2348 444 2372; x_wconf 92' lang='lat' dir='ltr'><strong>et</strong></span> <span class='ocrx_word' id='word_1_251' title='bbox 458 2341 564 2382; x_wconf 82' lang='lat' dir='ltr'><strong>posuit</strong></span> <span class='ocrx_word' id='word_1_252' title='bbox 572 2341 716 2382; x_wconf 81' lang='lat' dir='ltr'><strong>pignora.</strong></span> 
     </span>
    </p>

    <p class='ocr_par' dir='ltr' id='par_1_12' title="bbox 294 2390 1205 2519">
     <span class='ocr_line' id='line_1_41' title="bbox 333 2390 1196 2430; baseline -0.001 -9"><span class='ocrx_word' id='word_1_253' title='bbox 333 2390 408 2421; x_wconf 79' lang='lat' dir='ltr'><strong>Item</strong></span> <span class='ocrx_word' id='word_1_254' title='bbox 426 2390 601 2421; x_wconf 86' lang='lat' dir='ltr'><strong>licentiatus</strong></span> <span class='ocrx_word' id='word_1_255' title='bbox 617 2390 672 2420; x_wconf 83' lang='lat' dir='ltr'><strong>suit</strong></span> <span class='ocrx_word' id='word_1_256' title='bbox 686 2390 830 2421; x_wconf 87' lang='lat' dir='ltr'><strong>dominus</strong></span> <span class='ocrx_word' id='word_1_257' title='bbox 841 2390 987 2421; x_wconf 83' lang='lat' dir='ltr'><strong>Nicolaus</strong></span> <span class='ocrx_word' id='word_1_258' title='bbox 1004 2391 1042 2420; x_wconf 92' lang='lat' dir='ltr'><strong>de</strong></span> <span class='ocrx_word' id='word_1_259' title='bbox 1058 2390 1196 2430; x_wconf 87' lang='lat' dir='ltr'><strong>Grynlau</strong></span> 
     </span>
     <span class='ocr_line' id='line_1_42' title="bbox 295 2438 1205 2484; baseline 0 -15"><span class='ocrx_word' id='word_1_260' title='bbox 295 2441 354 2470; x_wconf 86' lang='lat' dir='ltr'><strong>snb</strong></span> <span class='ocrx_word' id='word_1_261' title='bbox 378 2439 526 2480; x_wconf 79' lang='lat' dir='ltr'><strong>magistro</strong></span> <span class='ocrx_word' id='word_1_262' title='bbox 546 2439 663 2469; x_wconf 89' lang='lat' dir='ltr'><strong>Thoma</strong></span> <span class='ocrx_word' id='word_1_263' title='bbox 688 2440 726 2469; x_wconf 87' lang='lat' dir='ltr'><strong>de</strong></span> <span class='ocrx_word' id='word_1_264' title='bbox 754 2439 856 2474; x_wconf 83' lang='lat' dir='ltr'><strong>Duns,</strong></span> <span class='ocrx_word' id='word_1_265' title='bbox 880 2438 967 2480; x_wconf 86' lang='lat' dir='ltr'><strong>cujus</strong></span> <span class='ocrx_word' id='word_1_266' title='bbox 990 2441 1084 2470; x_wconf 88' lang='lat' dir='ltr'><strong>burse</strong></span> <span class='ocrx_word' id='word_1_267' title='bbox 1110 2446 1205 2484; x_wconf 74' lang='lat' dir='ltr'><strong>erant⁸</strong></span> 
     </span>
     <span class='ocr_line' id='line_1_43' title="bbox 294 2488 469 2519; baseline -0.006 0"><span class='ocrx_word' id='word_1_268' title='bbox 294 2498 349 2519; x_wconf 80' lang='lat' dir='ltr'><strong>sex</strong></span> <span class='ocrx_word' id='word_1_269' title='bbox 364 2488 469 2519; x_wconf 85' lang='lat' dir='ltr'><strong>solidi.</strong></span> 
     </span>
    </p>

    <p class='ocr_par' dir='ltr' id='par_1_13' title="bbox 293 2537 1198 2725">
     <span class='ocr_line' id='line_1_44' title="bbox 337 2537 1196 2578; baseline 0 -10"><span class='ocrx_word' id='word_1_270' title='bbox 337 2537 411 2568; x_wconf 83' lang='lat' dir='ltr'><strong>Item</strong></span> <span class='ocrx_word' id='word_1_271' title='bbox 438 2538 475 2567; x_wconf 87' lang='lat'><strong>16</strong></span> <span class='ocrx_word' id='word_1_272' title='bbox 498 2537 548 2567; x_wconf 88' lang='lat' dir='ltr'><strong>die</strong></span> <span class='ocrx_word' id='word_1_273' title='bbox 572 2537 689 2567; x_wconf 81' lang='lat' dir='ltr'><strong>mensis</strong></span> <span class='ocrx_word' id='word_1_274' title='bbox 710 2537 829 2578; x_wconf 82' lang='lat' dir='ltr'><strong>Aprilis</strong></span> <span class='ocrx_word' id='word_1_275' title='bbox 854 2538 930 2567; x_wconf 82' lang='lat' dir='ltr'><strong>sacta</strong></span> <span class='ocrx_word' id='word_1_276' title='bbox 950 2538 1196 2578; x_wconf 77' lang='lat' dir='ltr'><strong>congregacione</strong></span> 
     </span>
     <span class='ocr_line' id='line_1_45' title="bbox 293 2586 1198 2627; baseline 0.001 -11"><span class='ocrx_word' id='word_1_277' title='bbox 293 2586 444 2617; x_wconf 80' lang='lat' dir='ltr'><strong>facultatis</strong></span> <span class='ocrx_word' id='word_1_278' title='bbox 465 2587 545 2626; x_wconf 87' lang='lat' dir='ltr'><strong>apud</strong></span> <span class='ocrx_word' id='word_1_279' title='bbox 570 2586 715 2616; x_wconf 86' lang='lat' dir='ltr'><strong>Sanctum</strong></span> <span class='ocrx_word' id='word_1_280' title='bbox 738 2586 903 2622; x_wconf 75' lang='lat' dir='ltr'><strong>sulianum,</strong></span> <span class='ocrx_word' id='word_1_281' title='bbox 926 2587 1119 2627; x_wconf 85' lang='lat' dir='ltr'><strong>propositum</strong></span> <span class='ocrx_word' id='word_1_282' title='bbox 1142 2588 1198 2617; x_wconf 82' lang='lat' dir='ltr'><strong>fuit</strong></span> 
     </span>
     <span class='ocr_line' id='line_1_46' title="bbox 293 2635 1197 2677; baseline 0.001 -12"><span class='ocrx_word' id='word_1_283' title='bbox 293 2635 403 2666; x_wconf 72' lang='lat' dir='ltr'><strong>sactum</strong></span> <span class='ocrx_word' id='word_1_284' title='bbox 412 2636 527 2665; x_wconf 87' lang='lat' dir='ltr'><strong>domini</strong></span> <span class='ocrx_word' id='word_1_285' title='bbox 540 2636 671 2666; x_wconf 85' lang='lat' dir='ltr'><strong>rectoris</strong></span> <span class='ocrx_word' id='word_1_286' title='bbox 679 2641 787 2666; x_wconf 89' lang='lat' dir='ltr'><strong>contra</strong></span> <span class='ocrx_word' id='word_1_287' title='bbox 799 2636 957 2666; x_wconf 84' lang='lat' dir='ltr'><strong>nacionem</strong></span> <span class='ocrx_word' id='word_1_288' title='bbox 973 2637 1055 2676; x_wconf 91' lang='lat' dir='ltr'><strong>quod</strong></span> <span class='ocrx_word' id='word_1_289' title='bbox 1070 2643 1197 2677; x_wconf 87' lang='lat' dir='ltr'><strong>attemp-</strong></span> 
     </span>
     <span class='ocr_line' id='line_1_47' title="bbox 293 2683 1198 2725; baseline 0.001 -11"><span class='ocrx_word' id='word_1_290' title='bbox 293 2690 410 2714; x_wconf 71' lang='lat' dir='ltr'><strong>taverat</strong></span> <span class='ocrx_word' id='word_1_291' title='bbox 419 2684 560 2725; x_wconf 84' lang='lat' dir='ltr'><strong>recipere</strong></span> <span class='ocrx_word' id='word_1_292' title='bbox 565 2683 739 2724; x_wconf 85' lang='lat' dir='ltr'><strong>juramenta</strong></span> <span class='ocrx_word' id='word_1_293' title='bbox 754 2684 976 2715; x_wconf 84' lang='lat' dir='ltr'><strong>bacalariorum</strong></span> <span class='ocrx_word' id='word_1_294' title='bbox 991 2686 1010 2715; x_wconf 88' lang='lat'><strong>3</strong></span> <span class='ocrx_word' id='word_1_295' title='bbox 1025 2685 1198 2715; x_wconf 87' lang='lat' dir='ltr'><strong>audicionis</strong></span> 
     </span>
    </p>
   </div>
   <div class='ocr_carea' id='block_1_7' title="bbox 381 2789 1197 2966">
    <p class='ocr_par' dir='ltr' id='par_1_14' title="bbox 382 2789 560 2815">
     <span class='ocr_line' id='line_1_48' title="bbox 382 2789 560 2815; baseline 0 -1"><span class='ocrx_word' id='word_1_296' title='bbox 382 2789 560 2815; x_wconf 69' lang='lat' dir='ltr'><strong>Alemanni-e.</strong></span> 
     </span>
    </p>

    <p class='ocr_par' dir='ltr' id='par_1_15' title="bbox 383 2825 556 2850">
     <span class='ocr_line' id='line_1_49' title="bbox 383 2825 556 2850; baseline 0.006 -1"><span class='ocrx_word' id='word_1_297' title='bbox 383 2826 430 2849; x_wconf 73' lang='grc' dir='ltr'><strong>Μι.</strong></span> <span class='ocrx_word' id='word_1_298' title='bbox 441 2825 504 2850; x_wconf 74' lang='lat' dir='ltr'><strong>add.</strong></span> <span class='ocrx_word' id='word_1_299' title='bbox 517 2825 556 2850; x_wconf 76' lang='lat'><strong>1⁵1.</strong></span> 
     </span>
    </p>

    <p class='ocr_par' dir='ltr' id='par_1_16' title="bbox 381 2860 592 2886">
     <span class='ocr_line' id='line_1_50' title="bbox 381 2860 592 2886; baseline 0.009 -2"><span class='ocrx_word' id='word_1_300' title='bbox 381 2861 427 2885; x_wconf 68' lang='lat' dir='ltr'><strong>Me.</strong></span> <span class='ocrx_word' id='word_1_301' title='bbox 441 2860 505 2885; x_wconf 75' lang='lat' dir='ltr'><strong>add.</strong></span> <span class='ocrx_word' id='word_1_302' title='bbox 519 2861 592 2886; x_wconf 79' lang='grc' dir='ltr'><strong>ΧΧΧ.</strong></span> 
     </span>
    </p>

    <p class='ocr_par' dir='ltr' id='par_1_17' title="bbox 383 2896 613 2921">
     <span class='ocr_line' id='line_1_51' title="bbox 383 2896 613 2921; baseline 0.004 -1"><span class='ocrx_word' id='word_1_303' title='bbox 383 2897 451 2920; x_wconf 72' lang='lat' dir='ltr'><strong>Inter</strong></span> <span class='ocrx_word' id='word_1_304' title='bbox 461 2896 544 2920; x_wconf 73' lang='lat' dir='ltr'><strong>lineae</strong></span> <span class='ocrx_word' id='word_1_305' title='bbox 555 2896 613 2921; x_wconf 86' lang='lat' dir='ltr'><strong>llll.</strong></span> 
     </span>
    </p>

    <p class='ocr_par' dir='ltr' id='par_1_18' title="bbox 383 2931 1197 2966">
     <span class='ocr_line' id='line_1_52' title="bbox 383 2931 1197 2966; baseline 0.004 -11"><span class='ocrx_word' id='word_1_306' title='bbox 383 2933 403 2956; x_wconf 87' lang='lat'><strong>1.</strong></span> <span class='ocrx_word' id='word_1_307' title='bbox 412 2940 433 2956; x_wconf 83' lang='lat' dir='ltr'><strong>e.</strong></span> <span class='ocrx_word' id='word_1_308' title='bbox 441 2931 667 2963; x_wconf 62' lang='lat' dir='ltr'><strong>determinandae,</strong></span> <span class='ocrx_word' id='word_1_309' title='bbox 676 2932 799 2958; x_wconf 67' lang='lat' dir='ltr'><strong>licencia«</strong></span> <span class='ocrx_word' id='word_1_310' title='bbox 806 2936 831 2957; x_wconf 75' lang='lat' dir='ltr'><strong>et</strong></span> <span class='ocrx_word' id='word_1_311' title='bbox 839 2933 989 2966; x_wconf 72' lang='lat' dir='ltr'><strong>inceptionis</strong></span> <span class='ocrx_word' id='word_1_312' title='bbox 996 2942 1039 2958; x_wconf 72' lang='lat' dir='ltr'><strong>neu</strong></span> <span class='ocrx_word' id='word_1_313' title='bbox 1048 2934 1165 2966; x_wconf 69' lang='lat' dir='ltr'><strong>magister</strong></span> <span class='ocrx_word' id='word_1_314' title='bbox 1170 2935 1197 2959; x_wconf 77' lang='lat' dir='ltr'><strong>e&#39;i.</strong></span> 
     </span>
    </p>
   </div>
   <div class='ocr_carea' id='block_1_8' title="bbox 325 2789 349 2956">
    <p class='ocr_par' dir='ltr' id='par_1_19' title="bbox 325 2789 349 2956">
     <span class='ocr_line' id='line_1_53' title="bbox 325 2789 349 2956; textangle 90"><span class='ocrx_word' id='word_1_315' title='bbox 325 2789 349 2956; x_wconf 63' lang='lat'><strong>9&#39;?.“.*⁹:·’</strong></span> 
     </span>
    </p>
   </div>
   <div class='ocr_carea' id='block_1_9' title="bbox 784 403 1703 433">
    <p class='ocr_par' dir='ltr' id='par_1_20' title="bbox 784 403 1703 433">
     <span class='ocr_line' id='line_1_54' title="bbox 784 403 1703 433; baseline -0.002 0"><span class='ocrx_word' id='word_1_316' title='bbox 784 406 898 433; x_wconf 86' lang='lat' dir='ltr'><strong>LIBER</strong></span> <span class='ocrx_word' id='word_1_317' title='bbox 922 403 1234 432; x_wconf 82' lang='lat' dir='ltr'>PROCURATORUM</span> <span class='ocrx_word' id='word_1_318' title='bbox 1259 403 1438 430; x_wconf 79' lang='lat' dir='ltr'>NATIONIS</span> <span class='ocrx_word' id='word_1_319' title='bbox 1459 405 1703 431; x_wconf 77' lang='lat' dir='ltr'><strong>ANGLlCANAE</strong></span> 
     </span>
    </p>
   </div>
   <div class='ocr_carea' id='block_1_10' title="bbox 1236 923 1269 949">
    <p class='ocr_par' dir='ltr' id='par_1_21' title="bbox 1236 923 1269 949">
     <span class='ocr_line' id='line_1_55' title="bbox 1236 923 1269 949; baseline 0.03 -1"><span class='ocrx_word' id='word_1_320' title='bbox 1236 923 1269 949; x_wconf 86' lang='lat'><strong>10</strong></span> 
     </span>
    </p>
   </div>
   <div class='ocr_carea' id='block_1_11' title="bbox 1239 1169 1272 1195">
    <p class='ocr_par' dir='ltr' id='par_1_22' title="bbox 1239 1169 1272 1195">
     <span class='ocr_line' id='line_1_56' title="bbox 1239 1169 1272 1195; baseline 0.03 -1"><span class='ocrx_word' id='word_1_321' title='bbox 1239 1169 1272 1195; x_wconf 87' lang='lat'><strong>15</strong></span> 
     </span>
    </p>
   </div>
   <div class='ocr_carea' id='block_1_12' title="bbox 1236 1415 1270 1441">
    <p class='ocr_par' dir='ltr' id='par_1_23' title="bbox 1236 1415 1270 1441">
     <span class='ocr_line' id='line_1_57' title="bbox 1236 1415 1270 1441; baseline 0.029 -1"><span class='ocrx_word' id='word_1_322' title='bbox 1236 1415 1270 1441; x_wconf 82' lang='lat'><strong>20</strong></span> 
     </span>
    </p>
   </div>
   <div class='ocr_carea' id='block_1_13' title="bbox 1234 1662 1268 1688">
    <p class='ocr_par' dir='ltr' id='par_1_24' title="bbox 1234 1662 1268 1688">
     <span class='ocr_line' id='line_1_58' title="bbox 1234 1662 1268 1688; baseline 0 0"><span class='ocrx_word' id='word_1_323' title='bbox 1234 1662 1268 1688; x_wconf 86' lang='lat'><strong>25</strong></span> 
     </span>
    </p>
   </div>
   <div class='ocr_carea' id='block_1_14' title="bbox 1234 1908 1268 1934">
    <p class='ocr_par' dir='ltr' id='par_1_25' title="bbox 1234 1908 1268 1934">
     <span class='ocr_line' id='line_1_59' title="bbox 1234 1908 1268 1934; baseline 0 0"><span class='ocrx_word' id='word_1_324' title='bbox 1234 1908 1268 1934; x_wconf 89' lang='grc'><strong>30</strong></span> 
     </span>
    </p>
   </div>
   <div class='ocr_carea' id='block_1_15' title="bbox 1222 2153 1267 2183">
    <p class='ocr_par' dir='ltr' id='par_1_26' title="bbox 1222 2153 1267 2183">
     <span class='ocr_line' id='line_1_60' title="bbox 1222 2153 1267 2183; baseline 0.022 -5"><span class='ocrx_word' id='word_1_325' title='bbox 1222 2153 1267 2183; x_wconf 89' lang='grc' dir='ltr'><strong>Ι35</strong></span> 
     </span>
    </p>
   </div>
   <div class='ocr_carea' id='block_1_16' title="bbox 1235 2397 1268 2423">
    <p class='ocr_par' dir='ltr' id='par_1_27' title="bbox 1235 2397 1268 2423">
     <span class='ocr_line' id='line_1_61' title="bbox 1235 2397 1268 2423; baseline 0 0"><span class='ocrx_word' id='word_1_326' title='bbox 1235 2397 1268 2423; x_wconf 81' lang='lat'><strong>40</strong></span> 
     </span>
    </p>
   </div>
   <div class='ocr_carea' id='block_1_17' title="bbox 2159 409 2211 435">
    <p class='ocr_par' dir='ltr' id='par_1_28' title="bbox 2159 409 2211 435">
     <span class='ocr_line' id='line_1_62' title="bbox 2159 409 2211 435; baseline 0 -1"><span class='ocrx_word' id='word_1_327' title='bbox 2159 409 2211 435; x_wconf 69' lang='lat'><strong>334</strong></span> 
     </span>
    </p>
   </div>
   <div class='ocr_carea' id='block_1_18' title="bbox 1301 481 2217 2727">
    <p class='ocr_par' dir='ltr' id='par_1_29' title="bbox 1304 481 2213 913">
     <span class='ocr_line' id='line_1_63' title="bbox 1304 481 2211 522; baseline 0.004 -13"><span class='ocrx_word' id='word_1_328' title='bbox 1304 486 1335 509; x_wconf 89' lang='lat' dir='ltr'><strong>et</strong></span> <span class='ocrx_word' id='word_1_329' title='bbox 1352 481 1538 510; x_wconf 90' lang='lat' dir='ltr'><strong>contrarium</strong></span> <span class='ocrx_word' id='word_1_330' title='bbox 1556 482 1587 510; x_wconf 92' lang='lat' dir='ltr'><strong>in</strong></span> <span class='ocrx_word' id='word_1_331' title='bbox 1599 482 1638 510; x_wconf 75' lang='lat'><strong>4¹·</strong></span> <span class='ocrx_word' id='word_1_332' title='bbox 1657 482 1762 511; x_wconf 84' lang='lat' dir='ltr'><strong>fecerit</strong></span> <span class='ocrx_word' id='word_1_333' title='bbox 1780 492 1836 521; x_wconf 90' lang='lat' dir='ltr'><strong>per</strong></span> <span class='ocrx_word' id='word_1_334' title='bbox 1848 483 2026 522; x_wconf 85' lang='lat' dir='ltr'><strong>magistrum</strong></span> <span class='ocrx_word' id='word_1_335' title='bbox 2041 484 2211 513; x_wconf 83' lang='lat' dir='ltr'><strong>Johannem</strong></span> 
     </span>
     <span class='ocr_line' id='line_1_64' title="bbox 1304 529 2210 571; baseline 0.004 -13"><span class='ocrx_word' id='word_1_336' title='bbox 1304 530 1342 558; x_wconf 91' lang='lat' dir='ltr'><strong>de</strong></span> <span class='ocrx_word' id='word_1_337' title='bbox 1357 529 1475 564; x_wconf 84' lang='lat' dir='ltr'><strong>Scocia,</strong></span> <span class='ocrx_word' id='word_1_338' title='bbox 1490 530 1522 558; x_wconf 94' lang='lat' dir='ltr'><strong>in</strong></span> <span class='ocrx_word' id='word_1_339' title='bbox 1540 540 1599 569; x_wconf 89' lang='lat' dir='ltr'><strong>qua</strong></span> <span class='ocrx_word' id='word_1_340' title='bbox 1615 531 1709 559; x_wconf 88' lang='lat' dir='ltr'><strong>eciam</strong></span> <span class='ocrx_word' id='word_1_341' title='bbox 1725 532 1971 570; x_wconf 87' lang='lat' dir='ltr'><strong>congregacione</strong></span> <span class='ocrx_word' id='word_1_342' title='bbox 1982 542 2038 571; x_wconf 88' lang='lat' dir='ltr'><strong>per</strong></span> <span class='ocrx_word' id='word_1_343' title='bbox 2053 533 2210 562; x_wconf 85' lang='lat' dir='ltr'><strong>nacionem</strong></span> 
     </span>
     <span class='ocr_line' id='line_1_65' title="bbox 1306 579 2212 621; baseline 0.003 -14"><span class='ocrx_word' id='word_1_344' title='bbox 1306 579 1428 608; x_wconf 85' lang='lat' dir='ltr'><strong>fuerunt</strong></span> <span class='ocrx_word' id='word_1_345' title='bbox 1445 579 1582 618; x_wconf 85' lang='lat' dir='ltr'><strong>deputati</strong></span> <span class='ocrx_word' id='word_1_346' title='bbox 1602 579 1639 608; x_wconf 90' lang='lat' dir='ltr'><strong>ad</strong></span> <span class='ocrx_word' id='word_1_347' title='bbox 1660 580 1892 609; x_wconf 87' lang='lat' dir='ltr'><strong>examinandum</strong></span> <span class='ocrx_word' id='word_1_348' title='bbox 1911 581 2042 620; x_wconf 86' lang='lat' dir='ltr'><strong>pignora</strong></span> <span class='ocrx_word' id='word_1_349' title='bbox 2061 592 2120 620; x_wconf 91' lang='lat' dir='ltr'><strong>que</strong></span> <span class='ocrx_word' id='word_1_350' title='bbox 2140 592 2212 621; x_wconf 89' lang='lat' dir='ltr'><strong>pre-</strong></span> 
     </span>
     <span class='ocr_line' id='line_1_66' title="bbox 1305 628 2211 668; baseline 0.003 -12"><span class='ocrx_word' id='word_1_351' title='bbox 1305 634 1502 657; x_wconf 89' lang='lat' dir='ltr'><strong>sentarentur</strong></span> <span class='ocrx_word' id='word_1_352' title='bbox 1535 628 1695 668; x_wconf 87' lang='lat' dir='ltr'><strong>provincie</strong></span> <span class='ocrx_word' id='word_1_353' title='bbox 1726 629 1889 658; x_wconf 81' lang='lat' dir='ltr'><strong>occasione</strong></span> <span class='ocrx_word' id='word_1_354' title='bbox 1921 631 2211 660; x_wconf 78' lang='lat' dir='ltr'><strong>accommodationis</strong></span> 
     </span>
     <span class='ocr_line' id='line_1_67' title="bbox 1304 676 2211 717; baseline 0.002 -11"><span class='ocrx_word' id='word_1_355' title='bbox 1304 676 1388 706; x_wconf 85' lang='lat' dir='ltr'><strong>XXX</strong></span> <span class='ocrx_word' id='word_1_356' title='bbox 1427 678 1612 711; x_wconf 85' lang='lat' dir='ltr'><strong>francorum,</strong></span> <span class='ocrx_word' id='word_1_357' title='bbox 1645 678 1698 717; x_wconf 90' lang='lat' dir='ltr'><strong>qui</strong></span> <span class='ocrx_word' id='word_1_358' title='bbox 1730 678 1879 717; x_wconf 87' lang='lat' dir='ltr'><strong>deputati,</strong></span> <span class='ocrx_word' id='word_1_359' title='bbox 1918 678 2036 707; x_wconf 87' lang='lat' dir='ltr'><strong>scilicet</strong></span> <span class='ocrx_word' id='word_1_360' title='bbox 2069 679 2211 708; x_wconf 88' lang='lat' dir='ltr'><strong>dominus</strong></span> 
     </span>
     <span class='ocr_line' id='line_1_68' title="bbox 1305 726 2213 767; baseline 0.002 -13"><span class='ocrx_word' id='word_1_361' title='bbox 1305 731 1448 765; x_wconf 89' lang='lat' dir='ltr'><strong>receptor</strong></span> <span class='ocrx_word' id='word_1_362' title='bbox 1472 732 1502 755; x_wconf 91' lang='lat' dir='ltr'><strong>et</strong></span> <span class='ocrx_word' id='word_1_363' title='bbox 1525 726 1672 766; x_wconf 81' lang='lat' dir='ltr'><strong>magister</strong></span> <span class='ocrx_word' id='word_1_364' title='bbox 1694 726 1840 756; x_wconf 84' lang='lat' dir='ltr'><strong>Hinricus</strong></span> <span class='ocrx_word' id='word_1_365' title='bbox 1865 726 2019 766; x_wconf 84' lang='lat' dir='ltr'><strong>Langhals</strong></span> <span class='ocrx_word' id='word_1_366' title='bbox 2046 737 2112 756; x_wconf 88' lang='lat' dir='ltr'><strong>cum</strong></span> <span class='ocrx_word' id='word_1_367' title='bbox 2138 738 2213 767; x_wconf 89' lang='lat' dir='ltr'><strong>pro-</strong></span> 
     </span>
     <span class='ocr_line' id='line_1_69' title="bbox 1304 776 2213 816; baseline 0.001 -12"><span class='ocrx_word' id='word_1_368' title='bbox 1304 781 1446 805; x_wconf 87' lang='lat' dir='ltr'><strong>curatore</strong></span> <span class='ocrx_word' id='word_1_369' title='bbox 1478 781 1732 814; x_wconf 88' lang='lat' dir='ltr'><strong>presentaverant</strong></span> <span class='ocrx_word' id='word_1_370' title='bbox 1762 776 2018 815; x_wconf 86' lang='lat' dir='ltr'><strong>procuratoribus</strong></span> <span class='ocrx_word' id='word_1_371' title='bbox 2053 777 2213 816; x_wconf 74' lang='lat' dir='ltr'><strong>provincie</strong></span> 
     </span>
     <span class='ocr_line' id='line_1_70' title="bbox 1307 823 2213 864; baseline 0.001 -11"><span class='ocrx_word' id='word_1_372' title='bbox 1307 824 1436 864; x_wconf 80' lang='lat' dir='ltr'><strong>pignora</strong></span> <span class='ocrx_word' id='word_1_373' title='bbox 1467 834 1524 863; x_wconf 90' lang='lat' dir='ltr'><strong>pro</strong></span> <span class='ocrx_word' id='word_1_374' title='bbox 1551 823 1627 854; x_wconf 76' lang='lat' dir='ltr'><strong>Lll²</strong></span> <span class='ocrx_word' id='word_1_375' title='bbox 1649 825 1762 854; x_wconf 86' lang='lat' dir='ltr'><strong>francis</strong></span> <span class='ocrx_word' id='word_1_376' title='bbox 1789 825 1922 864; x_wconf 84' lang='lat' dir='ltr'><strong>receptis</strong></span> <span class='ocrx_word' id='word_1_377' title='bbox 1951 825 1988 854; x_wconf 87' lang='lat' dir='ltr'><strong>ab</strong></span> <span class='ocrx_word' id='word_1_378' title='bbox 2013 825 2129 854; x_wconf 87' lang='lat' dir='ltr'><strong>eisdem</strong></span> <span class='ocrx_word' id='word_1_379' title='bbox 2154 825 2213 854; x_wconf 81' lang='lat'><strong>30³</strong></span> 
     </span>
     <span class='ocr_line' id='line_1_71' title="bbox 1306 874 1682 913; baseline 0 -11"><span class='ocrx_word' id='word_1_380' title='bbox 1306 874 1419 902; x_wconf 85' lang='lat' dir='ltr'><strong>francis</strong></span> <span class='ocrx_word' id='word_1_381' title='bbox 1434 874 1507 902; x_wconf 88' lang='lat' dir='ltr'><strong>boni</strong></span> <span class='ocrx_word' id='word_1_382' title='bbox 1522 874 1682 913; x_wconf 85' lang='lat' dir='ltr'><strong>ponderis.</strong></span> 
     </span>
    </p>

    <p class='ocr_par' dir='ltr' id='par_1_30' title="bbox 1307 922 2214 1061">
     <span class='ocr_line' id='line_1_72' title="bbox 1349 922 2213 952; baseline 0.001 -1"><span class='ocrx_word' id='word_1_383' title='bbox 1349 922 1423 952; x_wconf 87' lang='lat' dir='ltr'><strong>ltem</strong></span> <span class='ocrx_word' id='word_1_384' title='bbox 1463 922 1636 952; x_wconf 85' lang='lat' dir='ltr'><strong>licentiatus</strong></span> <span class='ocrx_word' id='word_1_385' title='bbox 1679 923 1734 952; x_wconf 87' lang='lat' dir='ltr'><strong>suit</strong></span> <span class='ocrx_word' id='word_1_386' title='bbox 1770 923 1913 952; x_wconf 91' lang='lat' dir='ltr'><strong>dominus</strong></span> <span class='ocrx_word' id='word_1_387' title='bbox 1950 922 2138 952; x_wconf 44' lang='lat' dir='ltr'><strong>&amp;Vilhelmus</strong></span> <span class='ocrx_word' id='word_1_388' title='bbox 2175 924 2213 952; x_wconf 87' lang='lat' dir='ltr'><strong>de</strong></span> 
     </span>
     <span class='ocr_line' id='line_1_73' title="bbox 1307 971 2214 1012; baseline 0.001 -12"><span class='ocrx_word' id='word_1_389' title='bbox 1307 971 1570 1001; x_wconf 86' lang='lat' dir='ltr'><strong>Aemsterdamme</strong></span> <span class='ocrx_word' id='word_1_390' title='bbox 1586 972 1644 1001; x_wconf 91' lang='lat' dir='ltr'><strong>sub</strong></span> <span class='ocrx_word' id='word_1_391' title='bbox 1657 972 1805 1011; x_wconf 83' lang='lat' dir='ltr'><strong>magistro</strong></span> <span class='ocrx_word' id='word_1_392' title='bbox 1821 972 1987 1011; x_wconf 85' lang='lat' dir='ltr'><strong>Reygnero</strong></span> <span class='ocrx_word' id='word_1_393' title='bbox 2004 972 2110 1011; x_wconf 78' lang='lat' dir='ltr'><strong>Creyt,</strong></span> <span class='ocrx_word' id='word_1_394' title='bbox 2127 971 2214 1012; x_wconf 79' lang='lat' dir='ltr'><strong>cujus</strong></span> 
     </span>
     <span class='ocr_line' id='line_1_74' title="bbox 1308 1020 1918 1061; baseline 0.002 -12"><span class='ocrx_word' id='word_1_395' title='bbox 1308 1021 1402 1050; x_wconf 87' lang='lat' dir='ltr'><strong>burse</strong></span> <span class='ocrx_word' id='word_1_396' title='bbox 1419 1020 1476 1049; x_wconf 92' lang='lat' dir='ltr'><strong>VlI</strong></span> <span class='ocrx_word' id='word_1_397' title='bbox 1492 1021 1595 1056; x_wconf 85' lang='lat' dir='ltr'><strong>solidi,</strong></span> <span class='ocrx_word' id='word_1_398' title='bbox 1613 1027 1643 1050; x_wconf 90' lang='lat' dir='ltr'><strong>et</strong></span> <span class='ocrx_word' id='word_1_399' title='bbox 1660 1021 1764 1060; x_wconf 89' lang='lat' dir='ltr'><strong>posuit</strong></span> <span class='ocrx_word' id='word_1_400' title='bbox 1775 1021 1918 1061; x_wconf 86' lang='lat' dir='ltr'><strong>pignora.</strong></span> 
     </span>
    </p>

    <p class='ocr_par' dir='ltr' id='par_1_31' title="bbox 1309 1069 2217 1306">
     <span class='ocr_line' id='line_1_75' title="bbox 1351 1069 2214 1109; baseline 0.001 -11"><span class='ocrx_word' id='word_1_401' title='bbox 1351 1069 1464 1099; x_wconf 82' lang='lat' dir='ltr'><strong>Eadem</strong></span> <span class='ocrx_word' id='word_1_402' title='bbox 1493 1070 1542 1099; x_wconf 91' lang='lat' dir='ltr'><strong>die</strong></span> <span class='ocrx_word' id='word_1_403' title='bbox 1571 1069 1663 1099; x_wconf 82' lang='lat' dir='ltr'><strong>solvit</strong></span> <span class='ocrx_word' id='word_1_404' title='bbox 1686 1070 1810 1099; x_wconf 89' lang='lat' dir='ltr'><strong>domino</strong></span> <span class='ocrx_word' id='word_1_405' title='bbox 1839 1070 1993 1109; x_wconf 84' lang='lat' dir='ltr'><strong>receptori</strong></span> <span class='ocrx_word' id='word_1_406' title='bbox 2021 1070 2039 1099; x_wconf 86' lang='lat'>4</span> <span class='ocrx_word' id='word_1_407' title='bbox 2051 1069 2061 1088; x_wconf 80' lang='lat'><strong>⁴</strong></span> <span class='ocrx_word' id='word_1_408' title='bbox 2094 1071 2214 1100; x_wconf 78' lang='lat' dir='ltr'><strong>francos</strong></span> 
     </span>
     <span class='ocr_line' id='line_1_76' title="bbox 1309 1118 2213 1158; baseline 0.001 -10"><span class='ocrx_word' id='word_1_409' title='bbox 1309 1119 1456 1158; x_wconf 81' lang='lat' dir='ltr'><strong>magister</strong></span> <span class='ocrx_word' id='word_1_410' title='bbox 1467 1118 1642 1148; x_wconf 85' lang='lat' dir='ltr'><strong>Hartwicus</strong></span> <span class='ocrx_word' id='word_1_411' title='bbox 1658 1120 1696 1148; x_wconf 92' lang='lat' dir='ltr'><strong>de</strong></span> <span class='ocrx_word' id='word_1_412' title='bbox 1710 1119 1858 1153; x_wconf 86' lang='lat' dir='ltr'><strong>Hammis,</strong></span> <span class='ocrx_word' id='word_1_413' title='bbox 1872 1119 2044 1148; x_wconf 89' lang='lat' dir='ltr'><strong>Swerinen.</strong></span> <span class='ocrx_word' id='word_1_414' title='bbox 2058 1120 2213 1158; x_wconf 82' lang='lat' dir='ltr'><strong>dyocesis,</strong></span> 
     </span>
     <span class='ocr_line' id='line_1_77' title="bbox 1309 1167 2217 1208; baseline 0.001 -11"><span class='ocrx_word' id='word_1_415' title='bbox 1309 1178 1367 1208; x_wconf 89' lang='lat' dir='ltr'><strong>pro</strong></span> <span class='ocrx_word' id='word_1_416' title='bbox 1375 1168 1476 1198; x_wconf 91' lang='lat' dir='ltr'><strong>tribus</strong></span> <span class='ocrx_word' id='word_1_417' title='bbox 1483 1168 1631 1208; x_wconf 82' lang='lat' dir='ltr'><strong>gradibus</strong></span> <span class='ocrx_word' id='word_1_418' title='bbox 1638 1167 1650 1186; x_wconf 74' lang='lat'><strong>⁵</strong></span> <span class='ocrx_word' id='word_1_419' title='bbox 1659 1169 1697 1197; x_wconf 85' lang='lat' dir='ltr'><strong>ad</strong></span> <span class='ocrx_word' id='word_1_420' title='bbox 1705 1169 1818 1197; x_wconf 89' lang='lat' dir='ltr'><strong>bonum</strong></span> <span class='ocrx_word' id='word_1_421' title='bbox 1827 1175 2012 1208; x_wconf 90' lang='lat' dir='ltr'><strong>compotum.</strong></span> <span class='ocrx_word' id='word_1_422' title='bbox 2022 1168 2061 1198; x_wconf 75' lang='lat' dir='ltr'><strong>Et</strong></span> <span class='ocrx_word' id='word_1_423' title='bbox 2069 1169 2217 1198; x_wconf 86' lang='lat' dir='ltr'><strong>remansit</strong></span> 
     </span>
     <span class='ocr_line' id='line_1_78' title="bbox 1310 1217 2215 1257; baseline 0 -11"><span class='ocrx_word' id='word_1_424' title='bbox 1310 1217 1338 1246; x_wconf 90' lang='lat' dir='ltr'><strong>ei</strong></span> <span class='ocrx_word' id='word_1_425' title='bbox 1364 1217 1486 1246; x_wconf 90' lang='lat' dir='ltr'><strong>debitus</strong></span> <span class='ocrx_word' id='word_1_426' title='bbox 1512 1217 1543 1246; x_wconf 91' lang='lat' dir='ltr'><strong>in</strong></span> <span class='ocrx_word' id='word_1_427' title='bbox 1570 1217 1626 1252; x_wconf 84' lang='lat'>111,</span> <span class='ocrx_word' id='word_1_428' title='bbox 1650 1227 1708 1256; x_wconf 92' lang='lat' dir='ltr'><strong>pro</strong></span> <span class='ocrx_word' id='word_1_429' title='bbox 1737 1217 1850 1256; x_wconf 87' lang='lat' dir='ltr'><strong>quibus</strong></span> <span class='ocrx_word' id='word_1_430' title='bbox 1873 1217 2078 1257; x_wconf 84' lang='lat' dir='ltr'><strong>impignorata</strong></span> <span class='ocrx_word' id='word_1_431' title='bbox 2100 1218 2131 1246; x_wconf 92' lang='lat' dir='ltr'><strong>in</strong></span> <span class='ocrx_word' id='word_1_432' title='bbox 2156 1228 2215 1247; x_wconf 88' lang='lat' dir='ltr'><strong>una</strong></span> 
     </span>
     <span class='ocr_line' id='line_1_79' title="bbox 1310 1265 1991 1306; baseline 0 -11"><span class='ocrx_word' id='word_1_433' title='bbox 1310 1265 1533 1306; x_wconf 86' lang='lat' dir='ltr'><strong>Phylosophia‚</strong></span> <span class='ocrx_word' id='word_1_434' title='bbox 1550 1276 1712 1306; x_wconf 89' lang='lat' dir='ltr'><strong>quousque</strong></span> <span class='ocrx_word' id='word_1_435' title='bbox 1728 1266 1841 1305; x_wconf 90' lang='lat' dir='ltr'><strong>poterit</strong></span> <span class='ocrx_word' id='word_1_436' title='bbox 1858 1266 1991 1295; x_wconf 85' lang='lat' dir='ltr'><strong>solvere.</strong></span> 
     </span>
    </p>

    <p class='ocr_par' dir='ltr' id='par_1_32' title="bbox 1308 1314 2215 1442">
     <span class='ocr_line' id='line_1_80' title="bbox 1350 1314 2214 1355; baseline 0 -11"><span class='ocrx_word' id='word_1_437' title='bbox 1350 1315 1424 1344; x_wconf 89' lang='lat' dir='ltr'><strong>ltem</strong></span> <span class='ocrx_word' id='word_1_438' title='bbox 1449 1315 1564 1354; x_wconf 87' lang='lat' dir='ltr'><strong>incepit</strong></span> <span class='ocrx_word' id='word_1_439' title='bbox 1584 1315 1728 1344; x_wconf 90' lang='lat' dir='ltr'><strong>dominus</strong></span> <span class='ocrx_word' id='word_1_440' title='bbox 1747 1314 1894 1344; x_wconf 88' lang='lat' dir='ltr'><strong>Albertus</strong></span> <span class='ocrx_word' id='word_1_441' title='bbox 1923 1315 2058 1344; x_wconf 91' lang='lat' dir='ltr'><strong>Bestken</strong></span> <span class='ocrx_word' id='word_1_442' title='bbox 2081 1316 2118 1344; x_wconf 93' lang='lat' dir='ltr'><strong>de</strong></span> <span class='ocrx_word' id='word_1_443' title='bbox 2139 1315 2214 1355; x_wconf 89' lang='lat' dir='ltr'><strong>Tyla</strong></span> 
     </span>
     <span class='ocr_line' id='line_1_81' title="bbox 1309 1363 2215 1403; baseline 0.001 -10"><span class='ocrx_word' id='word_1_444' title='bbox 1309 1365 1366 1393; x_wconf 90' lang='lat' dir='ltr'><strong>sub</strong></span> <span class='ocrx_word' id='word_1_445' title='bbox 1385 1364 1534 1403; x_wconf 82' lang='lat' dir='ltr'><strong>magistro</strong></span> <span class='ocrx_word' id='word_1_446' title='bbox 1552 1364 1726 1393; x_wconf 90' lang='lat' dir='ltr'><strong>Gwillelmo</strong></span> <span class='ocrx_word' id='word_1_447' title='bbox 1742 1363 1995 1403; x_wconf 77' lang='lat' dir='ltr'><strong>Gwadeneghe⁸,</strong></span> <span class='ocrx_word' id='word_1_448' title='bbox 2013 1363 2099 1403; x_wconf 90' lang='lat' dir='ltr'><strong>cujus</strong></span> <span class='ocrx_word' id='word_1_449' title='bbox 2121 1365 2215 1394; x_wconf 91' lang='lat' dir='ltr'><strong>burse</strong></span> 
     </span>
     <span class='ocr_line' id='line_1_82' title="bbox 1308 1412 1466 1442; baseline 0 0"><span class='ocrx_word' id='word_1_450' title='bbox 1308 1412 1348 1442; x_wconf 92' lang='lat' dir='ltr'><strong>Vl</strong></span> <span class='ocrx_word' id='word_1_451' title='bbox 1363 1413 1466 1442; x_wconf 89' lang='lat' dir='ltr'><strong>solidi.</strong></span> 
     </span>
    </p>

    <p class='ocr_par' dir='ltr' id='par_1_33' title="bbox 1308 1462 2214 1550">
     <span class='ocr_line' id='line_1_83' title="bbox 1349 1462 2214 1502; baseline -0.001 -11"><span class='ocrx_word' id='word_1_452' title='bbox 1349 1462 1424 1491; x_wconf 84' lang='lat' dir='ltr'><strong>Item</strong></span> <span class='ocrx_word' id='word_1_453' title='bbox 1452 1462 1567 1501; x_wconf 88' lang='lat' dir='ltr'><strong>incepit</strong></span> <span class='ocrx_word' id='word_1_454' title='bbox 1597 1462 1740 1491; x_wconf 89' lang='lat' dir='ltr'><strong>dominus</strong></span> <span class='ocrx_word' id='word_1_455' title='bbox 1770 1462 1927 1491; x_wconf 79' lang='lat' dir='ltr'><strong>Arnotdus</strong></span> <span class='ocrx_word' id='word_1_456' title='bbox 1955 1462 2126 1502; x_wconf 77' lang='lat' dir='ltr'><strong>Orynglien</strong></span> <span class='ocrx_word' id='word_1_457' title='bbox 2157 1464 2214 1492; x_wconf 87' lang='lat' dir='ltr'><strong>sub</strong></span> 
     </span>
     <span class='ocr_line' id='line_1_84' title="bbox 1308 1510 2126 1550; baseline 0 -10"><span class='ocrx_word' id='word_1_458' title='bbox 1308 1511 1456 1550; x_wconf 79' lang='lat' dir='ltr'><strong>magistro</strong></span> <span class='ocrx_word' id='word_1_459' title='bbox 1472 1511 1614 1540; x_wconf 89' lang='lat' dir='ltr'><strong>Arnoldo</strong></span> <span class='ocrx_word' id='word_1_460' title='bbox 1629 1511 1724 1546; x_wconf 88' lang='lat' dir='ltr'><strong>Neve,</strong></span> <span class='ocrx_word' id='word_1_461' title='bbox 1743 1510 1830 1550; x_wconf 88' lang='lat' dir='ltr'><strong>cujus</strong></span> <span class='ocrx_word' id='word_1_462' title='bbox 1846 1513 1938 1540; x_wconf 88' lang='lat' dir='ltr'><strong>burse</strong></span> <span class='ocrx_word' id='word_1_463' title='bbox 1953 1511 2009 1540; x_wconf 94' lang='lat' dir='ltr'><strong>Vll</strong></span> <span class='ocrx_word' id='word_1_464' title='bbox 2024 1511 2126 1540; x_wconf 88' lang='lat' dir='ltr'><strong>solidi.</strong></span> 
     </span>
    </p>

    <p class='ocr_par' dir='ltr' id='par_1_34' title="bbox 1306 1559 2215 1687">
     <span class='ocr_line' id='line_1_85' title="bbox 1348 1559 2215 1600; baseline 0 -11"><span class='ocrx_word' id='word_1_465' title='bbox 1348 1560 1422 1589; x_wconf 89' lang='lat' dir='ltr'><strong>Item</strong></span> <span class='ocrx_word' id='word_1_466' title='bbox 1437 1560 1553 1600; x_wconf 88' lang='lat' dir='ltr'><strong>incepit</strong></span> <span class='ocrx_word' id='word_1_467' title='bbox 1566 1560 1709 1589; x_wconf 87' lang='lat' dir='ltr'><strong>dominus</strong></span> <span class='ocrx_word' id='word_1_468' title='bbox 1728 1559 1920 1590; x_wconf 87' lang='lat' dir='ltr'><strong>Gwillelmus</strong></span> <span class='ocrx_word' id='word_1_469' title='bbox 1936 1560 2007 1589; x_wconf 88' lang='lat' dir='ltr'><strong>Zael</strong></span> <span class='ocrx_word' id='word_1_470' title='bbox 2021 1561 2058 1589; x_wconf 92' lang='lat' dir='ltr'><strong>de</strong></span> <span class='ocrx_word' id='word_1_471' title='bbox 2074 1561 2215 1589; x_wconf 83' lang='lat' dir='ltr'><strong>Amster-</strong></span> 
     </span>
     <span class='ocr_line' id='line_1_86' title="bbox 1306 1608 2215 1649; baseline 0 -11"><span class='ocrx_word' id='word_1_472' title='bbox 1306 1610 1393 1638; x_wconf 90' lang='lat' dir='ltr'><strong>dame</strong></span> <span class='ocrx_word' id='word_1_473' title='bbox 1411 1610 1469 1638; x_wconf 90' lang='lat' dir='ltr'><strong>sub</strong></span> <span class='ocrx_word' id='word_1_474' title='bbox 1486 1609 1634 1649; x_wconf 85' lang='lat' dir='ltr'><strong>magistro</strong></span> <span class='ocrx_word' id='word_1_475' title='bbox 1652 1609 1796 1648; x_wconf 84' lang='lat' dir='ltr'><strong>Reynero</strong></span> <span class='ocrx_word' id='word_1_476' title='bbox 1817 1609 1923 1648; x_wconf 81' lang='lat' dir='ltr'><strong>Creyt,</strong></span> <span class='ocrx_word' id='word_1_477' title='bbox 1945 1608 2032 1649; x_wconf 87' lang='lat' dir='ltr'><strong>cujus</strong></span> <span class='ocrx_word' id='word_1_478' title='bbox 2050 1610 2143 1638; x_wconf 87' lang='lat' dir='ltr'><strong>burse</strong></span> <span class='ocrx_word' id='word_1_479' title='bbox 2162 1620 2215 1638; x_wconf 82' lang='lat' dir='ltr'><strong>sex</strong></span> 
     </span>
     <span class='ocr_line' id='line_1_87' title="bbox 1307 1657 1408 1687; baseline -0.01 0"><span class='ocrx_word' id='word_1_480' title='bbox 1307 1657 1408 1687; x_wconf 89' lang='lat' dir='ltr'><strong>solidi.</strong></span> 
     </span>
    </p>

    <p class='ocr_par' dir='ltr' id='par_1_35' title="bbox 1308 1706 2214 1796">
     <span class='ocr_line' id='line_1_88' title="bbox 1347 1706 2214 1747; baseline 0 -11"><span class='ocrx_word' id='word_1_481' title='bbox 1347 1707 1421 1736; x_wconf 90' lang='lat' dir='ltr'><strong>Item</strong></span> <span class='ocrx_word' id='word_1_482' title='bbox 1439 1707 1555 1747; x_wconf 89' lang='lat' dir='ltr'><strong>incepit</strong></span> <span class='ocrx_word' id='word_1_483' title='bbox 1567 1707 1709 1736; x_wconf 86' lang='lat' dir='ltr'><strong>dominus</strong></span> <span class='ocrx_word' id='word_1_484' title='bbox 1720 1706 1853 1736; x_wconf 87' lang='lat' dir='ltr'><strong>Thomas</strong></span> <span class='ocrx_word' id='word_1_485' title='bbox 1869 1708 1906 1736; x_wconf 91' lang='lat' dir='ltr'><strong>de</strong></span> <span class='ocrx_word' id='word_1_486' title='bbox 1922 1707 2036 1736; x_wconf 89' lang='lat' dir='ltr'><strong>Herlen</strong></span> <span class='ocrx_word' id='word_1_487' title='bbox 2050 1709 2107 1737; x_wconf 88' lang='lat' dir='ltr'><strong>sub</strong></span> <span class='ocrx_word' id='word_1_488' title='bbox 2122 1708 2214 1747; x_wconf 81' lang='lat' dir='ltr'><strong>magi-</strong></span> 
     </span>
     <span class='ocr_line' id='line_1_89' title="bbox 1308 1755 2211 1796; baseline 0.001 -11"><span class='ocrx_word' id='word_1_489' title='bbox 1308 1762 1374 1786; x_wconf 84' lang='lat' dir='ltr'><strong>stro</strong></span> <span class='ocrx_word' id='word_1_490' title='bbox 1385 1756 1531 1796; x_wconf 85' lang='lat' dir='ltr'><strong>Reynero</strong></span> <span class='ocrx_word' id='word_1_491' title='bbox 1544 1755 1650 1796; x_wconf 85' lang='lat' dir='ltr'><strong>Creyt‚</strong></span> <span class='ocrx_word' id='word_1_492' title='bbox 1663 1755 1840 1796; x_wconf 88' lang='lat' dir='ltr'><strong>quijuravit</strong></span> <span class='ocrx_word' id='word_1_493' title='bbox 1855 1763 1998 1786; x_wconf 88' lang='lat' dir='ltr'><strong>statutum</strong></span> <span class='ocrx_word' id='word_1_494' title='bbox 2012 1757 2211 1796; x_wconf 81' lang='lat' dir='ltr'><strong>paupertatis.</strong></span> 
     </span>
    </p>

    <p class='ocr_par' dir='ltr' id='par_1_36' title="bbox 1306 1804 2214 1943">
     <span class='ocr_line' id='line_1_90' title="bbox 1347 1804 2213 1845; baseline 0.001 -11"><span class='ocrx_word' id='word_1_495' title='bbox 1347 1805 1421 1834; x_wconf 91' lang='lat' dir='ltr'><strong>ltem</strong></span> <span class='ocrx_word' id='word_1_496' title='bbox 1433 1804 1539 1834; x_wconf 82' lang='lat' dir='ltr'>XV11⁷</span> <span class='ocrx_word' id='word_1_497' title='bbox 1554 1805 1604 1834; x_wconf 91' lang='lat' dir='ltr'><strong>die</strong></span> <span class='ocrx_word' id='word_1_498' title='bbox 1614 1805 1730 1834; x_wconf 88' lang='lat' dir='ltr'><strong>mensis</strong></span> <span class='ocrx_word' id='word_1_499' title='bbox 1741 1805 1860 1845; x_wconf 88' lang='lat' dir='ltr'><strong>Aprilis</strong></span> <span class='ocrx_word' id='word_1_500' title='bbox 1877 1805 1939 1835; x_wconf 86' lang='lat' dir='ltr'><strong>dati</strong></span> <span class='ocrx_word' id='word_1_501' title='bbox 1953 1806 2075 1835; x_wconf 83' lang='lat' dir='ltr'><strong>suerunt</strong></span> <span class='ocrx_word' id='word_1_502' title='bbox 2089 1806 2213 1835; x_wconf 86' lang='lat' dir='ltr'><strong>lattomo</strong></span> 
     </span>
     <span class='ocr_line' id='line_1_91' title="bbox 1307 1854 2214 1894; baseline 0.001 -11"><span class='ocrx_word' id='word_1_503' title='bbox 1307 1864 1360 1884; x_wconf 89' lang='lat' dir='ltr'><strong>seu</strong></span> <span class='ocrx_word' id='word_1_504' title='bbox 1390 1854 1560 1894; x_wconf 80' lang='lat' dir='ltr'><strong>reparatori</strong></span> <span class='ocrx_word' id='word_1_505' title='bbox 1590 1854 1741 1884; x_wconf 88' lang='lat' dir='ltr'><strong>scolarum</strong></span> <span class='ocrx_word' id='word_1_506' title='bbox 1769 1861 1938 1894; x_wconf 87' lang='lat' dir='ltr'><strong>emptarum</strong></span> <span class='ocrx_word' id='word_1_507' title='bbox 1970 1865 1985 1883; x_wconf 92' lang='lat' dir='ltr'><strong>a</strong></span> <span class='ocrx_word' id='word_1_508' title='bbox 2011 1855 2139 1884; x_wconf 85' lang='lat' dir='ltr'><strong>nacione</strong></span> <span class='ocrx_word' id='word_1_509' title='bbox 2166 1855 2189 1884; x_wconf 91' lang='lat' dir='ltr'>L</span> <span class='ocrx_word' id='word_1_510' title='bbox 2202 1854 2214 1872; x_wconf 57' lang='grc' dir='ltr'><strong>Β</strong></span> 
     </span>
     <span class='ocr_line' id='line_1_92' title="bbox 1306 1903 1951 1943; baseline 0 -11"><span class='ocrx_word' id='word_1_511' title='bbox 1306 1903 1414 1939; x_wconf 75' lang='lat' dir='ltr'><strong>franci,</strong></span> <span class='ocrx_word' id='word_1_512' title='bbox 1431 1903 1513 1943; x_wconf 88' lang='lat' dir='ltr'><strong>quod</strong></span> <span class='ocrx_word' id='word_1_513' title='bbox 1527 1903 1678 1943; x_wconf 88' lang='lat' dir='ltr'><strong>inciperet</strong></span> <span class='ocrx_word' id='word_1_514' title='bbox 1695 1903 1779 1943; x_wconf 87' lang='lat' dir='ltr'><strong>ipsas</strong></span> <span class='ocrx_word' id='word_1_515' title='bbox 1797 1903 1951 1932; x_wconf 78' lang='lat' dir='ltr'><strong>edificare.</strong></span> 
     </span>
    </p>

    <p class='ocr_par' dir='ltr' id='par_1_37' title="bbox 1304 1951 2216 2335">
     <span class='ocr_line' id='line_1_93' title="bbox 1345 1951 2216 1991; baseline -0.001 -9"><span class='ocrx_word' id='word_1_516' title='bbox 1345 1951 1429 1982; x_wconf 84' lang='lat' dir='ltr'><strong>XXX</strong></span> <span class='ocrx_word' id='word_1_517' title='bbox 1448 1952 1509 1987; x_wconf 84' lang='lat' dir='ltr'><strong>die,</strong></span> <span class='ocrx_word' id='word_1_518' title='bbox 1533 1952 1598 1982; x_wconf 90' lang='lat' dir='ltr'><strong>sive</strong></span> <span class='ocrx_word' id='word_1_519' title='bbox 1621 1952 1727 1981; x_wconf 85' lang='lat' dir='ltr'><strong>ultimo</strong></span> <span class='ocrx_word' id='word_1_520' title='bbox 1749 1952 1864 1981; x_wconf 89' lang='lat' dir='ltr'><strong>mensis</strong></span> <span class='ocrx_word' id='word_1_521' title='bbox 1888 1951 2037 1991; x_wconf 85' lang='lat' dir='ltr'><strong>ejusdem,</strong></span> <span class='ocrx_word' id='word_1_522' title='bbox 2062 1953 2145 1991; x_wconf 91' lang='lat' dir='ltr'><strong>quod</strong></span> <span class='ocrx_word' id='word_1_523' title='bbox 2169 1959 2216 1982; x_wconf 86' lang='lat' dir='ltr'><strong>cst</strong></span> 
     </span>
     <span class='ocr_line' id='line_1_94' title="bbox 1307 2001 2212 2041; baseline 0 -11"><span class='ocrx_word' id='word_1_524' title='bbox 1307 2002 1477 2041; x_wconf 79' lang='lat' dir='ltr'><strong>profestum</strong></span> <span class='ocrx_word' id='word_1_525' title='bbox 1489 2002 1646 2031; x_wconf 86' lang='lat' dir='ltr'><strong>beatorum</strong></span> <span class='ocrx_word' id='word_1_526' title='bbox 1664 2001 1875 2040; x_wconf 85' lang='lat' dir='ltr'><strong>apostolorum</strong></span> <span class='ocrx_word' id='word_1_527' title='bbox 1891 2001 2027 2041; x_wconf 86' lang='lat' dir='ltr'><strong>Philippi</strong></span> <span class='ocrx_word' id='word_1_528' title='bbox 2046 2008 2075 2030; x_wconf 84' lang='lat' dir='ltr'><strong>et</strong></span> <span class='ocrx_word' id='word_1_529' title='bbox 2094 2001 2212 2035; x_wconf 83' lang='lat' dir='ltr'><strong>Jacobi,</strong></span> 
     </span>
     <span class='ocr_line' id='line_1_95' title="bbox 1305 2050 2214 2090; baseline -0.001 -10"><span class='ocrx_word' id='word_1_530' title='bbox 1305 2060 1365 2090; x_wconf 90' lang='lat' dir='ltr'><strong>qua</strong></span> <span class='ocrx_word' id='word_1_531' title='bbox 1388 2051 1437 2080; x_wconf 90' lang='lat' dir='ltr'><strong>die</strong></span> <span class='ocrx_word' id='word_1_532' title='bbox 1461 2051 1532 2079; x_wconf 85' lang='lat' dir='ltr'><strong>data</strong></span> <span class='ocrx_word' id='word_1_533' title='bbox 1553 2050 1675 2080; x_wconf 84' lang='lat' dir='ltr'><strong>fuerunt</strong></span> <span class='ocrx_word' id='word_1_534' title='bbox 1699 2050 1856 2090; x_wconf 83' lang='lat' dir='ltr'><strong>provincie</strong></span> <span class='ocrx_word' id='word_1_535' title='bbox 1878 2051 2010 2090; x_wconf 80' lang='lat' dir='ltr'><strong>pignora</strong></span> <span class='ocrx_word' id='word_1_536' title='bbox 2036 2056 2134 2079; x_wconf 87' lang='lat' dir='ltr'><strong>taxata</strong></span> <span class='ocrx_word' id='word_1_537' title='bbox 2158 2060 2214 2089; x_wconf 91' lang='lat' dir='ltr'><strong>pro</strong></span> 
     </span>
     <span class='ocr_line' id='line_1_96' title="bbox 1305 2098 2214 2139; baseline -0.002 -10"><span class='ocrx_word' id='word_1_538' title='bbox 1305 2099 1526 2139; x_wconf 85' lang='lat' dir='ltr'><strong>quinquaginta</strong></span> <span class='ocrx_word' id='word_1_539' title='bbox 1545 2099 1666 2128; x_wconf 86' lang='lat' dir='ltr'><strong>duobus</strong></span> <span class='ocrx_word' id='word_1_540' title='bbox 1680 2098 1792 2128; x_wconf 83' lang='lat' dir='ltr'><strong>francis</strong></span> <span class='ocrx_word' id='word_1_541' title='bbox 1808 2099 2010 2128; x_wconf 87' lang='lat' dir='ltr'><strong>communiter</strong></span> <span class='ocrx_word' id='word_1_542' title='bbox 2025 2109 2040 2127; x_wconf 92' lang='lat' dir='ltr'><strong>a</strong></span> <span class='ocrx_word' id='word_1_543' title='bbox 2059 2099 2214 2138; x_wconf 79' lang='lat' dir='ltr'><strong>deputatis</strong></span> 
     </span>
     <span class='ocr_line' id='line_1_97' title="bbox 1304 2147 2214 2187; baseline -0.001 -10"><span class='ocrx_word' id='word_1_544' title='bbox 1304 2148 1455 2183; x_wconf 87' lang='lat' dir='ltr'><strong>nacionis,</strong></span> <span class='ocrx_word' id='word_1_545' title='bbox 1490 2147 1608 2178; x_wconf 88' lang='lat' dir='ltr'><strong>scilicet</strong></span> <span class='ocrx_word' id='word_1_546' title='bbox 1639 2154 1800 2187; x_wconf 87' lang='lat' dir='ltr'><strong>receptore</strong></span> <span class='ocrx_word' id='word_1_547' title='bbox 1811 2147 1839 2182; x_wconf 81' lang='lat'><strong>⁹,</strong></span> <span class='ocrx_word' id='word_1_548' title='bbox 1869 2148 2017 2187; x_wconf 82' lang='lat' dir='ltr'><strong>magistro</strong></span> <span class='ocrx_word' id='word_1_549' title='bbox 2049 2148 2214 2182; x_wconf 86' lang='lat' dir='ltr'><strong>Herncsto,</strong></span> 
     </span>
     <span class='ocr_line' id='line_1_98' title="bbox 1305 2197 2215 2237; baseline -0.001 -11"><span class='ocrx_word' id='word_1_550' title='bbox 1305 2203 1518 2237; x_wconf 89' lang='lat' dir='ltr'><strong>procuratore,</strong></span> <span class='ocrx_word' id='word_1_551' title='bbox 1537 2197 1685 2236; x_wconf 81' lang='lat' dir='ltr'><strong>magistro</strong></span> <span class='ocrx_word' id='word_1_552' title='bbox 1702 2197 1860 2226; x_wconf 88' lang='lat' dir='ltr'><strong>Hartwico</strong></span> <span class='ocrx_word' id='word_1_553' title='bbox 1875 2197 1913 2226; x_wconf 90' lang='lat' dir='ltr'><strong>de</strong></span> <span class='ocrx_word' id='word_1_554' title='bbox 1932 2197 2046 2226; x_wconf 90' lang='lat' dir='ltr'><strong>Sundis</strong></span> <span class='ocrx_word' id='word_1_555' title='bbox 2069 2203 2099 2226; x_wconf 92' lang='lat' dir='ltr'><strong>et</strong></span> <span class='ocrx_word' id='word_1_556' title='bbox 2118 2197 2215 2236; x_wconf 86' lang='lat' dir='ltr'><strong>magi-</strong></span> 
     </span>
     <span class='ocr_line' id='line_1_99' title="bbox 1305 2245 2215 2285; baseline -0.001 -10"><span class='ocrx_word' id='word_1_557' title='bbox 1305 2252 1371 2276; x_wconf 88' lang='lat' dir='ltr'><strong>stro</strong></span> <span class='ocrx_word' id='word_1_558' title='bbox 1402 2246 1531 2275; x_wconf 86' lang='lat' dir='ltr'><strong>Hinrico</strong></span> <span class='ocrx_word' id='word_1_559' title='bbox 1562 2245 1724 2281; x_wconf 82' lang='lat' dir='ltr'><strong>Lanchals,</strong></span> <span class='ocrx_word' id='word_1_560' title='bbox 1753 2245 1866 2285; x_wconf 84' lang='lat' dir='ltr'><strong>quibus</strong></span> <span class='ocrx_word' id='word_1_561' title='bbox 1894 2251 1964 2275; x_wconf 91' lang='lat' dir='ltr'><strong>tunc</strong></span> <span class='ocrx_word' id='word_1_562' title='bbox 1996 2252 2215 2285; x_wconf 82' lang='lat' dir='ltr'><strong>procuratores</strong></span> 
     </span>
     <span class='ocr_line' id='line_1_100' title="bbox 1306 2294 2212 2335; baseline -0.001 -11"><span class='ocrx_word' id='word_1_563' title='bbox 1306 2295 1463 2335; x_wconf 85' lang='lat' dir='ltr'><strong>provincie</strong></span> <span class='ocrx_word' id='word_1_564' title='bbox 1474 2294 1558 2324; x_wconf 78' lang='lat' dir='ltr'><strong>XXX</strong></span> <span class='ocrx_word' id='word_1_565' title='bbox 1567 2295 1689 2324; x_wconf 75' lang='lat' dir='ltr'><strong>francos</strong></span> <span class='ocrx_word' id='word_1_566' title='bbox 1699 2295 1773 2323; x_wconf 89' lang='lat' dir='ltr'><strong>boni</strong></span> <span class='ocrx_word' id='word_1_567' title='bbox 1786 2295 1934 2334; x_wconf 86' lang='lat' dir='ltr'><strong>ponderis</strong></span> <span class='ocrx_word' id='word_1_568' title='bbox 1945 2300 2212 2334; x_wconf 85' lang='lat' dir='ltr'><strong>presentaverunt.</strong></span> 
     </span>
    </p>

    <p class='ocr_par' dir='ltr' id='par_1_38' title="bbox 1301 2343 2216 2579">
     <span class='ocr_line' id='line_1_101' title="bbox 1346 2343 2214 2384; baseline -0.001 -11"><span class='ocrx_word' id='word_1_569' title='bbox 1346 2344 1419 2384; x_wconf 74' lang='lat' dir='ltr'><strong>(Fal.</strong></span> <span class='ocrx_word' id='word_1_570' title='bbox 1441 2343 1468 2383; x_wconf 85' lang='lat'><strong>7)</strong></span> <span class='ocrx_word' id='word_1_571' title='bbox 1484 2343 1559 2373; x_wconf 90' lang='lat' dir='ltr'><strong>ltem</strong></span> <span class='ocrx_word' id='word_1_572' title='bbox 1572 2343 1653 2373; x_wconf 88' lang='lat' dir='ltr'><strong>XXV</strong></span> <span class='ocrx_word' id='word_1_573' title='bbox 1667 2343 1716 2372; x_wconf 89' lang='lat' dir='ltr'><strong>die</strong></span> <span class='ocrx_word' id='word_1_574' title='bbox 1732 2343 1847 2373; x_wconf 88' lang='lat' dir='ltr'><strong>mensis</strong></span> <span class='ocrx_word' id='word_1_575' title='bbox 1863 2343 1980 2383; x_wconf 84' lang='lat' dir='ltr'><strong>Aprilis</strong></span> <span class='ocrx_word' id='word_1_576' title='bbox 1995 2344 2071 2373; x_wconf 74' lang='lat' dir='ltr'><strong>sacta</strong></span> <span class='ocrx_word' id='word_1_577' title='bbox 2086 2353 2214 2382; x_wconf 77' lang='lat' dir='ltr'><strong>congre-</strong></span> 
     </span>
     <span class='ocr_line' id='line_1_102' title="bbox 1307 2392 2215 2433; baseline -0.001 -11"><span class='ocrx_word' id='word_1_578' title='bbox 1307 2393 1435 2433; x_wconf 81' lang='lat' dir='ltr'><strong>gacione</strong></span> <span class='ocrx_word' id='word_1_579' title='bbox 1450 2393 1589 2422; x_wconf 91' lang='lat' dir='ltr'><strong>nacionis</strong></span> <span class='ocrx_word' id='word_1_580' title='bbox 1606 2399 1678 2432; x_wconf 86' lang='lat' dir='ltr'><strong>post</strong></span> <span class='ocrx_word' id='word_1_581' title='bbox 1698 2402 1870 2422; x_wconf 89' lang='lat' dir='ltr'><strong>sermonem</strong></span> <span class='ocrx_word' id='word_1_582' title='bbox 1891 2393 1927 2421; x_wconf 87' lang='lat' dir='ltr'><strong>ad</strong></span> <span class='ocrx_word' id='word_1_583' title='bbox 1949 2393 2093 2422; x_wconf 88' lang='lat' dir='ltr'><strong>Sanctum</strong></span> <span class='ocrx_word' id='word_1_584' title='bbox 2114 2392 2215 2421; x_wconf 79' lang='lat' dir='ltr'><strong>Matu-</strong></span> 
     </span>
     <span class='ocr_line' id='line_1_103' title="bbox 1306 2441 2215 2481; baseline -0.002 -10"><span class='ocrx_word' id='word_1_585' title='bbox 1306 2442 1418 2478; x_wconf 89' lang='lat' dir='ltr'><strong>rinum,</strong></span> <span class='ocrx_word' id='word_1_586' title='bbox 1437 2442 1638 2471; x_wconf 88' lang='lat' dir='ltr'><strong>deliberatum</strong></span> <span class='ocrx_word' id='word_1_587' title='bbox 1660 2442 1714 2471; x_wconf 81' lang='lat' dir='ltr'><strong>suit</strong></span> <span class='ocrx_word' id='word_1_588' title='bbox 1731 2442 1814 2481; x_wconf 86' lang='lat' dir='ltr'><strong>quod</strong></span> <span class='ocrx_word' id='word_1_589' title='bbox 1829 2442 1916 2471; x_wconf 89' lang='lat' dir='ltr'><strong>fieret</strong></span> <span class='ocrx_word' id='word_1_590' title='bbox 1935 2441 2140 2481; x_wconf 71' lang='lat' dir='ltr'><strong>congregacio</strong></span> <span class='ocrx_word' id='word_1_591' title='bbox 2161 2451 2215 2480; x_wconf 91' lang='lat' dir='ltr'><strong>per</strong></span> 
     </span>
     <span class='ocr_line' id='line_1_104' title="bbox 1301 2490 2216 2531; baseline -0.002 -11"><span class='ocrx_word' id='word_1_592' title='bbox 1301 2490 1519 2531; x_wconf 79' lang='lat' dir='ltr'><strong>juramentum,</strong></span> <span class='ocrx_word' id='word_1_593' title='bbox 1537 2490 1562 2520; x_wconf 92' lang='lat' dir='ltr'><strong>si</strong></span> <span class='ocrx_word' id='word_1_594' title='bbox 1581 2497 1664 2520; x_wconf 88' lang='lat' dir='ltr'><strong>esset</strong></span> <span class='ocrx_word' id='word_1_595' title='bbox 1676 2491 1906 2530; x_wconf 88' lang='lat' dir='ltr'><strong>procedendum</strong></span> <span class='ocrx_word' id='word_1_596' title='bbox 1920 2490 1950 2519; x_wconf 93' lang='lat' dir='ltr'><strong>in</strong></span> <span class='ocrx_word' id='word_1_597' title='bbox 1966 2490 2096 2529; x_wconf 82' lang='lat' dir='ltr'><strong>negocio</strong></span> <span class='ocrx_word' id='word_1_598' title='bbox 2108 2496 2216 2519; x_wconf 90' lang='lat' dir='ltr'><strong>contra</strong></span> 
     </span>
     <span class='ocr_line' id='line_1_105' title="bbox 1306 2539 1659 2579; baseline 0 -10"><span class='ocrx_word' id='word_1_599' title='bbox 1306 2546 1456 2570; x_wconf 90' lang='lat' dir='ltr'><strong>rectorem</strong></span> <span class='ocrx_word' id='word_1_600' title='bbox 1470 2546 1500 2569; x_wconf 92' lang='lat' dir='ltr'><strong>et</strong></span> <span class='ocrx_word' id='word_1_601' title='bbox 1517 2539 1659 2579; x_wconf 86' lang='lat' dir='ltr'><strong>qualiter.</strong></span> 
     </span>
    </p>

    <p class='ocr_par' dir='ltr' id='par_1_39' title="bbox 1306 2587 2216 2727">
     <span class='ocr_line' id='line_1_106' title="bbox 1346 2587 2214 2628; baseline -0.003 -10"><span class='ocrx_word' id='word_1_602' title='bbox 1346 2589 1450 2619; x_wconf 86' lang='lat' dir='ltr'><strong>Eciam</strong></span> <span class='ocrx_word' id='word_1_603' title='bbox 1464 2589 1518 2618; x_wconf 81' lang='lat' dir='ltr'><strong>fuit</strong></span> <span class='ocrx_word' id='word_1_604' title='bbox 1529 2589 1571 2618; x_wconf 90' lang='lat' dir='ltr'><strong>ibi</strong></span> <span class='ocrx_word' id='word_1_605' title='bbox 1583 2589 1783 2618; x_wconf 84' lang='lat' dir='ltr'><strong>deliberatum</strong></span> <span class='ocrx_word' id='word_1_606' title='bbox 1797 2589 1878 2627; x_wconf 91' lang='lat' dir='ltr'><strong>quod</strong></span> <span class='ocrx_word' id='word_1_607' title='bbox 1892 2587 2104 2628; x_wconf 83' lang='lat' dir='ltr'><strong>injungeretur</strong></span> <span class='ocrx_word' id='word_1_608' title='bbox 2117 2587 2214 2626; x_wconf 81' lang='lat' dir='ltr'><strong>magi-</strong></span> 
     </span>
     <span class='ocr_line' id='line_1_107' title="bbox 1306 2637 2211 2677; baseline -0.003 -9"><span class='ocrx_word' id='word_1_609' title='bbox 1306 2638 1380 2668; x_wconf 87' lang='lat' dir='ltr'><strong>stris</strong></span> <span class='ocrx_word' id='word_1_610' title='bbox 1394 2638 1626 2668; x_wconf 89' lang='lat' dir='ltr'><strong>transeuntibus</strong></span> <span class='ocrx_word' id='word_1_611' title='bbox 1641 2638 1677 2667; x_wconf 90' lang='lat' dir='ltr'><strong>ad</strong></span> <span class='ocrx_word' id='word_1_612' title='bbox 1694 2637 1822 2677; x_wconf 87' lang='lat' dir='ltr'><strong>patriam</strong></span> <span class='ocrx_word' id='word_1_613' title='bbox 1839 2638 1921 2676; x_wconf 87' lang='lat' dir='ltr'><strong>quod</strong></span> <span class='ocrx_word' id='word_1_614' title='bbox 1938 2637 2070 2666; x_wconf 83' lang='lat' dir='ltr'><strong>fideliter</strong></span> <span class='ocrx_word' id='word_1_615' title='bbox 2087 2646 2211 2665; x_wconf 88' lang='lat' dir='ltr'><strong>amone-</strong></span> 
     </span>
     <span class='ocr_line' id='line_1_108' title="bbox 1306 2685 2216 2727; baseline -0.003 -10"><span class='ocrx_word' id='word_1_616' title='bbox 1306 2693 1375 2717; x_wconf 90' lang='lat' dir='ltr'><strong>rent</strong></span> <span class='ocrx_word' id='word_1_617' title='bbox 1393 2687 1534 2727; x_wconf 82' lang='lat' dir='ltr'><strong>singulos</strong></span> <span class='ocrx_word' id='word_1_618' title='bbox 1552 2686 1708 2716; x_wconf 87' lang='lat' dir='ltr'><strong>debitores</strong></span> <span class='ocrx_word' id='word_1_619' title='bbox 1731 2686 1869 2715; x_wconf 85' lang='lat' dir='ltr'><strong>nacionis</strong></span> <span class='ocrx_word' id='word_1_620' title='bbox 1888 2692 1919 2715; x_wconf 88' lang='lat' dir='ltr'><strong>ut</strong></span> <span class='ocrx_word' id='word_1_621' title='bbox 1942 2685 2108 2720; x_wconf 79' lang='lat' dir='ltr'><strong>solverent,</strong></span> <span class='ocrx_word' id='word_1_622' title='bbox 2133 2691 2163 2715; x_wconf 90' lang='lat' dir='ltr'><strong>et</strong></span> <span class='ocrx_word' id='word_1_623' title='bbox 2182 2691 2216 2715; x_wconf 88' lang='lat' dir='ltr'><strong>ut</strong></span> 
     </span>
    </p>
   </div>
   <div class='ocr_carea' id='block_1_19' title="bbox 1336 2792 1787 2931">
    <p class='ocr_par' dir='ltr' id='par_1_40' title="bbox 1336 2792 1602 2824">
     <span class='ocr_line' id='line_1_109' title="bbox 1336 2792 1602 2824; baseline -0.004 -7"><span class='ocrx_word' id='word_1_624' title='bbox 1336 2795 1360 2817; x_wconf 82' lang='grc'><strong>6.</strong></span> <span class='ocrx_word' id='word_1_625' title='bbox 1394 2794 1413 2816; x_wconf 95' lang='grc'><strong>1.</strong></span> <span class='ocrx_word' id='word_1_626' title='bbox 1428 2801 1449 2817; x_wconf 83' lang='grc' dir='ltr'><strong>ε.</strong></span> <span class='ocrx_word' id='word_1_627' title='bbox 1462 2792 1602 2824; x_wconf 82' lang='lat' dir='ltr'><strong>Wndenoy.</strong></span> 
     </span>
    </p>

    <p class='ocr_par' dir='ltr' id='par_1_41' title="bbox 1337 2828 1787 2895">
     <span class='ocr_line' id='line_1_110' title="bbox 1339 2828 1787 2853; baseline -0.002 -1"><span class='ocrx_word' id='word_1_628' title='bbox 1339 2831 1361 2853; x_wconf 87' lang='lat'><strong>7.</strong></span> <span class='ocrx_word' id='word_1_629' title='bbox 1394 2829 1436 2852; x_wconf 81' lang='lat' dir='ltr'><strong>Sic</strong></span> <span class='ocrx_word' id='word_1_630' title='bbox 1446 2829 1512 2852; x_wconf 69' lang='lat' dir='ltr'><strong>inter</strong></span> <span class='ocrx_word' id='word_1_631' title='bbox 1523 2828 1612 2852; x_wconf 74' lang='lat' dir='ltr'><strong>lineae.</strong></span> <span class='ocrx_word' id='word_1_632' title='bbox 1626 2829 1654 2851; x_wconf 79' lang='lat' dir='ltr'><strong>ln</strong></span> <span class='ocrx_word' id='word_1_633' title='bbox 1665 2830 1735 2851; x_wconf 78' lang='lat' dir='ltr'><strong>testu</strong></span> <span class='ocrx_word' id='word_1_634' title='bbox 1750 2828 1787 2851; x_wconf 79' lang='grc'><strong>16.</strong></span> 
     </span>
     <span class='ocr_line' id='line_1_111' title="bbox 1337 2863 1723 2895; baseline -0.005 -7"><span class='ocrx_word' id='word_1_635' title='bbox 1337 2865 1360 2888; x_wconf 84' lang='lat'><strong>8.</strong></span> <span class='ocrx_word' id='word_1_636' title='bbox 1395 2865 1440 2888; x_wconf 78' lang='lat' dir='ltr'><strong>Mu.</strong></span> <span class='ocrx_word' id='word_1_637' title='bbox 1452 2863 1513 2887; x_wconf 81' lang='lat' dir='ltr'><strong>add.</strong></span> <span class='ocrx_word' id='word_1_638' title='bbox 1524 2863 1723 2895; x_wconf 73' lang='lat' dir='ltr'><strong>quinquaginta.</strong></span> 
     </span>
    </p>

    <p class='ocr_par' dir='ltr' id='par_1_42' title="bbox 1338 2898 1596 2931">
     <span class='ocr_line' id='line_1_112' title="bbox 1338 2898 1596 2931; baseline -0.004 -8"><span class='ocrx_word' id='word_1_639' title='bbox 1338 2901 1362 2923; x_wconf 75' lang='lat'><strong>9.</strong></span> <span class='ocrx_word' id='word_1_640' title='bbox 1397 2901 1444 2923; x_wconf 74' lang='lat' dir='ltr'><strong>Mn.</strong></span> <span class='ocrx_word' id='word_1_641' title='bbox 1459 2898 1596 2931; x_wconf 75' lang='lat' dir='ltr'><strong>receptori.</strong></span> 
     </span>
    </p>
   </div>
  </div>
 </body>
</html>
