2632 3464
920 419 1191 446 MEMORABILIA
1209 420 1295 447 NAT.
1315 420 1560 447 ANGLICANAE
2140 433 2203 449 inx

278 496 595 533 deliberationem
617 510 636 531 α
658 508 729 545 pro
746 495 931 532 concluso
954 509 971 532 n
997 503 1036 532 et
1054 508 1144 532 vera
1159 495 1480 533 determinatione
1503 497 1748 538 existimavit,
1771 510 1932 546 eamque
1956 499 2041 534 Maii
2059 499 2105 535 30
2122 500 2201 548 regi

277 566 575 615 praesentavit¹.
604 566 744 602 Rector
763 563 910 613 absque
929 564 1243 614 procuratoribus
1267 571 1344 602 nat.
1373 564 1524 614 Anglic.
1555 572 1593 601 et
1618 565 1766 602 picard.
1790 578 1973 614 praesens
2002 567 2085 608 fuit,
2114 581 2200 603 cum

277 635 356 684 regi
372 633 927 684 deliberationes‘sa'mgularum
944 634 1142 670 nationum
1157 641 1195 670 et
1211 633 1434 670 facultatum
1451 633 1582 671 referri
1599 634 1787 672 deberent
1799 635 1825 670 ².
1839 635 1913 672 Sed
1926 643 2054 672 orator
2071 638 2202 673 Simon

277 702 562 752 Freron'aliqua
574 701 759 739 subticuit
775 701 1002 751 simpliciter
1020 701 1155 740 dicens
1170 717 1178 738 :
1194 717 1219 739 ,α
1238 703 1342 752 quod
1356 703 1458 741 dicta
1479 705 1716 741 Universitas
1734 704 1944 742 adherebat
1961 713 2000 742 et
2016 705 2201 742 adherere

278 771 502 810 intendebat
517 771 565 808 de
580 778 708 808 cetero
723 761 826 807 dom.
846 770 1034 808 Clementi
1050 785 1150 821 pape
1164 773 1232 810 V11
1252 780 1435 822 tanquam
1453 785 1546 810 vero
1565 786 1665 823 pape
1683 787 1716 809 n.

327 842 471 878 Scissio
491 841 529 876 in
545 840 802 878 Universitate
812 840 890 888 jam
910 848 995 877 erat
1012 841 1192 890 perfecta.
1213 843 1486 879 Verumtamen
1507 842 1556 879 de
1569 842 1628 879 his
1645 843 1824 879 omnibus
1841 844 1879 879 in
1895 844 2009 880 Libro
2025 857 2203 893 procura-

277 919 403 947 torum
420 909 539 946 altum
555 908 764 946 silentium.

327 981 410 1016 Una
429 978 626 1015 conclusio
636 977 752 1014 aliam
772 978 902 1016 trahit.
927 979 1163 1016 Universitas
1184 992 1226 1016 se
1246 993 1317 1029 pro
1333 980 1531 1019 Clemente
1548 980 1766 1018 declaravit.
1793 982 1904 1019 Nulla
1922 996 2029 1019 mora
2050 982 2204 1019 videba-

277 1055 340 1085 tur
353 1048 435 1085 fore
454 1047 620 1084 rotulum
639 1060 882 1085 communem
899 1047 946 1084 ad
964 1049 1080 1085 istum
1101 1062 1240 1099 papam
1255 1049 1459 1100 dirigendi.
1479 1050 1555 1087 Sed
1573 1058 1615 1087 ut
1636 1052 1873 1089 Universitas
1891 1065 2020 1101 regem
2037 1052 2204 1102 decipie-

278 1118 357 1162 bat,
380 1118 432 1154 ita
449 1124 487 1153 et
511 1116 749 1154 Clementem
769 1118 836 1154 VII
858 1118 897 1153 in
921 1130 1089 1155 errorem
1110 1118 1251 1156 ducere
1270 1119 1403 1156 voluit.
1426 1122 1470 1156 ln
1490 1121 1618 1169 capite
1638 1120 1753 1158 rotuli
1775 1122 2012 1158 Universitas
2032 1123 2201 1172 scripsit,

280 1201 298 1222 α
315 1186 418 1241 quod
439 1186 587 1223 rotulus
601 1186 666 1223 ille
685 1186 756 1223 fuit
773 1194 813 1223 et
825 1194 885 1223 est
900 1187 1107 1224 conclusus
1123 1200 1192 1237 per
1206 1189 1425 1226 unanimem
1440 1197 1480 1226 et
1494 1202 1739 1226 communem
1755 1203 1987 1228 consensum
2009 1193 2205 1228 Universi-

276 1257 366 1293 tatis
387 1255 623 1306 singularum
643 1255 868 1293 facultatum
884 1263 923 1293 et
942 1257 1140 1293 nationum
1158 1259 1172 1280 ³
1190 1271 1222 1293 ».
1237 1259 1421 1295 Nationes
1433 1258 1581 1295 Picard.
1601 1267 1640 1295 et
1653 1259 1805 1309 Anglic.
1825 1260 2021 1310 Septemb.
2046 1262 2066 1297 7
2085 1262 2204 1297 inter-

277 1332 478 1363 cesserunt
498 1324 686 1368 dicentes,
718 1339 736 1360 ι
763 1326 851 1374 quia
872 1338 1066 1375 nunquam
1092 1326 1167 1363 due
1193 1328 1369 1363 nationes
1389 1327 1544 1375 (dictae)
1567 1337 1849 1366 consenserunt
1871 1331 1910 1365 in
1938 1331 2059 1380 ipsius
2090 1331 2203 1367 rotuli

277 1394 528 1432 conclusione
551 1406 621 1430 nec
639 1394 829 1431 >missione
850 1393 898 1431 ad
920 1393 1066 1433 dictum
1086 1395 1190 1432 dom.
1217 1395 1455 1433 Clementem
1477 1411 1511 1434 ».
1531 1399 1644 1434 Natio
1662 1398 1875 1448 Anglicana
1894 1399 2017 1436 noluit
2037 1400 2202 1436 rotulum

279 1472 368 1500 ante
401 1464 673 1500 extinctionem
706 1463 932 1500 schismatis
971 1465 1088 1507 mitti,
1120 1472 1162 1501 ut
1195 1478 1217 1502 e
1252 1466 1445 1515 posterius
1475 1466 1589 1503 dictis
1624 1468 1792 1514 (585‚27;
1828 1469 1978 1515 60721)
2013 1470 2204 1518 conjicere

277 1533 477 1570 debemus.
532 1555 533 1558 =

326 1602 563 1639 Universitas
578 1609 762 1651 quantum
782 1601 829 1638 ad
849 1610 966 1652 caput
982 1602 1095 1639 rotuli
1117 1616 1183 1640 seu
1211 1604 1393 1641 articulos
1408 1618 1634 1642 communes
1649 1606 1675 1650 ⁴,
1693 1619 1770 1642 non
1794 1614 1921 1644 autem
1949 1616 2133 1657 quantum
2157 1609 2203 1645 ad

278 1670 506 1707 mittendum
527 1669 912 1713 Clementirotulum,
926 1671 1102 1709 cedebat.
1122 1674 1242 1710 Immo
1258 1686 1334 1710 non
1352 1674 1575 1724 negligebat
1590 1676 1743 1712 interim
1756 1675 1851 1712 duas
1868 1678 2045 1714 nationes
2065 1678 2205 1715 sollici-

277 1747 358 1776 tare
389 1752 530 1788 easque
559 1739 606 1775 ad
632 1739 943 1777 inrotulationem
970 1741 1169 1791 impellere
1194 1743 1416 1780 conabatur.
1441 1744 1617 1781 Profecto
1643 1758 1720 1782 non
1745 1746 1828 1781 sine
1856 1746 1984 1796 aliquo
2004 1760 2202 1791 successu,

278 1807 347 1845 sed
366 1809 496 1858 iniqua
509 1808 753 1846 condicione.

327 1879 370 1914 ln
386 1877 606 1915 nationibus
620 1879 715 1928 ipsis
731 1880 868 1915 scissio
886 1879 984 1916 facta
1001 1888 1074 1924 est,
1092 1894 1180 1917 cum
1199 1894 1221 1918 e
1241 1881 1354 1918 dictis
1372 1882 1521 1919 duabus
1537 1883 1758 1922 nationibus
1774 1884 1905 1934 plures
1921 1888 2093 1936 magistri
2110 1900 2204 1924 con-

278 1948 469 1984 senserint
491 1947 617 1984 rotulo
639 1948 796 1984 inscribi
818 1956 857 1986 et
885 1950 1060 1986 nuntium
1084 1951 1237 1988 mittere
1260 1951 1306 1988 ad
1331 1951 1579 1990 Clementem.
1602 1955 1652 1990 Ut
1671 1953 1720 1990 de
1741 1954 1910 1992 Picardis
1932 1962 2144 1998 taceamus,
2167 1959 2204 1993 in

277 2018 433 2053 natione
459 2016 672 2067 Anglicana
698 2019 801 2054 Scoti
825 2018 1028 2055 eonsilium
1053 2020 1321 2057 Universitatis
1341 2023 1465 2058 secuti
1490 2029 1592 2065 sunt,
1611 2030 1650 2059 et
1672 2036 1718 2060 eo
1739 2026 1874 2073 magis,
1889 2025 1993 2074 quod
2018 2027 2054 2062 in
2083 2029 2204 2076 patria

277 2098 408 2122 eorum
426 2085 604 2122 Clemens
619 2087 687 2123 Vll
701 2094 743 2124 ut
757 2098 871 2124 verus
884 2101 984 2138 papa
1000 2088 1294 2139 agnoscebatur.
1310 2091 1365 2127 Ex
1383 2092 1428 2127 16
1439 2091 1656 2130 inrotulatis
1675 2094 1719 2128 14
1730 2106 1751 2130 e
1767 2095 1896 2130 Scotia
1912 2095 2063 2131 oriundi
2081 2104 2202 2138 erant,

277 2154 354 2191 duo
370 2162 519 2192 tantum
534 2168 581 2192 ex
595 2155 836 2200 Alemannia,
854 2164 1015 2206 quorum
1034 2171 1133 2195 unus
1145 2171 1168 2195 e
1181 2159 1418 2204 Constantia,
1435 2161 1532 2198 alter
1545 2174 1590 2198 ex
1604 2163 1817 2211 Argentina
1831 2164 1856 2199 ⁵.
1869 2165 1962 2201 Cum
1982 2166 2101 2214 major
2117 2180 2204 2215 pars

279 2225 463 2267 nationis,
484 2224 724 2274 proindeque
745 2226 850 2262 natio
870 2228 1061 2263 contraria
1082 2235 1199 2271 esset,
1219 2228 1355 2265 horum
1376 2229 1524 2267 rotulus
1548 2244 1625 2267 non
1645 2239 1728 2268 erat
1747 2247 1763 2267 α
1788 2233 1948 2270 Botulus
1974 2242 2051 2271 nat.
2070 2236 2204 2286 Angli-

277 2305 396 2329 canae
422 2307 456 2336 n,
482 2293 551 2330 sed
575 2293 818 2332 solummodo
843 2296 1095 2345 quorumdam
1124 2311 1140 2332 «
1169 2299 1440 2348 magistrorum
1470 2307 1548 2336 nat.
1575 2301 1689 2350 Angl.
1721 2316 1758 2345 »;
1787 2315 1857 2339 nec
1892 2305 2014 2340 nuntii
2044 2304 2203 2341 duarum

278 2362 476 2398 nationum
493 2363 666 2412 inscripti
685 2370 774 2399 sunt
790 2371 831 2400 ut
847 2378 854 2400 :
873 2379 890 2399 α
909 2366 1065 2402 nuntius
1084 2373 1161 2402 nat.
1181 2366 1329 2403 Picard.
1350 2381 1383 2411 1),
1403 2382 1420 2403 t(
1437 2370 1592 2405 nuntius
1606 2377 1684 2406 nat.
1703 2370 1855 2419 Anglic.
1878 2385 1911 2416 ιι,
1928 2372 1995 2408 sed
2012 2388 2029 2408 (ι
2048 2375 2204 2410 nuntius

279 2431 551 2480 magistrorum
572 2439 650 2468 nat.
675 2432 822 2469 picard.
841 2447 878 2478 n,
895 2448 912 2469 α
930 2436 1086 2471 nuntius
1102 2448 1202 2485 mag.
1222 2443 1300 2472 nat.
1318 2437 1467 2486 Anglic.
1486 2452 1520 2482 n,
1537 2451 1752 2488 quanquam
1775 2447 1904 2477 tamen
1925 2444 2064 2478 caeteri
2083 2445 2203 2479 nuntii

277 2506 463 2536 vocantur
485 2502 607 2536 nuntii
636 2501 859 2539 facultatum
886 2510 926 2540 et
947 2505 1070 2541 nuntii
1092 2506 1289 2541 nationum
1307 2507 1333 2541 ⁶.
1359 2506 1520 2544 Botulus
1544 2510 1759 2545 communis
1780 2511 2048 2547 Universitatis
2074 2525 2204 2549 mense

278 2568 438 2605 Octobri
461 2582 521 2605 an.
550 2571 641 2606 1379
660 2571 707 2607 ad
721 2571 959 2610 Clementem
982 2575 1122 2610 missus
1143 2581 1202 2610 est
1215 2575 1239 2610 ⁷.

327 2638 434 2674 Sicut
449 2638 553 2687 jam⁸
571 2641 859 2684 annotavimus,
879 2641 1021 2678 infelici
1043 2655 1133 2679 casu
1158 2644 1194 2678 in
1221 2643 1320 2680 libro
1343 2652 1634 2693 procuratorum
1658 2647 1783 2696 aliqua
1805 2648 1895 2684 folia
1917 2648 2073 2692 desunt,
2098 2652 2148 2687 ita
2164 2659 2205 2688 ut

276 2713 361 2742 acta
381 2719 402 2742 a
416 2708 516 2743 Junii
539 2708 560 2743 5
577 2721 700 2759 usque
717 2709 763 2746 ad
786 2711 968 2747 Decemb.
992 2713 1035 2747 16
1054 2725 1111 2748 an.
1142 2713 1235 2748 1379
1256 2713 1536 2751 desiderentur.

321 2811 347 2839 1.
392 2810 432 2840 N⁰
447 2812 535 2841 1627.
1338 2820 1366 2847 5.
1410 2817 1480 2849 Vid.
1499 2820 1586 2855 ibid„
1604 2831 1636 2860 p.
1655 2821 1714 2850 269
1728 2828 1757 2850 et
1772 2825 1805 2850 n⁰
1822 2823 1908 2851 1633.

319 2859 348 2889 2.
392 2858 463 2890 vid.
483 2870 515 2900 p.
533 2862 603 2892 571.
1338 2869 1367 2896 6.
1412 2869 1504 2903 lbid„
1523 2873 1556 2898 n⁰
1573 2871 1660 2900 1426.

318 2908 348 2937 3.
392 2908 469 2939 Ibid.
479 2931 486 2944 ‚
497 2913 531 2938 n⁰
547 2910 633 2940 1424.
1337 2917 1366 2947 7.
1412 2918 1504 2953 lhid„
1520 2929 1551 2957 p.
1565 2919 1623 2947 242
1634 2926 1663 2948 et
1683 2924 1716 2948 n⁰
1734 2921 1822 2950 1633.

318 2956 349 2987 4.
392 2957 484 2994 mid„
503 2959 617 2998 p.243.
1336 2966 1366 2996 8.
1411 2966 1447 2996 P.
1468 2968 1538 3003 581,
1551 2974 1613 2997 not.
1632 2969 1661 2997 4.

2225 990 2330 1017 Contra
2347 990 2472 1017 rotulum

2226 1894 2333 1920 Scissio
