<?xml version="1.0" encoding="UTF-8"?>
<!DOCTYPE html PUBLIC "-//W3C//DTD XHTML 1.0 Transitional//EN"
    "http://www.w3.org/TR/xhtml1/DTD/xhtml1-transitional.dtd">
<html xmlns="http://www.w3.org/1999/xhtml" xml:lang="en" lang="en">
 <head>
  <title>
</title>
<meta http-equiv="Content-Type" content="text/html;charset=utf-8" />
  <meta name='ocr-system' content='tesseract 3.04.00' />
  <meta name='ocr-capabilities' content='ocr_page ocr_carea ocr_par ocr_line ocrx_word'/>
</head>
<body>
  <div class='ocr_page' id='page_1' title='image "auctariumchartul01univuoft_0496.png"; bbox 0 0 2632 3464; ppageno 0'>
   <div class='ocr_carea' id='block_1_1' title="bbox 389 436 440 462">
    <p class='ocr_par' dir='ltr' id='par_1_1' title="bbox 389 436 440 462">
     <span class='ocr_line' id='line_1_1' title="bbox 389 436 440 462; baseline 0 0"><span class='ocrx_word' id='word_1_1' title='bbox 389 436 440 462; x_wconf 87' lang='lat'><strong>815</strong></span> 
     </span>
    </p>
   </div>
   <div class='ocr_carea' id='block_1_2' title="bbox 388 512 1297 1189">
    <p class='ocr_par' dir='ltr' id='par_1_2' title="bbox 388 512 1293 602">
     <span class='ocr_line' id='line_1_2' title="bbox 429 512 1293 552; baseline 0 -10"><span class='ocrx_word' id='word_1_2' title='bbox 429 513 503 542; x_wconf 89' lang='lat' dir='ltr'><strong>Item</strong></span> <span class='ocrx_word' id='word_1_3' title='bbox 520 513 700 543; x_wconf 90' lang='lat' dir='ltr'><strong>licenciatus</strong></span> <span class='ocrx_word' id='word_1_4' title='bbox 716 519 763 542; x_wconf 91' lang='lat' dir='ltr'><strong>est</strong></span> <span class='ocrx_word' id='word_1_5' title='bbox 778 512 936 542; x_wconf 72' lang='lat' dir='ltr'><strong>,Iohannes</strong></span> <span class='ocrx_word' id='word_1_6' title='bbox 950 512 1108 542; x_wconf 88' lang='lat' dir='ltr'><strong>Stelczlini</strong></span> <span class='ocrx_word' id='word_1_7' title='bbox 1123 514 1180 543; x_wconf 89' lang='lat' dir='ltr'><strong>sub</strong></span> <span class='ocrx_word' id='word_1_8' title='bbox 1194 512 1293 552; x_wconf 85' lang='lat' dir='ltr'><strong>magi-</strong></span> 
     </span>
     <span class='ocr_line' id='line_1_3' title="bbox 388 561 1190 602; baseline 0 -11"><span class='ocrx_word' id='word_1_9' title='bbox 388 569 453 591; x_wconf 91' lang='lat' dir='ltr'><strong>stro</strong></span> <span class='ocrx_word' id='word_1_10' title='bbox 467 562 629 592; x_wconf 88' lang='lat' dir='ltr'><strong>Conrardo</strong></span> <span class='ocrx_word' id='word_1_11' title='bbox 642 562 679 591; x_wconf 91' lang='lat' dir='ltr'><strong>de</strong></span> <span class='ocrx_word' id='word_1_12' title='bbox 694 562 856 602; x_wconf 79' lang='lat' dir='ltr'><strong>Eslingha,</strong></span> <span class='ocrx_word' id='word_1_13' title='bbox 873 561 960 602; x_wconf 89' lang='lat' dir='ltr'><strong>cujus</strong></span> <span class='ocrx_word' id='word_1_14' title='bbox 975 563 1070 591; x_wconf 86' lang='lat' dir='ltr'><strong>bursa</strong></span> <span class='ocrx_word' id='word_1_15' title='bbox 1083 562 1190 591; x_wconf 87' lang='lat' dir='ltr'><strong>nichil.</strong></span> 
     </span>
    </p>

    <p class='ocr_par' dir='ltr' id='par_1_3' title="bbox 388 610 1292 700">
     <span class='ocr_line' id='line_1_4' title="bbox 429 610 1292 648; baseline 0.001 -8"><span class='ocrx_word' id='word_1_16' title='bbox 429 611 503 640; x_wconf 88' lang='lat' dir='ltr'><strong>Item</strong></span> <span class='ocrx_word' id='word_1_17' title='bbox 518 610 715 640; x_wconf 77' lang='lat' dir='ltr'><strong>licenciatus⁴</strong></span> <span class='ocrx_word' id='word_1_18' title='bbox 734 618 781 641; x_wconf 90' lang='lat' dir='ltr'><strong>est</strong></span> <span class='ocrx_word' id='word_1_19' title='bbox 796 611 945 640; x_wconf 82' lang='lat' dir='ltr'><strong>Ludolfus</strong></span> <span class='ocrx_word' id='word_1_20' title='bbox 955 612 993 640; x_wconf 94' lang='lat' dir='ltr'><strong>de</strong></span> <span class='ocrx_word' id='word_1_21' title='bbox 1004 611 1089 640; x_wconf 88' lang='lat' dir='ltr'><strong>Lude</strong></span> <span class='ocrx_word' id='word_1_22' title='bbox 1101 612 1158 640; x_wconf 91' lang='lat' dir='ltr'><strong>sub</strong></span> <span class='ocrx_word' id='word_1_23' title='bbox 1172 612 1292 648; x_wconf 86' lang='lat' dir='ltr'><strong>eodem,</strong></span> 
     </span>
     <span class='ocr_line' id='line_1_5' title="bbox 388 659 704 700; baseline 0 -11"><span class='ocrx_word' id='word_1_24' title='bbox 388 659 475 700; x_wconf 90' lang='lat' dir='ltr'><strong>cujus</strong></span> <span class='ocrx_word' id='word_1_25' title='bbox 490 661 585 689; x_wconf 91' lang='lat' dir='ltr'><strong>bursa</strong></span> <span class='ocrx_word' id='word_1_26' title='bbox 599 660 704 689; x_wconf 85' lang='lat' dir='ltr'>nichil.</span> 
     </span>
    </p>

    <p class='ocr_par' dir='ltr' id='par_1_4' title="bbox 389 709 1294 797">
     <span class='ocr_line' id='line_1_6' title="bbox 429 709 1294 749; baseline 0 -11"><span class='ocrx_word' id='word_1_27' title='bbox 429 710 504 738; x_wconf 86' lang='lat' dir='ltr'><strong>Item</strong></span> <span class='ocrx_word' id='word_1_28' title='bbox 525 709 704 739; x_wconf 86' lang='lat' dir='ltr'><strong>licenciatus</strong></span> <span class='ocrx_word' id='word_1_29' title='bbox 723 715 769 738; x_wconf 90' lang='lat' dir='ltr'><strong>est</strong></span> <span class='ocrx_word' id='word_1_30' title='bbox 786 709 945 739; x_wconf 91' lang='lat' dir='ltr'><strong>Arnoldus</strong></span> <span class='ocrx_word' id='word_1_31' title='bbox 965 709 1102 746; x_wconf 88' lang='lat' dir='ltr'><strong>Reyneri</strong></span> <span class='ocrx_word' id='word_1_32' title='bbox 1121 710 1177 739; x_wconf 90' lang='lat' dir='ltr'><strong>sub</strong></span> <span class='ocrx_word' id='word_1_33' title='bbox 1195 709 1294 749; x_wconf 86' lang='lat' dir='ltr'><strong>magi-</strong></span> 
     </span>
     <span class='ocr_line' id='line_1_7' title="bbox 389 757 1131 797; baseline 0 -10"><span class='ocrx_word' id='word_1_34' title='bbox 389 765 454 788; x_wconf 91' lang='lat' dir='ltr'><strong>stro</strong></span> <span class='ocrx_word' id='word_1_35' title='bbox 469 758 608 788; x_wconf 90' lang='lat' dir='ltr'><strong>Arnoldo</strong></span> <span class='ocrx_word' id='word_1_36' title='bbox 621 758 761 794; x_wconf 91' lang='lat' dir='ltr'><strong>Wtwiic,</strong></span> <span class='ocrx_word' id='word_1_37' title='bbox 778 757 864 797; x_wconf 90' lang='lat' dir='ltr'><strong>cujus</strong></span> <span class='ocrx_word' id='word_1_38' title='bbox 877 759 971 787; x_wconf 84' lang='lat' dir='ltr'><strong>bursa</strong></span> <span class='ocrx_word' id='word_1_39' title='bbox 984 757 1012 787; x_wconf 90' lang='lat' dir='ltr'>V</span> <span class='ocrx_word' id='word_1_40' title='bbox 1027 758 1131 787; x_wconf 85' lang='lat' dir='ltr'><strong>solidi.</strong></span> 
     </span>
    </p>

    <p class='ocr_par' dir='ltr' id='par_1_5' title="bbox 389 807 1295 896">
     <span class='ocr_line' id='line_1_8' title="bbox 429 807 1295 847; baseline 0 -11"><span class='ocrx_word' id='word_1_41' title='bbox 429 808 504 837; x_wconf 88' lang='lat' dir='ltr'><strong>Item</strong></span> <span class='ocrx_word' id='word_1_42' title='bbox 519 807 697 837; x_wconf 90' lang='lat' dir='ltr'><strong>licenciatus</strong></span> <span class='ocrx_word' id='word_1_43' title='bbox 715 813 762 836; x_wconf 89' lang='lat' dir='ltr'><strong>est</strong></span> <span class='ocrx_word' id='word_1_44' title='bbox 777 808 889 837; x_wconf 86' lang='lat' dir='ltr'><strong>Petrus</strong></span> <span class='ocrx_word' id='word_1_45' title='bbox 907 808 945 836; x_wconf 90' lang='lat' dir='ltr'><strong>de</strong></span> <span class='ocrx_word' id='word_1_46' title='bbox 961 807 1107 837; x_wconf 87' lang='lat' dir='ltr'><strong>Carniola</strong></span> <span class='ocrx_word' id='word_1_47' title='bbox 1124 809 1181 837; x_wconf 89' lang='lat' dir='ltr'><strong>sub</strong></span> <span class='ocrx_word' id='word_1_48' title='bbox 1194 807 1295 847; x_wconf 89' lang='lat' dir='ltr'><strong>magi-</strong></span> 
     </span>
     <span class='ocr_line' id='line_1_9' title="bbox 389 855 1292 896; baseline -0.001 -10"><span class='ocrx_word' id='word_1_49' title='bbox 389 863 454 886; x_wconf 91' lang='lat' dir='ltr'><strong>stro</strong></span> <span class='ocrx_word' id='word_1_50' title='bbox 475 856 650 886; x_wconf 83' lang='lat' dir='ltr'>Hermanno</span> <span class='ocrx_word' id='word_1_51' title='bbox 668 857 706 886; x_wconf 92' lang='lat' dir='ltr'><strong>de</strong></span> <span class='ocrx_word' id='word_1_52' title='bbox 724 856 886 896; x_wconf 88' lang='lat' dir='ltr'><strong>Eslingha,</strong></span> <span class='ocrx_word' id='word_1_53' title='bbox 908 855 994 895; x_wconf 88' lang='lat' dir='ltr'><strong>cujus</strong></span> <span class='ocrx_word' id='word_1_54' title='bbox 1009 857 1104 885; x_wconf 88' lang='lat' dir='ltr'><strong>bursa</strong></span> <span class='ocrx_word' id='word_1_55' title='bbox 1123 857 1167 885; x_wconf 94' lang='grc' dir='ltr'><strong>ΙΙΙ</strong></span> <span class='ocrx_word' id='word_1_56' title='bbox 1189 856 1292 885; x_wconf 91' lang='lat' dir='ltr'><strong>solidi.</strong></span> 
     </span>
    </p>

    <p class='ocr_par' dir='ltr' id='par_1_6' title="bbox 390 905 1295 993">
     <span class='ocr_line' id='line_1_10' title="bbox 431 905 1295 944; baseline -0.001 -9"><span class='ocrx_word' id='word_1_57' title='bbox 431 906 505 935; x_wconf 84' lang='lat' dir='ltr'>Item</span> <span class='ocrx_word' id='word_1_58' title='bbox 523 906 702 935; x_wconf 88' lang='lat' dir='ltr'><strong>licenciatus</strong></span> <span class='ocrx_word' id='word_1_59' title='bbox 715 912 762 935; x_wconf 88' lang='lat' dir='ltr'><strong>est</strong></span> <span class='ocrx_word' id='word_1_60' title='bbox 771 905 927 934; x_wconf 87' lang='lat' dir='ltr'><strong>Johannes</strong></span> <span class='ocrx_word' id='word_1_61' title='bbox 940 906 978 934; x_wconf 91' lang='lat' dir='ltr'><strong>de</strong></span> <span class='ocrx_word' id='word_1_62' title='bbox 993 905 1116 944; x_wconf 85' lang='lat' dir='ltr'><strong>Tureyo</strong></span> <span class='ocrx_word' id='word_1_63' title='bbox 1130 906 1187 934; x_wconf 90' lang='lat' dir='ltr'><strong>sub</strong></span> <span class='ocrx_word' id='word_1_64' title='bbox 1201 905 1295 944; x_wconf 88' lang='lat' dir='ltr'><strong>magi—</strong></span> 
     </span>
     <span class='ocr_line' id='line_1_11' title="bbox 390 953 1186 993; baseline -0.001 -9"><span class='ocrx_word' id='word_1_65' title='bbox 390 961 455 984; x_wconf 89' lang='lat' dir='ltr'><strong>stro</strong></span> <span class='ocrx_word' id='word_1_66' title='bbox 472 955 611 984; x_wconf 92' lang='lat' dir='ltr'><strong>Arnoldo</strong></span> <span class='ocrx_word' id='word_1_67' title='bbox 627 955 766 989; x_wconf 87' lang='lat' dir='ltr'><strong>Wtwiic,</strong></span> <span class='ocrx_word' id='word_1_68' title='bbox 787 953 873 993; x_wconf 92' lang='lat' dir='ltr'><strong>cujus</strong></span> <span class='ocrx_word' id='word_1_69' title='bbox 888 955 982 983; x_wconf 83' lang='lat' dir='ltr'><strong>bursa</strong></span> <span class='ocrx_word' id='word_1_70' title='bbox 1002 954 1062 983; x_wconf 93' lang='lat'><em>1111</em></span> <span class='ocrx_word' id='word_1_71' title='bbox 1082 954 1186 983; x_wconf 87' lang='lat' dir='ltr'><strong>solidi.</strong></span> 
     </span>
    </p>

    <p class='ocr_par' dir='ltr' id='par_1_7' title="bbox 391 1003 1296 1091">
     <span class='ocr_line' id='line_1_12' title="bbox 431 1003 1296 1033; baseline -0.001 0"><span class='ocrx_word' id='word_1_72' title='bbox 431 1004 505 1033; x_wconf 88' lang='lat' dir='ltr'><strong>Item</strong></span> <span class='ocrx_word' id='word_1_73' title='bbox 524 1004 702 1033; x_wconf 84' lang='lat' dir='ltr'><strong>licenciatus</strong></span> <span class='ocrx_word' id='word_1_74' title='bbox 720 1010 767 1032; x_wconf 87' lang='lat' dir='ltr'><strong>est</strong></span> <span class='ocrx_word' id='word_1_75' title='bbox 781 1003 938 1032; x_wconf 89' lang='lat' dir='ltr'><strong>Johannes</strong></span> <span class='ocrx_word' id='word_1_76' title='bbox 957 1003 1100 1032; x_wconf 83' lang='lat' dir='ltr'><strong>Bruknar</strong></span> <span class='ocrx_word' id='word_1_77' title='bbox 1117 1004 1155 1032; x_wconf 89' lang='lat' dir='ltr'><strong>de</strong></span> <span class='ocrx_word' id='word_1_78' title='bbox 1173 1003 1296 1032; x_wconf 86' lang='lat' dir='ltr'><strong>Gober-</strong></span> 
     </span>
     <span class='ocr_line' id='line_1_13' title="bbox 391 1051 1099 1091; baseline -0.004 -8"><span class='ocrx_word' id='word_1_79' title='bbox 391 1060 450 1083; x_wconf 89' lang='lat' dir='ltr'><strong>stat</strong></span> <span class='ocrx_word' id='word_1_80' title='bbox 465 1054 523 1082; x_wconf 92' lang='lat' dir='ltr'><strong>sub</strong></span> <span class='ocrx_word' id='word_1_81' title='bbox 536 1054 655 1087; x_wconf 86' lang='lat' dir='ltr'><strong>eodem,</strong></span> <span class='ocrx_word' id='word_1_82' title='bbox 672 1051 759 1091; x_wconf 88' lang='lat' dir='ltr'><strong>cujus</strong></span> <span class='ocrx_word' id='word_1_83' title='bbox 773 1053 867 1081; x_wconf 89' lang='lat' dir='ltr'><strong>bursa</strong></span> <span class='ocrx_word' id='word_1_84' title='bbox 881 1051 950 1080; x_wconf 91' lang='lat' dir='ltr'><strong>XVI</strong></span> <span class='ocrx_word' id='word_1_85' title='bbox 969 1052 1099 1081; x_wconf 87' lang='lat' dir='ltr'><strong>denarii.</strong></span> 
     </span>
    </p>

    <p class='ocr_par' dir='ltr' id='par_1_8' title="bbox 390 1100 1297 1189">
     <span class='ocr_line' id='line_1_14' title="bbox 431 1100 1297 1140; baseline -0.001 -9"><span class='ocrx_word' id='word_1_86' title='bbox 431 1102 505 1131; x_wconf 87' lang='lat' dir='ltr'><strong>Item</strong></span> <span class='ocrx_word' id='word_1_87' title='bbox 526 1102 703 1131; x_wconf 86' lang='lat' dir='ltr'><strong>licenciatus</strong></span> <span class='ocrx_word' id='word_1_88' title='bbox 719 1107 767 1130; x_wconf 90' lang='lat' dir='ltr'><strong>est</strong></span> <span class='ocrx_word' id='word_1_89' title='bbox 786 1100 942 1130; x_wconf 83' lang='lat' dir='ltr'><strong>Johannes</strong></span> <span class='ocrx_word' id='word_1_90' title='bbox 963 1101 1000 1129; x_wconf 91' lang='lat' dir='ltr'><strong>de</strong></span> <span class='ocrx_word' id='word_1_91' title='bbox 1016 1101 1101 1140; x_wconf 87' lang='lat' dir='ltr'><strong>Reys</strong></span> <span class='ocrx_word' id='word_1_92' title='bbox 1124 1102 1181 1130; x_wconf 89' lang='lat' dir='ltr'><strong>sub</strong></span> <span class='ocrx_word' id='word_1_93' title='bbox 1197 1101 1297 1140; x_wconf 81' lang='lat' dir='ltr'><strong>magi·-</strong></span> 
     </span>
     <span class='ocr_line' id='line_1_15' title="bbox 390 1149 1206 1189; baseline -0.001 -9"><span class='ocrx_word' id='word_1_94' title='bbox 390 1157 456 1181; x_wconf 91' lang='lat' dir='ltr'><strong>stro</strong></span> <span class='ocrx_word' id='word_1_95' title='bbox 470 1151 609 1180; x_wconf 87' lang='lat' dir='ltr'><strong>Johanne</strong></span> <span class='ocrx_word' id='word_1_96' title='bbox 626 1152 663 1179; x_wconf 91' lang='lat' dir='ltr'><strong>de</strong></span> <span class='ocrx_word' id='word_1_97' title='bbox 682 1150 831 1185; x_wconf 67' lang='lat' dir='ltr'><strong>Zuffania,</strong></span> <span class='ocrx_word' id='word_1_98' title='bbox 851 1149 938 1189; x_wconf 88' lang='lat' dir='ltr'><strong>cujus</strong></span> <span class='ocrx_word' id='word_1_99' title='bbox 954 1151 1048 1179; x_wconf 88' lang='lat' dir='ltr'><strong>bursa</strong></span> <span class='ocrx_word' id='word_1_100' title='bbox 1062 1150 1090 1179; x_wconf 90' lang='lat'><strong>11</strong></span> <span class='ocrx_word' id='word_1_101' title='bbox 1104 1150 1206 1179; x_wconf 90' lang='lat' dir='ltr'><strong>solidi.</strong></span> 
     </span>
    </p>
   </div>
   <div class='ocr_carea' id='block_1_3' title="bbox 502 1256 1185 1334">
    <p class='ocr_par' dir='ltr' id='par_1_9' title="bbox 502 1256 1185 1334">
     <span class='ocr_line' id='line_1_16' title="bbox 502 1256 1185 1297; baseline -0.003 -10"><span class='ocrx_word' id='word_1_102' title='bbox 502 1258 715 1297; x_wconf 77' lang='lat' dir='ltr'>Sequuntur</span> <span class='ocrx_word' id='word_1_103' title='bbox 743 1256 890 1285; x_wconf 92' lang='lat' dir='ltr'><strong>nomina</strong></span> <span class='ocrx_word' id='word_1_104' title='bbox 920 1256 1185 1295; x_wconf 90' lang='lat' dir='ltr'><strong>incipiencium</strong></span> 
     </span>
     <span class='ocr_line' id='line_1_17' title="bbox 723 1305 963 1334; baseline 0 0"><span class='ocrx_word' id='word_1_105' title='bbox 723 1305 835 1334; x_wconf 87' lang='lat' dir='ltr'><strong>istius</strong></span> <span class='ocrx_word' id='word_1_106' title='bbox 865 1305 963 1334; x_wconf 86' lang='lat' dir='ltr'><strong>anni.</strong></span> 
     </span>
    </p>
   </div>
   <div class='ocr_carea' id='block_1_4' title="bbox 392 1394 1302 2609">
    <p class='ocr_par' dir='ltr' id='par_1_10' title="bbox 392 1394 1298 1483">
     <span class='ocr_line' id='line_1_18' title="bbox 432 1394 1298 1435; baseline -0.003 -9"><span class='ocrx_word' id='word_1_107' title='bbox 432 1397 506 1426; x_wconf 91' lang='lat' dir='ltr'><strong>Item</strong></span> <span class='ocrx_word' id='word_1_108' title='bbox 529 1395 644 1435; x_wconf 86' lang='lat' dir='ltr'>incepit</span> <span class='ocrx_word' id='word_1_109' title='bbox 663 1395 805 1424; x_wconf 88' lang='lat' dir='ltr'><strong>dominus</strong></span> <span class='ocrx_word' id='word_1_110' title='bbox 828 1395 940 1424; x_wconf 91' lang='lat' dir='ltr'><strong>Petrus</strong></span> <span class='ocrx_word' id='word_1_111' title='bbox 959 1394 1096 1423; x_wconf 88' lang='lat' dir='ltr'><strong>Ghiesen</strong></span> <span class='ocrx_word' id='word_1_112' title='bbox 1118 1396 1175 1424; x_wconf 88' lang='lat' dir='ltr'><strong>sub</strong></span> <span class='ocrx_word' id='word_1_113' title='bbox 1199 1394 1298 1435; x_wconf 85' lang='lat' dir='ltr'><strong>magi-</strong></span> 
     </span>
     <span class='ocr_line' id='line_1_19' title="bbox 392 1442 1215 1483; baseline -0.004 -8"><span class='ocrx_word' id='word_1_114' title='bbox 392 1452 457 1475; x_wconf 85' lang='lat' dir='ltr'><strong>stro</strong></span> <span class='ocrx_word' id='word_1_115' title='bbox 473 1445 630 1474; x_wconf 89' lang='lat' dir='ltr'><strong>Aernoldo</strong></span> <span class='ocrx_word' id='word_1_116' title='bbox 645 1445 681 1473; x_wconf 90' lang='lat' dir='ltr'><strong>de</strong></span> <span class='ocrx_word' id='word_1_117' title='bbox 697 1444 837 1478; x_wconf 88' lang='lat' dir='ltr'><strong>Wtwiic,</strong></span> <span class='ocrx_word' id='word_1_118' title='bbox 853 1442 940 1483; x_wconf 90' lang='lat' dir='ltr'><strong>cujus</strong></span> <span class='ocrx_word' id='word_1_119' title='bbox 956 1445 1051 1473; x_wconf 90' lang='lat' dir='ltr'><strong>bursa</strong></span> <span class='ocrx_word' id='word_1_120' title='bbox 1061 1443 1102 1472; x_wconf 90' lang='lat' dir='ltr'><strong>Vl</strong></span> <span class='ocrx_word' id='word_1_121' title='bbox 1113 1444 1215 1473; x_wconf 91' lang='lat' dir='ltr'><strong>solidi.</strong></span> 
     </span>
    </p>

    <p class='ocr_par' dir='ltr' id='par_1_11' title="bbox 393 1493 1298 1582">
     <span class='ocr_line' id='line_1_20' title="bbox 433 1493 1298 1533; baseline -0.003 -9"><span class='ocrx_word' id='word_1_122' title='bbox 433 1495 507 1524; x_wconf 87' lang='lat' dir='ltr'><strong>Item</strong></span> <span class='ocrx_word' id='word_1_123' title='bbox 526 1494 640 1533; x_wconf 88' lang='lat' dir='ltr'><strong>incepit</strong></span> <span class='ocrx_word' id='word_1_124' title='bbox 663 1493 807 1522; x_wconf 90' lang='lat' dir='ltr'><strong>dominus</strong></span> <span class='ocrx_word' id='word_1_125' title='bbox 821 1493 959 1522; x_wconf 90' lang='lat' dir='ltr'><strong>Ywanus</strong></span> <span class='ocrx_word' id='word_1_126' title='bbox 975 1493 1114 1522; x_wconf 88' lang='lat' dir='ltr'><strong>Richerii</strong></span> <span class='ocrx_word' id='word_1_127' title='bbox 1131 1494 1169 1522; x_wconf 92' lang='lat' dir='ltr'><strong>de</strong></span> <span class='ocrx_word' id='word_1_128' title='bbox 1185 1493 1298 1522; x_wconf 90' lang='lat' dir='ltr'><strong>Erlach</strong></span> 
     </span>
     <span class='ocr_line' id='line_1_21' title="bbox 393 1541 1296 1582; baseline -0.002 -9"><span class='ocrx_word' id='word_1_129' title='bbox 393 1545 450 1574; x_wconf 92' lang='lat' dir='ltr'><strong>sub</strong></span> <span class='ocrx_word' id='word_1_130' title='bbox 466 1543 614 1582; x_wconf 86' lang='lat' dir='ltr'><strong>magistro</strong></span> <span class='ocrx_word' id='word_1_131' title='bbox 626 1542 784 1571; x_wconf 87' lang='lat' dir='ltr'><strong>Aernoldo</strong></span> <span class='ocrx_word' id='word_1_132' title='bbox 798 1542 938 1576; x_wconf 90' lang='lat' dir='ltr'><strong>Wtwiic,</strong></span> <span class='ocrx_word' id='word_1_133' title='bbox 947 1541 1034 1581; x_wconf 85' lang='lat' dir='ltr'><strong>cujus</strong></span> <span class='ocrx_word' id='word_1_134' title='bbox 1047 1543 1141 1571; x_wconf 85' lang='lat' dir='ltr'><strong>bursa</strong></span> <span class='ocrx_word' id='word_1_135' title='bbox 1153 1542 1181 1571; x_wconf 95' lang='lat' dir='ltr'><strong>II</strong></span> <span class='ocrx_word' id='word_1_136' title='bbox 1193 1542 1296 1571; x_wconf 91' lang='lat' dir='ltr'><strong>solidi.</strong></span> 
     </span>
    </p>

    <p class='ocr_par' dir='ltr' id='par_1_12' title="bbox 392 1590 1298 1679">
     <span class='ocr_line' id='line_1_22' title="bbox 433 1590 1298 1631; baseline -0.002 -9"><span class='ocrx_word' id='word_1_137' title='bbox 433 1593 507 1622; x_wconf 87' lang='lat' dir='ltr'><strong>Item</strong></span> <span class='ocrx_word' id='word_1_138' title='bbox 526 1591 642 1631; x_wconf 83' lang='lat' dir='ltr'><strong>incepit</strong></span> <span class='ocrx_word' id='word_1_139' title='bbox 655 1591 798 1620; x_wconf 91' lang='lat' dir='ltr'><strong>dominus</strong></span> <span class='ocrx_word' id='word_1_140' title='bbox 812 1591 997 1620; x_wconf 83' lang='lat' dir='ltr'><strong>Fredericus</strong></span> <span class='ocrx_word' id='word_1_141' title='bbox 1010 1590 1119 1620; x_wconf 84' lang='lat' dir='ltr'><strong>Traest</strong></span> <span class='ocrx_word' id='word_1_142' title='bbox 1131 1592 1189 1620; x_wconf 92' lang='lat' dir='ltr'><strong>sub</strong></span> <span class='ocrx_word' id='word_1_143' title='bbox 1204 1591 1298 1631; x_wconf 83' lang='lat' dir='ltr'><strong>magi—</strong></span> 
     </span>
     <span class='ocr_line' id='line_1_23' title="bbox 392 1639 1209 1679; baseline -0.002 -8"><span class='ocrx_word' id='word_1_144' title='bbox 392 1648 457 1672; x_wconf 90' lang='lat' dir='ltr'><strong>stro</strong></span> <span class='ocrx_word' id='word_1_145' title='bbox 470 1641 608 1670; x_wconf 87' lang='lat' dir='ltr'><strong>Johanne</strong></span> <span class='ocrx_word' id='word_1_146' title='bbox 626 1641 663 1669; x_wconf 93' lang='lat' dir='ltr'><strong>de</strong></span> <span class='ocrx_word' id='word_1_147' title='bbox 682 1639 831 1675; x_wconf 66' lang='lat' dir='ltr'><strong>Zuffania,</strong></span> <span class='ocrx_word' id='word_1_148' title='bbox 847 1639 934 1679; x_wconf 90' lang='lat' dir='ltr'><strong>cujus</strong></span> <span class='ocrx_word' id='word_1_149' title='bbox 951 1641 1045 1669; x_wconf 91' lang='lat' dir='ltr'><strong>bursa</strong></span> <span class='ocrx_word' id='word_1_150' title='bbox 1061 1640 1088 1668; x_wconf 94' lang='lat' dir='ltr'>V</span> <span class='ocrx_word' id='word_1_151' title='bbox 1106 1640 1209 1669; x_wconf 88' lang='lat' dir='ltr'><strong>solidi.</strong></span> 
     </span>
    </p>

    <p class='ocr_par' dir='ltr' id='par_1_13' title="bbox 392 1688 1298 1780">
     <span class='ocr_line' id='line_1_24' title="bbox 433 1688 1298 1729; baseline -0.001 -9"><span class='ocrx_word' id='word_1_152' title='bbox 433 1691 508 1720; x_wconf 88' lang='lat' dir='ltr'><strong>Item</strong></span> <span class='ocrx_word' id='word_1_153' title='bbox 542 1688 681 1729; x_wconf 69' lang='lat' dir='ltr'><strong>incepit²</strong></span> <span class='ocrx_word' id='word_1_154' title='bbox 715 1689 857 1717; x_wconf 91' lang='lat' dir='ltr'><strong>dominus</strong></span> <span class='ocrx_word' id='word_1_155' title='bbox 886 1689 1035 1718; x_wconf 87' lang='lat' dir='ltr'><strong>Ludolsus</strong></span> <span class='ocrx_word' id='word_1_156' title='bbox 1060 1690 1098 1718; x_wconf 91' lang='lat' dir='ltr'><strong>de</strong></span> <span class='ocrx_word' id='word_1_157' title='bbox 1126 1689 1212 1718; x_wconf 88' lang='lat' dir='ltr'><strong>Lude</strong></span> <span class='ocrx_word' id='word_1_158' title='bbox 1241 1690 1298 1719; x_wconf 90' lang='lat' dir='ltr'><strong>sub</strong></span> 
     </span>
     <span class='ocr_line' id='line_1_25' title="bbox 392 1737 1297 1780; baseline -0.002 -11"><span class='ocrx_word' id='word_1_159' title='bbox 392 1740 540 1780; x_wconf 83' lang='lat' dir='ltr'><strong>magistro</strong></span> <span class='ocrx_word' id='word_1_160' title='bbox 561 1738 722 1768; x_wconf 81' lang='lat' dir='ltr'><strong>Conrardo</strong></span> <span class='ocrx_word' id='word_1_161' title='bbox 737 1738 775 1766; x_wconf 90' lang='lat' dir='ltr'><strong>de</strong></span> <span class='ocrx_word' id='word_1_162' title='bbox 794 1737 955 1777; x_wconf 88' lang='lat' dir='ltr'><strong>Eslingha‚</strong></span> <span class='ocrx_word' id='word_1_163' title='bbox 977 1737 1062 1776; x_wconf 90' lang='lat' dir='ltr'><strong>cujus</strong></span> <span class='ocrx_word' id='word_1_164' title='bbox 1079 1739 1173 1767; x_wconf 87' lang='lat' dir='ltr'><strong>bursa</strong></span> <span class='ocrx_word' id='word_1_165' title='bbox 1191 1738 1297 1767; x_wconf 89' lang='lat' dir='ltr'><strong>nichil.</strong></span> 
     </span>
    </p>

    <p class='ocr_par' dir='ltr' id='par_1_14' title="bbox 394 1786 1299 1875">
     <span class='ocr_line' id='line_1_26' title="bbox 433 1786 1299 1827; baseline -0.002 -9"><span class='ocrx_word' id='word_1_166' title='bbox 433 1789 508 1818; x_wconf 87' lang='lat' dir='ltr'><strong>Item</strong></span> <span class='ocrx_word' id='word_1_167' title='bbox 525 1787 641 1826; x_wconf 84' lang='lat' dir='ltr'><strong>incepit</strong></span> <span class='ocrx_word' id='word_1_168' title='bbox 657 1787 799 1816; x_wconf 88' lang='lat' dir='ltr'><strong>dominus</strong></span> <span class='ocrx_word' id='word_1_169' title='bbox 817 1786 950 1816; x_wconf 85' lang='lat' dir='ltr'><strong>Thomas</strong></span> <span class='ocrx_word' id='word_1_170' title='bbox 967 1787 1003 1815; x_wconf 90' lang='lat' dir='ltr'><strong>de</strong></span> <span class='ocrx_word' id='word_1_171' title='bbox 1020 1786 1118 1816; x_wconf 89' lang='lat' dir='ltr'><strong>Grilla</strong></span> <span class='ocrx_word' id='word_1_172' title='bbox 1133 1788 1190 1816; x_wconf 90' lang='lat' dir='ltr'><strong>sub</strong></span> <span class='ocrx_word' id='word_1_173' title='bbox 1206 1787 1299 1827; x_wconf 86' lang='lat' dir='ltr'><strong>magi-</strong></span> 
     </span>
     <span class='ocr_line' id='line_1_27' title="bbox 394 1835 1216 1875; baseline -0.004 -7"><span class='ocrx_word' id='word_1_174' title='bbox 394 1845 459 1868; x_wconf 86' lang='lat' dir='ltr'><strong>stro</strong></span> <span class='ocrx_word' id='word_1_175' title='bbox 473 1836 630 1867; x_wconf 91' lang='lat' dir='ltr'><strong>Aernoldo</strong></span> <span class='ocrx_word' id='word_1_176' title='bbox 646 1837 683 1865; x_wconf 91' lang='lat' dir='ltr'><strong>de</strong></span> <span class='ocrx_word' id='word_1_177' title='bbox 699 1836 839 1871; x_wconf 85' lang='lat' dir='ltr'><strong>Wtwiic,</strong></span> <span class='ocrx_word' id='word_1_178' title='bbox 852 1835 940 1875; x_wconf 87' lang='lat' dir='ltr'><strong>cujus</strong></span> <span class='ocrx_word' id='word_1_179' title='bbox 952 1837 1046 1865; x_wconf 88' lang='lat' dir='ltr'><strong>bursa</strong></span> <span class='ocrx_word' id='word_1_180' title='bbox 1058 1836 1099 1865; x_wconf 94' lang='lat' dir='ltr'><strong>VI</strong></span> <span class='ocrx_word' id='word_1_181' title='bbox 1114 1836 1216 1865; x_wconf 91' lang='lat' dir='ltr'><strong>solidi.</strong></span> 
     </span>
    </p>

    <p class='ocr_par' dir='ltr' id='par_1_15' title="bbox 394 1884 1299 1973">
     <span class='ocr_line' id='line_1_28' title="bbox 433 1884 1299 1925; baseline -0.001 -9"><span class='ocrx_word' id='word_1_182' title='bbox 433 1887 507 1916; x_wconf 89' lang='lat' dir='ltr'><strong>Item</strong></span> <span class='ocrx_word' id='word_1_183' title='bbox 523 1885 639 1924; x_wconf 89' lang='lat' dir='ltr'><strong>incepit</strong></span> <span class='ocrx_word' id='word_1_184' title='bbox 652 1885 795 1914; x_wconf 90' lang='lat' dir='ltr'><strong>dominus</strong></span> <span class='ocrx_word' id='word_1_185' title='bbox 806 1884 962 1914; x_wconf 84' lang='lat' dir='ltr'><strong>Johannes</strong></span> <span class='ocrx_word' id='word_1_186' title='bbox 975 1885 1121 1914; x_wconf 91' lang='lat' dir='ltr'><strong>Stelczlin</strong></span> <span class='ocrx_word' id='word_1_187' title='bbox 1132 1887 1189 1914; x_wconf 92' lang='lat' dir='ltr'><strong>sub</strong></span> <span class='ocrx_word' id='word_1_188' title='bbox 1206 1886 1299 1925; x_wconf 87' lang='lat' dir='ltr'><strong>magi-</strong></span> 
     </span>
     <span class='ocr_line' id='line_1_29' title="bbox 394 1932 1205 1973; baseline -0.002 -8"><span class='ocrx_word' id='word_1_189' title='bbox 394 1942 459 1965; x_wconf 88' lang='lat' dir='ltr'><strong>stro</strong></span> <span class='ocrx_word' id='word_1_190' title='bbox 478 1935 639 1964; x_wconf 88' lang='lat' dir='ltr'><strong>Conrardo</strong></span> <span class='ocrx_word' id='word_1_191' title='bbox 657 1935 694 1962; x_wconf 93' lang='lat' dir='ltr'><strong>de</strong></span> <span class='ocrx_word' id='word_1_192' title='bbox 711 1933 874 1973; x_wconf 88' lang='lat' dir='ltr'><strong>Eslingha,</strong></span> <span class='ocrx_word' id='word_1_193' title='bbox 890 1932 975 1973; x_wconf 89' lang='lat' dir='ltr'><strong>cujus</strong></span> <span class='ocrx_word' id='word_1_194' title='bbox 990 1935 1085 1963; x_wconf 86' lang='lat' dir='ltr'><strong>bursa</strong></span> <span class='ocrx_word' id='word_1_195' title='bbox 1099 1934 1205 1963; x_wconf 89' lang='lat' dir='ltr'><strong>nichil.</strong></span> 
     </span>
    </p>

    <p class='ocr_par' dir='ltr' id='par_1_16' title="bbox 394 1983 1299 2073">
     <span class='ocr_line' id='line_1_30' title="bbox 434 1983 1299 2022; baseline 0 -9"><span class='ocrx_word' id='word_1_196' title='bbox 434 1985 509 2014; x_wconf 89' lang='lat' dir='ltr'><strong>Item</strong></span> <span class='ocrx_word' id='word_1_197' title='bbox 538 1983 653 2022; x_wconf 87' lang='lat' dir='ltr'><strong>incepit</strong></span> <span class='ocrx_word' id='word_1_198' title='bbox 681 1983 823 2011; x_wconf 89' lang='lat' dir='ltr'><strong>dominus</strong></span> <span class='ocrx_word' id='word_1_199' title='bbox 858 1983 970 2012; x_wconf 89' lang='lat' dir='ltr'><strong>Petrus</strong></span> <span class='ocrx_word' id='word_1_200' title='bbox 999 1984 1037 2012; x_wconf 91' lang='lat' dir='ltr'><strong>de</strong></span> <span class='ocrx_word' id='word_1_201' title='bbox 1069 1983 1214 2012; x_wconf 87' lang='lat' dir='ltr'><strong>Carniola</strong></span> <span class='ocrx_word' id='word_1_202' title='bbox 1242 1985 1299 2013; x_wconf 93' lang='lat' dir='ltr'><strong>sub</strong></span> 
     </span>
     <span class='ocr_line' id='line_1_31' title="bbox 394 2031 1251 2073; baseline -0.001 -10"><span class='ocrx_word' id='word_1_203' title='bbox 394 2034 543 2073; x_wconf 88' lang='lat' dir='ltr'><strong>magistro</strong></span> <span class='ocrx_word' id='word_1_204' title='bbox 560 2032 699 2061; x_wconf 90' lang='lat' dir='ltr'><strong>Arnoldo</strong></span> <span class='ocrx_word' id='word_1_205' title='bbox 717 2031 857 2067; x_wconf 86' lang='lat' dir='ltr'><strong>Wtwiic,</strong></span> <span class='ocrx_word' id='word_1_206' title='bbox 875 2031 961 2071; x_wconf 88' lang='lat' dir='ltr'><strong>cujus</strong></span> <span class='ocrx_word' id='word_1_207' title='bbox 977 2033 1072 2061; x_wconf 86' lang='lat' dir='ltr'><strong>bursa</strong></span> <span class='ocrx_word' id='word_1_208' title='bbox 1087 2032 1131 2061; x_wconf 94' lang='lat' dir='ltr'><strong>III</strong></span> <span class='ocrx_word' id='word_1_209' title='bbox 1148 2032 1251 2062; x_wconf 90' lang='lat' dir='ltr'><strong>solidi.</strong></span> 
     </span>
    </p>

    <p class='ocr_par' dir='ltr' id='par_1_17' title="bbox 394 2080 1300 2168">
     <span class='ocr_line' id='line_1_32' title="bbox 436 2080 1300 2120; baseline -0.001 -8"><span class='ocrx_word' id='word_1_210' title='bbox 436 2083 510 2112; x_wconf 86' lang='lat' dir='ltr'><strong>Item</strong></span> <span class='ocrx_word' id='word_1_211' title='bbox 543 2081 658 2120; x_wconf 88' lang='lat' dir='ltr'><strong>incepit</strong></span> <span class='ocrx_word' id='word_1_212' title='bbox 689 2081 831 2110; x_wconf 90' lang='lat' dir='ltr'><strong>dominus</strong></span> <span class='ocrx_word' id='word_1_213' title='bbox 868 2080 1024 2110; x_wconf 84' lang='lat' dir='ltr'><strong>Johannes</strong></span> <span class='ocrx_word' id='word_1_214' title='bbox 1064 2081 1227 2111; x_wconf 90' lang='lat' dir='ltr'><strong>Bruckner</strong></span> <span class='ocrx_word' id='word_1_215' title='bbox 1262 2083 1300 2111; x_wconf 88' lang='lat' dir='ltr'><strong>de</strong></span> 
     </span>
     <span class='ocr_line' id='line_1_33' title="bbox 394 2128 1206 2168; baseline -0.002 -7"><span class='ocrx_word' id='word_1_216' title='bbox 394 2132 561 2161; x_wconf 85' lang='lat' dir='ltr'><strong>Goberstat</strong></span> <span class='ocrx_word' id='word_1_217' title='bbox 576 2131 633 2159; x_wconf 92' lang='lat' dir='ltr'><strong>sub</strong></span> <span class='ocrx_word' id='word_1_218' title='bbox 650 2130 768 2164; x_wconf 90' lang='lat' dir='ltr'><strong>eodem,</strong></span> <span class='ocrx_word' id='word_1_219' title='bbox 784 2128 870 2168; x_wconf 89' lang='lat' dir='ltr'><strong>cujus</strong></span> <span class='ocrx_word' id='word_1_220' title='bbox 884 2130 978 2159; x_wconf 90' lang='lat' dir='ltr'><strong>bursa</strong></span> <span class='ocrx_word' id='word_1_221' title='bbox 989 2130 1058 2159; x_wconf 91' lang='lat' dir='ltr'><strong>XVI</strong></span> <span class='ocrx_word' id='word_1_222' title='bbox 1077 2131 1206 2159; x_wconf 86' lang='lat' dir='ltr'><strong>denarii.</strong></span> 
     </span>
    </p>

    <p class='ocr_par' dir='ltr' id='par_1_18' title="bbox 395 2178 1300 2266">
     <span class='ocr_line' id='line_1_34' title="bbox 435 2178 1300 2220; baseline -0.001 -10"><span class='ocrx_word' id='word_1_223' title='bbox 435 2181 508 2210; x_wconf 88' lang='lat' dir='ltr'><strong>Item</strong></span> <span class='ocrx_word' id='word_1_224' title='bbox 526 2179 641 2218; x_wconf 87' lang='lat' dir='ltr'><strong>incepit</strong></span> <span class='ocrx_word' id='word_1_225' title='bbox 655 2179 798 2207; x_wconf 84' lang='lat' dir='ltr'><strong>dominus</strong></span> <span class='ocrx_word' id='word_1_226' title='bbox 810 2178 969 2207; x_wconf 87' lang='lat' dir='ltr'><strong>Arnoldus</strong></span> <span class='ocrx_word' id='word_1_227' title='bbox 985 2179 1120 2218; x_wconf 86' lang='lat' dir='ltr'><strong>Reyneri</strong></span> <span class='ocrx_word' id='word_1_228' title='bbox 1137 2181 1194 2208; x_wconf 92' lang='lat' dir='ltr'><strong>sub</strong></span> <span class='ocrx_word' id='word_1_229' title='bbox 1207 2180 1300 2220; x_wconf 83' lang='lat' dir='ltr'><strong>magi·</strong></span> 
     </span>
     <span class='ocr_line' id='line_1_35' title="bbox 395 2226 1149 2266; baseline -0.004 -6"><span class='ocrx_word' id='word_1_230' title='bbox 395 2236 461 2260; x_wconf 85' lang='lat' dir='ltr'><strong>stro</strong></span> <span class='ocrx_word' id='word_1_231' title='bbox 480 2228 619 2258; x_wconf 90' lang='lat' dir='ltr'><strong>Arnoldo</strong></span> <span class='ocrx_word' id='word_1_232' title='bbox 635 2227 775 2262; x_wconf 84' lang='lat' dir='ltr'><strong>Wtwiic,</strong></span> <span class='ocrx_word' id='word_1_233' title='bbox 795 2226 881 2266; x_wconf 89' lang='lat' dir='ltr'><strong>cujus</strong></span> <span class='ocrx_word' id='word_1_234' title='bbox 897 2228 991 2256; x_wconf 87' lang='lat' dir='ltr'><strong>bursa</strong></span> <span class='ocrx_word' id='word_1_235' title='bbox 1005 2227 1031 2256; x_wconf 95' lang='lat' dir='ltr'>V</span> <span class='ocrx_word' id='word_1_236' title='bbox 1047 2228 1149 2257; x_wconf 89' lang='lat' dir='ltr'><strong>solidi.</strong></span> 
     </span>
    </p>

    <p class='ocr_par' dir='ltr' id='par_1_19' title="bbox 395 2276 1301 2367">
     <span class='ocr_line' id='line_1_36' title="bbox 436 2276 1301 2317; baseline 0 -10"><span class='ocrx_word' id='word_1_237' title='bbox 436 2279 510 2308; x_wconf 91' lang='lat' dir='ltr'><strong>Item</strong></span> <span class='ocrx_word' id='word_1_238' title='bbox 535 2276 650 2315; x_wconf 86' lang='lat' dir='ltr'><strong>incepit</strong></span> <span class='ocrx_word' id='word_1_239' title='bbox 673 2277 817 2305; x_wconf 90' lang='lat' dir='ltr'><strong>dominus</strong></span> <span class='ocrx_word' id='word_1_240' title='bbox 840 2276 996 2305; x_wconf 86' lang='lat' dir='ltr'><strong>Johannes</strong></span> <span class='ocrx_word' id='word_1_241' title='bbox 1021 2277 1059 2305; x_wconf 86' lang='lat' dir='ltr'><strong>de</strong></span> <span class='ocrx_word' id='word_1_242' title='bbox 1077 2277 1221 2317; x_wconf 89' lang='lat' dir='ltr'><strong>Thureyo</strong></span> <span class='ocrx_word' id='word_1_243' title='bbox 1243 2279 1301 2307; x_wconf 89' lang='lat' dir='ltr'><strong>sub</strong></span> 
     </span>
     <span class='ocr_line' id='line_1_37' title="bbox 395 2324 1259 2367; baseline -0.002 -10"><span class='ocrx_word' id='word_1_244' title='bbox 395 2328 544 2367; x_wconf 86' lang='lat' dir='ltr'><strong>magistro</strong></span> <span class='ocrx_word' id='word_1_245' title='bbox 557 2326 696 2355; x_wconf 91' lang='lat' dir='ltr'><strong>Arnoldo</strong></span> <span class='ocrx_word' id='word_1_246' title='bbox 714 2325 854 2359; x_wconf 89' lang='lat' dir='ltr'><strong>Wtwiic,</strong></span> <span class='ocrx_word' id='word_1_247' title='bbox 873 2324 960 2364; x_wconf 87' lang='lat' dir='ltr'><strong>cujus</strong></span> <span class='ocrx_word' id='word_1_248' title='bbox 975 2326 1070 2354; x_wconf 87' lang='lat' dir='ltr'><strong>bursa</strong></span> <span class='ocrx_word' id='word_1_249' title='bbox 1083 2326 1138 2355; x_wconf 92' lang='lat' dir='ltr'><strong>IIlI</strong></span> <span class='ocrx_word' id='word_1_250' title='bbox 1155 2327 1259 2355; x_wconf 93' lang='lat' dir='ltr'><strong>solidi.</strong></span> 
     </span>
    </p>

    <p class='ocr_par' dir='ltr' id='par_1_20' title="bbox 393 2374 1301 2462">
     <span class='ocr_line' id='line_1_38' title="bbox 436 2374 1301 2415; baseline 0 -10"><span class='ocrx_word' id='word_1_251' title='bbox 436 2377 511 2405; x_wconf 82' lang='lat' dir='ltr'><strong>Item</strong></span> <span class='ocrx_word' id='word_1_252' title='bbox 526 2375 639 2414; x_wconf 91' lang='lat' dir='ltr'><strong>incepit</strong></span> <span class='ocrx_word' id='word_1_253' title='bbox 654 2374 796 2403; x_wconf 91' lang='lat' dir='ltr'><strong>dominus</strong></span> <span class='ocrx_word' id='word_1_254' title='bbox 811 2374 967 2403; x_wconf 89' lang='lat' dir='ltr'><strong>Johannes</strong></span> <span class='ocrx_word' id='word_1_255' title='bbox 979 2374 1063 2413; x_wconf 87' lang='lat' dir='ltr'><strong>Reys</strong></span> <span class='ocrx_word' id='word_1_256' title='bbox 1080 2376 1136 2404; x_wconf 90' lang='lat' dir='ltr'><strong>sub</strong></span> <span class='ocrx_word' id='word_1_257' title='bbox 1152 2376 1301 2415; x_wconf 87' lang='lat' dir='ltr'><strong>magistro</strong></span> 
     </span>
     <span class='ocr_line' id='line_1_39' title="bbox 393 2423 1166 2462; baseline -0.003 -7"><span class='ocrx_word' id='word_1_258' title='bbox 393 2425 532 2455; x_wconf 68' lang='lat' dir='ltr'><strong>,Iohanne</strong></span> <span class='ocrx_word' id='word_1_259' title='bbox 551 2425 588 2453; x_wconf 90' lang='lat' dir='ltr'><strong>de</strong></span> <span class='ocrx_word' id='word_1_260' title='bbox 606 2423 787 2462; x_wconf 86' lang='lat' dir='ltr'><strong>Zutphania‚</strong></span> <span class='ocrx_word' id='word_1_261' title='bbox 806 2424 892 2462; x_wconf 92' lang='lat' dir='ltr'><strong>cujus</strong></span> <span class='ocrx_word' id='word_1_262' title='bbox 911 2424 1005 2452; x_wconf 90' lang='lat' dir='ltr'><strong>bursa</strong></span> <span class='ocrx_word' id='word_1_263' title='bbox 1018 2424 1045 2452; x_wconf 94' lang='lat'><strong>11</strong></span> <span class='ocrx_word' id='word_1_264' title='bbox 1063 2424 1166 2453; x_wconf 90' lang='lat' dir='ltr'><strong>solidi.</strong></span> 
     </span>
    </p>

    <p class='ocr_par' dir='ltr' id='par_1_21' title="bbox 396 2472 1302 2609">
     <span class='ocr_line' id='line_1_40' title="bbox 436 2472 1301 2512; baseline -0.001 -9"><span class='ocrx_word' id='word_1_265' title='bbox 436 2474 554 2503; x_wconf 86' lang='lat' dir='ltr'><strong>Indicta</strong></span> <span class='ocrx_word' id='word_1_266' title='bbox 575 2472 820 2512; x_wconf 81' lang='lat' dir='ltr'><strong>congregacione</strong></span> <span class='ocrx_word' id='word_1_267' title='bbox 842 2473 923 2511; x_wconf 88' lang='lat' dir='ltr'><strong>apud</strong></span> <span class='ocrx_word' id='word_1_268' title='bbox 948 2472 1091 2502; x_wconf 88' lang='lat' dir='ltr'><strong>Sanctum</strong></span> <span class='ocrx_word' id='word_1_269' title='bbox 1114 2473 1301 2503; x_wconf 87' lang='lat' dir='ltr'><strong>Maturinum</strong></span> 
     </span>
     <span class='ocr_line' id='line_1_41' title="bbox 396 2521 1302 2562; baseline -0.001 -10"><span class='ocrx_word' id='word_1_270' title='bbox 396 2533 475 2552; x_wconf 91' lang='lat' dir='ltr'><strong>anno</strong></span> <span class='ocrx_word' id='word_1_271' title='bbox 493 2529 525 2551; x_wconf 87' lang='lat' dir='ltr'><strong>ut</strong></span> <span class='ocrx_word' id='word_1_272' title='bbox 542 2532 646 2561; x_wconf 80' lang='lat' dir='ltr'><strong>supra,</strong></span> <span class='ocrx_word' id='word_1_273' title='bbox 667 2521 772 2560; x_wconf 89' lang='lat' dir='ltr'><strong>quinta</strong></span> <span class='ocrx_word' id='word_1_274' title='bbox 789 2521 838 2550; x_wconf 91' lang='lat' dir='ltr'><strong>die</strong></span> <span class='ocrx_word' id='word_1_275' title='bbox 859 2521 975 2550; x_wconf 86' lang='lat' dir='ltr'><strong>mensis</strong></span> <span class='ocrx_word' id='word_1_276' title='bbox 991 2521 1075 2557; x_wconf 82' lang='lat' dir='ltr'><strong>Julii,</strong></span> <span class='ocrx_word' id='word_1_277' title='bbox 1094 2522 1169 2551; x_wconf 87' lang='lat' dir='ltr'><strong>hora</strong></span> <span class='ocrx_word' id='word_1_278' title='bbox 1185 2522 1302 2562; x_wconf 89' lang='lat' dir='ltr'><strong>prima-</strong></span> 
     </span>
     <span class='ocr_line' id='line_1_42' title="bbox 396 2570 1302 2609; baseline 0.001 -9"><span class='ocrx_word' id='word_1_279' title='bbox 396 2582 463 2601; x_wconf 85' lang='lat' dir='ltr'><strong>rum</strong></span> <span class='ocrx_word' id='word_1_280' title='bbox 482 2571 594 2600; x_wconf 89' lang='lat' dir='ltr'><strong>Nostre</strong></span> <span class='ocrx_word' id='word_1_281' title='bbox 613 2570 744 2599; x_wconf 89' lang='lat' dir='ltr'><strong>Domine</strong></span> <span class='ocrx_word' id='word_1_282' title='bbox 767 2580 861 2609; x_wconf 91' lang='lat' dir='ltr'><strong>super</strong></span> <span class='ocrx_word' id='word_1_283' title='bbox 882 2570 982 2599; x_wconf 89' lang='lat' dir='ltr'><strong>tribus</strong></span> <span class='ocrx_word' id='word_1_284' title='bbox 1005 2571 1154 2600; x_wconf 83' lang='lat' dir='ltr'><strong>articulis.</strong></span> <span class='ocrx_word' id='word_1_285' title='bbox 1179 2571 1302 2601; x_wconf 84' lang='lat' dir='ltr'><strong>Primus</strong></span> 
     </span>
    </p>
   </div>
   <div class='ocr_carea' id='block_1_5' title="bbox 397 2676 1303 2994">
    <p class='ocr_par' dir='ltr' id='par_1_22' title="bbox 428 2676 990 2708">
     <span class='ocr_line' id='line_1_43' title="bbox 428 2676 990 2708; baseline -0.004 -7"><span class='ocrx_word' id='word_1_286' title='bbox 428 2678 451 2701; x_wconf 83' lang='lat'><strong>1.</strong></span> <span class='ocrx_word' id='word_1_287' title='bbox 485 2678 550 2701; x_wconf 85' lang='lat' dir='ltr'><strong>Item</strong></span> <span class='ocrx_word' id='word_1_288' title='bbox 563 2677 711 2700; x_wconf 80' lang='lat' dir='ltr'><strong>licentiatus</strong></span> <span class='ocrx_word' id='word_1_289' title='bbox 719 2679 810 2708; x_wconf 70' lang='lat' dir='ltr'><strong>postea</strong></span> <span class='ocrx_word' id='word_1_290' title='bbox 824 2676 935 2699; x_wconf 86' lang='lat' dir='ltr'><strong>deletum</strong></span> <span class='ocrx_word' id='word_1_291' title='bbox 945 2679 990 2700; x_wconf 70' lang='lat' dir='ltr'><strong>est.</strong></span> 
     </span>
    </p>

    <p class='ocr_par' dir='ltr' id='par_1_23' title="bbox 428 2711 943 2744">
     <span class='ocr_line' id='line_1_44' title="bbox 428 2711 943 2744; baseline 0 -9"><span class='ocrx_word' id='word_1_292' title='bbox 428 2714 450 2736; x_wconf 83' lang='lat'><strong>2.</strong></span> <span class='ocrx_word' id='word_1_293' title='bbox 486 2713 551 2736; x_wconf 86' lang='lat' dir='ltr'><strong>Item</strong></span> <span class='ocrx_word' id='word_1_294' title='bbox 566 2713 763 2744; x_wconf 75' lang='lat' dir='ltr'><strong>incepitpostea</strong></span> <span class='ocrx_word' id='word_1_295' title='bbox 778 2711 888 2736; x_wconf 86' lang='lat' dir='ltr'><strong>deletum</strong></span> <span class='ocrx_word' id='word_1_296' title='bbox 898 2714 943 2735; x_wconf 66' lang='lat' dir='ltr'><strong>est.</strong></span> 
     </span>
    </p>

    <p class='ocr_par' dir='ltr' id='par_1_24' title="bbox 429 2748 679 2771">
     <span class='ocr_line' id='line_1_45' title="bbox 429 2748 679 2771; baseline 0 0"><span class='ocrx_word' id='word_1_297' title='bbox 429 2749 451 2771; x_wconf 85' lang='lat'><strong>3.</strong></span> <span class='ocrx_word' id='word_1_298' title='bbox 485 2750 505 2771; x_wconf 89' lang='lat'><strong>1.</strong></span> <span class='ocrx_word' id='word_1_299' title='bbox 519 2756 540 2771; x_wconf 85' lang='lat' dir='ltr'><strong>e.</strong></span> <span class='ocrx_word' id='word_1_300' title='bbox 559 2748 679 2771; x_wconf 85' lang='lat' dir='ltr'><strong>Ummen.</strong></span> 
     </span>
    </p>

    <p class='ocr_par' dir='ltr' id='par_1_25' title="bbox 397 2782 1303 2994">
     <span class='ocr_line' id='line_1_46' title="bbox 427 2782 1303 2816; baseline 0 -10"><span class='ocrx_word' id='word_1_301' title='bbox 427 2784 451 2806; x_wconf 79' lang='lat'><strong>4.</strong></span> <span class='ocrx_word' id='word_1_302' title='bbox 484 2785 579 2806; x_wconf 84' lang='lat' dir='ltr'><strong>Notatu</strong></span> <span class='ocrx_word' id='word_1_303' title='bbox 599 2784 713 2815; x_wconf 73' lang='lat' dir='ltr'><strong>dignum,</strong></span> <span class='ocrx_word' id='word_1_304' title='bbox 733 2791 775 2806; x_wconf 89' lang='lat' dir='ltr'><strong>an.</strong></span> <span class='ocrx_word' id='word_1_305' title='bbox 799 2783 859 2806; x_wconf 71' lang='lat'>1400</span> <span class='ocrx_word' id='word_1_306' title='bbox 878 2786 902 2807; x_wconf 86' lang='lat' dir='ltr'><strong>et</strong></span> <span class='ocrx_word' id='word_1_307' title='bbox 913 2785 1005 2815; x_wconf 71' lang='lat' dir='ltr'><strong>postea</strong></span> <span class='ocrx_word' id='word_1_308' title='bbox 1021 2782 1108 2814; x_wconf 72' lang='lat' dir='ltr'><strong>plures</strong></span> <span class='ocrx_word' id='word_1_309' title='bbox 1125 2783 1239 2807; x_wconf 76' lang='lat' dir='ltr'><strong>nationis</strong></span> <span class='ocrx_word' id='word_1_310' title='bbox 1253 2792 1303 2816; x_wconf 84' lang='lat' dir='ltr'><strong>pro</strong></span> 
     </span>
     <span class='ocr_line' id='line_1_47' title="bbox 397 2819 1302 2850; baseline 0.001 -8"><span class='ocrx_word' id='word_1_311' title='bbox 397 2819 498 2842; x_wconf 82' lang='lat' dir='ltr'><strong>nomine</strong></span> <span class='ocrx_word' id='word_1_312' title='bbox 512 2819 625 2842; x_wconf 76' lang='lat' dir='ltr'><strong>nationis</strong></span> <span class='ocrx_word' id='word_1_313' title='bbox 640 2819 800 2850; x_wconf 78' lang='lat' dir='ltr'><strong>Anglicanae</strong></span> <span class='ocrx_word' id='word_1_314' title='bbox 814 2826 905 2842; x_wconf 86' lang='lat' dir='ltr'><strong>nomen</strong></span> <span class='ocrx_word' id='word_1_315' title='bbox 922 2819 1036 2842; x_wconf 74' lang='lat' dir='ltr'><strong>nationis</strong></span> <span class='ocrx_word' id='word_1_316' title='bbox 1054 2819 1225 2843; x_wconf 79' lang='lat' dir='ltr'><strong>Alemanniae</strong></span> <span class='ocrx_word' id='word_1_317' title='bbox 1240 2820 1302 2843; x_wconf 63' lang='lat' dir='ltr'><strong>aub—</strong></span> 
     </span>
     <span class='ocr_line' id='line_1_48' title="bbox 399 2854 1301 2885; baseline 0.001 -8"><span class='ocrx_word' id='word_1_318' title='bbox 399 2854 522 2882; x_wconf 63' lang='lat' dir='ltr'><strong>nituisse,</strong></span> <span class='ocrx_word' id='word_1_319' title='bbox 544 2863 609 2885; x_wconf 83' lang='lat' dir='ltr'><strong>quae</strong></span> <span class='ocrx_word' id='word_1_320' title='bbox 633 2854 726 2878; x_wconf 78' lang='lat' dir='ltr'><strong>locutio</strong></span> <span class='ocrx_word' id='word_1_321' title='bbox 747 2854 828 2877; x_wconf 70' lang='lat' dir='ltr'><strong>solum</strong></span> <span class='ocrx_word' id='word_1_322' title='bbox 852 2854 885 2877; x_wconf 84' lang='lat' dir='ltr'><strong>ab</strong></span> <span class='ocrx_word' id='word_1_323' title='bbox 909 2862 951 2878; x_wconf 88' lang='lat' dir='ltr'><strong>an.</strong></span> <span class='ocrx_word' id='word_1_324' title='bbox 975 2855 1036 2877; x_wconf 76' lang='lat'>1442</span> <span class='ocrx_word' id='word_1_325' title='bbox 1059 2854 1085 2878; x_wconf 84' lang='lat' dir='ltr'><strong>in</strong></span> <span class='ocrx_word' id='word_1_326' title='bbox 1109 2863 1201 2878; x_wconf 85' lang='lat' dir='ltr'><strong>morem</strong></span> <span class='ocrx_word' id='word_1_327' title='bbox 1226 2855 1301 2879; x_wconf 76' lang='lat' dir='ltr'><strong>venit.</strong></span> 
     </span>
     <span class='ocr_line' id='line_1_49' title="bbox 403 2889 1300 2922; baseline 0.002 -10"><span class='ocrx_word' id='word_1_328' title='bbox 403 2889 456 2912; x_wconf 88' lang='lat' dir='ltr'><strong>Vid.</strong></span> <span class='ocrx_word' id='word_1_329' title='bbox 469 2893 551 2913; x_wconf 83' lang='lat' dir='ltr'><strong>tamen</strong></span> <span class='ocrx_word' id='word_1_330' title='bbox 565 2898 641 2921; x_wconf 70' lang='lat' dir='ltr'><strong>supra</strong></span> <span class='ocrx_word' id='word_1_331' title='bbox 660 2898 686 2921; x_wconf 90' lang='lat' dir='ltr'><strong>p.</strong></span> <span class='ocrx_word' id='word_1_332' title='bbox 702 2891 755 2918; x_wconf 81' lang='lat'>309,</span> <span class='ocrx_word' id='word_1_333' title='bbox 772 2892 825 2913; x_wconf 88' lang='lat' dir='ltr'><strong>not.</strong></span> <span class='ocrx_word' id='word_1_334' title='bbox 841 2892 863 2918; x_wconf 80' lang='lat'><strong>5,</strong></span> <span class='ocrx_word' id='word_1_335' title='bbox 878 2893 901 2913; x_wconf 88' lang='lat' dir='ltr'><strong>et</strong></span> <span class='ocrx_word' id='word_1_336' title='bbox 912 2898 938 2922; x_wconf 87' lang='lat' dir='ltr'><strong>p.</strong></span> <span class='ocrx_word' id='word_1_337' title='bbox 952 2891 1006 2918; x_wconf 76' lang='lat'><strong>529,</strong></span> <span class='ocrx_word' id='word_1_338' title='bbox 1019 2891 1060 2921; x_wconf 78' lang='lat'><strong>40,</strong></span> <span class='ocrx_word' id='word_1_339' title='bbox 1074 2892 1098 2913; x_wconf 88' lang='lat' dir='ltr'><strong>et</strong></span> <span class='ocrx_word' id='word_1_340' title='bbox 1113 2890 1242 2919; x_wconf 79' lang='lat' dir='ltr'><strong>Chartu1.,</strong></span> <span class='ocrx_word' id='word_1_341' title='bbox 1255 2891 1300 2921; x_wconf 86' lang='grc' dir='ltr'><strong>ΙΙΙ,</strong></span> 
     </span>
     <span class='ocr_line' id='line_1_50' title="bbox 398 2925 1302 2956; baseline 0.002 -9"><span class='ocrx_word' id='word_1_342' title='bbox 398 2929 426 2948; x_wconf 79' lang='lat' dir='ltr'><strong>n⁰</strong></span> <span class='ocrx_word' id='word_1_343' title='bbox 443 2925 510 2948; x_wconf 85' lang='lat'><strong>1592.</strong></span> <span class='ocrx_word' id='word_1_344' title='bbox 530 2925 609 2956; x_wconf 76' lang='lat' dir='ltr'><strong>Hujus</strong></span> <span class='ocrx_word' id='word_1_345' title='bbox 627 2925 736 2948; x_wconf 64' lang='lat' dir='ltr'><strong>nominis</strong></span> <span class='ocrx_word' id='word_1_346' title='bbox 761 2925 908 2949; x_wconf 76' lang='lat' dir='ltr'><strong>mutationis</strong></span> <span class='ocrx_word' id='word_1_347' title='bbox 926 2925 1028 2949; x_wconf 83' lang='lat' dir='ltr'><strong>minime</strong></span> <span class='ocrx_word' id='word_1_348' title='bbox 1049 2934 1130 2950; x_wconf 80' lang='lat' dir='ltr'><strong>causa</strong></span> <span class='ocrx_word' id='word_1_349' title='bbox 1145 2926 1195 2956; x_wconf 81' lang='lat' dir='ltr'><strong>fuit</strong></span> <span class='ocrx_word' id='word_1_350' title='bbox 1216 2926 1302 2949; x_wconf 81' lang='lat' dir='ltr'><strong>odium</strong></span> 
     </span>
     <span class='ocr_line' id='line_1_51' title="bbox 399 2960 1301 2994; baseline 0.002 -11"><span class='ocrx_word' id='word_1_351' title='bbox 399 2962 488 2984; x_wconf 80' lang='lat' dir='ltr'><strong>contra</strong></span> <span class='ocrx_word' id='word_1_352' title='bbox 504 2960 633 2992; x_wconf 74' lang='lat' dir='ltr'><strong>Anglicos,</strong></span> <span class='ocrx_word' id='word_1_353' title='bbox 651 2963 679 2984; x_wconf 84' lang='lat' dir='ltr'><strong>ut</strong></span> <span class='ocrx_word' id='word_1_354' title='bbox 693 2969 768 2992; x_wconf 74' lang='lat' dir='ltr'><strong>saepe</strong></span> <span class='ocrx_word' id='word_1_355' title='bbox 787 2964 960 2989; x_wconf 68' lang='lat' dir='ltr'><strong>asseruerunt,</strong></span> <span class='ocrx_word' id='word_1_356' title='bbox 977 2961 1023 2984; x_wconf 69' lang='lat' dir='ltr'><strong>sed</strong></span> <span class='ocrx_word' id='word_1_357' title='bbox 1035 2961 1097 2993; x_wconf 80' lang='lat' dir='ltr'><strong>quia</strong></span> <span class='ocrx_word' id='word_1_358' title='bbox 1112 2961 1170 2993; x_wconf 86' lang='lat' dir='ltr'><strong>jam</strong></span> <span class='ocrx_word' id='word_1_359' title='bbox 1189 2970 1206 2984; x_wconf 86' lang='lat' dir='ltr'><strong>a</strong></span> <span class='ocrx_word' id='word_1_360' title='bbox 1223 2961 1301 2994; x_wconf 75' lang='lat' dir='ltr'><strong>longo</strong></span> 
     </span>
    </p>
   </div>
   <div class='ocr_carea' id='block_1_6' title="bbox 1317 0 1947 28">
    <p class='ocr_par' dir='ltr' id='par_1_26' title="bbox 1317 0 1985 28">
     <span class='ocr_line' id='line_1_52' title="bbox 1317 0 1947 28; baseline 0.01 -5"><span class='ocrx_word' id='word_1_361' title='bbox 1317 0 1322 2; x_wconf 92' lang='grc'><em>·</em></span> <span class='ocrx_word' id='word_1_362' title='bbox 1351 0 1375 14; x_wconf 56' lang='lat'><strong>*2</strong></span> <span class='ocrx_word' id='word_1_363' title='bbox 1391 0 1947 28; x_wconf 51' lang='lat' dir='ltr'><strong>”at-x-wmmswwwvwffl</strong></span> 
     </span>
    </p>
   </div>
   <div class='ocr_carea' id='block_1_7' title="bbox 927 435 1764 464">
    <p class='ocr_par' dir='ltr' id='par_1_27' title="bbox 927 435 1764 464">
     <span class='ocr_line' id='line_1_53' title="bbox 927 435 1764 464; baseline 0.002 -2"><span class='ocrx_word' id='word_1_364' title='bbox 927 436 1150 463; x_wconf 85' lang='lat' dir='ltr'><strong>AUCTARIUM</strong></span> <span class='ocrx_word' id='word_1_365' title='bbox 1170 435 1429 463; x_wconf 83' lang='lat' dir='ltr'><strong>CHARTULARII</strong></span> <span class='ocrx_word' id='word_1_366' title='bbox 1449 437 1622 463; x_wconf 83' lang='lat' dir='ltr'><strong>UNIVERS.</strong></span> <span class='ocrx_word' id='word_1_367' title='bbox 1646 437 1764 464; x_wconf 85' lang='lat' dir='ltr'><strong>PARIS.</strong></span> 
     </span>
    </p>
   </div>
   <div class='ocr_carea' id='block_1_8' title="bbox 1349 712 1365 739">
    <p class='ocr_par' dir='ltr' id='par_1_28' title="bbox 1349 712 1365 739">
     <span class='ocr_line' id='line_1_54' title="bbox 1349 712 1365 739; baseline 0 0"><span class='ocrx_word' id='word_1_368' title='bbox 1349 712 1365 739; x_wconf 88' lang='lat'><strong>5</strong></span> 
     </span>
    </p>
   </div>
   <div class='ocr_carea' id='block_1_9' title="bbox 1334 958 1367 983">
    <p class='ocr_par' dir='ltr' id='par_1_29' title="bbox 1334 958 1367 983">
     <span class='ocr_line' id='line_1_55' title="bbox 1334 958 1367 983; baseline 0.03 -1"><span class='ocrx_word' id='word_1_369' title='bbox 1334 958 1367 983; x_wconf 92' lang='grc'><strong>10</strong></span> 
     </span>
    </p>
   </div>
   <div class='ocr_carea' id='block_1_10' title="bbox 1335 1202 1368 1228">
    <p class='ocr_par' dir='ltr' id='par_1_30' title="bbox 1335 1202 1368 1228">
     <span class='ocr_line' id='line_1_56' title="bbox 1335 1202 1368 1228; baseline 0.03 -1"><span class='ocrx_word' id='word_1_370' title='bbox 1335 1202 1368 1228; x_wconf 89' lang='grc'><strong>15</strong></span> 
     </span>
    </p>
   </div>
   <div class='ocr_carea' id='block_1_11' title="bbox 1336 1447 1369 1473">
    <p class='ocr_par' dir='ltr' id='par_1_31' title="bbox 1336 1447 1369 1473">
     <span class='ocr_line' id='line_1_57' title="bbox 1336 1447 1369 1473; baseline 0.03 -1"><span class='ocrx_word' id='word_1_371' title='bbox 1336 1447 1369 1473; x_wconf 85' lang='grc'><strong>20</strong></span> 
     </span>
    </p>
   </div>
   <div class='ocr_carea' id='block_1_12' title="bbox 1337 1691 1370 1718">
    <p class='ocr_par' dir='ltr' id='par_1_32' title="bbox 1337 1691 1370 1718">
     <span class='ocr_line' id='line_1_58' title="bbox 1337 1691 1370 1718; baseline 0.03 -1"><span class='ocrx_word' id='word_1_372' title='bbox 1337 1691 1370 1718; x_wconf 89' lang='grc'><strong>25</strong></span> 
     </span>
    </p>
   </div>
   <div class='ocr_carea' id='block_1_13' title="bbox 1337 1937 1371 1963">
    <p class='ocr_par' dir='ltr' id='par_1_33' title="bbox 1337 1937 1371 1963">
     <span class='ocr_line' id='line_1_59' title="bbox 1337 1937 1371 1963; baseline 0.029 -1"><span class='ocrx_word' id='word_1_373' title='bbox 1337 1937 1371 1963; x_wconf 90' lang='grc'><strong>30</strong></span> 
     </span>
    </p>
   </div>
   <div class='ocr_carea' id='block_1_14' title="bbox 1338 2181 1371 2206">
    <p class='ocr_par' dir='ltr' id='par_1_34' title="bbox 1338 2181 1371 2206">
     <span class='ocr_line' id='line_1_60' title="bbox 1338 2181 1371 2206; baseline 0 0"><span class='ocrx_word' id='word_1_374' title='bbox 1338 2181 1371 2206; x_wconf 89' lang='grc'><strong>35</strong></span> 
     </span>
    </p>
   </div>
   <div class='ocr_carea' id='block_1_15' title="bbox 1339 2426 1372 2451">
    <p class='ocr_par' dir='ltr' id='par_1_35' title="bbox 1339 2426 1372 2451">
     <span class='ocr_line' id='line_1_61' title="bbox 1339 2426 1372 2451; baseline 0 0"><span class='ocrx_word' id='word_1_375' title='bbox 1339 2426 1372 2451; x_wconf 84' lang='grc'><strong>40</strong></span> 
     </span>
    </p>
   </div>
   <div class='ocr_carea' id='block_1_16' title="bbox 1943 0 2632 427">
    <p class='ocr_par' dir='ltr' id='par_1_36' title="bbox 1943 0 2632 427">
     <span class='ocr_line' id='line_1_62' title="bbox 1943 0 2632 427; baseline 0 3037"><span class='ocrx_word' id='word_1_376' title='bbox 1943 0 2632 427; x_wconf 95' lang='lat' dir='ltr'><strong> </strong></span> 
     </span>
    </p>
   </div>
   <div class='ocr_carea' id='block_1_17' title="bbox 2254 440 2311 466">
    <p class='ocr_par' dir='ltr' id='par_1_37' title="bbox 2254 440 2311 466">
     <span class='ocr_line' id='line_1_63' title="bbox 2254 440 2311 466; baseline 0 0"><span class='ocrx_word' id='word_1_377' title='bbox 2254 440 2311 466; x_wconf 71' lang='lat'><strong>816</strong></span> 
     </span>
    </p>
   </div>
   <div class='ocr_carea' id='block_1_18' title="bbox 1399 513 2315 1141">
    <p class='ocr_par' dir='ltr' id='par_1_38' title="bbox 1399 513 2315 1141">
     <span class='ocr_line' id='line_1_64' title="bbox 1402 513 2311 553; baseline 0.004 -11"><span class='ocrx_word' id='word_1_378' title='bbox 1402 523 1497 553; x_wconf 91' lang='lat' dir='ltr'><strong>super</strong></span> <span class='ocrx_word' id='word_1_379' title='bbox 1524 513 1739 543; x_wconf 86' lang='lat' dir='ltr'><strong>distribuendo</strong></span> <span class='ocrx_word' id='word_1_380' title='bbox 1765 521 1906 553; x_wconf 89' lang='lat' dir='ltr'><strong>quartum</strong></span> <span class='ocrx_word' id='word_1_381' title='bbox 1937 525 2085 544; x_wconf 90' lang='lat' dir='ltr'><strong>mensem.</strong></span> <span class='ocrx_word' id='word_1_382' title='bbox 2113 516 2311 546; x_wconf 77' lang='lat' dir='ltr'><strong>Distributus</strong></span> 
     </span>
     <span class='ocr_line' id='line_1_65' title="bbox 1402 563 2313 605; baseline 0.004 -14"><span class='ocrx_word' id='word_1_383' title='bbox 1402 568 1468 591; x_wconf 89' lang='lat' dir='ltr'><strong>erat</strong></span> <span class='ocrx_word' id='word_1_384' title='bbox 1482 563 1631 602; x_wconf 81' lang='lat' dir='ltr'><strong>magistro</strong></span> <span class='ocrx_word' id='word_1_385' title='bbox 1650 563 1826 592; x_wconf 77' lang='lat' dir='ltr'><strong>Hermanno</strong></span> <span class='ocrx_word' id='word_1_386' title='bbox 1851 564 1889 593; x_wconf 88' lang='lat' dir='ltr'><strong>de</strong></span> <span class='ocrx_word' id='word_1_387' title='bbox 1910 564 2018 593; x_wconf 82' lang='lat' dir='ltr'><strong>Omma</strong></span> <span class='ocrx_word' id='word_1_388' title='bbox 2029 563 2052 593; x_wconf 86' lang='lat'><strong>³.</strong></span> <span class='ocrx_word' id='word_1_389' title='bbox 2072 565 2118 593; x_wconf 64' lang='grc' dir='ltr'><strong>2ιιει</strong></span> <span class='ocrx_word' id='word_1_390' title='bbox 2135 565 2192 594; x_wconf 89' lang='lat' dir='ltr'><strong>suit</strong></span> <span class='ocrx_word' id='word_1_391' title='bbox 2213 575 2313 605; x_wconf 79' lang='lat' dir='ltr'><strong>super</strong></span> 
     </span>
     <span class='ocr_line' id='line_1_66' title="bbox 1401 611 2314 654; baseline 0.004 -14"><span class='ocrx_word' id='word_1_392' title='bbox 1401 611 1554 641; x_wconf 88' lang='lat' dir='ltr'><strong>audiendo</strong></span> <span class='ocrx_word' id='word_1_393' title='bbox 1583 618 1758 651; x_wconf 89' lang='lat' dir='ltr'><strong>computum</strong></span> <span class='ocrx_word' id='word_1_394' title='bbox 1782 613 1967 652; x_wconf 81' lang='lat' dir='ltr'><strong>recepturis,</strong></span> <span class='ocrx_word' id='word_1_395' title='bbox 1989 619 2019 642; x_wconf 91' lang='lat' dir='ltr'><strong>et</strong></span> <span class='ocrx_word' id='word_1_396' title='bbox 2045 623 2140 653; x_wconf 88' lang='lat' dir='ltr'><strong>super</strong></span> <span class='ocrx_word' id='word_1_397' title='bbox 2166 613 2314 654; x_wconf 83' lang='lat' dir='ltr'><strong>resigna-</strong></span> 
     </span>
     <span class='ocr_line' id='line_1_67' title="bbox 1402 660 2306 703; baseline 0.004 -14"><span class='ocrx_word' id='word_1_398' title='bbox 1402 660 1490 689; x_wconf 90' lang='lat' dir='ltr'><strong>cione</strong></span> <span class='ocrx_word' id='word_1_399' title='bbox 1510 660 1601 690; x_wconf 89' lang='lat' dir='ltr'><strong>officii</strong></span> <span class='ocrx_word' id='word_1_400' title='bbox 1619 661 1678 696; x_wconf 92' lang='lat' dir='ltr'><strong>sui,</strong></span> <span class='ocrx_word' id='word_1_401' title='bbox 1702 667 1732 690; x_wconf 89' lang='lat' dir='ltr'><strong>et</strong></span> <span class='ocrx_word' id='word_1_402' title='bbox 1749 671 1844 701; x_wconf 86' lang='lat' dir='ltr'><strong>super</strong></span> <span class='ocrx_word' id='word_1_403' title='bbox 1861 661 2011 691; x_wconf 89' lang='lat' dir='ltr'><strong>electione</strong></span> <span class='ocrx_word' id='word_1_404' title='bbox 2031 663 2104 692; x_wconf 87' lang='lat' dir='ltr'><strong>novi</strong></span> <span class='ocrx_word' id='word_1_405' title='bbox 2122 663 2306 703; x_wconf 79' lang='lat' dir='ltr'><strong>recepturis.</strong></span> 
     </span>
     <span class='ocr_line' id='line_1_68' title="bbox 1404 708 2315 752; baseline 0.004 -14"><span class='ocrx_word' id='word_1_406' title='bbox 1404 708 1505 748; x_wconf 89' lang='lat' dir='ltr'><strong>Super</strong></span> <span class='ocrx_word' id='word_1_407' title='bbox 1527 709 1628 749; x_wconf 90' lang='lat' dir='ltr'><strong>primo</strong></span> <span class='ocrx_word' id='word_1_408' title='bbox 1653 716 1859 749; x_wconf 87' lang='lat' dir='ltr'><strong>computatum</strong></span> <span class='ocrx_word' id='word_1_409' title='bbox 1881 717 1956 746; x_wconf 85' lang='lat' dir='ltr'><strong>erat,</strong></span> <span class='ocrx_word' id='word_1_410' title='bbox 1978 712 2062 750; x_wconf 89' lang='lat' dir='ltr'><strong>quod</strong></span> <span class='ocrx_word' id='word_1_411' title='bbox 2080 712 2148 751; x_wconf 87' lang='lat' dir='ltr'><strong>ipse</strong></span> <span class='ocrx_word' id='word_1_412' title='bbox 2165 718 2315 752; x_wconf 73' lang='lat' dir='ltr'><strong>receptor</strong></span> 
     </span>
     <span class='ocr_line' id='line_1_69' title="bbox 1399 757 2313 806; baseline 0.005 -20"><span class='ocrx_word' id='word_1_413' title='bbox 1399 758 1514 806; x_wconf 70' lang='lat' dir='ltr'><strong>plausit</strong></span> <span class='ocrx_word' id='word_1_414' title='bbox 1527 757 1682 798; x_wconf 90' lang='lat' dir='ltr'><strong>obligatus</strong></span> <span class='ocrx_word' id='word_1_415' title='bbox 1699 759 1821 788; x_wconf 88' lang='lat' dir='ltr'><strong>nacioni</strong></span> <span class='ocrx_word' id='word_1_416' title='bbox 1834 759 1865 788; x_wconf 92' lang='lat' dir='ltr'><strong>in</strong></span> <span class='ocrx_word' id='word_1_417' title='bbox 1882 760 1920 788; x_wconf 89' lang='lat'><strong>22</strong></span> <span class='ocrx_word' id='word_1_418' title='bbox 1938 760 2038 796; x_wconf 83' lang='lat' dir='ltr'><strong>libris,</strong></span> <span class='ocrx_word' id='word_1_419' title='bbox 2054 762 2070 790; x_wconf 94' lang='lat'><strong>7</strong></span> <span class='ocrx_word' id='word_1_420' title='bbox 2089 761 2209 797; x_wconf 89' lang='lat' dir='ltr'><strong>solidis,</strong></span> <span class='ocrx_word' id='word_1_421' title='bbox 2221 762 2240 791; x_wconf 83' lang='lat'>4</span> <span class='ocrx_word' id='word_1_422' title='bbox 2253 762 2313 790; x_wconf 86' lang='lat' dir='ltr'><strong>de-</strong></span> 
     </span>
     <span class='ocr_line' id='line_1_70' title="bbox 1403 806 2313 847; baseline 0.005 -12"><span class='ocrx_word' id='word_1_423' title='bbox 1403 806 1510 842; x_wconf 83' lang='lat' dir='ltr'><strong>nariis,</strong></span> <span class='ocrx_word' id='word_1_424' title='bbox 1534 813 1564 836; x_wconf 88' lang='lat' dir='ltr'><strong>et</strong></span> <span class='ocrx_word' id='word_1_425' title='bbox 1585 807 1754 847; x_wconf 87' lang='lat' dir='ltr'><strong>resignavit</strong></span> <span class='ocrx_word' id='word_1_426' title='bbox 1778 807 1908 838; x_wconf 83' lang='lat' dir='ltr'><strong>officium</strong></span> <span class='ocrx_word' id='word_1_427' title='bbox 1936 819 2036 845; x_wconf 86' lang='lat' dir='ltr'><strong>suum,</strong></span> <span class='ocrx_word' id='word_1_428' title='bbox 2060 816 2091 839; x_wconf 89' lang='lat' dir='ltr'><strong>et</strong></span> <span class='ocrx_word' id='word_1_429' title='bbox 2114 811 2313 840; x_wconf 84' lang='lat' dir='ltr'><strong>concorditer</strong></span> 
     </span>
     <span class='ocr_line' id='line_1_71' title="bbox 1403 855 2314 897; baseline 0.005 -13"><span class='ocrx_word' id='word_1_430' title='bbox 1403 855 1519 885; x_wconf 88' lang='lat' dir='ltr'><strong>electus</strong></span> <span class='ocrx_word' id='word_1_431' title='bbox 1540 861 1605 885; x_wconf 89' lang='lat' dir='ltr'><strong>erat</strong></span> <span class='ocrx_word' id='word_1_432' title='bbox 1623 856 1655 885; x_wconf 90' lang='lat' dir='ltr'><strong>in</strong></span> <span class='ocrx_word' id='word_1_433' title='bbox 1674 863 1866 896; x_wconf 84' lang='lat' dir='ltr'><strong>receptorem</strong></span> <span class='ocrx_word' id='word_1_434' title='bbox 1884 858 2032 897; x_wconf 87' lang='lat' dir='ltr'><strong>magister</strong></span> <span class='ocrx_word' id='word_1_435' title='bbox 2054 858 2213 889; x_wconf 88' lang='lat' dir='ltr'><strong>Arnoldus</strong></span> <span class='ocrx_word' id='word_1_436' title='bbox 2236 859 2314 889; x_wconf 79' lang='lat' dir='ltr'><strong>Wt-</strong></span> 
     </span>
     <span class='ocr_line' id='line_1_72' title="bbox 1403 904 2310 948; baseline 0.006 -15"><span class='ocrx_word' id='word_1_437' title='bbox 1403 904 1486 934; x_wconf 88' lang='lat' dir='ltr'><strong>wiic.</strong></span> <span class='ocrx_word' id='word_1_438' title='bbox 1510 905 1555 934; x_wconf 73' lang='lat'><strong>3¹¹⁸</strong></span> <span class='ocrx_word' id='word_1_439' title='bbox 1574 904 1628 934; x_wconf 77' lang='lat' dir='ltr'><strong>fuit</strong></span> <span class='ocrx_word' id='word_1_440' title='bbox 1650 915 1744 944; x_wconf 88' lang='lat' dir='ltr'><strong>super</strong></span> <span class='ocrx_word' id='word_1_441' title='bbox 1763 906 2048 946; x_wconf 87' lang='lat' dir='ltr'><strong>supplicacionibus</strong></span> <span class='ocrx_word' id='word_1_442' title='bbox 2065 913 2095 937; x_wconf 88' lang='lat' dir='ltr'><strong>et</strong></span> <span class='ocrx_word' id='word_1_443' title='bbox 2116 907 2249 948; x_wconf 91' lang='lat' dir='ltr'><strong>injuriis.</strong></span> <span class='ocrx_word' id='word_1_444' title='bbox 2270 909 2310 938; x_wconf 90' lang='lat' dir='ltr'><strong>Et</strong></span> 
     </span>
     <span class='ocr_line' id='line_1_73' title="bbox 1405 953 2310 997; baseline 0.006 -15"><span class='ocrx_word' id='word_1_445' title='bbox 1405 953 1590 993; x_wconf 84' lang='lat' dir='ltr'><strong>supplicavit</strong></span> <span class='ocrx_word' id='word_1_446' title='bbox 1606 954 1754 994; x_wconf 89' lang='lat' dir='ltr'><strong>magister</strong></span> <span class='ocrx_word' id='word_1_447' title='bbox 1768 955 1783 984; x_wconf 85' lang='lat' dir='ltr'>J</span> <span class='ocrx_word' id='word_1_448' title='bbox 1788 955 1925 984; x_wconf 90' lang='lat' dir='ltr'><strong>ohannes</strong></span> <span class='ocrx_word' id='word_1_449' title='bbox 1941 956 2029 996; x_wconf 89' lang='lat' dir='ltr'><strong>Dorp</strong></span> <span class='ocrx_word' id='word_1_450' title='bbox 2045 957 2190 996; x_wconf 84' lang='lat' dir='ltr'><strong>quatinus</strong></span> <span class='ocrx_word' id='word_1_451' title='bbox 2205 957 2310 997; x_wconf 82' lang='lat' dir='ltr'><strong>place-</strong></span> 
     </span>
     <span class='ocr_line' id='line_1_74' title="bbox 1404 1002 2310 1042; baseline 0.007 -12"><span class='ocrx_word' id='word_1_452' title='bbox 1404 1008 1452 1031; x_wconf 89' lang='lat' dir='ltr'><strong>ret</strong></span> <span class='ocrx_word' id='word_1_453' title='bbox 1474 1002 1607 1038; x_wconf 89' lang='lat' dir='ltr'><strong>nacioni‚</strong></span> <span class='ocrx_word' id='word_1_454' title='bbox 1631 1004 1715 1042; x_wconf 87' lang='lat' dir='ltr'><strong>quod</strong></span> <span class='ocrx_word' id='word_1_455' title='bbox 1743 1004 1942 1034; x_wconf 90' lang='lat' dir='ltr'><strong>subbedellus</strong></span> <span class='ocrx_word' id='word_1_456' title='bbox 1968 1005 2027 1035; x_wconf 88' lang='lat' dir='ltr'><strong>iret</strong></span> <span class='ocrx_word' id='word_1_457' title='bbox 2050 1012 2080 1035; x_wconf 91' lang='lat' dir='ltr'><strong>et</strong></span> <span class='ocrx_word' id='word_1_458' title='bbox 2106 1006 2219 1036; x_wconf 79' lang='lat' dir='ltr'><strong>faceret</strong></span> <span class='ocrx_word' id='word_1_459' title='bbox 2242 1007 2310 1036; x_wconf 86' lang='lat' dir='ltr'><strong>fieri</strong></span> 
     </span>
     <span class='ocr_line' id='line_1_75' title="bbox 1404 1051 2315 1095; baseline 0.007 -16"><span class='ocrx_word' id='word_1_460' title='bbox 1404 1051 1621 1090; x_wconf 87' lang='lat' dir='ltr'><strong>reparaciones</strong></span> <span class='ocrx_word' id='word_1_461' title='bbox 1645 1051 1676 1080; x_wconf 93' lang='lat' dir='ltr'><strong>in</strong></span> <span class='ocrx_word' id='word_1_462' title='bbox 1700 1052 1791 1081; x_wconf 90' lang='lat' dir='ltr'><strong>domo</strong></span> <span class='ocrx_word' id='word_1_463' title='bbox 1816 1054 1858 1081; x_wconf 86' lang='lat' dir='ltr'><strong>ad</strong></span> <span class='ocrx_word' id='word_1_464' title='bbox 1882 1065 1972 1082; x_wconf 82' lang='lat' dir='ltr'><strong>cornu</strong></span> <span class='ocrx_word' id='word_1_465' title='bbox 1998 1057 2092 1090; x_wconf 75' lang='lat' dir='ltr'><strong>cer-oi,</strong></span> <span class='ocrx_word' id='word_1_466' title='bbox 2120 1065 2210 1094; x_wconf 89' lang='lat' dir='ltr'><strong>quam</strong></span> <span class='ocrx_word' id='word_1_467' title='bbox 2242 1055 2315 1095; x_wconf 77' lang='lat' dir='ltr'><strong>ipse</strong></span> 
     </span>
     <span class='ocr_line' id='line_1_76' title="bbox 1405 1099 2068 1141; baseline 0.006 -13"><span class='ocrx_word' id='word_1_468' title='bbox 1405 1099 1564 1129; x_wconf 85' lang='lat' dir='ltr'><strong>inhabitat.</strong></span> <span class='ocrx_word' id='word_1_469' title='bbox 1583 1100 1622 1130; x_wconf 90' lang='lat' dir='ltr'><strong>Et</strong></span> <span class='ocrx_word' id='word_1_470' title='bbox 1639 1107 1686 1130; x_wconf 88' lang='lat' dir='ltr'><strong>est</strong></span> <span class='ocrx_word' id='word_1_471' title='bbox 1701 1101 1891 1141; x_wconf 88' lang='lat' dir='ltr'><strong>supplicacio</strong></span> <span class='ocrx_word' id='word_1_472' title='bbox 1910 1112 2068 1132; x_wconf 87' lang='lat' dir='ltr'><strong>concessa.</strong></span> 
     </span>
    </p>
   </div>
   <div class='ocr_carea' id='block_1_19' title="bbox 1818 1196 1914 1226">
    <p class='ocr_par' dir='ltr' id='par_1_39' title="bbox 1818 1196 1914 1226">
     <span class='ocr_line' id='line_1_77' title="bbox 1818 1196 1914 1226; baseline 0.021 -2"><span class='ocrx_word' id='word_1_473' title='bbox 1818 1196 1914 1226; x_wconf 83' lang='lat'>1400</span> 
     </span>
    </p>
   </div>
   <div class='ocr_carea' id='block_1_20' title="bbox 1447 1264 2270 1407">
    <p class='ocr_par' dir='ltr' id='par_1_40' title="bbox 1447 1264 2270 1407">
     <span class='ocr_line' id='line_1_78' title="bbox 1447 1264 2270 1309; baseline 0.006 -15"><span class='ocrx_word' id='word_1_474' title='bbox 1447 1264 1519 1304; x_wconf 80' lang='lat' dir='ltr'><strong>(Fal.</strong></span> <span class='ocrx_word' id='word_1_475' title='bbox 1548 1264 1596 1304; x_wconf 87' lang='lat'><strong>55)</strong></span> <span class='ocrx_word' id='word_1_476' title='bbox 1620 1265 1711 1295; x_wconf 88' lang='lat' dir='ltr'><strong>Acta</strong></span> <span class='ocrx_word' id='word_1_477' title='bbox 1738 1266 1774 1295; x_wconf 90' lang='lat' dir='ltr'><strong>in</strong></span> <span class='ocrx_word' id='word_1_478' title='bbox 1802 1268 2066 1306; x_wconf 86' lang='lat' dir='ltr'><strong>procuratoria</strong></span> <span class='ocrx_word' id='word_1_479' title='bbox 2098 1269 2270 1309; x_wconf 83' lang='lat' dir='ltr'><strong>magistri</strong></span> 
     </span>
     <span class='ocr_line' id='line_1_79' title="bbox 1506 1314 2210 1348; baseline 0.009 -6"><span class='ocrx_word' id='word_1_480' title='bbox 1506 1314 1661 1343; x_wconf 86' lang='lat' dir='ltr'><strong>Jordani</strong></span> <span class='ocrx_word' id='word_1_481' title='bbox 1691 1316 1733 1344; x_wconf 93' lang='lat' dir='ltr'><strong>de</strong></span> <span class='ocrx_word' id='word_1_482' title='bbox 1767 1316 1976 1346; x_wconf 87' lang='lat' dir='ltr'><strong>Derthesen</strong></span> <span class='ocrx_word' id='word_1_483' title='bbox 2012 1318 2210 1348; x_wconf 88' lang='lat' dir='ltr'><strong>substituti</strong></span> 
     </span>
     <span class='ocr_line' id='line_1_80' title="bbox 1535 1363 2181 1407; baseline 0.006 -15"><span class='ocrx_word' id='word_1_484' title='bbox 1535 1363 1707 1403; x_wconf 83' lang='lat' dir='ltr'><strong>magistri</strong></span> <span class='ocrx_word' id='word_1_485' title='bbox 1737 1364 1920 1395; x_wconf 85' lang='lat' dir='ltr'><strong>Johannis</strong></span> <span class='ocrx_word' id='word_1_486' title='bbox 1951 1365 2181 1407; x_wconf 88' lang='lat' dir='ltr'><strong>Galencoop.</strong></span> 
     </span>
    </p>
   </div>
   <div class='ocr_carea' id='block_1_21' title="bbox 1407 1443 2318 2025">
    <p class='ocr_par' dir='ltr' id='par_1_41' title="bbox 1407 1443 2318 2025">
     <span class='ocr_line' id='line_1_81' title="bbox 1447 1443 2316 1485; baseline 0.007 -13"><span class='ocrx_word' id='word_1_487' title='bbox 1447 1443 1538 1472; x_wconf 83' lang='lat' dir='ltr'><strong>Facta</strong></span> <span class='ocrx_word' id='word_1_488' title='bbox 1555 1444 1801 1483; x_wconf 83' lang='lat' dir='ltr'><strong>congregacione</strong></span> <span class='ocrx_word' id='word_1_489' title='bbox 1815 1445 1956 1475; x_wconf 87' lang='lat' dir='ltr'><strong>nacionis</strong></span> <span class='ocrx_word' id='word_1_490' title='bbox 1972 1447 2055 1485; x_wconf 93' lang='lat' dir='ltr'><strong>apud</strong></span> <span class='ocrx_word' id='word_1_491' title='bbox 2072 1446 2216 1478; x_wconf 89' lang='lat' dir='ltr'><strong>Sanctum</strong></span> <span class='ocrx_word' id='word_1_492' title='bbox 2232 1447 2316 1478; x_wconf 87' lang='lat' dir='ltr'><strong>Cos-</strong></span> 
     </span>
     <span class='ocr_line' id='line_1_82' title="bbox 1407 1492 2318 1535; baseline 0.007 -14"><span class='ocrx_word' id='word_1_493' title='bbox 1407 1502 1485 1521; x_wconf 90' lang='lat' dir='ltr'><strong>mam</strong></span> <span class='ocrx_word' id='word_1_494' title='bbox 1502 1498 1533 1522; x_wconf 90' lang='lat' dir='ltr'><strong>et</strong></span> <span class='ocrx_word' id='word_1_495' title='bbox 1548 1492 1729 1522; x_wconf 86' lang='lat' dir='ltr'><strong>Damianum</strong></span> <span class='ocrx_word' id='word_1_496' title='bbox 1745 1503 1825 1523; x_wconf 90' lang='lat' dir='ltr'><strong>anno</strong></span> <span class='ocrx_word' id='word_1_497' title='bbox 1841 1494 1966 1524; x_wconf 90' lang='lat' dir='ltr'><strong>Domini</strong></span> <span class='ocrx_word' id='word_1_498' title='bbox 1979 1502 2012 1525; x_wconf 90' lang='lat' dir='ltr'><strong>ut</strong></span> <span class='ocrx_word' id='word_1_499' title='bbox 2023 1505 2128 1535; x_wconf 87' lang='lat' dir='ltr'><strong>supra,</strong></span> <span class='ocrx_word' id='word_1_500' title='bbox 2144 1497 2248 1526; x_wconf 74' lang='lat' dir='ltr'>X11112</span> <span class='ocrx_word' id='word_1_501' title='bbox 2262 1498 2318 1527; x_wconf 77' lang='lat' dir='ltr'><strong>die</strong></span> 
     </span>
     <span class='ocr_line' id='line_1_83' title="bbox 1407 1541 2318 1584; baseline 0.007 -14"><span class='ocrx_word' id='word_1_502' title='bbox 1407 1541 1523 1570; x_wconf 87' lang='lat' dir='ltr'><strong>mensis</strong></span> <span class='ocrx_word' id='word_1_503' title='bbox 1553 1541 1703 1581; x_wconf 85' lang='lat' dir='ltr'><strong>Augusti,</strong></span> <span class='ocrx_word' id='word_1_504' title='bbox 1729 1542 1760 1571; x_wconf 93' lang='lat' dir='ltr'><strong>in</strong></span> <span class='ocrx_word' id='word_1_505' title='bbox 1793 1543 1932 1582; x_wconf 86' lang='lat' dir='ltr'><strong>profesto</strong></span> <span class='ocrx_word' id='word_1_506' title='bbox 1964 1543 2198 1584; x_wconf 89' lang='lat' dir='ltr'><strong>Assumptionis</strong></span> <span class='ocrx_word' id='word_1_507' title='bbox 2225 1547 2318 1576; x_wconf 79' lang='lat' dir='ltr'><strong>beate</strong></span> 
     </span>
     <span class='ocr_line' id='line_1_84' title="bbox 1407 1590 2316 1633; baseline 0.007 -14"><span class='ocrx_word' id='word_1_508' title='bbox 1407 1590 1516 1626; x_wconf 85' lang='lat' dir='ltr'><strong>Marie,</strong></span> <span class='ocrx_word' id='word_1_509' title='bbox 1530 1591 1672 1630; x_wconf 88' lang='lat' dir='ltr'><strong>vesperis</strong></span> <span class='ocrx_word' id='word_1_510' title='bbox 1685 1597 1715 1620; x_wconf 91' lang='lat' dir='ltr'><strong>et</strong></span> <span class='ocrx_word' id='word_1_511' title='bbox 1725 1591 1926 1631; x_wconf 90' lang='lat' dir='ltr'><strong>completorio</strong></span> <span class='ocrx_word' id='word_1_512' title='bbox 1938 1593 2046 1628; x_wconf 90' lang='lat' dir='ltr'><strong>finitis,</strong></span> <span class='ocrx_word' id='word_1_513' title='bbox 2058 1604 2153 1633; x_wconf 90' lang='lat' dir='ltr'><strong>super</strong></span> <span class='ocrx_word' id='word_1_514' title='bbox 2164 1605 2226 1624; x_wconf 89' lang='lat' dir='ltr'><strong>uno</strong></span> <span class='ocrx_word' id='word_1_515' title='bbox 2241 1595 2316 1625; x_wconf 86' lang='lat' dir='ltr'><strong>arti—</strong></span> 
     </span>
     <span class='ocr_line' id='line_1_85' title="bbox 1407 1639 2314 1683; baseline 0.007 -15"><span class='ocrx_word' id='word_1_516' title='bbox 1407 1639 1488 1675; x_wconf 89' lang='lat' dir='ltr'><strong>culo,</strong></span> <span class='ocrx_word' id='word_1_517' title='bbox 1504 1639 1622 1669; x_wconf 91' lang='lat' dir='ltr'><strong>scilicet</strong></span> <span class='ocrx_word' id='word_1_518' title='bbox 1639 1650 1733 1679; x_wconf 90' lang='lat' dir='ltr'><strong>super</strong></span> <span class='ocrx_word' id='word_1_519' title='bbox 1752 1641 2047 1680; x_wconf 84' lang='lat' dir='ltr'><strong>supplicacionibus.</strong></span> <span class='ocrx_word' id='word_1_520' title='bbox 2068 1642 2109 1672; x_wconf 86' lang='lat' dir='ltr'><strong>Et</strong></span> <span class='ocrx_word' id='word_1_521' title='bbox 2127 1643 2314 1683; x_wconf 79' lang='lat' dir='ltr'><strong>supplicavit</strong></span> 
     </span>
     <span class='ocr_line' id='line_1_86' title="bbox 1408 1689 2315 1731; baseline 0.007 -14"><span class='ocrx_word' id='word_1_522' title='bbox 1408 1689 1550 1718; x_wconf 86' lang='lat' dir='ltr'><strong>dominus</strong></span> <span class='ocrx_word' id='word_1_523' title='bbox 1560 1695 1744 1728; x_wconf 86' lang='lat' dir='ltr'><strong>procurator</strong></span> <span class='ocrx_word' id='word_1_524' title='bbox 1754 1690 1814 1719; x_wconf 92' lang='lat' dir='ltr'><strong>duo</strong></span> <span class='ocrx_word' id='word_1_525' title='bbox 1828 1701 1834 1719; x_wconf 92' lang='lat'><strong>:</strong></span> <span class='ocrx_word' id='word_1_526' title='bbox 1846 1690 1979 1730; x_wconf 88' lang='lat' dir='ltr'><strong>primum</strong></span> <span class='ocrx_word' id='word_1_527' title='bbox 1993 1698 2058 1721; x_wconf 89' lang='lat' dir='ltr'><strong>erat</strong></span> <span class='ocrx_word' id='word_1_528' title='bbox 2069 1698 2230 1731; x_wconf 88' lang='lat' dir='ltr'><strong>quatenus,</strong></span> <span class='ocrx_word' id='word_1_529' title='bbox 2243 1703 2315 1723; x_wconf 80' lang='lat' dir='ltr'><strong>cum</strong></span> 
     </span>
     <span class='ocr_line' id='line_1_87' title="bbox 1408 1738 2318 1779; baseline 0.007 -13"><span class='ocrx_word' id='word_1_530' title='bbox 1408 1738 1476 1777; x_wconf 87' lang='lat' dir='ltr'><strong>ipse</strong></span> <span class='ocrx_word' id='word_1_531' title='bbox 1494 1738 1592 1767; x_wconf 88' lang='lat' dir='ltr'><strong>iturus</strong></span> <span class='ocrx_word' id='word_1_532' title='bbox 1611 1744 1694 1768; x_wconf 86' lang='lat' dir='ltr'><strong>esset</strong></span> <span class='ocrx_word' id='word_1_533' title='bbox 1707 1739 1745 1767; x_wconf 87' lang='lat' dir='ltr'><strong>ad</strong></span> <span class='ocrx_word' id='word_1_534' title='bbox 1763 1745 1867 1778; x_wconf 88' lang='lat' dir='ltr'><strong>partes</strong></span> <span class='ocrx_word' id='word_1_535' title='bbox 1885 1746 2014 1779; x_wconf 87' lang='lat' dir='ltr'><strong>propter</strong></span> <span class='ocrx_word' id='word_1_536' title='bbox 2029 1750 2150 1770; x_wconf 89' lang='lat' dir='ltr'><strong>causam</strong></span> <span class='ocrx_word' id='word_1_537' title='bbox 2170 1742 2318 1772; x_wconf 80' lang='lat' dir='ltr'><strong>raciona-</strong></span> 
     </span>
     <span class='ocr_line' id='line_1_88' title="bbox 1408 1786 2318 1831; baseline 0.007 -16"><span class='ocrx_word' id='word_1_538' title='bbox 1408 1786 1512 1822; x_wconf 87' lang='lat' dir='ltr'><strong>bilem,</strong></span> <span class='ocrx_word' id='word_1_539' title='bbox 1529 1793 1637 1826; x_wconf 86' lang='lat' dir='ltr'><strong>posset</strong></span> <span class='ocrx_word' id='word_1_540' title='bbox 1654 1787 1841 1817; x_wconf 88' lang='lat' dir='ltr'><strong>substituere</strong></span> <span class='ocrx_word' id='word_1_541' title='bbox 1857 1798 1950 1818; x_wconf 92' lang='lat' dir='ltr'><strong>unum</strong></span> <span class='ocrx_word' id='word_1_542' title='bbox 1970 1789 2001 1818; x_wconf 93' lang='lat' dir='ltr'><strong>in</strong></span> <span class='ocrx_word' id='word_1_543' title='bbox 2017 1789 2086 1819; x_wconf 91' lang='lat' dir='ltr'><strong>loco</strong></span> <span class='ocrx_word' id='word_1_544' title='bbox 2102 1800 2169 1820; x_wconf 89' lang='lat' dir='ltr'><strong>suo.</strong></span> <span class='ocrx_word' id='word_1_545' title='bbox 2187 1791 2228 1820; x_wconf 87' lang='lat' dir='ltr'><strong>Et</strong></span> <span class='ocrx_word' id='word_1_546' title='bbox 2244 1791 2318 1831; x_wconf 73' lang='lat' dir='ltr'><strong>pla·</strong></span> 
     </span>
     <span class='ocr_line' id='line_1_89' title="bbox 1409 1836 2318 1871; baseline 0.007 -7"><span class='ocrx_word' id='word_1_547' title='bbox 1409 1836 1471 1866; x_wconf 91' lang='lat' dir='ltr'><strong>cuit</strong></span> <span class='ocrx_word' id='word_1_548' title='bbox 1491 1836 1624 1871; x_wconf 82' lang='lat' dir='ltr'><strong>nacioni‚</strong></span> <span class='ocrx_word' id='word_1_549' title='bbox 1640 1842 1670 1866; x_wconf 88' lang='lat' dir='ltr'><strong>et</strong></span> <span class='ocrx_word' id='word_1_550' title='bbox 1689 1836 1848 1866; x_wconf 86' lang='lat' dir='ltr'><strong>substituit</strong></span> <span class='ocrx_word' id='word_1_551' title='bbox 1867 1847 1914 1866; x_wconf 90' lang='lat' dir='ltr'><strong>me</strong></span> <span class='ocrx_word' id='word_1_552' title='bbox 1929 1838 2097 1868; x_wconf 91' lang='lat' dir='ltr'><strong>Jordanum</strong></span> <span class='ocrx_word' id='word_1_553' title='bbox 2119 1840 2157 1868; x_wconf 87' lang='lat' dir='ltr'><strong>de</strong></span> <span class='ocrx_word' id='word_1_554' title='bbox 2179 1840 2318 1870; x_wconf 80' lang='lat' dir='ltr'><strong>Derthe-</strong></span> 
     </span>
     <span class='ocr_line' id='line_1_90' title="bbox 1409 1885 2318 1927; baseline 0.004 -13"><span class='ocrx_word' id='word_1_555' title='bbox 1409 1895 1474 1914; x_wconf 89' lang='lat' dir='ltr'><strong>sen.</strong></span> <span class='ocrx_word' id='word_1_556' title='bbox 1498 1885 1671 1915; x_wconf 91' lang='lat' dir='ltr'><strong>Secundum</strong></span> <span class='ocrx_word' id='word_1_557' title='bbox 1694 1891 1759 1915; x_wconf 91' lang='lat' dir='ltr'><strong>erat</strong></span> <span class='ocrx_word' id='word_1_558' title='bbox 1782 1892 1815 1915; x_wconf 93' lang='lat' dir='ltr'><strong>ut</strong></span> <span class='ocrx_word' id='word_1_559' title='bbox 1843 1886 1931 1915; x_wconf 89' lang='lat' dir='ltr'><strong>nacio</strong></span> <span class='ocrx_word' id='word_1_560' title='bbox 1956 1887 2049 1916; x_wconf 87' lang='lat' dir='ltr'><strong>vellet</strong></span> <span class='ocrx_word' id='word_1_561' title='bbox 2072 1888 2174 1927; x_wconf 91' lang='lat' dir='ltr'><strong>ipsum</strong></span> <span class='ocrx_word' id='word_1_562' title='bbox 2200 1889 2318 1918; x_wconf 79' lang='lat' dir='ltr'><strong>habere</strong></span> 
     </span>
     <span class='ocr_line' id='line_1_91' title="bbox 1408 1935 2310 1977; baseline 0.006 -15"><span class='ocrx_word' id='word_1_563' title='bbox 1408 1940 1527 1973; x_wconf 88' lang='lat' dir='ltr'><strong>gratum</strong></span> <span class='ocrx_word' id='word_1_564' title='bbox 1549 1940 1579 1963; x_wconf 93' lang='lat' dir='ltr'><strong>et</strong></span> <span class='ocrx_word' id='word_1_565' title='bbox 1596 1935 1874 1963; x_wconf 87' lang='lat' dir='ltr'><strong>recommendatum</strong></span> <span class='ocrx_word' id='word_1_566' title='bbox 1894 1941 1951 1964; x_wconf 94' lang='lat' dir='ltr'><strong>etc.</strong></span> <span class='ocrx_word' id='word_1_567' title='bbox 1977 1935 2008 1964; x_wconf 90' lang='lat' dir='ltr'><strong>in</strong></span> <span class='ocrx_word' id='word_1_568' title='bbox 2025 1936 2102 1965; x_wconf 87' lang='lat' dir='ltr'><strong>actis</strong></span> <span class='ocrx_word' id='word_1_569' title='bbox 2119 1947 2176 1976; x_wconf 87' lang='lat' dir='ltr'><strong>per</strong></span> <span class='ocrx_word' id='word_1_570' title='bbox 2198 1937 2310 1977; x_wconf 87' lang='lat' dir='ltr'><strong>ipsum.</strong></span> 
     </span>
     <span class='ocr_line' id='line_1_92' title="bbox 1409 1981 2317 2025; baseline 0.004 -13"><span class='ocrx_word' id='word_1_571' title='bbox 1409 1983 1449 2012; x_wconf 92' lang='lat' dir='ltr'><strong>Et</strong></span> <span class='ocrx_word' id='word_1_572' title='bbox 1466 1983 1564 2012; x_wconf 92' lang='lat' dir='ltr'><strong>eidem</strong></span> <span class='ocrx_word' id='word_1_573' title='bbox 1585 1982 1809 2022; x_wconf 89' lang='lat' dir='ltr'><strong>supplicacioni</strong></span> <span class='ocrx_word' id='word_1_574' title='bbox 1828 1983 1916 2013; x_wconf 87' lang='lat' dir='ltr'><strong>nacio</strong></span> <span class='ocrx_word' id='word_1_575' title='bbox 1936 1984 2055 2014; x_wconf 82' lang='lat' dir='ltr'><strong>favebat</strong></span> <span class='ocrx_word' id='word_1_576' title='bbox 2072 1992 2104 2015; x_wconf 88' lang='lat' dir='ltr'><strong>ut</strong></span> <span class='ocrx_word' id='word_1_577' title='bbox 2122 1981 2232 2025; x_wconf 86' lang='lat' dir='ltr'><strong>priori,</strong></span> <span class='ocrx_word' id='word_1_578' title='bbox 2252 1993 2317 2016; x_wconf 74' lang='lat' dir='ltr'><strong>etc-</strong></span> 
     </span>
    </p>
   </div>
   <div class='ocr_carea' id='block_1_22' title="bbox 1814 2077 1912 2106">
    <p class='ocr_par' dir='ltr' id='par_1_42' title="bbox 1814 2077 1912 2106">
     <span class='ocr_line' id='line_1_93' title="bbox 1814 2077 1912 2106; baseline 0.01 -1"><span class='ocrx_word' id='word_1_579' title='bbox 1814 2077 1912 2106; x_wconf 80' lang='lat'><em>1400</em></span> 
     </span>
    </p>
   </div>
   <div class='ocr_carea' id='block_1_23' title="bbox 1545 2148 2176 2227">
    <p class='ocr_par' dir='ltr' id='par_1_43' title="bbox 1545 2148 2176 2227">
     <span class='ocr_line' id='line_1_94' title="bbox 1545 2148 2176 2188; baseline 0.002 -10"><span class='ocrx_word' id='word_1_580' title='bbox 1545 2148 1791 2178; x_wconf 90' lang='lat' dir='ltr'><strong>Continuacio</strong></span> <span class='ocrx_word' id='word_1_581' title='bbox 1819 2149 1989 2188; x_wconf 85' lang='lat' dir='ltr'><strong>magistri</strong></span> <span class='ocrx_word' id='word_1_582' title='bbox 2020 2150 2176 2179; x_wconf 88' lang='lat' dir='ltr'><strong>Jordani</strong></span> 
     </span>
     <span class='ocr_line' id='line_1_95' title="bbox 1713 2197 2008 2227; baseline 0.003 -1"><span class='ocrx_word' id='word_1_583' title='bbox 1713 2198 1754 2226; x_wconf 91' lang='lat' dir='ltr'><strong>de</strong></span> <span class='ocrx_word' id='word_1_584' title='bbox 1784 2197 2008 2227; x_wconf 88' lang='lat' dir='ltr'><strong>Derthesen.</strong></span> 
     </span>
    </p>
   </div>
   <div class='ocr_carea' id='block_1_24' title="bbox 1410 2277 2319 2607">
    <p class='ocr_par' dir='ltr' id='par_1_44' title="bbox 1410 2277 2319 2607">
     <span class='ocr_line' id='line_1_96' title="bbox 1450 2277 2318 2319; baseline 0.003 -13"><span class='ocrx_word' id='word_1_585' title='bbox 1450 2278 1541 2307; x_wconf 88' lang='lat' dir='ltr'><strong>Facta</strong></span> <span class='ocrx_word' id='word_1_586' title='bbox 1576 2277 1821 2317; x_wconf 82' lang='lat' dir='ltr'><strong>congregacione</strong></span> <span class='ocrx_word' id='word_1_587' title='bbox 1858 2279 1994 2307; x_wconf 83' lang='lat' dir='ltr'><strong>nacionis</strong></span> <span class='ocrx_word' id='word_1_588' title='bbox 2028 2281 2167 2308; x_wconf 82' lang='lat' dir='ltr'><strong>Almanie</strong></span> <span class='ocrx_word' id='word_1_589' title='bbox 2183 2279 2195 2297; x_wconf 78' lang='lat'><strong>⁴</strong></span> <span class='ocrx_word' id='word_1_590' title='bbox 2232 2281 2318 2319; x_wconf 65' lang='lat' dir='ltr'><strong>apud</strong></span> 
     </span>
     <span class='ocr_line' id='line_1_97' title="bbox 1410 2327 2314 2367; baseline 0.001 -11"><span class='ocrx_word' id='word_1_591' title='bbox 1410 2327 1554 2356; x_wconf 87' lang='lat' dir='ltr'><strong>Sanctum</strong></span> <span class='ocrx_word' id='word_1_592' title='bbox 1570 2327 1757 2356; x_wconf 89' lang='lat' dir='ltr'><strong>Maturinum</strong></span> <span class='ocrx_word' id='word_1_593' title='bbox 1773 2337 1853 2356; x_wconf 88' lang='lat' dir='ltr'><strong>anno</strong></span> <span class='ocrx_word' id='word_1_594' title='bbox 1869 2333 1902 2356; x_wconf 93' lang='lat' dir='ltr'><strong>ut</strong></span> <span class='ocrx_word' id='word_1_595' title='bbox 1921 2337 2027 2367; x_wconf 84' lang='lat' dir='ltr'><strong>supra,</strong></span> <span class='ocrx_word' id='word_1_596' title='bbox 2043 2327 2138 2357; x_wconf 76' lang='lat' dir='ltr'><strong>XXVa</strong></span> <span class='ocrx_word' id='word_1_597' title='bbox 2157 2328 2206 2356; x_wconf 89' lang='lat' dir='ltr'><strong>die</strong></span> <span class='ocrx_word' id='word_1_598' title='bbox 2227 2337 2314 2357; x_wconf 91' lang='lat' dir='ltr'><strong>men-</strong></span> 
     </span>
     <span class='ocr_line' id='line_1_98' title="bbox 1410 2376 2315 2416; baseline 0.001 -11"><span class='ocrx_word' id='word_1_599' title='bbox 1410 2377 1454 2406; x_wconf 90' lang='lat' dir='ltr'><strong>sis</strong></span> <span class='ocrx_word' id='word_1_600' title='bbox 1465 2376 1477 2394; x_wconf 84' lang='lat'><strong>⁵</strong></span> <span class='ocrx_word' id='word_1_601' title='bbox 1494 2376 1627 2416; x_wconf 88' lang='lat' dir='ltr'><strong>Augusti</strong></span> <span class='ocrx_word' id='word_1_602' title='bbox 1643 2386 1737 2415; x_wconf 91' lang='lat' dir='ltr'><strong>super</strong></span> <span class='ocrx_word' id='word_1_603' title='bbox 1752 2377 1872 2405; x_wconf 91' lang='lat' dir='ltr'><strong>duobus</strong></span> <span class='ocrx_word' id='word_1_604' title='bbox 1888 2376 2036 2406; x_wconf 89' lang='lat' dir='ltr'><strong>articulis.</strong></span> <span class='ocrx_word' id='word_1_605' title='bbox 2050 2376 2173 2406; x_wconf 89' lang='lat' dir='ltr'><strong>Primus</strong></span> <span class='ocrx_word' id='word_1_606' title='bbox 2192 2383 2257 2406; x_wconf 87' lang='lat' dir='ltr'><strong>erat</strong></span> <span class='ocrx_word' id='word_1_607' title='bbox 2275 2378 2315 2406; x_wconf 85' lang='lat' dir='ltr'><strong>ad.</strong></span> 
     </span>
     <span class='ocr_line' id='line_1_99' title="bbox 1410 2425 2319 2465; baseline 0.001 -11"><span class='ocrx_word' id='word_1_608' title='bbox 1410 2425 1584 2465; x_wconf 89' lang='lat' dir='ltr'><strong>eligendum</strong></span> <span class='ocrx_word' id='word_1_609' title='bbox 1609 2435 1720 2454; x_wconf 92' lang='lat' dir='ltr'><strong>novum</strong></span> <span class='ocrx_word' id='word_1_610' title='bbox 1737 2431 1969 2464; x_wconf 85' lang='lat' dir='ltr'><strong>procuratorem</strong></span> <span class='ocrx_word' id='word_1_611' title='bbox 1989 2425 2054 2454; x_wconf 87' lang='lat' dir='ltr'><strong>sive</strong></span> <span class='ocrx_word' id='word_1_612' title='bbox 2072 2426 2109 2454; x_wconf 91' lang='lat' dir='ltr'><strong>ad</strong></span> <span class='ocrx_word' id='word_1_613' title='bbox 2131 2426 2319 2455; x_wconf 81' lang='lat' dir='ltr'><strong>continuan-</strong></span> 
     </span>
     <span class='ocr_line' id='line_1_100' title="bbox 1410 2473 2318 2513; baseline 0.001 -11"><span class='ocrx_word' id='word_1_614' title='bbox 1410 2475 1491 2503; x_wconf 89' lang='lat' dir='ltr'><strong>dum.</strong></span> <span class='ocrx_word' id='word_1_615' title='bbox 1513 2474 1551 2503; x_wconf 88' lang='lat' dir='ltr'><strong>Et</strong></span> <span class='ocrx_word' id='word_1_616' title='bbox 1575 2473 1769 2503; x_wconf 90' lang='lat' dir='ltr'><strong>continuatus</strong></span> <span class='ocrx_word' id='word_1_617' title='bbox 1792 2480 1839 2503; x_wconf 88' lang='lat' dir='ltr'><strong>est</strong></span> <span class='ocrx_word' id='word_1_618' title='bbox 1861 2474 2057 2503; x_wconf 87' lang='lat' dir='ltr'><strong>concorditer</strong></span> <span class='ocrx_word' id='word_1_619' title='bbox 2073 2474 2221 2513; x_wconf 87' lang='lat' dir='ltr'><strong>magister</strong></span> <span class='ocrx_word' id='word_1_620' title='bbox 2241 2475 2318 2504; x_wconf 76' lang='lat' dir='ltr'><strong>Jor-</strong></span> 
     </span>
     <span class='ocr_line' id='line_1_101' title="bbox 1410 2522 2317 2563; baseline 0.002 -12"><span class='ocrx_word' id='word_1_621' title='bbox 1410 2524 1507 2552; x_wconf 89' lang='lat' dir='ltr'><strong>danus</strong></span> <span class='ocrx_word' id='word_1_622' title='bbox 1526 2523 1563 2552; x_wconf 91' lang='lat' dir='ltr'><strong>de</strong></span> <span class='ocrx_word' id='word_1_623' title='bbox 1587 2522 1769 2552; x_wconf 85' lang='lat' dir='ltr'><strong>Derthesen.</strong></span> <span class='ocrx_word' id='word_1_624' title='bbox 1786 2522 1946 2552; x_wconf 90' lang='lat' dir='ltr'><strong>Secundus</strong></span> <span class='ocrx_word' id='word_1_625' title='bbox 1968 2529 2033 2552; x_wconf 89' lang='lat' dir='ltr'><strong>erat</strong></span> <span class='ocrx_word' id='word_1_626' title='bbox 2047 2533 2141 2562; x_wconf 88' lang='lat' dir='ltr'><strong>super</strong></span> <span class='ocrx_word' id='word_1_627' title='bbox 2157 2523 2317 2563; x_wconf 86' lang='lat' dir='ltr'><strong>supplica-</strong></span> 
     </span>
     <span class='ocr_line' id='line_1_102' title="bbox 1411 2571 2079 2607; baseline 0 -7"><span class='ocrx_word' id='word_1_628' title='bbox 1411 2572 1564 2607; x_wconf 86' lang='lat' dir='ltr'><strong>cionibus,</strong></span> <span class='ocrx_word' id='word_1_629' title='bbox 1581 2578 1611 2601; x_wconf 90' lang='lat' dir='ltr'><strong>et</strong></span> <span class='ocrx_word' id='word_1_630' title='bbox 1626 2571 1719 2600; x_wconf 90' lang='lat' dir='ltr'><strong>nichil</strong></span> <span class='ocrx_word' id='word_1_631' title='bbox 1736 2572 1845 2601; x_wconf 85' lang='lat' dir='ltr'><strong>sactum</strong></span> <span class='ocrx_word' id='word_1_632' title='bbox 1861 2572 1917 2601; x_wconf 84' lang='lat' dir='ltr'><strong>suit</strong></span> <span class='ocrx_word' id='word_1_633' title='bbox 1931 2571 2045 2601; x_wconf 89' lang='lat' dir='ltr'><strong>ibidem</strong></span> <span class='ocrx_word' id='word_1_634' title='bbox 2057 2571 2079 2601; x_wconf 65' lang='grc' dir='ltr'><strong>θ.</strong></span> 
     </span>
    </p>
   </div>
   <div class='ocr_carea' id='block_1_25' title="bbox 1410 2677 2321 2816">
    <p class='ocr_par' dir='ltr' id='par_1_45' title="bbox 1410 2677 2321 2816">
     <span class='ocr_line' id='line_1_103' title="bbox 1410 2677 2318 2710; baseline 0.001 -9"><span class='ocrx_word' id='word_1_635' title='bbox 1410 2680 1520 2710; x_wconf 80' lang='lat' dir='ltr'><strong>tempore</strong></span> <span class='ocrx_word' id='word_1_636' title='bbox 1526 2677 1628 2710; x_wconf 81' lang='lat' dir='ltr'><strong>Anglici</strong></span> <span class='ocrx_word' id='word_1_637' title='bbox 1637 2678 1663 2701; x_wconf 80' lang='lat' dir='ltr'><strong>in</strong></span> <span class='ocrx_word' id='word_1_638' title='bbox 1671 2678 1775 2701; x_wconf 86' lang='lat' dir='ltr'><strong>natione</strong></span> <span class='ocrx_word' id='word_1_639' title='bbox 1784 2677 1926 2710; x_wconf 76' lang='lat' dir='ltr'><strong>Anglicana</strong></span> <span class='ocrx_word' id='word_1_640' title='bbox 1935 2677 2151 2702; x_wconf 62' lang='lat' dir='ltr'><strong>desiderabantur</strong></span> <span class='ocrx_word' id='word_1_641' title='bbox 2157 2678 2318 2710; x_wconf 79' lang='lat' dir='ltr'><strong>(quanquam</strong></span> 
     </span>
     <span class='ocr_line' id='line_1_104' title="bbox 1411 2712 2316 2745; baseline 0.001 -9"><span class='ocrx_word' id='word_1_642' title='bbox 1411 2713 1448 2737; x_wconf 79' lang='lat' dir='ltr'><strong>ibi</strong></span> <span class='ocrx_word' id='word_1_643' title='bbox 1458 2722 1554 2745; x_wconf 72' lang='lat' dir='ltr'><strong>semper</strong></span> <span class='ocrx_word' id='word_1_644' title='bbox 1563 2714 1650 2744; x_wconf 64' lang='lat' dir='ltr'><strong>plures</strong></span> <span class='ocrx_word' id='word_1_645' title='bbox 1663 2713 1733 2737; x_wconf 81' lang='lat' dir='ltr'><strong>Scoti</strong></span> <span class='ocrx_word' id='word_1_646' title='bbox 1746 2713 1873 2745; x_wconf 67' lang='lat' dir='ltr'><strong>suiesent),</strong></span> <span class='ocrx_word' id='word_1_647' title='bbox 1891 2715 1915 2736; x_wconf 81' lang='lat' dir='ltr'><strong>et</strong></span> <span class='ocrx_word' id='word_1_648' title='bbox 1927 2712 2065 2736; x_wconf 78' lang='lat' dir='ltr'><strong>Alemanni</strong></span> <span class='ocrx_word' id='word_1_649' title='bbox 2078 2713 2200 2745; x_wconf 86' lang='lat' dir='ltr'><strong>majorem</strong></span> <span class='ocrx_word' id='word_1_650' title='bbox 2215 2716 2316 2745; x_wconf 80' lang='lat' dir='ltr'><strong>partem</strong></span> 
     </span>
     <span class='ocr_line' id='line_1_105' title="bbox 1411 2747 2315 2780; baseline -0.001 -8"><span class='ocrx_word' id='word_1_651' title='bbox 1411 2749 1523 2772; x_wconf 70' lang='lat' dir='ltr'><strong>nationis</strong></span> <span class='ocrx_word' id='word_1_652' title='bbox 1537 2748 1733 2773; x_wconf 68' lang='lat' dir='ltr'><strong>constituebant.</strong></span> <span class='ocrx_word' id='word_1_653' title='bbox 1750 2748 1853 2772; x_wconf 83' lang='lat' dir='ltr'><strong>Locutio</strong></span> <span class='ocrx_word' id='word_1_654' title='bbox 1871 2747 1941 2771; x_wconf 80' lang='lat' dir='ltr'><strong>natio</strong></span> <span class='ocrx_word' id='word_1_655' title='bbox 1959 2748 2104 2779; x_wconf 78' lang='lat' dir='ltr'><strong>Anglicena</strong></span> <span class='ocrx_word' id='word_1_656' title='bbox 2118 2756 2184 2771; x_wconf 77' lang='lat' dir='ltr'><strong>sace.</strong></span> <span class='ocrx_word' id='word_1_657' title='bbox 2198 2749 2254 2772; x_wconf 87' lang='lat' dir='ltr'><strong>XIV</strong></span> <span class='ocrx_word' id='word_1_658' title='bbox 2264 2749 2315 2780; x_wconf 78' lang='lat' dir='ltr'><strong>suit</strong></span> 
     </span>
     <span class='ocr_line' id='line_1_106' title="bbox 1410 2782 2321 2816; baseline -0.001 -9"><span class='ocrx_word' id='word_1_659' title='bbox 1410 2784 1442 2807; x_wconf 81' lang='lat' dir='ltr'><strong>de</strong></span> <span class='ocrx_word' id='word_1_660' title='bbox 1456 2784 1568 2816; x_wconf 71' lang='lat' dir='ltr'><strong>subjecto</strong></span> <span class='ocrx_word' id='word_1_661' title='bbox 1584 2792 1633 2807; x_wconf 85' lang='lat' dir='ltr'><strong>non</strong></span> <span class='ocrx_word' id='word_1_662' title='bbox 1647 2786 1810 2815; x_wconf 68' lang='lat' dir='ltr'><strong>supponente.</strong></span> <span class='ocrx_word' id='word_1_663' title='bbox 1830 2782 1917 2807; x_wconf 66' lang='lat' dir='ltr'><strong>Plures</strong></span> <span class='ocrx_word' id='word_1_664' title='bbox 1930 2782 2121 2814; x_wconf 67' lang='lat' dir='ltr'><strong>supprimebant</strong></span> <span class='ocrx_word' id='word_1_665' title='bbox 2134 2782 2262 2815; x_wconf 76' lang='lat' dir='ltr'><strong>epitheton</strong></span> <span class='ocrx_word' id='word_1_666' title='bbox 2280 2783 2321 2806; x_wconf 66' lang='lat' dir='ltr'><strong>ad*</strong></span> 
     </span>
    </p>
   </div>
   <div class='ocr_carea' id='block_1_26' title="bbox 1410 2818 2322 2878">
    <p class='ocr_par' dir='ltr' id='par_1_46' title="bbox 1410 2818 2322 2878">
     <span class='ocr_line' id='line_1_107' title="bbox 1410 2818 2322 2850; baseline -0.001 -7"><span class='ocrx_word' id='word_1_667' title='bbox 1410 2820 1551 2847; x_wconf 80' lang='lat' dir='ltr'><strong>nationem,</strong></span> <span class='ocrx_word' id='word_1_668' title='bbox 1562 2819 1613 2843; x_wconf 67' lang='lat' dir='ltr'><strong>sive</strong></span> <span class='ocrx_word' id='word_1_669' title='bbox 1626 2819 1807 2850; x_wconf 76' lang='lat' dir='ltr'><strong>Anglicanam,</strong></span> <span class='ocrx_word' id='word_1_670' title='bbox 1816 2819 1867 2842; x_wconf 69' lang='lat' dir='ltr'><strong>aive</strong></span> <span class='ocrx_word' id='word_1_671' title='bbox 1877 2818 2054 2848; x_wconf 75' lang='lat' dir='ltr'><strong>Alemanniae,</strong></span> <span class='ocrx_word' id='word_1_672' title='bbox 2066 2822 2091 2843; x_wconf 82' lang='lat' dir='ltr'><strong>et</strong></span> <span class='ocrx_word' id='word_1_673' title='bbox 2103 2819 2248 2843; x_wconf 62' lang='lat' dir='ltr'><strong>scribebant</strong></span> <span class='ocrx_word' id='word_1_674' title='bbox 2259 2821 2322 2842; x_wconf 74' lang='lat' dir='ltr'><strong>tan·</strong></span> 
     </span>
     <span class='ocr_line' id='line_1_108' title="bbox 1411 2854 1556 2878; baseline 0 0"><span class='ocrx_word' id='word_1_675' title='bbox 1411 2857 1463 2878; x_wconf 89' lang='lat' dir='ltr'><strong>tum</strong></span> <span class='ocrx_word' id='word_1_676' title='bbox 1476 2854 1556 2878; x_wconf 80' lang='lat' dir='ltr'><strong>natio.</strong></span> 
     </span>
    </p>
   </div>
   <div class='ocr_carea' id='block_1_27' title="bbox 1441 2890 1759 2949">
    <p class='ocr_par' dir='ltr' id='par_1_47' title="bbox 1441 2890 1759 2949">
     <span class='ocr_line' id='line_1_109' title="bbox 1441 2890 1647 2914; baseline 0 0"><span class='ocrx_word' id='word_1_677' title='bbox 1441 2893 1464 2914; x_wconf 78' lang='lat'><strong>5.</strong></span> <span class='ocrx_word' id='word_1_678' title='bbox 1499 2890 1647 2914; x_wconf 45' lang='lat' dir='ltr'><strong>Mssaesis.</strong></span> 
     </span>
     <span class='ocr_line' id='line_1_110' title="bbox 1441 2926 1759 2949; baseline -0.003 0"><span class='ocrx_word' id='word_1_679' title='bbox 1441 2927 1464 2949; x_wconf 81' lang='lat'><strong>6.</strong></span> <span class='ocrx_word' id='word_1_680' title='bbox 1498 2927 1547 2949; x_wconf 74' lang='lat' dir='ltr'><strong>Me.</strong></span> <span class='ocrx_word' id='word_1_681' title='bbox 1564 2926 1640 2949; x_wconf 78' lang='lat' dir='ltr'><strong>iterat</strong></span> <span class='ocrx_word' id='word_1_682' title='bbox 1655 2926 1759 2949; x_wconf 72' lang='lat' dir='ltr'><strong>fuctum.</strong></span> 
     </span>
    </p>
   </div>
  </div>
 </body>
</html>
