2632 3464
871 31 873 34 .
994 38 995 41 Ἴ
1066 31 1090 41 ι,
1230 30 1244 36 ,,
1330 30 1337 38 ,,
1443 32 1606 64 ..amu
1638 45 1650 58 κ
1674 27 1737 74 ὦ,
1809 30 1825 45 ³.

420 447 471 472 803
956 443 1180 470 AUCTARIUM
1200 442 1460 469 CHARTULARII
1479 443 1652 470 umvuns.
1674 443 1793 470 Palus.
2289 443 2342 471 804
2378 450 2381 451 ⁷

420 523 538 552 avisare
556 532 649 561 super
669 522 760 550 domo
780 520 847 555 illa,
869 530 959 560 quam
975 530 1054 549 unus
1077 520 1173 548 abbas
1195 519 1327 548 libenter

421 573 547 601 haberet
561 572 599 600 ad
618 571 711 600 vitam
733 580 829 604 suam,
852 576 881 598 et
906 575 977 598 tunc
1005 568 1058 598 illo
1083 574 1221 608 optento,
1244 569 1328 607 quod

419 621 636 661 provideretur
663 619 835 649 scolaribus
858 618 941 647 illius
963 618 1085 653 domus,
1105 618 1132 647 si
1151 618 1204 657 qui
1223 624 1329 647 essent

421 670 554 700 venturi.
573 669 674 708 Super
689 669 719 697 2ο
734 668 840 697 nichil.

459 720 534 748 Item
549 718 728 748 licenciatus
739 724 786 747 est
799 717 941 746 dominus
952 715 1136 745 Fredericus
1148 716 1259 745 Traest
1271 716 1327 745 sub

421 769 569 808 magistro
588 767 748 806 Rutghero
763 767 883 801 Traest‚
901 764 988 804 cujus
1003 766 1098 794 bursa
1115 765 1141 794 V
1155 765 1259 794 solidi.

461 818 535 846 Item
558 817 737 845 licenciatus
759 821 807 844 est
828 815 971 844 dominus
986 814 1168 843 Marcardus
1186 815 1224 843 de
1243 813 1328 843 Wila

422 867 479 895 sub
489 866 637 905 magistro
645 865 784 894 Johanne
794 865 831 893 de
840 863 1054 898 Vrancfordia,
1064 862 1150 902 cujus
1159 864 1254 892 bursa
1263 863 1291 892 Il
1299 873 1326 891 s.

461 915 535 944 Item
572 914 751 943 licenciatus
785 919 832 942 est
866 913 1008 941 dominus
1042 912 1258 941 Rembrandus
1291 912 1328 940 de

421 965 552 994 Purmer
568 964 624 993 sub
638 963 786 1002 magistro
802 962 951 991 Nicholao
965 962 1002 990 de
1013 961 1222 996 Monikedam‚
1241 959 1328 1000 cujus

422 1015 514 1042 bursa
533 1012 575 1042 111
593 1012 695 1041 solidi.

462 1063 535 1091 Item
566 1061 681 1100 incepit
715 1060 858 1089 dominus
887 1060 1105 1089 Rembrandus
1131 1060 1168 1088 de
1198 1059 1330 1088 Purmer

423 1112 480 1140 sub
499 1112 617 1145 eodem,
636 1109 722 1149 cujus
738 1111 833 1139 bursa
850 1109 894 1138 Ill
911 1108 1014 1138 solidi.

462 1161 537 1189 Item
562 1160 678 1198 incepit
708 1159 851 1188 dominus
879 1158 1083 1187 Marchardus
1109 1158 1147 1187 de
1175 1157 1244 1186 vila
1271 1158 1329 1186 sub

420 1210 568 1249 magistro
584 1208 722 1238 Johanne
739 1208 904 1247 Dyppurg,
924 1206 1011 1246 cujus
1026 1208 1121 1236 bursa
1139 1206 1167 1235 11
1183 1206 1287 1235 solidi.

462 1259 534 1298 (Fol.
559 1260 596 1288 50
611 1257 634 1297 b)
658 1258 749 1286 Facta
769 1256 1016 1296 congregacione
1040 1256 1180 1285 nacionis
1202 1255 1327 1295 Anglie,

421 1307 476 1337 Vla
489 1308 538 1336 die
554 1307 670 1336 mensis
683 1306 768 1341 Julii,
784 1307 863 1345 apud
877 1305 1021 1335 Sanctum
1037 1305 1224 1334 Maturinum
1236 1314 1330 1344 super

421 1357 521 1386 tribus
546 1356 695 1385 articulis.
722 1355 845 1384 Primus
866 1361 930 1384 erat
953 1364 1048 1394 super
1070 1355 1162 1383 modo
1188 1354 1329 1384 solvendi

421 1406 568 1435 creditori
589 1404 821 1439 Universitatis‚
843 1404 962 1433 scilicet
985 1404 1134 1443 magistro
1156 1403 1270 1443 Egidio
1291 1404 1329 1432 de

419 1455 658 1494 Asperomonte.
689 1454 728 1482 Et
749 1453 851 1493 tetigit
875 1453 917 1482 ibi
942 1459 1126 1492 procurator
1149 1453 1233 1491 quod
1254 1452 1329 1481 alias

421 1504 529 1533 eratin
544 1503 751 1533 Universitate
766 1502 961 1537 conclusum,
979 1502 1063 1541 quod
1080 1501 1218 1541 quelibet
1234 1501 1330 1530 facul-

421 1559 514 1582 tatum
531 1553 596 1582 sive
611 1552 773 1581 nacionum
793 1552 929 1580 solveret
949 1552 1117 1580 secundum
1139 1550 1239 1590 ipsius
1263 1551 1330 1580 exi-

421 1602 560 1642 genciam
592 1608 622 1631 et
654 1600 790 1641 ejusdem
820 1601 983 1629 bursarum
1014 1600 1230 1639 quantitatem;
1268 1599 1329 1629 isto

421 1658 521 1680 tamen
536 1661 598 1679 non
613 1651 754 1679 obstante
767 1660 824 1689 per
839 1649 994 1678 dominum
1008 1655 1159 1678 rectorem
1173 1655 1239 1678 erat
1251 1655 1331 1678 tacta

422 1711 482 1729 una
507 1706 599 1739 quota
627 1700 795 1728 secundum
823 1698 993 1727 facultatem
1018 1704 1049 1727 et
1077 1699 1161 1737 quod
1194 1698 1331 1737 quelibet

422 1743 584 1778 nacionum
599 1749 735 1777 traderet
747 1748 800 1777 XV
812 1754 908 1776 scuta.
923 1747 1037 1776 Verum
1052 1753 1118 1776 erat
1130 1748 1214 1786 quod
1228 1747 1330 1786 alique

423 1799 590 1827 secundum
606 1797 687 1826 illam
703 1804 802 1826 taxam
815 1797 984 1831 solverunt,
998 1803 1027 1825 et
1037 1797 1185 1835 magister
1199 1796 1330 1836 Egidius

423 1848 561 1887 prefatus
586 1847 823 1875 demandaverat
849 1846 887 1874 ad
912 1845 994 1874 illam
1012 1852 1134 1885 quotam
1159 1845 1330 1874 ordinatam

423 1896 577 1925 satisfieri.
596 1896 681 1924 Dixit
698 1895 841 1924 dominus
859 1901 1003 1934 receptor
1019 1895 1101 1933 quod
1118 1904 1180 1923 non
1201 1895 1332 1923 audehat

423 1945 484 1974 nisi
502 1945 630 1974 haberet
648 1955 665 1973 a
682 1944 821 1979 nacione.
842 1950 887 1972 ..²¹⁸
906 1943 1054 1972 articulus
1072 1950 1138 1972 erat
1158 1944 1195 1972 de
1210 1943 1330 1982 locagio

423 1996 534 2023 domus
563 1996 592 2022 in
621 2004 710 2021 cornu
744 1995 830 2022 cervi.
872 1993 912 2022 Et
945 1992 1113 2022 insinuavit
1146 1998 1331 2032 procurator

423 2043 544 2072 nacioni
564 2044 646 2082 quod
662 2043 779 2082 prefata
792 2043 901 2071 domus
915 2048 998 2071 esset
1012 2041 1111 2070 locata
1126 2042 1162 2070 ab
1175 2041 1330 2080 aliquibus

425 2093 527 2122 Scotis
544 2103 598 2121 sex
612 2102 670 2131 pro
685 2091 768 2120 XXV
786 2091 910 2125 francis,
933 2097 963 2119 et
987 2091 1018 2119 in
1038 2091 1164 2119 istarum
1184 2090 1332 2129 pecunia-

424 2152 491 2171 rum
515 2141 751 2170 defalcacionem
776 2141 885 2169 darent
908 2140 1080 2168 immediate
1103 2139 1131 2168 X
1157 2139 1263 2168 libras.
1286 2140 1332 2168 3¹¹⁵

424 2197 490 2220 erat
505 2201 598 2229 super
616 2189 900 2229 supplicacionibus
914 2195 943 2218 et
958 2187 1089 2228 injuriis.

466 2240 574 2276 Quoad
600 2239 731 2278 primum
754 2238 937 2266 deliberavit
959 2238 1048 2266 nacio
1073 2247 1106 2266 se
1128 2247 1190 2266 non
1215 2243 1331 2266 tantum

425 2289 605 2317 solvituram
633 2288 669 2316 ad
695 2287 770 2316 alias
793 2287 954 2322 naciones,
976 2293 1006 2315 et
1027 2287 1108 2325 quod
1133 2286 1226 2315 vellet
1250 2293 1331 2315 stare

425 2337 645 2366 deliberacioni
661 2337 736 2365 alias
754 2337 829 2365 sacte
850 2346 905 2374 per
923 2335 1172 2370 Universitatem,
1188 2335 1333 2364 videlicet

426 2387 615 2415 satisfaceret
635 2396 689 2414 sue
713 2385 937 2424 supplicacioni
958 2391 987 2413 et
1003 2391 1147 2423 requeste
1164 2385 1332 2413 secundum

425 2436 615 2475 exigenciam
641 2441 671 2463 et
697 2434 894 2473 quantitatem
922 2435 1101 2468 bursarum3
1128 2433 1177 2462 vel
1200 2433 1226 2461 si
1250 2433 1332 2462 istud

426 2495 487 2513 non
507 2490 616 2523 posset
640 2483 717 2518 fieri,
742 2484 823 2522 quod
846 2483 1038 2522 supplicetur
1059 2482 1128 2510 aliis
1150 2482 1332 2510 nacionibus

426 2534 571 2572 quatinus
587 2533 678 2562 nobis
700 2532 796 2561 velint
818 2532 987 2560 concedere
1010 2532 1045 2560 ad
1065 2537 1177 2560 tantam
1196 2537 1330 2569 quotam,

429 2592 592 2621 quousque
609 2581 806 2620 pecuniarum
822 2580 974 2609 relaxacio
993 2579 1102 2609 suisset
1118 2580 1230 2608 habita.
1251 2579 1291 2608 Et
1306 2579 1333 2608 si

427 2641 504 2666 non,
527 2632 609 2669 quod
634 2630 763 2669 pecunie
781 2635 904 2668 recepte
927 2629 957 2657 in
979 2628 1061 2657 XXV
1085 2629 1257 2657 francorum
1278 2629 1333 2656 de-

428 2680 624 2708 falcacionem
658 2680 695 2708 ad
724 2677 937 2718 fidejussorem
971 2677 1106 2706 debitum
1140 2683 1334 2716 exponantur

842 1945 858 1965 Ο

460 2798 482 2821 1.
516 2797 616 2820 Abhinc
626 2805 706 2828 usque
719 2797 754 2820 ad
765 2797 841 2827 finem
852 2796 912 2828 solil
921 2795 1021 2827 scripsit
1036 2795 1166 2819 Arnoldus
1181 2794 1285 2819 Utwiic.

459 2834 481 2855 2.
520 2833 574 2855 Vid.
589 2836 675 2856 notam
686 2835 839 2864 ¹sequentem.

461 2870 482 2891 3.
517 2870 611 2892 Desunt
625 2871 683 2890 acta
695 2869 817 2891 mensium
828 2867 938 2899 Augusti
947 2869 970 2890 et
982 2866 1143 2898 Septembris.
1158 2865 1332 2896 Epydimialis

429 2903 511 2934 pestis
523 2906 547 2925 et
560 2906 752 2934 apostematum
768 2903 872 2926 infectio
886 2902 1096 2933 Burgundiam...
1114 2900 1244 2925 Meldense
1257 2901 1333 2924 Pari-

431 2938 566 2969 sienseque
580 2938 711 2961 territoria
724 2938 818 2961 afflixit
833 2947 847 2962 u
861 2938 912 2961 fine
927 2938 1024 2961 mensis
1040 2937 1101 2960 Maii
1113 2944 1194 2967 usque
1208 2936 1241 2959 ad
1254 2936 1333 2959 finem

429 2974 584 2997 Novembris
597 2974 702 3005 (Chron.
721 2974 754 2997 du
772 2974 818 2997 rel.
835 2974 866 2996 de
885 2974 1025 3004 St-Denys,
1046 2973 1087 2997 ed.
1106 2973 1276 3000 Benacum,
1297 2972 1330 2999 11,

1367 964 1400 990 10

1367 1211 1400 1236 15

1367 1457 1401 1482 20

1367 1702 1401 1728 25

1368 1948 1402 1974 30

1369 2193 1403 2219 35

1371 2682 1404 2708 45

1438 529 1506 549 cum
1519 519 1587 549 aliis
1606 520 1768 550 addendis.
1783 520 1884 560 Super
1898 521 1931 549 2⁰
1945 519 2060 560 placuit
2074 519 2239 560 locagium.
2253 521 2300 550 De
2313 521 2348 551 3⁰

1437 568 1544 598 nichil.

1478 666 1589 696 Facta*
1615 667 1862 707 congregacione
1881 667 2022 696 nacionis
2040 666 2212 707 Anglicane
2234 667 2277 696 112
2295 666 2347 698 die

1437 716 1555 746 mensis
1571 716 1644 746 Julii
1657 717 1739 756 apud
1754 716 1900 746 Sanctum
1914 716 2102 746 Maturinum
2116 726 2211 756 super
2223 717 2346 747 duobus

1437 764 1587 794 articulis.
1617 765 1740 795 Primus
1771 771 1837 794 erat
1869 775 1964 804 super
1990 771 2134 804 computo
2159 764 2345 805 receptoris.

1437 813 1483 842 2¹¹·
1506 823 1600 853 super
1625 813 1910 854 supplicacionibus
1935 821 1965 844 et
1991 813 2125 854 injuriis.
2156 814 2257 854 Super
2280 814 2348 854 pri-

1437 872 1487 892 mo
1502 862 1608 898 nichil,
1624 863 1696 903 quia
1710 863 1801 893 nimis
1815 863 1906 904 pauci
1921 869 2009 892 erant
2019 862 2043 892 ².
2061 863 2096 892 In
2115 864 2147 892 2⁰
2161 856 2348 904 supplicavit

1437 918 1621 951 procurator
1647 912 1787 942 nacionis
1816 918 1967 952 quatenus
1998 922 2078 942 unus
2108 919 2232 952 gereret
2260 912 2346 942 vices

1438 971 1509 990 suas
1525 961 1556 990 in
1572 960 1637 1000 ejus
1655 961 1810 997 absencia,
1826 962 1899 1001 quia
1908 971 2091 991 recessurus
2106 967 2172 991 erat
2188 961 2228 990 ad
2242 967 2346 1000 partes

1438 1010 1531 1039 certis
1551 1011 1589 1039 de
1606 1010 1720 1039 causis.
1745 1010 1785 1039 Et
1806 1020 1908 1040 amore
1928 1010 2062 1050 predicti
2082 1010 2294 1049 procuratoris
2316 1015 2348 1040 et

1438 1069 1495 1098 pro
1518 1069 1673 1088 consensu
1699 1059 1839 1088 nacionis
1865 1059 2014 1099 magister
2035 1058 2195 1089 Arnoldus
2216 1059 2346 1089 Wtwiic

1438 1108 1607 1147 acceptavit
1622 1118 1711 1137 onus.

1479 1157 1571 1186 Facta
1585 1157 1832 1197 congregacione
1842 1157 1982 1186 nacionis
1996 1156 2167 1197 Anglicane
2177 1157 2282 1186 xlma
2296 1156 2346 1186 die

1438 1205 1554 1235 mensis
1565 1206 1580 1235 J
1586 1205 1640 1235 ulii
1657 1206 1739 1245 apud
1760 1205 1906 1235 Sanctum
1926 1205 2115 1236 Maturinum
2134 1206 2211 1235 hora
2227 1206 2346 1245 prima-

1438 1265 1506 1284 rum
1522 1265 1618 1295 super
1634 1254 1695 1284 2¹³¹„
1710 1255 1860 1284 articulis.
1883 1255 2008 1284 Primus
2024 1261 2091 1284 erat
2105 1255 2144 1284 ad
2160 1255 2347 1285 audiendum

1438 1311 1614 1343 computum
1625 1304 1809 1343 receptoria,
1822 1310 1852 1333 et
1861 1314 1957 1344 super
1967 1303 2164 1333 edificacione
2181 1304 2344 1334 scolarum.
2372 1298 2381 1306 's

1438 1354 1484 1382 2¹¹⁸
1503 1363 1598 1393 super
1613 1353 1898 1392 supplicacionibus
1919 1359 1949 1382 et
1969 1352 2103 1392 injuriis.
2124 1353 2226 1392 Super
2242 1353 2345 1392 primo

1437 1402 1554 1442 placuit
1571 1409 1742 1442 compotus.
1767 1402 1869 1442 Super
1890 1403 1921 1431 2⁰
1939 1403 2023 1441 quod
2044 1402 2096 1431 fiat
2117 1401 2346 1441 diligencia,de

1438 1451 1615 1481 rehabendo
1635 1451 1797 1491 pecuniam
1819 1452 1858 1480 de
1885 1451 1976 1481 domo
2001 1453 2080 1480 cervi
2100 1451 2139 1480 ad
2160 1451 2346 1480 edificandam

1439 1501 1550 1530 scolas.
1566 1501 1640 1530 Item
1657 1500 1750 1530 solvit
1766 1506 1911 1539 receptor
1927 1500 2086 1540 magistris
2095 1509 2154 1540 pro
2169 1500 2305 1539 potando
2318 1498 2348 1528 X

1439 1550 1569 1585 solidos,
1584 1559 1663 1589 quos
1679 1549 1841 1579 defalcavit
1854 1549 1892 1578 de
1909 1548 1980 1578 XXI
1998 1549 2120 1584 solidis,
2138 1548 2181 1578 IX
2197 1548 2344 1578 denariis.

1439 1599 1480 1628 Et
1500 1599 1544 1628 sic
1562 1608 1638 1628 vero
1657 1604 1816 1631 remanent
1836 1598 1878 1627 XI
1903 1604 1933 1627 et
1959 1598 2001 1627 IX
2019 1598 2150 1633 denarii,
2177 1597 2210 1626 in
2233 1597 2347 1637 quibus

1438 1654 1540 1677 manet
1554 1653 1697 1687 receptor
1714 1647 1869 1687 obligatus
1885 1647 2008 1676 nacioni
2028 1647 2172 1676 omnibus
2189 1646 2300 1676 solutis
2317 1651 2349 1677 et

1439 1697 1611 1726 defalcatis.

1844 1749 1941 1779 1399

1578 1816 1688 1858 [Acta
1709 1817 1745 1846 in
1767 1816 2031 1857 procuratoria
2058 1816 2205 1846 Andree

1765 1867 1807 1896 de
1826 1866 2017 1904 Bavaria.]

1481 1942 1552 1982 (Fal.
1586 1941 1633 1981 51)
1666 1941 1758 1971 Facta
1784 1940 2032 1980 congregacione
2064 1940 2203 1970 nacionis
2233 1939 2347 1981 Anglie

1439 1992 1521 2031 apud
1538 1990 1682 2020 Sanctum
1698 1990 1884 2019 Maturinum
1903 1990 1946 2019 ΙΙι
1959 1989 2078 2019 mensis
2090 1988 2257 2019 Octobris³
2275 1989 2348 2019 anni

1439 2040 1633 2079 nonagesimi
1647 2039 1721 2068 noni
1741 2049 1836 2078 super
1850 2039 1972 2068 duobus
1994 2038 2143 2068 articulis.
2160 2038 2285 2068 Primus
2309 2038 2348 2068 ad

1440 2089 1615 2129 eligendum
1647 2094 1890 2127 procuratorem,
1919 2094 1949 2117 et
1974 2088 2031 2116 fuit
2054 2087 2170 2116 electus
2199 2087 2349 2127 magister

1439 2138 1581 2167 Andreas
1597 2137 1696 2166 Hebel
1714 2138 1751 2166 de
1767 2137 1908 2166 Bavaria.
1928 2137 1975 2166 2⁰⁸
1990 2136 2138 2166 articulus
2156 2146 2251 2175 super
2271 2146 2348 2176 sup-

1440 2186 1675 2227 plicacionibus.
1692 2185 1806 2216 Nichil..

1482 2285 1556 2314 Item
1583 2285 1660 2313 sacta
1687 2283 1933 2323 congregacione
1961 2283 2101 2312 nacionis
2129 2281 2243 2322 Anglie
2267 2283 2348 2322 apud

1442 2333 1586 2363 Sanctum
1622 2333 1821 2368 Maturinum,
1855 2332 1939 2361 ΧΧΙΞι
1969 2332 2085 2361 mensis
2117 2341 2223 2371 supra,
2254 2340 2350 2370 super

1441 2383 1540 2412 tribus
1554 2381 1703 2411 articulis.
1719 2381 1842 2410 Primus
1858 2381 1914 2410 suit
1927 2381 1965 2410 ad
1978 2380 2153 2420 eligendum
2165 2385 2349 2419 procurato-
2363 2385 2367 2388 ·

1441 2442 1516 2460 rem.
1537 2431 1576 2460 Et
1592 2431 1647 2460 suit
1663 2431 1858 2460 continuatus
1876 2429 2024 2469 magister
2038 2428 2190 2458 Andreas.
2208 2428 2255 2456 2²¹³
2271 2428 2349 2458 arti-

1442 2480 1528 2509 culus
1545 2480 1600 2509 suit
1620 2480 1657 2508 ad
1681 2479 1856 2518 eligendum
1877 2484 2081 2518 receptorem,
2100 2476 2172 2517 quia
2186 2477 2348 2507 defunctus

1441 2535 1506 2558 erat
1525 2529 1654 2568 primus,
1674 2528 1818 2557 videlicet
1834 2527 1982 2566 magister
2008 2526 2139 2566 Egidius
2164 2526 2202 2555 de
2221 2524 2347 2562 Jutfas⁴‚

1442 2584 1472 2607 et
1486 2578 1542 2606 suit
1557 2577 1607 2606 ille
1623 2577 1770 2606 articulus
1787 2576 1900 2605 dilatus
1915 2581 2043 2615 propter
2057 2574 2239 2614 paucitatem
2255 2573 2348 2614 magi—

1443 2633 1588 2661 strorum,
1622 2626 1675 2665 qui
1702 2630 1897 2655 recesserant
1917 2630 2047 2663 propter
2071 2622 2283 2663 epidemiam⁵.
2302 2623 2349 2652 3¹⁸·

1442 2675 1589 2704 articulus
1604 2675 1658 2704 fuit
1675 2675 1713 2703 ad
1730 2674 1933 2703 ordinandum
1951 2673 1988 2701 de
2007 2672 2112 2702 scolis.
2123 2672 2162 2701 Et
2177 2672 2233 2701 suit
2252 2670 2349 2701 conti-

1441 2793 1505 2826 692).
1521 2795 1627 2825 Propter
1636 2793 1788 2824 epidemt'am
1801 2790 1876 2815 multi
1882 2791 1994 2823 projecti
2004 2790 2043 2814 uel
2051 2790 2168 2822 defuncti
2181 2792 2248 2819 sunt,
2263 2792 2290 2813 ut
2299 2789 2347 2814 lin.

1440 2831 1471 2853 45
1484 2831 1545 2860 etp.
1559 2831 1612 2855 805,
1627 2830 1668 2856 29;
1683 2830 1736 2857 806,
1751 2829 1794 2855 39;
1809 2828 1862 2856 819,
1877 2827 1915 2854 32,
1931 2826 2059 2855 scribitur,
2075 2829 2100 2851 et
2116 2826 2188 2850 natio
2201 2825 2349 2858 Anglicana

1441 2868 1501 2888 tunc
1512 2864 1617 2888 uiduata
1630 2865 1689 2895 ficit.

1472 2901 1495 2923 [Δ.
1529 2902 1575 2923 Ma.
1594 2900 1695 2924 Gutfns.
1712 2900 1741 2922 In
1754 2897 1879 2929 epidemia
1891 2898 2026 2929 defunctus
2037 2900 2082 2921 est.

1472 2937 1495 2958 5.
1529 2935 1588 2958 Ideo
1604 2935 1695 2958 desunt
1706 2934 1810 2958 nomina
1823 2933 1963 2965 regentium
1976 2932 2052 2964 hujus
2063 2932 2135 2956 anni.
