2632 3464
407 452 456 477 751
951 449 1173 476 AUCTARIUM
1194 448 1454 475 CHARTULARII
1473 449 1647 475 UNIVERS.
1670 449 1787 475 PARIS.
2275 447 2326 474 752

406 527 591 567 gregacione
614 527 670 556 toti
700 526 900 556 Universitati
921 526 1036 555 retulit.
1059 526 1155 562 Quam
1179 525 1313 555 Univer-

407 576 482 605 sitas
497 576 690 615 approbavit,
714 582 744 604 et
763 575 911 614 magistro
931 575 1004 604 dicti
1026 574 1149 614 collegii
1169 573 1311 614 injunxit,

407 626 491 664 quod
515 625 590 654 alias
613 625 748 664 linguam
774 634 858 654 suam
882 624 980 663 magis
1006 630 1228 663 compesceret,
1257 633 1314 652 nec

407 681 467 703 tam
494 674 692 703 immoderate
724 680 831 703 contra
858 680 1010 703 rectorem
1035 679 1064 702 et
1093 673 1256 712 deputatos
1283 672 1314 701 in

406 724 501 752 verba
518 729 744 762 prorumperet.

448 772 487 801 Et
515 773 619 801 eadem
647 772 696 801 die
719 782 779 811 qua
801 782 897 811 supra
921 772 997 800 facta
1025 771 1081 800 fuit
1108 771 1314 810 congregacio

407 821 547 850 nacionis
573 821 644 861 (Fol.
671 821 719 860 34)
746 831 840 860 super
868 821 988 849 duobus
1015 819 1163 849 articulis.
1191 819 1314 848 Primus

407 876 472 899 erat
489 871 527 899 ad
544 870 760 909 reperiendum
778 870 901 898 modum
923 868 1072 898 tractandi
1094 878 1161 897 cum
1177 868 1314 898 Picardis

408 920 445 948 de
480 919 573 948 scolis
607 927 718 958 septem
747 920 861 946 arcium
896 917 1122 957 superioribus.
1154 917 1314 946 Secundus

408 979 502 1007 super
518 968 801 1007 supplicacionibus
815 974 844 996 et
857 966 988 1006 injuriis.
1006 967 1107 1006 Super
1120 967 1219 1006 primo
1236 966 1315 995 deli-

407 1017 526 1047 beravit
549 1017 636 1046 nacio
657 1017 740 1056 quod
761 1016 787 1045 si
812 1016 933 1045 nacioni
955 1016 1097 1045 Picardie
1113 1016 1258 1054 placeret,
1278 1026 1315 1044 ex

408 1073 493 1106 parte
512 1066 672 1105 utriusque
691 1067 911 1105 deputarentur
928 1071 990 1094 tres
1006 1065 1053 1094 vel
1068 1071 1199 1103 quatuor
1213 1064 1315 1093 valen-

408 1123 453 1144 tes
470 1116 541 1150 virI,
554 1115 606 1154 qui
624 1115 654 1143 in
676 1125 768 1143 unum
788 1116 901 1143 bonum
925 1115 1047 1143 modum
1070 1113 1220 1142 haberent
1240 1124 1315 1142 con—

408 1165 607 1193 descendere.
644 1164 745 1203 Super
778 1164 914 1192 secundo
947 1163 1132 1202 supplicavit
1168 1163 1316 1202 magister

407 1214 563 1242 Johannes
591 1213 684 1242 Beest
710 1213 792 1251 quod
816 1213 904 1241 nacio
935 1212 994 1241 sibi
1027 1212 1121 1241 vellet
1146 1213 1315 1241 concedere

408 1262 508 1291 scolas
538 1262 625 1291 sicud
654 1261 723 1290 aliis
750 1261 915 1296 concessit,
943 1261 1014 1300 quia
1038 1261 1224 1289 intencionis
1252 1267 1316 1289 erat

407 1312 546 1351 regendi.
567 1310 663 1350 Cujus
682 1310 872 1349 supplicacio
889 1311 944 1339 fuit
958 1320 1117 1339 concessa.

447 1360 538 1389 Facta
569 1360 815 1400 congregacione
849 1359 987 1388 nacionis
1023 1359 1194 1398 Anglicane
1234 1360 1314 1398 apud

408 1409 551 1438 Sanctum
567 1409 754 1438 Maturinum
768 1419 847 1437 anno
859 1415 891 1437 ut
903 1418 1007 1447 supra,
1025 1408 1122 1447 prima
1137 1408 1186 1436 die
1200 1408 1315 1437 mensis

407 1459 563 1492 Octobris,
595 1468 689 1497 super
714 1458 834 1486 duobus
862 1457 1012 1486 articulis.
1042 1457 1166 1486 Primus
1187 1463 1251 1486 erat
1278 1458 1315 1485 ad

407 1508 655 1536 concordandum
688 1507 868 1546 magistrum
904 1506 1075 1535 Johannem
1110 1506 1255 1535 Boburch
1287 1513 1316 1535 et

407 1557 587 1596 magistrum
605 1556 773 1595 Nycolaum
789 1557 827 1584 de
846 1555 1052 1594 Monquedam
1072 1555 1152 1583 inter
1174 1565 1206 1583 se
1227 1555 1315 1584 altri-

408 1613 523 1640 cantes‚
542 1606 611 1644 quis
625 1615 730 1634 eorum
747 1605 777 1633 in
792 1605 934 1644 regencia
947 1605 1138 1643 precederet.
1155 1604 1315 1633 Secundus

407 1655 554 1684 articulus
583 1660 648 1683 erat
679 1664 774 1693 super
807 1653 1091 1692 supplicacionibus
1121 1660 1151 1683 et
1179 1652 1313 1692 injuriis.

409 1704 509 1743 Super
529 1704 628 1742 primo
646 1703 758 1732 auditis
776 1702 1018 1742 allegacionibus
1039 1709 1068 1731 et
1085 1702 1316 1741 proposicioni-

409 1755 465 1782 bus
483 1753 643 1791 utriusque
661 1752 915 1781 contendencium
931 1752 1018 1780 nacio
1037 1751 1122 1780 dedit
1140 1752 1313 1790 deputatos,

409 1802 460 1841 qui
476 1812 533 1841 per
547 1802 625 1831 viam
645 1801 782 1830 amicicie
801 1807 830 1829 et
845 1801 1086 1840 composicionis
1101 1801 1202 1829 dictos
1221 1801 1315 1840 magi-

409 1857 490 1880 stros
503 1851 737 1879 concordarent.
760 1850 860 1888 Super
877 1850 1013 1878 secundo
1034 1849 1140 1878 nichil.

450 1901 539 1929 Facta
563 1899 809 1939 congregacione
830 1899 968 1927 nacionis
993 1898 1164 1938 Anglicane
1192 1899 1222 1927 in
1247 1899 1316 1938 pri-

410 1949 466 1977 mis
485 1949 597 1978 Nostre
615 1948 746 1989 Domine
763 1948 844 1987 apud
862 1948 1006 1976 Sanctum
1030 1948 1217 1977 Maturinum
1236 1958 1315 1976 anno

410 2005 441 2027 ut
470 2008 574 2036 supra,
606 1998 655 2026 18³
678 1997 727 2025 die
750 1997 866 2025 mensis
892 1997 1049 2030 Octobris,
1077 2007 1172 2036 super
1196 1997 1316 2026 duobus

409 2047 557 2076 articulis.
586 2046 708 2075 Primus
738 2052 802 2075 erat
831 2047 869 2075 ad
899 2046 1082 2074 audiendum
1110 2046 1211 2084 aliqua
1239 2056 1317 2074 nova

410 2097 525 2134 scripta
554 2095 674 2124 nacioni
707 2106 723 2124 a
757 2095 906 2134 magistro
939 2095 1078 2124 Johanne
1110 2096 1147 2123 de
1180 2095 1315 2130 Austria,

410 2145 511 2184 legato
531 2144 751 2173 Universitatis
769 2145 806 2173 ad
828 2150 934 2183 partes
959 2144 1098 2173 Almanie
1113 2144 1133 2172 ⁴.
1156 2144 1316 2172 Secundus

410 2200 475 2223 erat
488 2203 583 2232 super
601 2193 887 2232 supplicacionibus
906 2200 935 2222 et
950 2192 1083 2231 injuriis.
1101 2193 1201 2231 Super
1215 2193 1315 2232 primo

410 2243 486 2271 lecte
501 2244 623 2271 fuerunt
634 2243 722 2271 litere
737 2242 858 2271 nacioni
872 2242 978 2276 misse,
992 2242 1185 2270 continentes
1197 2242 1315 2280 aliquas

410 2298 581 2330 requestas‚
599 2292 636 2320 ad
657 2301 733 2330 quas
754 2291 842 2319 nacio
861 2291 1083 2320 condescendit
1100 2297 1129 2319 et
1151 2291 1314 2324 ordinavit,

410 2341 493 2379 quod
514 2351 550 2369 ex
571 2346 657 2379 parte
678 2340 817 2369 nacionis
841 2340 923 2369 dicto
945 2340 1092 2379 magistro
1112 2339 1244 2368 Johanni
1266 2349 1317 2368 re-

410 2390 608 2418 scriberetur.
628 2390 717 2426 Quod
739 2395 768 2418 et
788 2389 828 2417 ita
849 2390 958 2418 factum
982 2395 1039 2418 est.
1059 2389 1159 2428 Super
1177 2390 1208 2417 2⁰
1223 2388 1316 2417 nichil

410 2439 465 2467 fuit
479 2440 600 2473 factum,
618 2438 690 2477 quia
706 2438 809 2467 nullus
825 2438 1019 2477 supplicavit.

443 2763 464 2786 1.
498 2762 608 2793 Difficile
629 2762 698 2785 dictu
718 2762 822 2785 ubinam
839 2764 899 2785 tunc
917 2762 1015 2794 legatus
1030 2761 1125 2792 fuerit;
1149 2761 1317 2785 verisimiliter

410 2798 606 2829 Norimbcrgue,
618 2798 662 2821 ubi
672 2799 696 2821 in
705 2799 756 2829 fine
766 2797 918 2829 Septembris
928 2800 951 2820 et
960 2805 1043 2820 mense
1053 2797 1167 2820 Octobria
1178 2797 1317 2820 consilium

411 2834 560 2865 principum
569 2834 752 2857 celebrabatur.
766 2834 817 2857 Vid.
826 2834 1031 2861 szsmcxan,
1042 2832 1058 2856 l.
1071 2841 1102 2860 c.,
1113 2833 1144 2860 11,
1158 2841 1184 2864 p.
1195 2834 1240 2856 472
1250 2842 1315 2864 sqq..

412 2868 456 2899 qui
468 2871 551 2891 lamen
562 2868 628 2892 nihil
639 2869 714 2900 affert
727 2869 759 2892 de
772 2868 898 2900 legatione
912 2867 1088 2891 Uniuersitatis
1097 2868 1132 2890 ad
1146 2867 1215 2891 istud
1224 2867 1316 2898 parla-

412 2906 528 2927 mentum,
546 2906 630 2927 Mense
648 2904 790 2927 Decembris
808 2903 973 2927 Francofurti
993 2903 1125 2926 consilium
1141 2903 1200 2934 suit.
1218 2905 1317 2926 Notan-

412 2940 472 2962 dam
490 2942 581 2967 tamen,
597 2948 639 2962 an.
659 2941 719 2962 1400
736 2940 927 2963 Universitatem
943 2939 1024 2962 Paris.
1044 2938 1080 2961 ad
1091 2938 1317 2969 Franksordienaes

411 2974 529 3002 scribere,
536 2983 562 2997 se
569 2975 715 2998 ,Iohannem
726 2975 757 2998 de
765 2975 870 2998 Austriu
879 2983 934 2998 cum
942 2974 1002 2998 aliis
1011 2977 1070 2997 tunc
1079 2974 1156 2998 tertia
1164 2974 1219 2997 vice
1228 2974 1254 2997 in
1261 2974 1318 2997 Ale-

1370 724 1385 749 5

1353 970 1385 994 10

1355 1215 1386 1240 15

1353 1461 1386 1485 20

1354 1705 1386 1730 25

1354 1951 1387 1976 30

1354 2197 1387 2222 35

1354 2441 1387 2467 40

1827 524 1924 554 1397

1422 595 1512 625 Acta
1539 595 1574 624 in
1609 596 1876 636 procuratoria
1910 595 2091 625 Johannis
2126 596 2168 625 de
2205 595 2325 635 Edyn-

1794 645 1949 674 bourch.

1463 721 1554 749 Facta
1572 721 1817 761 congregacione
1833 721 1972 750 nacionis
1989 720 2159 760 Anglicane
2174 731 2254 750 anno
2267 727 2325 750 etc.

1424 770 1626 809 nonogesimo
1644 770 1787 809 septimo,
1809 770 1859 799 die
1882 770 1933 798 222
1952 770 2108 804 Octobris,
2130 771 2211 809 apud
2231 770 2327 799 Sanc-

1390 813 1393 816 *
1423 825 1486 848 tum
1503 819 1656 848 ,Iulianum
1673 819 1748 848 hora
1767 819 1933 858 primarum
1953 829 2046 858 super
2063 819 2163 848 tribus
2177 819 2326 848 articulis.

1424 867 1547 896 Primus
1578 867 1633 897 fuit
1665 868 1703 897 ad
1738 868 1913 907 eligendum
1943 877 2055 897 novum
2085 874 2326 906 procuratorem.

1423 917 1468 945 2⁸¹³
1496 917 1533 945 ad
1562 917 1746 946 audiendum
1775 923 1949 956 compotum
1978 916 2161 956 receptoriss.
2191 918 2238 946 3¹¹⁵
2264 924 2329 947 erat

1424 975 1518 1004 super
1540 965 1834 1005 supplicacionibus.
1858 965 1959 1005 Super
1976 966 2076 1005 primo
2099 972 2170 1004 post
2188 966 2328 996 diversas

1423 1014 1589 1043 electiones
1612 1021 1641 1044 et
1665 1014 1767 1044 multis
1789 1015 1947 1054 magistris
1969 1015 2102 1044 officium
2122 1015 2327 1044 refutantibus

1424 1063 1480 1093 fuit
1494 1064 1609 1092 electus
1624 1063 1780 1092 Johannes
1796 1064 1833 1092 de
1850 1063 2059 1102 Edynhourch
2076 1064 2283 1098 concorditer,
2298 1069 2329 1093 et

1424 1113 1463 1141 ob
1479 1112 1627 1141 honorem
1645 1112 1750 1141 matris
1771 1122 1824 1141 sue
1845 1112 1984 1141 nacionis
1998 1112 2128 1142 officium
2145 1119 2329 1152 procurato-

1424 1161 1469 1190 rie
1486 1167 1616 1200 protunc
1629 1161 1809 1200 acceptavit.
1824 1161 1926 1200 Super
1940 1162 1971 1190 2⁰
1986 1161 2114 1190 articulo
2126 1161 2258 1191 delatum
2275 1162 2330 1202 fuit

1425 1217 1599 1249 compotum
1615 1210 1797 1249 receptoris.
1815 1210 1854 1239 Et
1865 1210 1925 1239 isto
1939 1211 1989 1239 die
2006 1210 2164 1240 solverunt
2178 1217 2241 1240 tres
2257 1210 2330 1240 novi

1424 1259 1564 1299 magistri
1606 1269 1691 1288 suam
1728 1259 1857 1298 primam
1894 1259 2152 1298 procuratoriam,
2187 1259 2331 1289 videlicet

1425 1309 1571 1348 magister
1598 1308 1813 1338 Christoforus
1838 1309 2028 1343 Pontfret,...
2056 1307 2130 1348 (sic),
2154 1309 2191 1337 de
2217 1309 2330 1348 quibus

1424 1364 1639 1387 remanserunt
1662 1359 1697 1386 12
1721 1357 1778 1386 sol.
1801 1357 1832 1386 in
1857 1357 1997 1386 manibus
2022 1357 2207 1396 Boymundi.
2229 1357 2331 1397 Super

1424 1407 1456 1435 3ο
1468 1406 1574 1442 nichil,
1592 1413 1650 1436 etc.

1465 1456 1555 1485 Facta
1566 1455 1812 1496 congregacione
1825 1455 1964 1484 nacionis
1981 1456 2062 1495 apud
2076 1455 2219 1485 Sanctum
2232 1455 2329 1485 Matu-

1425 1505 1525 1534 rinum
1541 1505 1616 1534 hora
1633 1505 1799 1544 primarum
1817 1505 1866 1533 die
1885 1505 1934 1534 132
1949 1505 2133 1534 Novembris
2149 1515 2243 1544 super
2256 1506 2330 1534 duo-

1425 1556 1482 1583 bus
1498 1554 1646 1583 articulis.
1667 1553 1790 1583 Primus
1810 1554 1847 1582 ad
1866 1554 2070 1583 ordinandum
2086 1555 2123 1583 de
2140 1555 2217 1583 festo
2233 1554 2331 1584 sancti

1426 1603 1609 1632 Eadmundi.
1632 1603 1678 1631 2¹¹⁵
1702 1613 1796 1642 super
1821 1603 2116 1642 supplicacionibus,
2144 1610 2201 1632 etc.
2229 1602 2331 1643 Super

1425 1653 1524 1692 primo
1541 1652 1657 1692 placuit
1678 1651 1799 1681 nacioni
1822 1652 1921 1681 facere
1943 1653 2052 1681 festum
2068 1652 2280 1692 solempniter,
2297 1658 2331 1681 ut

1424 1702 1500 1730 alias
1516 1701 1571 1730 fuit
1585 1707 1776 1736 consuetum,
1794 1707 1853 1730 tam
1872 1701 1902 1730 in
1919 1701 2059 1736 ecclesia,
2079 1711 2168 1741 quam
2185 1701 2216 1730 in
2236 1711 2330 1740 pran-

1425 1751 1487 1785 dio,
1506 1757 1536 1779 et
1552 1751 1635 1790 quod
1655 1750 1802 1789 magister
1817 1750 1948 1790 Egidius
1963 1750 2055 1780 vellet
2077 1751 2176 1779 facere
2195 1750 2330 1790 diligen-

1425 1800 1501 1828 ciam
1511 1810 1569 1839 pro
1580 1799 1726 1838 expensis
1739 1799 1769 1828 in
1785 1799 1867 1828 dicto
1879 1800 1955 1828 festo
1967 1798 1991 1833 ²,
2007 1799 2079 1838 quia
2093 1799 2182 1828 nacio
2197 1806 2330 1838 protunc

1425 1859 1487 1878 non
1503 1848 1632 1877 habebat
1650 1848 1795 1887 pecunias
1810 1858 1866 1887 pre
1881 1848 2032 1877 manibus.
2050 1847 2088 1876 Et
2103 1848 2191 1877 electi
2207 1849 2330 1877 suerunt

1425 1897 1541 1927 diversi
1564 1897 1754 1936 provisores,
1779 1897 1831 1936 qui
1856 1897 2076 1932 refutaverunt,
2093 1903 2151 1926 etc.
2175 1897 2276 1937 Super
2299 1898 2331 1926 2⁰

1426 1947 1678 1986 supplicaverunt
1694 1946 1806 1975 bedelli
1826 1946 1976 1981 nacionis,
2001 1946 2144 1985 quatinus
2167 1946 2227 1975 isto
2249 1956 2329 1976 anno

1425 2003 1455 2025 et
1473 2006 1531 2035 pro
1549 1995 1605 2024 hac
1628 1995 1718 2024 unica
1737 1995 1804 2024 vice
1823 1995 1964 2034 graciose
1981 1995 2070 2024 nacio
2086 1996 2270 2024 concederet
2285 1995 2330 2024 eis

1426 2055 1520 2084 super
1536 2044 1703 2084 quemlibet
1719 2044 1991 2073 determinaturum
2008 2044 2039 2073 in
2052 2044 2170 2073 artibus
2187 2044 2326 2074 nacionis

1425 2101 1531 2123 nostre
1543 2093 1702 2122 dimidium
1716 2094 1864 2128 francum,
1880 2100 1909 2122 et
1921 2103 2026 2122 eorum
2042 2093 2231 2132 supplicacio
2249 2103 2325 2122 con-

1425 2143 1561 2172 corditer
1577 2143 1632 2171 fuit
1647 2153 1806 2171 concessa.

1467 2192 1524 2221 Die
1541 2193 1589 2221 17¹³
1602 2191 1787 2222 Novembris
1799 2192 1879 2230 apud
1894 2191 2038 2220 Sanctum
2055 2191 2240 2220 Maturinum
2254 2191 2330 2220 hora

1426 2241 1592 2280 primarum
1619 2241 1673 2270 fuit
1696 2241 1902 2280 congregacio
1930 2240 2069 2269 nacionis
2094 2250 2188 2279 super
2209 2241 2330 2269 duobus

1425 2291 1574 2320 articulis.
1607 2290 1730 2319 Primus
1762 2291 1800 2318 ad
1829 2289 2032 2318 ordinandum
2061 2290 2098 2318 de
2131 2290 2207 2318 festo
2233 2289 2330 2318 sancti

1427 2339 1591 2368 Edmundi.
1612 2340 1651 2368 Et
1673 2349 1767 2378 super
1789 2338 1849 2368 isto
1866 2338 1955 2368 nacio
1977 2338 2161 2377 supplicavit
2181 2337 2331 2377 magistro

1426 2388 1539 2428 Egidio
1558 2389 1595 2417 de
1619 2389 1746 2423 Jutfaes,
1766 2394 1798 2417 ut
1820 2389 1932 2417 faceret
1946 2397 2098 2426 expensas
2119 2387 2150 2415 in
2174 2388 2251 2416 festo
2275 2397 2330 2416 na-

1426 2437 1535 2467 cionis.
1568 2438 1606 2466 Et
1630 2438 1697 2476 ipse
1724 2437 1829 2466 annuit
1860 2436 2082 2475 supplicacioni
2114 2436 2263 2465 nacionis.
2291 2436 2331 2465 Et

1425 2486 1513 2515 electi
1543 2487 1664 2515 fuerunt
1696 2486 1876 2525 provisores
1909 2485 2048 2524 magistri
2080 2484 2255 2514 Alexander
2290 2485 2328 2514 de

1426 2535 1591 2564 Foulerton
1612 2541 1641 2564 et
1661 2535 1817 2564 Johannes
1835 2535 1873 2563 de
1889 2534 2036 2573 Campen.
2056 2533 2156 2572 Super
2171 2534 2202 2562 2⁰
2222 2533 2328 2562 nichil.

1425 2761 1555 2784 manniam
1568 2760 1665 2783 misisse
1680 2759 1742 2790 (vid.
1755 2759 1960 2787 szsnzcxssix,
1973 2758 1989 2782 ί.
2004 2767 2035 2786 σ.,
2051 2759 2095 2786 ΙΙΙ,
2110 2763 2136 2781 n⁰
2151 2758 2214 2790 1314).
2229 2759 2269 2782 Ea:
2281 2767 2330 2790 quo

1424 2796 1546 2828 sequitur,
1559 2795 1699 2819 Iohannem
1716 2803 1771 2818 cum
1790 2794 1849 2818 aliis
1866 2794 1957 2826 legatis
1972 2797 2029 2825 poet
2046 2794 2183 2817 acciendum
2198 2793 2330 2817 consilium

1425 2831 1637 2862 Franksordiease
1667 2830 1768 2853 minime
1791 2830 1817 2853 in
1840 2829 1975 2853 Franz-iam
2004 2837 2128 2852 reversam
2155 2837 2216 2857 esse,
2235 2829 2280 2853 ned
2303 2829 2329 2853 in

1425 2867 1578 2890 Alamannia
1592 2866 1752 2890 remansi-ue.

1457 2904 1479 2926 2.
1513 2904 1560 2925 Ma.
1581 2902 1643 2925 add.
1661 2901 1729 2925 clare
1747 2901 1769 2924 si
1787 2909 1835 2932 pro
1850 2900 1920 2932 quia,
1939 2900 2016 2924 verba
2033 2909 2101 2932 quae
2119 2900 2228 2932 scriptor
2246 2900 2329 2924 delere

1426 2938 1518 2961 omisit.

2623 2545 2632 2624 i

2624 2625 2632 2664 ἐ

2622 2674 2632 2718 34

2620 2718 2632 2767 {2

2628 2775 2632 2800 ⁴.

2622 2801 2632 2862 Ξ

2624 2868 2632 2945 ξ

2622 2945 2632 3064 Ξ

2626 3123 2632 3147 1

2621 3364 2632 3464 mma..
2624 3329 2632 3356 14-
2627 3270 2632 3321 „nst-
2629 3256 2632 3260 .
