2632 3464
429 422 483 447 223

470 498 546 527 Item
570 497 687 537 incepit
715 497 895 527 Conrardus
922 498 960 526 de
990 496 1078 526 Goch
1103 498 1161 527 sub
1190 498 1339 537 magistro

430 546 566 575 Henrico
595 547 633 575 de
663 546 761 582 Goch,
787 545 874 586 cujus
903 547 998 575 bursa
1027 547 1046 575 6
1076 546 1180 582 solidi,
1211 547 1339 576 scudato

427 596 549 625 valente
566 596 645 625 sicut
662 596 761 635 prius.

836 689 932 718 1357

626 761 846 800 Heninghus
879 761 921 789 de
953 761 1139 799 Pammyn.

467 842 558 871 Anno
577 841 702 871 Domini
722 851 783 880 quo
807 850 917 879 supra,
940 841 976 869 16
997 840 1047 868 die
1067 840 1184 869 mensis
1206 840 1338 869 Decem-

426 891 508 926 bris,
530 892 611 930 apud
635 890 779 919 Sanctum
801 889 955 918 Julianum
977 899 1143 928 pauperem
1165 890 1242 918 facta
1262 899 1338 918 con-

426 939 613 979 gregacione
646 939 785 968 nacionis
819 938 991 978 Anglicane
1025 938 1244 977 magistrorum
1276 944 1336 967 tam

426 989 606 1029 regencium
624 998 714 1027 quam
733 998 795 1016 non
813 987 1004 1027 regencium,
1024 987 1140 1016 electus
1157 987 1253 1016 fuitin
1265 997 1336 1026 pro-

426 1044 599 1067 curatorem
619 1036 756 1077 ejusdem
773 1036 912 1065 nacionis
928 1036 1076 1075 magister
1095 1036 1280 1076 Heninghus
1298 1037 1336 1066 de

425 1086 585 1126 Pammyn,
602 1086 736 1115 diocesis
751 1085 990 1120 Kamminensis,
1008 1085 1039 1114 in
1054 1084 1141 1124 cujus
1155 1092 1335 1125 procurato-

425 1136 471 1165 ria
486 1143 551 1165 acta
567 1142 638 1164 sunt
653 1135 708 1164 hec
725 1145 784 1174 que
803 1141 985 1174 sequuntur.

466 1186 582 1219 Primo,
607 1185 714 1213 eodem
735 1184 784 1213 die
806 1184 995 1223 compotavit
1013 1184 1156 1213 dominus
1178 1191 1333 1223 receptor,

424 1235 476 1274 qui
491 1234 624 1273 singulis
641 1233 824 1272 compotatis
842 1233 990 1262 remansit
1005 1233 1126 1262 nacioni
1140 1233 1171 1262 in
1190 1233 1249 1262 IIII
1268 1244 1334 1263 scu-

423 1284 463 1312 tis
481 1283 631 1312 Johannis
650 1282 751 1311 minus
770 1283 808 1311 44
824 1282 971 1311 denariis.

465 1333 540 1361 Item
560 1333 665 1361 eadem
687 1332 737 1360 die
759 1331 919 1370 magistris
937 1331 1054 1361 nostris
1077 1332 1282 1361 existentibus
1303 1333 1334 1361 in

422 1382 554 1421 prandio
568 1382 610 1409 ad
618 1382 789 1420 grangiam,
800 1381 949 1420 magister
961 1380 1117 1410 Johannes
1129 1382 1166 1410 de
1183 1381 1333 1411 Constan-

422 1431 470 1459 cia
483 1431 576 1460 solvit
590 1440 683 1459 unum
699 1436 819 1459 scutum
835 1440 892 1469 pro
907 1430 1007 1469 prima
1020 1431 1245 1469 procuratoria,
1262 1431 1333 1460 item

422 1480 571 1519 magister
585 1480 747 1509 Conradus
762 1480 799 1508 de
815 1479 902 1508 Goch
916 1489 1009 1508 unum
1025 1486 1144 1508 scutum
1162 1490 1218 1518 pro
1231 1481 1333 1520 primo

421 1529 549 1558 introitu
568 1528 840 1568 congregacionis,
860 1528 931 1557 item
954 1529 1102 1567 magister
1123 1529 1277 1559 Henricus
1295 1531 1333 1560 de

423 1578 510 1608 Goch
529 1578 672 1607 similiter
689 1588 797 1612 unum,
818 1583 848 1606 et
865 1577 1013 1617 magister
1031 1577 1186 1607 Henricus
1202 1579 1239 1607 de
1259 1579 1333 1608 Kal-

421 1628 477 1657 kar
507 1637 615 1661 unum,
649 1627 720 1656 item
754 1627 903 1666 magister
933 1626 1068 1655 Ubertus
1096 1627 1134 1655 de
1169 1627 1333 1658 Hollandia

421 1687 530 1712 unum,
548 1677 619 1705 item
636 1676 783 1715 magister
799 1675 946 1704 Ardolfus
964 1676 1002 1704 de
1019 1676 1150 1705 Bavaria
1165 1687 1257 1706 unum
1275 1688 1332 1716 pro

422 1726 521 1765 primo
537 1725 676 1754 introitu.

462 1775 536 1803 Item
555 1775 660 1803 eadem
679 1774 728 1803 die
747 1780 776 1802 et
797 1774 827 1802 in
846 1775 951 1802 eodem
972 1774 1039 1803 loco
1058 1782 1210 1804 venerunt
1227 1777 1264 1804 ad
1285 1786 1331 1805 me

421 1824 561 1863 magistri
580 1823 785 1862 infrascripti,
806 1823 926 1852 scilicet
943 1824 1091 1862 magister
1112 1824 1275 1854 Conradus
1293 1826 1331 1854 de

421 1873 523 1907 Goch,
553 1873 700 1911 magister
736 1872 882 1902 Nicolaus
915 1873 952 1901 de
988 1872 1152 1908 Goriham,
1182 1874 1332 1913 magister

421 1922 575 1951 Henricus
591 1923 628 1950 de
645 1921 744 1956 Goch,
758 1922 906 1961 magister
918 1922 1052 1951 Jacobus
1068 1923 1106 1951 de
1122 1922 1220 1958 Goch,
1235 1924 1330 1963 magi-

420 1978 484 2001 ster
512 1971 647 2000 Ubertus
674 1971 711 1999 de
740 1970 916 2005 Hollandia,
943 1971 1091 2010 magister
1114 1971 1263 2001 Ardolfus
1292 1973 1330 2002 de

421 2021 564 2055 Bavaria,
599 2020 747 2059 magister
784 2019 996 2049 Theodericus
1029 2021 1067 2049 de
1103 2020 1242 2060 Campen
1273 2032 1331 2061 per

419 2069 535 2098 nullum
551 2069 668 2098 inducti
684 2079 739 2098 nec
752 2069 906 2108 requisiti,
927 2069 1066 2098 dicentes
1081 2081 1087 2098 ε
1107 2082 1120 2096 α
1134 2070 1199 2099 Nos
1215 2070 1330 2100 scimus

420 2119 503 2158 quod
520 2118 686 2147 laudabilis
703 2118 936 2147 consuetudinis
947 2125 994 2147 est
1009 2118 1081 2157 (Fal.
1095 2118 1143 2158 27)
1158 2119 1189 2147 in
1200 2119 1330 2149 nacione

419 2169 503 2207 quod
522 2168 651 2206 quilibet
669 2167 886 2207 magistrorum
905 2167 1005 2196 solvat
1021 2178 1114 2196 unum
1132 2168 1281 2198 florenum
1298 2170 1329 2198 in

418 2217 517 2256 prima
533 2217 748 2256 procuratoria
763 2227 834 2251 sua,
852 2222 882 2245 et
897 2226 954 2245 nos
971 2226 1077 2246 sumus
1096 2223 1229 2256 septem,
1250 2229 1328 2257 quo-

418 2276 485 2295 rum
503 2266 606 2295 nullus
628 2266 683 2294 suit
704 2272 897 2304 procurator.
922 2265 954 2295 Si
972 2265 1115 2305 poteritis
1136 2267 1281 2296 ordinare
1297 2267 1328 2296 in

419 2315 559 2350 nacione,
574 2316 656 2354 quod
672 2325 729 2343 nos
746 2321 850 2344 mutuo
867 2315 1034 2350 solvemus,
1049 2321 1078 2344 et
1092 2316 1174 2354 quod
1188 2316 1328 2356 magistri

418 2365 455 2393 de
469 2364 597 2393 nacione
610 2364 743 2393 habeant
758 2364 828 2392 inde
845 2374 937 2392 unum
954 2365 1067 2392 bonum
1082 2365 1255 2403 prandium,
1270 2375 1328 2394 nos

418 2414 533 2442 erimus
551 2413 663 2452 promti
685 2420 715 2442 et
732 2413 830 2452 parati
849 2414 886 2442 ad
903 2413 1095 2442 solvendum.
1116 2426 1129 2440 ι)
1149 2413 1249 2453 Super
1267 2425 1328 2454 quo

418 2463 467 2491 die
485 2461 629 2491 veneris⁴
657 2468 726 2491 ante
744 2462 938 2491 Nativitatem
957 2462 1081 2491 Domini
1099 2464 1175 2492 facta
1187 2463 1242 2492 fuit
1257 2473 1328 2492 con-

418 2511 577 2551 gregacio,
598 2511 629 2539 in
648 2521 708 2550 qua
725 2511 922 2540 concorditer
934 2511 1137 2540 deliberatum
1156 2512 1226 2547 fuit,
1245 2513 1327 2551 quod

418 2561 478 2595 sic,
496 2567 526 2589 et
540 2561 787 2599 quandocunque
806 2570 859 2589 eos
880 2560 1075 2599 contingeret
1090 2570 1159 2589 esse
1178 2571 1328 2600 procura-

417 2616 517 2644 tores,
549 2609 631 2638 natio
660 2609 787 2638 haberet
819 2619 872 2638 eos
901 2610 939 2637 ab
969 2608 1144 2648 hujusmodi
1174 2610 1327 2640 solutione

418 2659 578 2687 immunes.
602 2658 640 2687 Et
662 2659 772 2687 sactum
793 2658 849 2687 fuit
869 2658 1031 2697 prandium
1052 2659 1100 2687 die
1123 2660 1263 2698 sequenti
1285 2661 1329 2688 ad

415 2710 565 2745 falconem
578 2707 663 2746 juxta
683 2717 811 2746 parvum
831 2714 966 2746 pontem.

458 2757 532 2786 Item
556 2757 632 2785 facta
651 2757 898 2796 congregacione
914 2757 946 2785 in
963 2756 1069 2796 vigilia
1081 2756 1093 2774 ²
1109 2756 1225 2786 Thome
1246 2758 1325 2797 apud

448 2881 470 2904 1.
506 2881 535 2903 22
548 2880 700 2903 Decembris.

447 2917 470 2939 2.
502 2918 531 2938 20
544 2916 695 2939 Decembris.

446 2952 470 2975 3.
504 2952 534 2975 25
545 2952 675 2975 Ianuarii.

973 420 1197 447 AUCTARIUM
1218 421 1479 449 CHARTULARII
1497 423 1671 450 UNIVERS.
1693 423 1812 451 PARIS.

1375 943 1408 969 10

1373 1190 1406 1216 15

1371 1436 1404 1461 20

1370 1682 1403 1707 25

1369 1928 1402 1953 30

1367 2174 1400 2200 35

1366 2419 1400 2445 40

1366 2665 1399 2690 45

2303 425 2356 451 224

1448 498 1592 528 Sanctum
1603 500 1618 529 J
1621 499 1756 530 ulianum
1763 501 1801 530 ad
1812 501 2060 540 supplicandum,
2069 501 2255 542 supplicavit
2262 502 2356 543 magi-

1448 553 1513 576 ster
1536 548 1700 578 Conradus
1722 550 1760 578 de
1783 549 1870 578 Goch
1895 550 1990 589 quod,
2013 560 2082 579 cum
2105 550 2173 590 ipse
2195 550 2289 580 vellet
2310 551 2357 581 ire

1447 595 1654 633 Avenionem,
1675 598 1702 627 si
1726 597 1758 627 in
1779 598 1826 627 sui
1847 599 1985 628 absentia
2006 599 2202 639 contingeret
2221 600 2355 630 rotulum

1447 644 1668 676 Universitatis
1693 647 1783 683 mitti,
1809 647 1835 677 si
1856 647 1951 687 aliqui
1973 648 2024 677 alii
2048 649 2192 678 absentes
2214 649 2356 688 impone·-

1447 700 1569 730 rentur,
1593 695 1661 735 ipse
1685 696 1801 735 pariter
1825 696 2038 736 imponeretur
2061 703 2091 727 et
2117 697 2206 737 quasi
2224 707 2358 737 presens

1447 749 1644 782 reputaretur
1661 745 1772 774 solutis
1790 745 1965 780 solvendis,
1985 747 2068 785 quod
2086 752 2116 775 et
2135 746 2195 776 sibi
2212 747 2357 786 graciose

1447 793 1684 822 concedebatur.

1487 840 1562 870 Item
1591 842 1628 871 13
1647 842 1697 871 die
1715 842 1854 872 Januarii
1876 844 1953 873 facta
1976 845 2224 884 congregacione
2248 845 2356 874 nacio-

1446 889 1494 919 nis
1516 891 1598 930 apud
1618 890 1763 921 Sanctum
1781 892 1978 928 Maturinum,
2003 894 2191 932 compotavit
2211 894 2355 924 dominus

1445 945 1599 978 receptor,
1615 941 1697 979 quod
1714 940 1847 981 singulis
1860 942 2044 981 computatis
2058 943 2146 972 nacio
2159 943 2308 973 remansit
2322 943 2354 972 in

1447 988 1507 1018 1111
1524 988 1620 1018 scutis
1636 989 1737 1019 minus
1756 989 1784 1018 11
1803 990 1875 1026 sol.,
1893 997 1980 1020 scuto
1994 1001 2053 1031 pro
2066 991 2167 1021 XVIII
2184 992 2305 1022 solidis.

1855 1084 1873 1111 1
1878 1084 1952 1113 358

1477 1153 1735 1183 Theodericus
1774 1155 1816 1183 de
1851 1155 2028 1194 Campen,
2062 1156 2319 1196 Trajectensis

1805 1204 1995 1243 dyocesis.

1482 1282 1574 1312 Anno
1603 1283 1727 1312 Domini
1753 1283 1919 1314 M⁰.CCC‘¹.
1944 1284 2202 1324 quinquagesimo
2227 1292 2352 1323 octavo,

1442 1331 1652 1361 tertiadecima
1667 1332 1716 1361 die
1726 1332 1842 1362 mensis
1853 1333 2002 1368 Januarii,
2015 1333 2092 1362 sacta
2105 1335 2353 1375 congregacione

1442 1380 1582 1410 nacionis
1594 1381 1766 1421 Anglicane
1779 1382 1861 1421 apud
1870 1381 2015 1412 Sanctum
2025 1382 2223 1419 Maturinum,
2236 1384 2352 1415 electus

1443 1429 1498 1459 suit
1519 1430 1551 1459 in
1571 1437 1803 1469 procuratorem
1825 1431 1964 1460 nacionis
1984 1430 2121 1471 ejusdem
2143 1433 2228 1462 nullo
2253 1433 2352 1463 recla-

1442 1485 1543 1508 mante
1559 1479 1707 1519 magister
1723 1480 1935 1509 Theodoricus
1951 1481 1988 1509 de
2007 1481 2156 1521 Campen,
2173 1481 2353 1522 Trajecten-

1442 1529 1486 1557 sis
1508 1529 1664 1568 dyocesis.
1690 1529 1725 1558 In
1745 1528 1832 1568 cujus
1855 1530 2078 1568 procuracione
2101 1532 2178 1560 sacta
2200 1538 2272 1561 sunt
2294 1532 2352 1562 hec

1442 1588 1502 1617 que
1518 1584 1700 1617 sequuntur.

1482 1627 1587 1656 Primo
1612 1628 1689 1656 facta
1709 1628 1955 1667 congregacione
1975 1628 2115 1658 nacionis
2134 1630 2216 1669 apud
2236 1630 2352 1660 Cordi-

1441 1686 1534 1716 geros
1564 1677 1594 1705 in
1626 1677 1675 1706 die
1705 1677 1803 1706 sancti
1833 1676 1956 1713 Pauli³,
1987 1677 2173 1718 supplicavit
2204 1679 2353 1719 magister

1442 1726 1600 1755 Hubertus
1625 1727 1662 1755 de
1690 1726 1784 1756 Beest
1809 1733 1842 1756 ut
1868 1726 1994 1756 haberet
2022 1726 2162 1757 inducias
2189 1737 2288 1768 usque
2311 1729 2351 1758 ad

1442 1775 1574 1805 medium
1595 1776 1838 1815 Quadragesime
1861 1776 1898 1805 de
1914 1777 2059 1815 pecunia,
2081 1787 2171 1816 quam
2193 1783 2352 1807 teneretur

1441 1825 1574 1853 nacioni.
1601 1825 1640 1854 Et
1661 1825 1719 1854 hoc
1742 1831 1807 1854 erat
1829 1824 1889 1854 sibi
1912 1835 2110 1861 concessum,
2132 1826 2187 1855 sed
2205 1826 2351 1866 promisit

1440 1880 1512 1902 tunc
1540 1874 1589 1903 vel
1620 1874 1699 1903 infra
1726 1874 1907 1914 persolvere
1937 1881 1966 1903 et
1991 1885 2053 1903 non
2079 1881 2185 1914 petere
2210 1875 2350 1905 inducias

1440 1923 1616 1952 ulteriores.

1481 1972 1521 2001 Et
1540 1972 1671 2001 ulterius
1693 1978 1758 2002 erat
1779 1972 1982 2002 deliberatum
2003 1974 2086 2012 quod
2103 1973 2192 2003 fieret
2211 1984 2272 2003 una
2290 1973 2350 2003 alia

1440 2021 1647 2061 congregacio
1658 2022 1695 2050 ad
1711 2021 1911 2061 aperiendum
1927 2021 2035 2051 cistam
2051 2028 2080 2051 et
2092 2023 2130 2051 ad
2143 2022 2349 2052 ordinandum

1439 2071 1477 2099 de
1496 2070 1626 2109 pecunia
1643 2070 1792 2100 nacionis.

1480 2120 1555 2148 Item
1579 2119 1610 2148 in
1634 2119 1684 2148 die
1711 2119 1865 2149 dominica
1891 2119 2052 2159 sequenti⁴
2079 2121 2156 2150 facta
2175 2131 2350 2161 congrega-

1438 2169 1527 2198 cione
1549 2170 1630 2208 apud
1648 2169 1846 2204 Maturinum,
1870 2169 2072 2199 deliberatum
2093 2177 2158 2199 erat
2171 2180 2229 2209 per
2248 2171 2349 2200 nacio-

1439 2228 1507 2247 nem
1528 2219 1611 2257 quod
1630 2218 1708 2247 cista
1728 2219 1855 2247 deberet
1875 2219 1990 2258 aperiri
2010 2226 2040 2248 et
2060 2225 2203 2258 receptor
2222 2220 2350 2250 deberet

1438 2267 1578 2306 recipere
1607 2267 1768 2306 pecuniam
1797 2269 1835 2296 ad
1863 2268 2034 2297 faciendum
2062 2268 2205 2297 candelas
2233 2269 2264 2297 in
2297 2269 2349 2298 die

1438 2316 1551 2346 Nostre
1580 2316 1711 2345 Domine
1723 2316 1745 2344 5.
1773 2316 1812 2345 Et
1833 2316 1951 2356 recepit
1971 2317 1989 2345 4
2010 2316 2156 2352 florenos,
2180 2318 2198 2346 3
2222 2317 2349 2357 antiqua

1438 2371 1523 2394 scuta
1539 2372 1568 2394 et
1586 2376 1678 2394 unum
1695 2372 1814 2395 scutum
1831 2365 1970 2406 Philippi
1986 2372 2015 2395 et
2030 2367 2048 2395 5
2063 2366 2193 2401 solidos,
2208 2367 2348 2406 exceptis

1438 2415 1559 2444 duobus
1570 2415 1718 2444 denariis.
1734 2415 1774 2444 Et
1789 2415 1932 2445 similiter
1947 2415 2065 2455 recepit
2079 2415 2192 2444 librum
2205 2415 2347 2455 magistri

1436 2463 1558 2493 Alberti
1574 2464 1611 2492 de
1628 2464 1786 2499 Bohemia,
1800 2474 1890 2503 quem
1904 2464 2052 2504 magister
2063 2463 2211 2493 Albertus
2227 2465 2348 2494 dixerat

1438 2523 1471 2542 se
1487 2513 1566 2542 velle
1584 2513 1751 2542 redimere.

1478 2562 1553 2591 Item
1570 2563 1646 2591 sacta
1661 2562 1907 2602 congregacione
1925 2562 2065 2591 nacionis
2084 2572 2181 2601 super
2194 2562 2346 2592 electione

1437 2611 1677 2640 examinatorum
1694 2611 1979 2647 determinancium,
1999 2611 2088 2641 electi
2109 2612 2231 2641 fuerunt
2246 2612 2345 2652 magi—

1438 2667 1501 2690 ster
1517 2660 1671 2690 Heni-icus
1687 2661 1724 2690 de
1742 2661 1866 2695 Kalkar‚
1883 2660 2030 2700 magister
2042 2660 2229 2690 Wilhelmus
2245 2655 2352 2690 Buser'

1437 2720 1503 2738 cum
1524 2716 1724 2748 procuratore
1743 2715 1815 2739 tunc
1833 2709 2001 2745 existente,
2018 2715 2047 2739 et
2064 2715 2172 2749 postea
2190 2709 2221 2738 in
2239 2710 2345 2739 eadem

1437 2758 1608 2798 septimana
1625 2758 1864 2788 determinantes
1880 2759 2141 2788 examinaverunt.

1466 2883 1489 2906 4.
1523 2882 1694 2906 281anuarii.

1467 2920 1490 2942 5.
1525 2918 1538 2940 2
1554 2917 1698 2942 Februarii.
