2632 3464
431 448 480 473 527

432 524 558 553 eisdem.
583 522 696 552 Postea
719 520 905 560 supplicavit
923 519 1071 559 magister
1092 513 1250 547 lohannes
1271 516 1337 545 Koc

431 583 488 611 pro
504 571 598 601 scolis
614 571 690 606 suis,
705 576 735 600 et
750 576 822 599 sunt
838 569 898 598 sibi
916 578 1074 598 concesse.
1090 567 1204 597 Ultimo
1216 565 1338 605 suppli-

431 627 578 650 caverunt
591 620 643 649 alii
658 619 784 654 recturi,
801 618 872 658 quia
885 628 947 647 non
965 622 1093 656 possent
1109 615 1221 645 habere
1237 613 1337 644 scolas

433 670 464 698 in
482 670 550 699 vico
567 668 764 703 Straminum‚
785 668 867 707 quod
881 667 918 696 ad
936 666 1037 695 minus
1055 665 1142 694 nacio
1165 664 1210 693 eis
1229 663 1337 703 provi-

433 720 519 748 deret
538 719 576 747 de
594 717 687 747 scolis
704 723 790 746 extra
802 717 914 750 vicum,
934 721 964 744 et
981 715 1007 744 si
1023 713 1084 753 ipsi
1100 719 1229 752 possent
1245 722 1338 752 repe-

433 768 495 797 rire
518 767 631 802 scolas,
653 766 737 805 quod
757 765 845 794 nacio
864 764 957 794 vellet
974 763 1095 793 solvere
1115 762 1278 801 locagium.
1299 760 1338 790 Et

433 821 520 845 erant
545 815 596 844 ille
619 813 867 853 supplicaciones
892 822 998 842 omnes
1026 818 1170 850 tanquam
1194 809 1337 849 rigorose

433 874 591 894 concesse.
610 862 668 892 Et⁴
689 869 762 892 nota
776 862 858 901 quod
871 867 943 891 tunc
959 861 990 889 in
1002 860 1053 889 illo
1068 870 1148 889 anno
1159 865 1247 888 erant
1261 860 1340 889 bene

432 913 474 943 XI
488 919 632 952 regentes
646 912 677 940 in
692 911 809 940 artibus
827 911 864 939 de
882 909 1010 939 nacione
1027 908 1210 948 Anglicana.

474 962 593 1001 Incepit
607 961 749 990 dominus
768 959 926 989 Gerardus
944 958 1125 998 Engelberti
1140 958 1178 987 de
1196 957 1341 987 Embrica

434 1012 490 1040 sub
508 1011 657 1050 magistro
676 1009 822 1047 Philippo
843 1008 975 1047 Pinghe,
1001 1006 1087 1047 cujus
1106 1008 1200 1036 bursa
1219 1007 1246 1036 X
1265 1006 1337 1036 albi.

435 1059 589 1089 Satisfecit
599 1058 611 1076 ²
628 1058 781 1098 receptori
802 1057 966 1096 etjuravit.

840 1150 935 1179 1377

435 1222 683 1253 Continuacio
722 1220 892 1261 magistri
926 1220 1032 1250 Pauli
1069 1221 1111 1249 de
1143 1221 1271 1250 Gelria
1304 1221 1341 1249 in

750 1270 1026 1309 procuratoria.

475 1349 565 1379 Anno
575 1349 698 1379 Domini
707 1359 768 1389 quo
779 1359 884 1388 supra,
897 1350 974 1378 facta
984 1349 1230 1388 congregacione
1241 1349 1342 1379 nacio-

435 1399 483 1429 nis
498 1399 668 1438 Anglicane
685 1398 786 1428 XXlla
800 1398 849 1427 die
865 1398 980 1427 mensis
999 1397 1144 1427 Octobris
1160 1399 1198 1427 ad
1213 1398 1342 1428 audien-

435 1450 506 1478 dum
522 1454 697 1488 computum
714 1447 885 1486 receptoris
904 1453 933 1476 et
948 1447 986 1476 ad
999 1447 1174 1486 eligendum
1193 1457 1343 1486 procura-

435 1504 531 1527 torem
550 1503 579 1526 et
595 1498 632 1526 ad
648 1496 894 1535 supplicandum,
911 1496 1107 1525 continuatus
1124 1496 1180 1525 fuit
1194 1497 1344 1536 magister

436 1546 550 1575 Paulus
566 1547 603 1574 de
620 1545 725 1574 Gel1·ia
742 1555 799 1584 pro
818 1551 1028 1584 procuratore.
1052 1544 1092 1574 Et
1110 1550 1182 1574 tunc
1199 1552 1343 1585 receptor

437 1595 607 1634 comparuit
627 1600 752 1634 paratus
772 1594 902 1623 reddere
920 1599 1112 1632 computum;
1138 1595 1193 1623 sed
1215 1601 1344 1634 propter

436 1644 617 1683 paucitatem
637 1643 853 1682 magistrorum
869 1642 981 1672 dilatus
997 1643 1053 1672 fuit
1069 1649 1230 1682 computus
1244 1653 1343 1684 usque

436 1693 524 1722 alias.

478 1741 551 1770 Item
579 1741 610 1770 in
634 1740 793 1770 crastino²
817 1741 914 1770 sancti
939 1740 1064 1770 Martini
1087 1741 1237 1780 hyemalis
1266 1743 1344 1772 facta

438 1790 682 1830 congregacione
706 1789 845 1818 nacionis
868 1789 1039 1829 Anglicane
1060 1799 1117 1829 per
1137 1788 1343 1829 jurameutum

438 1839 613 1878 regencium
639 1845 668 1867 et
698 1848 760 1867 non
786 1838 962 1877 regencium
984 1839 1022 1867 ad
1051 1838 1278 1878 disponendum
1305 1840 1343 1869 de

439 1889 514 1916 festo
536 1888 632 1916 sancti
658 1887 829 1916 Eadmundi
850 1887 946 1926 regis,
969 1887 1170 1917 deliberatum
1192 1888 1248 1918 fuit
1267 1898 1344 1918 con-

438 1936 573 1965 corditer
597 1936 680 1975 quod
704 1935 833 1975 quilibet
860 1936 1078 1975 magistrorum
1101 1937 1182 1966 dicte
1203 1938 1343 1968 nacionis

438 1985 647 2014 contribueret
666 1985 714 2025 Illv
729 1985 858 2020 solidos,
880 1985 1002 2014 natione
1025 1985 1162 2025 predicta
1184 1987 1342 2016 residuum

439 2034 586 2064 solvente.
612 2033 652 2063 Et
671 2040 743 2063 tunc
769 2034 857 2063 electi
878 2041 965 2063 erant
989 2035 1020 2063 in
1045 2041 1263 2074 procuratores
1286 2046 1343 2075 pro

438 2083 511 2118 illis,
535 2093 593 2122 que
615 2083 841 2112 concernebant
857 2083 1048 2112 honestatem
1068 2084 1206 2114 nacionis
1223 2084 1344 2123 specia-

438 2132 509 2161 liter
530 2132 561 2160 in
582 2131 712 2160 ecclesia
734 2138 763 2160 et
782 2131 813 2160 in
833 2142 938 2161 mensa
957 2142 1015 2172 pro
1037 2132 1179 2171 prandio,
1203 2133 1344 2173 magistri

438 2180 593 2209 ‚lohannes
608 2180 728 2209 Stralen
742 2187 771 2209 et
783 2181 931 2220 magister
943 2181 1099 2210 Johannes
1114 2181 1271 2222 VVolgast‚
1285 2192 1346 2212 una

439 2239 506 2258 cum
522 2229 645 2258 domino
656 2235 827 2268 receptore,
844 2229 896 2269 qui
913 2240 949 2258 ex
959 2230 1063 2259 debito
1078 2231 1214 2266 servicii,
1227 2231 1345 2261 scilicet

440 2278 622 2317 receptorie,
637 2279 675 2306 ad
693 2277 751 2306 hoc
764 2278 930 2318 obligatur.

481 2327 554 2355 Item
584 2327 689 2355 eadem
719 2327 964 2366 congregacione
988 2328 1174 2367 supplicavit
1199 2329 1346 2369 magister

440 2375 598 2404 Gerardus
621 2376 658 2404 de
691 2375 862 2404 Pellikem⁴
889 2377 1032 2416 quatinus
1057 2377 1144 2407 nacio
1170 2378 1345 2407 admitteret

440 2424 605 2463 magistros
642 2424 808 2453 Henricum
845 2426 881 2454 de
919 2425 1018 2455 Euta⁵
1055 2433 1084 2456 et
1119 2426 1267 2456 Jacobum
1308 2428 1345 2456 de

441 2472 606 2508 Krakovia,
622 2473 693 2512 quia
709 2480 814 2502 essent
828 2474 967 2514 magistri
981 2475 1054 2504 alibi
1070 2482 1099 2505 et
1115 2486 1176 2505 non
1189 2476 1341 2512 Parisius,

441 2522 478 2550 ad
490 2522 598 2550 festum
613 2522 814 2551 consimiliter
827 2533 894 2552 cum
906 2523 974 2553 aliis
990 2525 1159 2564 magistris,
1174 2532 1204 2554 et
1214 2525 1346 2565 quilibet

442 2580 546 2599 eorum
563 2571 696 2600 solveret
708 2571 843 2600 francum
854 2582 910 2611 pro
921 2572 1042 2612 bejanio
1056 2573 1135 2603 sicut
1146 2580 1175 2603 et
1187 2574 1239 2603 alii
1255 2575 1345 2604 novi-

442 2619 480 2647 cii
497 2626 732 2648 consueverunt.
753 2619 849 2659 Cujus
868 2622 1057 2660 supplicacio
1076 2623 1132 2651 suit
1149 2623 1341 2663 interempta.

483 2667 600 2706 Incepit
627 2669 769 2698 dominus
805 2669 938 2699 Thomas
970 2671 1112 2700 Mai-thon
1145 2671 1255 2702 Scotus
1287 2673 1344 2702 sub

530 2781 590 2804 Alia
602 2791 678 2805 manu
689 2782 754 2806 inter
767 2783 848 2806 lineas
858 2784 919 2807 add.

529 2817 595 2840 Adri.
611 2818 689 2841 solvit
700 2827 777 2849 supra
796 2819 931 2843 satisfecit.

531 2852 559 2874 12
572 2853 726 2878 Novembris.

533 2888 583 2918 Qui
594 2897 671 2919 supra
683 2892 787 2912 vocatur
798 2890 829 2912 de
841 2890 941 2918 Pillich,
955 2891 1060 2919 Pcllieh,
1075 2892 1156 2919 Pilke,
1168 2895 1214 2915 etc.

531 2924 579 2945 Seu
594 2923 624 2946 de
635 2923 709 2954 Oyta.
729 2926 757 2947 In
771 2925 854 2949 Catal.
869 2925 954 2950 licent.
970 2926 995 2949 in
1010 2927 1089 2950 theol.
1108 2928 1175 2951 Bibl.
1188 2931 1243 2952 nat.
1263 2929 1344 2952 Paris.

474 2781 499 2944 P'FPUQ?

968 441 1191 470 AUCTARIUM
1216 436 1475 466 CHARTULARII
1498 438 1672 465 UNIVERS.
1693 439 1811 466 PARIS.

1377 958 1411 984 10

1379 1203 1412 1229 15

1380 1449 1414 1475 20

1381 1690 1414 1722 2“5

1381 1942 1415 1968 30

1382 2186 1415 2213 35

1383 2432 1416 2458 40

1384 2676 1417 2702 45

2299 439 2350 465 528

1445 515 1594 555 magistro
1606 514 1737 556 Hugone
1750 513 1788 545 de
1803 515 1968 551 Hervorst,
1985 514 2071 555 cujus
2086 516 2179 546 bursa
2191 515 2232 546 Vl
2245 516 2350 547 solidi.

1446 563 1546 594 Solvit
1562 563 1716 603 receptori
1731 570 1762 594 et
1770 563 1897 604 juravit.

1486 613 1561 642 Item
1584 612 1700 643 XV111²
1722 613 1772 642 die
1796 613 1980 643 Novembris
2002 610 2080 643 sa'cta
2103 614 2351 654 congregacione

1445 662 1587 691 nacionis·
1609 672 1666 702 per
1687 661 1894 702 juramentum
1920 663 2002 702 apud
2026 662 2172 692 Sanctum
2197 663 2351 694 lulianum

1446 720 1612 750 pauperem
1623 721 1717 750 super
1729 711 1830 741 trihus
1844 711 1995 747 articulis,
2012 721 2142 751 quorum
2155 712 2274 751 primus
2289 718 2354 743 erat

1446 760 1484 789 ad
1509 759 1727 790 inveniendum
1748 761 1873 796 motiva,
1896 766 2025 800 propter
2043 771 2103 800 que
2125 761 2354 792 racionabiliter

1447 809 1673 845 ostenderetur,
1685 815 1846 839 tractatum
1861 809 1995 839 oblatum
2009 809 2211 840 Universitati
2225 811 2263 840 de
2278 820 2354 840 con-

1447 857 1554 888 cordia
1574 857 1655 887 inter
1678 858 1777 897 ipsam
1804 858 2044 888 Universitatem
2067 869 2105 888 ex
2129 869 2190 888 una
2209 865 2307 898 parte,
2324 866 2355 889 et

1447 906 1605 936 dominum
1624 906 1804 946 episcopum
1822 913 1852 936 et
1866 906 1932 948 ejus
1944 903 2108 937 'officialem
2126 918 2164 937 ex
2180 907 2239 937 alia
2253 898 2358 947 parte,-

1448 965 1510 985 non
1534 965 1604 985 esse
1621 957 1840 995 acceptandum
1851 955 1875 991 ⁶,
1894 962 1981 986 erant
1998 957 2127 996 quedam
2145 956 2260 986 motiva
2275 963 2354 987 tacta

1448 1010 1479 1034 et
1494 1004 1605 1040 media,
1620 1014 1679 1044 que
1691 1003 1770 1034 tunc¹
1783 1005 1869 1034 dedit
1883 1015 2013 1044 presens
2030 1011 2215 1045 procurator
2229 1005 2354 1036 domino

1448 1053 1562 1082 rectori
1579 1053 1610 1082 in
1625 1055 1755 1093 quadam
1770 1054 1887 1083 cedula.

1490 1102 1564 1131 ltem
1585 1103 1740 1132 secundus
1761 1102 1908 1132 articulus
1928 1109 1993 1133 erat
2009 1104 2047 1133 ad
2066 1103 2251 1133 audiendum
2271 1113 2356 1134 corn-

1449 1157 1555 1191 putum
1588 1151 1770 1190 receptoris.
1816 1151 1855 1181 Et
1892 1159 2035 1192 computo
2074 1153 2168 1188 facto,
2212 1145 2355 1183 dominus

1449 1206 1593 1239 receptor
1603 1198 1714 1230 mansit
1724 1201 1841 1230 debens
1854 1201 1975 1230 nacioni
1991 1201 2045 1240 [in]
2060 1201 2142 1231 XXV
2153 1201 2252 1237 libris,
2264 1202 2356 1232 Xllll

1451 1249 1564 1278 solidis·
1578 1255 1607 1278 et
1623 1249 1665 1279 XI
1681 1249 1828 1279 denariis.

1491 1298 1566 1327 Item
1581 1298 1696 1328 tercius
1713 1299 1860 1328 articulus
1876 1305 1941 1328 erat
1956 1300 1994 1328 ad
2011 1299 2187 1338 eligendum
2205 1309 2356 1339 procura-

1450 1345 1559 1377 torem.
1584 1349 1622 1376 Et
1641 1347 1756 1377 electus
1774 1347 1831 1377 fuit
1849 1348 2045 1378 concorditer
2066 1348 2150 1377 nullo
2172 1348 2356 1378 reclamante·

1450 1396 1600 1436 magister
1614 1396 1815 1432 colmannus,
1830 1403 1887 1426 etc.
1903 1397 1938 1426 In
1953 1396 2039 1436 cujus
2057 1397 2269 1436 procuratoria
2286 1403 2359 1428 sunt

1451 1445 1518 1475 hec.
1708 1452 1711 1454 ’

1858 1539 1955 1568 1377

1492 1611 1565 1651 (Fol.
1583 1610 1637 1650 91’)
1678 1610 1768 1640 Acta
1794 1616 1879 1640 sunt
1902 1610 1967 1640 hec
1996 1610 2032 1639 in
2058 1611 2319 1650 procuratoria

1452 1660 1624 1701 magistri
1667 1658 1886 1689 Cholmanni
1933 1659 2074 1689 Cholb⁷
2111 1660 2153 1689 de
2186 1660 2355 1690 Austria.

1491 1741 1582 1770 Anno
1593 1740 1718 1770 Domini
1731 1740 1893 1770 millesimo
1903 1741 2119 1770 trecentesimo
2131 1741 2358 1781 septuagesimo

1452 1790 1595 1830 septimo,
1607 1789 1722 1819 XVIII:
1734 1790 1784 1818 die
1798 1789 1915 1819 mensis
1927 1789 2123 1825 Novembris,
2138 1791 2216 1819 facta
2229 1800 2358 1830 cong-re-

1452 1839 1581 1879 gacione
1607 1838 1745 1868 nacionis
1771 1838 1941 1879 Anglicane
1969 1848 2027 1878 per
2051 1837 2256 1878 juramentum
2277 1840 2359 1879 apud

1453 1888 1597 1918 Sanctum
1611 1888 1766 1918 ,lulianum
1781 1898 1948 1927 pauperem
1960 1889 1999 1917 ad
2016 1888 2191 1927 eligendum
2205 1883 2358 1928 procura-

1451 1942 1562 1973 tore‘m,
1585 1933 1752 1967 etelectus
1774 1936 1832 1966 fuit
1852 1937 2048 1966 concorditer
2071 1936 2156 1966 nullo
2174 1928 2359 1967 reclamante

1452 1986 1600 2027 magister
1624 1986 1855 2016 Cholomannus
1879 1985 1980 2015 Cholb
2005 1986 2044 2015 de
2067 1986 2204 2015 Austria.
2228 1986 2268 2015 Et
2288 1986 2359 2026 quia

1453 2042 1518 2065 erat
1529 2045 1627 2065 novus
1640 2041 1833 2075 procurator,
1851 2035 1935 2064 dedit
1946 2036 2113 2064 secundum
2130 2035 2360 2065 ordinacionem

1452 2085 1527 2114 alias
1549 2085 1656 2114 factam
1678 2094 1735 2123 per
1756 2084 1915 2113 nacionem
1935 2094 2028 2114 unum
2052 2085 2187 2114 francum
2207 2094 2265 2123 pro
2281 2084 2360 2114 festo

1453 2134 1551 2163 sancti
1564 2133 1737 2163 Eadmundi
1751 2132 1846 2173 regis.

1493 2183 1568 2212 Item
1580 2182 1612 2211 in
1623 2183 1672 2212 die
1687 2182 1859 2211 Eadmundi
1875 2182 2024 2222 magister
2036 2181 2169 2212 Thomas
2183 2181 2359 2212 Grafl'hardi

1454 2232 1547 2261 solvit
1557 2232 1595 2261 de
1604 2232 1736 2271 quodam
1743 2224 1898 2271 gerdino‘3
1914 2231 2036 2261 nacioni
2044 2222 2215 2271 Anglicane
2225 2231 2236 2260 1
2246 2231 2358 2260 album.

1456 2291 1465 2295 ·’
1495 2281 1570 2310 Item
1590 2281 1621 2310 in
1641 2280 1776 2310 crastino
1795 2281 1892 2310 sancti
1912 2280 2084 2309 Eadmundi
2103 2280 2188 2319 regis
2209 2281 2285 2309 sacta
2306 2280 2362 2309 fuit

1454 2329 1659 2370 congregacio
1681 2329 1832 2359 facultatis
1855 2339 1911 2368 per
1927 2329 2133 2369 juramentum
2150 2329 2190 2371 'ad
2214 2328 2358 2358 Sanctum

1453 2379 1468 2408 J
1472 2379 1606 2408 ulianum
1617 2388 1784 2418 pauperem
1796 2388 1890 2418 super
1900 2388 1961 2407 uno
1972 2377 2100 2407 articulo
2112 2383 2142 2407 et
2151 2387 2213 2407 uno
2226 2387 2356 2407 annexo.

1454 2425 1612 2457 Articulus
1632 2433 1698 2456 erat
1716 2439 1722 2456 z
1745 2426 1771 2457 si
1789 2433 1853 2456 tres
1871 2427 2027 2456 facultates
2046 2426 2243 2465 requirerent
2256 2431 2359 2456 recto-

1454 2486 1518 2505 rem
1535 2483 1569 2505 ut
1586 2482 1774 2515 proponeret
1792 2486 1850 2515 per
1863 2476 1986 2505 modum
2004 2475 2207 2514 expedientis,
2226 2485 2264 2504 an
2278 2481 2361 2504 trac-

1454 2531 1535 2554 tatus
1550 2525 1630 2554 inter
1645 2525 1836 2565 episcopum,
1851 2531 1922 2560 etc.‚
1939 2525 2066 2554 deberet
2079 2523 2243 2563 acceptari,
2260 2526 2361 2553 utrum

1454 2581 1526 2603 tunc
1544 2574 1686 2603 dominus
1707 2580 1809 2603 rector
1823 2579 1979 2603 teneretur
2000 2572 2058 2602 hoc
2075 2573 2184 2602 facere.
2203 2572 2274 2602 Fuit
2285 2579 2365 2602 con-'

1455 2623 1590 2652 corditer
1599 2623 1727 2657 dictum,
1742 2623 1825 2661 quod
1837 2622 1921 2651 nullo
1937 2622 2039 2650 modo.
2053 2621 2215 2651 Annexum
2229 2628 2304 2656 erat,
2321 2631 2360 2650 an

1455 2672 1602 2711 magister
1618 2672 1728 2701 Petrus
1744 2672 1781 2700 de
1797 2670 1956 2700 Duroforti
1967 2670 1990 2705 ⁹,
2005 2671 2114 2699 doctor
2133 2670 2164 2699 in
2179 2670 2355 2710 theologya‚

1454 2795 1511 2810 mos.
1522 2787 1569 2810 lat.
1583 2788 1656 2810 5657·
1668 2789 1692 2810 el
1704 2787 1780 2810 12850
1790 2786 1826 2809 ad
1835 2794 1879 2809 an.
1891 2786 1951 2810 1380
1963 2785 2043 2818 (1381)
2054 2785 2173 2809 scribitur
2188 2786 2284 2810 Heuca.
2298 2786 2365 2817 Fuit?

1455 2831 1521 2855 mag.
1536 2822 1630 2846 artium
1641 2822 1785 2853 Pragensia.

1485 2859 1508 2881 6.
1547 2857 1602 2881 Vid.
1620 2858 1652 2881 de
1664 2857 1794 2881 discordia
1808 2857 1924 2880 Chartul.
1939 2857 1984 2884 Ill,
1999 2855 2032 2880 nff·
2045 2857 2114 2885 1410,
2129 2857 2199 2886 1415,
2212 2857 2280 2880 1419.

1486 2894 1508 2918 7.
1541 2895 1589 2916 Ms.
1605 2893 1695 2917 Chow.

1486 2929 1508 2953 8.
1548 2928 1601 2952 Vid.
1614 2937 1691 2960 supra
1701 2937 1728 2960 p.
1741 2929 1796 2957 429,
1811 2929 1849 2952 16.

1485 2965 1509 2987 9.
1542 2965 1569 2987 In
1584 2964 1640 2987 Cat.
1654 2964 1742 2987 licent.
1753 2963 1832 2987 theol.
1847 2966 1950 2987 vocatur
1962 2964 2042 2987 frater
2061 2964 2162 2991 Petrus,
2176 2962 2217 2987 lic.
2231 2971 2274 2987 an.
2288 2963 2358 2987 1377.
