2632 3464
296 411 351 438 321

338 489 412 518 Item
435 489 554 518 decima
574 489 624 518 die
646 489 762 518 mensis
779 488 962 518 Decembris
979 489 1056 517 facta
1070 497 1204 527 congre-

295 538 425 577 gacione
450 537 587 578 generali
607 538 689 578 apud
716 537 860 567 Sanctum
884 536 1083 566 Maturlinum
1109 546 1204 575 super

295 587 498 626 expedicione
520 586 614 616 rotuli
638 586 858 616 Universitatis
881 585 1065 621 Parisiens.,
1086 585 1118 614 in
1143 595 1203 625 qua

294 644 351 674 per
375 645 482 665 omnes
507 635 665 665 facultates
691 635 774 664 nulla
795 635 1025 664 contradicente
1048 635 1104 664 suit
1125 644 1202 664 con-

293 683 411 719 clusus,
423 690 455 714 et
468 685 551 724 quod
565 674 685 714 rotulu's
698 690 783 713 esset
793 684 972 713 formandus
987 694 1021 713 ac
1034 683 1201 724 expedien-

293 733 351 763 dus
362 743 397 763 ac
411 734 450 762 ad
465 733 581 763 curiam
595 733 763 763 Romanam
775 732 955 768 mittendus,
972 739 1002 762 et
1013 733 1096 772 quod
1105 733 1200 772 magi-

293 782 350 812 stri
363 788 525 822 presentes
534 791 593 822 pro
603 788 676 812 tunc
690 788 796 812 essent
806 782 996 822 imponendi,
1006 788 1036 811 et
1048 782 1124 811 nulli
1135 782 1197 811 alii.

332 831 407 860 Item
422 831 511 861 XIIII
529 830 580 860 die
595 831 712 861 mensis
734 831 917 860 Decembris
935 831 1013 860 sacta
1025 841 1199 871 congrega-

292 879 380 909 cione
400 879 541 909 nacionis
559 880 641 919 apud
661 879 805 909 Sanctum
825 879 1012 909 Maturinum
1028 881 1066 909 ad
1084 880 1199 920 eligen-

290 928 362 957 dum
377 929 534 964 nuncium,
553 938 610 968 per
626 938 716 968 quem
732 929 852 958 rotulus
869 929 1010 958 nacionis
1025 929 1198 969 Anglicane

289 983 374 1007 esset
388 977 555 1007 mittendus
574 977 611 1006 ad
629 977 744 1006 curiam
762 977 942 1013 Romanam,
963 984 993 1007 et
1007 978 1064 1007 suit
1081 978 1197 1008 electus

289 1026 439 1066 magister
450 1025 612 1056 Marcilius
621 1026 659 1055 de
672 1026 790 1066 Inghen
806 1026 837 1056 in
850 1026 995 1056 nuncium
1011 1027 1196 1056 unanimiter

287 1074 373 1104 nullo
388 1075 630 1104 contradicente.

327 1122 403 1153 Item
432 1124 463 1152 in
491 1124 597 1153 eadem
625 1125 873 1164 congregacione
909 1125 966 1154 suit
994 1125 1195 1155 deliberatum

286 1173 370 1211 quod
396 1181 433 1202 ex
453 1179 542 1212 parte
560 1172 651 1202 officii
671 1174 720 1203 sui
744 1180 828 1203 esset
845 1181 1028 1214 recepturus
1049 1175 1072 1204 C
1094 1181 1124 1204 et
1143 1175 1195 1204 LX

286 1221 408 1251 francos
424 1231 480 1260 per
496 1221 588 1251 istum
601 1223 735 1258 modum,
747 1224 831 1262 quod
844 1224 882 1253 de
893 1223 1031 1263 quolibet
1045 1224 1194 1263 magistro

286 1277 430 1310 presente
454 1271 505 1300 die
536 1271 688 1310 predicte,
723 1272 842 1302 scilicet
867 1272 960 1302 XIIII
996 1273 1046 1302 die
1077 1274 1193 1303 mensis

286 1319 480 1355 Decembris,
512 1319 653 1350 Parisius
679 1321 830 1351 existente
859 1322 891 1351 in
918 1322 1019 1352 rotulo
1048 1324 1192 1362 ponendo

283 1368 438 1408 reciperet
454 1369 533 1398 duos
547 1369 680 1404 francos,
698 1376 728 1399 et
741 1371 779 1400 de
798 1370 937 1410 quolibet
954 1372 1191 1410 superveniente

283 1423 357 1456 post
373 1417 454 1446 diem
469 1416 532 1457 jam
550 1419 758 1458 prescriptum
775 1420 930 1459 reciperet
951 1420 993 1450 Ill
1011 1420 1145 1456 francos,
1162 1427 1192 1450 et

282 1465 441 1496 residuum
465 1476 582 1496 summe
598 1465 662 1507 jam
685 1473 784 1497 taxate
808 1469 962 1508 reciperet
985 1470 1023 1498 de
1048 1477 1192 1510 prompta

282 1515 413 1554 pecunia
431 1515 582 1550 nacionis,
606 1521 636 1545 et
657 1516 714 1545 hoc
734 1516 761 1546 si
783 1517 872 1546 nacio
893 1517 1051 1547 residuum
1073 1528 1190 1548 summe

281 1568 381 1593 taxate
400 1563 431 1592 in
452 1560 595 1603 prompto
618 1564 754 1600 haberet,
777 1571 939 1605 antequam
959 1566 1068 1596 exierit
1086 1567 1190 1596 villam

281 1621 349 1641 cum
377 1612 496 1649 rotulo;
526 1613 609 1652 quod
641 1613 668 1643 si
696 1623 759 1643 non
789 1614 822 1643 in
848 1621 994 1655 prompto
1021 1616 1189 1655 plenariam

280 1670 428 1690 summam
457 1661 599 1692 habuerit
627 1662 715 1692 nacio
744 1663 899 1702 predicta,
928 1670 999 1694 tunc
1027 1665 1188 1704 predictus

278 1710 427 1750 magister
443 1710 602 1740 Marcilius
615 1712 735 1741 defectu
747 1712 878 1752 pecunie
891 1713 1030 1743 nacionis
1046 1721 1189 1754 prompte

278 1758 405 1794 carebit,
418 1769 580 1799 quousque
591 1761 680 1790 nacio
691 1761 948 1801 complementum
963 1762 1047 1792 illius
1058 1765 1188 1803 pecunie

278 1807 415 1838 defectus
430 1809 596 1848 prescripti
612 1809 764 1840 habuerit.
783 1810 823 1840 Et
838 1821 874 1840 ex
890 1811 943 1841 illo
962 1812 1187 1852 complemento

278 1856 429 1886 defectum
455 1858 585 1897 pecunie
609 1858 712 1889 debite
734 1859 794 1889 sibi
818 1861 958 1900 recipiet,
985 1867 1015 1890 et
1039 1862 1122 1892 natio
1149 1873 1187 1892 ex

277 1905 384 1935 eodem
401 1905 461 1936 sibi
479 1907 657 1937 satisfaciet.

317 1952 390 1993 (Ful.
406 1954 436 1994 3)
451 1954 524 1984 Item
540 1955 628 1985 nacio
643 1956 675 1986 in
688 1956 794 1986 eadem
809 1959 1055 1998 congregacione
1070 1959 1185 1989 delibe-

275 2002 357 2032 ravit
374 2003 491 2033 intrare
505 2004 663 2034 tabernam
681 2006 724 2034 ad
735 2007 863 2045 gallum,
883 2007 935 2036 ubi
954 2008 1184 2047 perpotavimus

275 2050 331 2080 XX
353 2050 482 2086 solidos,
508 2052 547 2082 de
569 2052 682 2092 quibus
704 2054 852 2094 magister
873 2054 1029 2086 Johannes
1054 2056 1183 2097 Haghen

276 2098 370 2130 solvit
391 2110 484 2130 unum
509 2101 645 2131 francum
666 2111 722 2141 pro
742 2101 879 2142 jocundo
903 2104 1031 2134 introitu
1056 2115 1128 2141 suo,
1155 2112 1185 2135 et

275 2147 353 2178 alios
371 2147 431 2178 1111
447 2149 566 2179 solidos
581 2150 675 2180 solvit
690 2158 834 2191 receptor
850 2152 1000 2183 nacionis.

317 2196 392 2227 Item
404 2197 516 2228 xvdie
525 2199 641 2230 mensis
653 2199 835 2231 Decembris
846 2201 924 2231 facta
935 2203 1182 2243 congregacione

275 2245 426 2276 facultatis
450 2247 532 2287 apud
560 2247 705 2278 Sanctum
730 2249 917 2280 Maturinum
947 2262 1003 2291 per
1025 2252 1181 2282 dominum

274 2301 425 2325 rectorem
438 2294 447 2314 ⁸
462 2297 518 2326 fuit
535 2297 740 2336 propositum.

314 2343 388 2374 Item
407 2345 515 2374 eodem
534 2346 584 2375 die
603 2352 633 2376 et
653 2346 721 2377 Ioco
742 2347 773 2377 in
788 2348 893 2378 terciis
914 2349 991 2379 sacta
1008 2359 1182 2391 congrega-

273 2392 363 2422 cione
383 2393 521 2434 generali
533 2404 591 2434 per
605 2395 762 2426 dominum
780 2403 944 2433 rectorem,
962 2398 1017 2428 fuit
1034 2400 1182 2438 proposi-

273 2447 336 2471 tum
352 2447 453 2472 utrum
465 2443 637 2483 expediret,
654 2451 755 2474 utrum
771 2445 949 2486 imponendi
960 2445 1023 2487 jam
1039 2448 1182 2488 impone-

272 2495 381 2520 rentur
397 2497 428 2520 et
442 2489 505 2531 jam
526 2492 726 2533 porrigerent
748 2494 1003 2526 inrotulatoribus
1023 2497 1180 2536 supplica-

272 2538 378 2569 ciones
393 2549 476 2570 suas.
499 2539 538 2570 Et
552 2541 754 2572 deliberatum
770 2543 826 2573 suit
843 2553 939 2584 super
954 2544 1012 2574 hoc
1027 2546 1181 2575 unanimi·-

272 2593 320 2617 ter
330 2586 413 2618 nulla
428 2588 567 2619 facultate
583 2592 825 2628 contradicente,
840 2594 923 2632 quod
942 2593 998 2623 sic.

313 2635 388 2666 Item
418 2638 523 2668 eadem
557 2641 804 2681 congregacione
839 2642 1011 2682 comparuit
1041 2643 1180 2674 officialis

303 2719 326 2743 1.
360 2719 529 2746 trunci-cnm
541 2721 574 2746 de
586 2722 613 2747 S.
625 2722 759 2748 meh-010.

301 2755 326 2779 2.
358 2756 488 2787 aymerici
504 2757 536 2782 de
546 2757 701 2791 Naigniaco,
713 2759 747 2783 ab
758 2759 806 2784 Ιιοσ
817 2769 871 2790 aa„
884 2762 952 2793 Sept.

299 2791 325 2856 IS..
358 2792 397 2816 Ιιι.
417 2791 534 2818 Cbartul.
554 2793 685 2823 Univers..
707 2795 751 2820 Ill.
772 2795 836 2820 haec
851 2795 941 2822 electio
957 2798 994 2822 ad
1016 2798 1046 2823 1⁶
1061 2799 1177 2824 Decem&

273 2833 300 2849 re
312 2828 393 2850 artur.

300 2862 324 2885 Ι..
363 2862 537 2888 Veriaim'ueer
552 2863 594 2888 hic
605 2863 673 2889 liber
685 2865 782 2890 rubens
797 2867 915 2891 nacioni-
930 2868 1004 2893 nobie
1020 2871 1059 2893 eet
1074 2877 1178 2894 conser-

270 2898 343 2920 vata·
357 2896 382 2920 ia
394 2905 440 2921 mu.
453 2898 499 2922 ⁵8⁵
511 2900 543 2923 Ν.
557 2900 589 2924 Δ.
601 2899 618 2924 Ι.
633 2900 700 2925 nihl.
711 2903 777 2931 nal..
791 2901 824 2926 de
838 2910 888 2935 quc
899 2911 989 2935 cupra,
999 2912 1028 2936 p.
1043 2904 1065 2934 1,
1078 2912 1103 2929 n.
1119 2905 1141 2934 1,
1153 2908 1178 2929 et

269 2931 307 2955 ad
320 2939 363 2956 an.
378 2932 448 2963 1³56,
461 2934 491 2957 22
502 2933 553 2958 lut.
569 2936 597 2959 In
610 2934 659 2959 icto
669 2944 715 2960 m.
726 2936 876 2968 juramenta
888 2946 900 2963 α
911 2939 1090 2972 magistrorum
1103 2940 1176 2965 ordi-

350 2977 464 2998 Auenn'nut
480 2978 603 2999 chan-tntu
613 2979 701 3001 Uninn.
713 2981 779 3002 Paria.
788 2992 815 2998 —
823 2981 839 3003 I.

798 412 912 438 LIBER
936 411 1250 438 PROCURATORUM
1274 411 1453 438 NATIONIS
1474 412 1718 438 ANGLICANAE

1236 932 1269 957 10

1234 1177 1267 1203 15

1229 1422 1263 1448 20

1226 1667 1260 1693 25

1223 1911 1258 1938 30

1221 2157 1255 2183 35

1219 2401 1253 2428 40

1217 2645 1251 2672 45

2165 415 2218 440 322

1313 486 1500 517 parisiensis
1514 488 1624 517 citatus
1640 499 1676 517 ex
1690 495 1778 528 parte
1794 489 2013 519 Universitatis
2032 501 2088 529 pro
2107 490 2218 530 injuria

1311 546 1402 575 quam
1418 537 1520 566 intulit
1531 537 1650 566 cuidam
1661 538 1810 577 magistro
1825 548 1880 577 per
1895 538 1995 577 ipsum
2012 540 2212 575 incarcerato,

1310 585 1363 624 qui
1388 596 1422 615 se
1450 586 1585 616 totaliter
1607 587 1750 616 submisit
1773 587 1948 616 correxioni
1974 594 2004 616 et
2025 589 2216 618 ordinacioni

1310 633 1542 670 Universitatis,
1569 636 1617 664 cui
1641 635 1835 664 Universitas
1859 637 1898 664 ob
1923 637 2216 676 contemplacionem

1309 693 1344 712 ac
1374 693 1509 713 amorem
1536 685 1652 713 domini
1683 684 1823 724 episcopi
1857 684 2068 714 Parisiensis²
2099 687 2217 716 remisit

1308 731 1383 762 illud
1396 739 1605 772 perpetratum
1620 733 1776 768 delictum,
1792 735 1849 763 sub
1865 734 1924 763 ista
1939 735 2121 764 condicione
2133 737 2215 774 quod

1307 791 1462 821 nunquam
1481 783 1519 811 de
1539 789 1642 812 cetero
1662 783 1703 812 ita
1721 783 1808 812 facile
1826 793 1934 812 manus
1953 783 2082 814 iniceret
2096 785 2126 814 in
2142 795 2213 814 sco-

1307 830 1388 860 lares
1404 841 1439 860 ac
1452 832 1628 871 magistros.

1348 879 1423 908 Item
1441 880 1499 909 XV
1512 881 1561 910 die
1579 881 1696 910 mensis
1711 881 1856 910 antedicti
1874 882 1949 911 faeta
1964 884 2211 922 congregacione

1306 929 1445 958 nacionis
1478 930 1560 969 apud
1592 929 1736 959 Sanctum
1770 929 1922 959 Julianum
1952 932 1989 959 ad
2028 932 2212 961 audiendum

1305 984 1481 1017 computum
1506 979 1690 1018 recepturis,
1717 985 1746 1008 et
1768 979 1880 1008 mansit
1900 980 2022 1009 nacioni
2042 981 2159 1010 debens
2182 981 2212 1010 in

1306 1026 1416 1056 LXVII
1435 1027 1537 1063 libris,
1557 1028 1616 1057 IIII
1634 1028 1755 1063 solidis,
1778 1028 1821 1057 III
1840 1029 1988 1064 denariis,
2010 1036 2039 1058 et
2055 1030 2109 1059 fuit
2128 1040 2214 1059 corn-

1306 1082 1398 1115 putus
1408 1078 1610 1116 approbatus.

1711 1170 1808 1200 1368

1426 1241 1622 1282 [Magister
1651 1242 1836 1272 Henricus
1868 1242 2089 1283 Langhals.]

1341 1321 1431 1351 Anno
1448 1322 1572 1351 Domini
1592 1333 1653 1362 quo
1669 1333 1775 1362 supra,
1790 1323 2016 1362 quintadecima
2028 1325 2077 1353 die
2093 1325 2209 1355 mensis

1302 1371 1495 1406 Decembris,
1510 1371 1542 1400 in
1558 1371 1667 1410 primis
1686 1372 1799 1401 Nostre
1816 1373 1958 1407 Domine,
1981 1373 2058 1402 sacta
2074 1384 2208 1414 congre-

1300 1420 1428 1460 gacione
1445 1420 1585 1449 nacionis
1602 1420 1772 1460 Anglicane
1790 1422 1872 1460 apud
1892 1421 2036 1451 Sanctum
2053 1422 2206 1452 sulianum

1299 1479 1466 1508 pauperem
1485 1470 1523 1498 ad
1545 1469 1720 1510 eligendum
1740 1477 1983 1509 procuratorem,
2012 1471 2127 1501 electus
2152 1473 2208 1501 fuit

1299 1518 1447 1558 magister
1468 1518 1622 1548 Henricus
1645 1518 1812 1558 Langhals,
1833 1519 1864 1548 in
1884 1519 1971 1559 cujus
1992 1521 2206 1559 procuratoria

1298 1573 1365 1596 acta
1379 1567 1502 1597 suerunt
1516 1577 1576 1607 que
1592 1574 1775 1607 sequuntur.

1339 1616 1444 1646 Primo
1459 1617 1564 1646 eadem
1577 1616 1648 1646 die³
1670 1617 1725 1646 fuit
1737 1617 1839 1646 habita
1857 1618 2062 1657 congregacio
2083 1619 2205 1648 faculta-

1296 1665 1337 1695 tis
1357 1666 1395 1694 ad
1416 1665 1592 1705 eligendum
1609 1672 1772 1702 rectorem,
1795 1672 1825 1695 et
1845 1667 1900 1696 suit
1921 1666 2036 1696 electus
2058 1668 2206 1707 magister

1296 1713 1484 1744 Wilhelmus
1503 1715 1677 1744 Carnificis.

1336 1763 1411 1792 Item
1424 1763 1570 1793 vicesima
1585 1764 1634 1793 die
1647 1764 1763 1793 mensis
1777 1764 1923 1794 antedicti
1939 1766 2015 1794 sacta
2030 1775 2204 1805 congrega-

1296 1812 1383 1842 cione
1405 1812 1545 1842 nacionis
1567 1813 1647 1852 apud
1673 1812 1817 1842 Sanctum
1843 1813 2030 1843 Maturinum
2051 1815 2088 1843 ad
2108 1815 2204 1854 prefi-

1295 1862 1428 1901 gendum
1452 1862 1627 1898 terminum,
1653 1862 1683 1891 in
1706 1873 1768 1902 quo
1794 1863 1934 1902 magistri
1954 1863 2204 1902 supplicaciones

1294 1920 1400 1940 eorum
1428 1910 1591 1950 porrigere
1622 1911 1771 1940 deberent
1802 1911 2068 1947 inrotulatoribus‚
2103 1919 2132 1942 et
2164 1914 2200 1942 ad

1294 1959 1478 1989 audiendum
1487 1959 1660 1999 juramenta
1675 1960 1910 1990 inrotulatorum
1926 1967 1957 1990 et
1970 1961 2007 1990 ad
2023 1962 2202 2001 supplican-

1294 2008 1377 2043 dum,
1389 2008 1562 2038 ordinatum
1574 2009 1629 2038 fuit
1639 2010 1722 2048 quod
1731 2009 1871 2049 magistri
1883 2010 2031 2039 deberent
2039 2010 2201 2050 porrigere

1293 2057 1542 2097 supplicaciones
1561 2067 1665 2087 eorum
1685 2067 1702 2086 a
1719 2064 1858 2097 tempore
1870 2057 1933 2097 jam
1946 2059 2029 2088 dicto
2047 2069 2144 2098 usque
2163 2061 2200 2089 ad

1293 2105 1374 2135 diem
1403 2106 1576 2146 Epiphanie
1608 2106 1775 2142 inclusive3
1805 2108 1888 2146 quod
1919 2108 1946 2136 si
1969 2118 2030 2137 non
2054 2108 2199 2143 facerent,

1293 2161 1365 2194 post
1376 2155 1452 2184 illud
1466 2161 1586 2195 tempus
1599 2155 1702 2185 nullus
1714 2156 1870 2185 seniorum
1888 2163 1996 2196 posset
2011 2163 2063 2186 aut
2073 2158 2200 2187 deberet

1293 2203 1485 2244 prejudicare
1501 2205 1532 2234 in
1550 2205 1754 2244 supplicando
1771 2205 1862 2234 alicui
1875 2204 2047 2244 juniorum.

1333 2253 1407 2283 Item
1421 2253 1534 2283 ibidem
1550 2259 1580 2283 et
1597 2254 1627 2282 in
1641 2254 1748 2283 eodem
1767 2261 1905 2294 tempore
1915 2253 2099 2294 juraverunt
2115 2255 2198 2284 inro-

1291 2302 1439 2332 tulatores
1455 2301 1630 2342 juramenta
1649 2313 1708 2342 que
1727 2303 1758 2332 in
1777 2303 1852 2332 libro
1870 2304 1959 2332 rubeo
1974 2305 2109 2332 nacionis
2126 2312 2199 2334 sunt

1291 2351 1413 2381 noviter
1436 2351 1612 2391 conscripta
1636 2358 1705 2381 ante
1729 2352 1876 2382 articulos
1899 2353 2068 2392 antiquitus
2095 2353 2196 2393 jurari

1290 2399 1488 2430 consuetos⁴.

1330 2449 1405 2479 Item
1428 2449 1541 2478 ibidem
1561 2455 1591 2479 et
1610 2449 1641 2479 in
1663 2450 1771 2479 eodem
1791 2455 1928 2490 tempore
1948 2450 2003 2479 suit
2019 2451 2192 2480 ordinatum

1290 2499 1372 2538 quod
1402 2498 1427 2527 si
1454 2508 1545 2538 quem
1569 2498 1785 2538 magistrorum
1817 2499 1962 2528 recedere
1986 2499 2191 2539 contingeret,

1289 2547 1342 2587 qui
1371 2547 1510 2577 Parisius
1545 2547 1600 2576 fuit
1630 2553 1767 2587 tempore
1799 2548 2008 2577 conclusionis
2040 2548 2133 2578 rotuli
2166 2555 2195 2579 et

1289 2596 1418 2626 maxime
1439 2596 1471 2625 in
1482 2595 1543 2636 jam
1564 2597 1645 2626 dicta
1666 2596 1912 2636 congregacione
1929 2596 2079 2632 nacionis,
2105 2598 2195 2627 dum-

1288 2645 1379 2674 modo
1396 2655 1453 2685 per
1469 2651 1699 2685 procuratorem
1716 2645 1976 2685 supplicat-ionem
1993 2655 2078 2675 suam
2094 2647 2194 2685 porri-

1286 2729 1403 2753 nantium
1414 2728 1524 2753 rotulum
1534 2729 1571 2753 ad
1581 2738 1676 2761 papam
1691 2737 1713 2757 n,
1726 2729 1770 2753 fol.
1786 2729 1829 2753 137
1838 2729 1851 2748 b
1859 2748 1864 2757 ,
1878 2729 2094 2761 anlejuramenta
2101 2738 2195 2761 procu-

1287 2764 1390 2795 rakoric,
1399 2765 1543 2797 receptoria,
1555 2765 1769 2793 examinatorum,
1780 2764 1943 2792 balanorum,
1956 2763 2129 2793 librariorum,
2141 2765 2158 2789 i.
2170 2773 2192 2789 e.

1286 2802 1346 2824 ante
1352 2799 1502 2832 juramenta
1515 2800 1675 2831 officialium,
1689 2800 1831 2831 conscripta
1843 2803 1911 2828 nunt,
1929 2802 1953 2823 et
1964 2800 2066 2831 quidem
2082 2800 2193 2829 noviter,

1285 2843 1340 2859 cum
1359 2838 1427 2859 eota·
1448 2835 1512 2859 liber
1535 2836 1722 2867 manmcriplue
1741 2836 1809 2858 circa
1831 2835 1898 2859 idem
1917 2838 2014 2867 tempus
2035 2835 2192 2868 conscriptus

1285 2870 1327 2895 nie.
1344 2871 1372 2894 ln
1388 2870 1444 2895 Lib.
1458 2878 1530 2902 proc.
1544 2874 1598 2895 nat.
1614 2871 1690 2902 Angl.
1699 2870 1846 2901 juramenta
1857 2870 2053 2894 inrotulatorum
2062 2874 2122 2903 pout
2134 2871 2188 2895 alia

1285 2906 1430 2935 iuramenta
1442 2909 1591 2938 lequuntur.
1609 2906 1662 2930 Vid.
1674 2906 1803 2933 Chai-tul..
1816 2906 1846 2936 II,
1860 2906 1915 2930 0⁸2.
