2632 3464
310 465 367 492 769

311 547 362 571 cet
385 540 417 570 in
435 540 488 570 illa
507 540 755 581 congregacione
772 539 993 569 Universitatis
1019 539 1074 568 suit
1095 539 1223 568 conclu-

311 600 393 625 sum,
409 590 494 630 quod
513 589 650 630 quelibet
665 589 792 619 facultas
809 588 990 629 provideret
1008 598 1078 623 suo,
1096 594 1126 618 et
1145 598 1224 627 que-

312 639 388 668 libet
399 638 488 669 nacio
506 649 564 669 suo
578 638 692 669 nuncio
705 639 744 668 de
756 637 916 679 expensis.
933 637 1007 667 Ideo
1020 637 1078 666 feci
1093 646 1223 677 congre-

311 687 474 728 gacionem
489 687 630 717 nacionis
645 697 742 727 super
753 686 826 717 isto.

352 737 399 766 2¹¹·
418 736 567 766 articulus
590 736 646 766 fuit
666 746 763 776 super
787 736 868 765 sacto
894 736 1057 764 domorum
1082 734 1223 764 nacionis

311 785 432 815 scilicet
445 786 489 815 ad
502 787 672 825 ymaginem
692 785 778 814 beate
797 785 924 824 Virginis
943 784 975 813 in
995 783 1067 813 vico
1083 783 1222 813 Brunelli

312 840 344 864 et
363 835 402 864 de
427 835 519 864 domo
541 835 586 864 ad
601 845 691 863 cornu
715 835 806 869 cervi,
831 833 902 873 quia
921 833 967 862 illi
988 833 1042 873 qui
1068 833 1224 872 predictas

311 884 422 913 domos
444 883 631 919 locaverant,
647 882 748 912 adhuc
767 882 863 912 nichil
881 882 1042 912 solverunt
1062 892 1122 921 pro
1139 881 1224 911 loca-

311 932 366 973 gio
386 932 477 962 istius
496 932 569 962 anni
586 938 617 962 et
635 931 724 962 nacio
741 938 875 972 protunc
902 931 1061 971 indigebat
1083 931 1224 970 pecuniis

311 991 371 1021 pro
384 981 498 1011 nuncio
510 987 542 1011 et
557 990 616 1021 pro
629 981 725 1010 scolis
746 983 800 1010 VI!
819 983 947 1009 arcium.

351 1030 399 1060 3¹·-
412 1029 561 1060 articulus
577 1029 634 1059 suit
651 1030 690 1060 de
706 1030 775 1060 istis
798 1029 958 1069 magistris
979 1029 1102 1059 noviter
1124 1029 1224 1069 tnagi-

311 1079 450 1109 strandis
464 1088 521 1119 per
538 1079 596 1109 Dei
615 1079 762 1119 graciam,
779 1078 850 1118 quia
871 1079 967 1108 moris
986 1085 1034 1108 est
1053 1079 1136 1118 quod
1152 1079 1224 1118 qui-

311 1128 388 1158 libet
401 1127 551 1168 magister
569 1127 669 1158 solvat
687 1138 781 1157 unum
804 1128 940 1157 francum
958 1137 1017 1167 pro
1033 1128 1132 1167 prima
1149 1138 1222 1167 pro-

309 1177 477 1212 curatoria,
501 1183 532 1206 et
549 1176 601 1206 ille
622 1177 746 1207 francus
768 1177 972 1206 communiter
988 1178 1222 1216 pei-potabatur,

310 1232 344 1256 et
357 1226 429 1266 quia
442 1226 532 1256 nacio
544 1224 606 1267 jam
627 1232 675 1256 est
694 1225 821 1255 multum
838 1236 958 1266 pauper
973 1233 1004 1256 et
1018 1233 1142 1266 oportet
1159 1236 1223 1256 eam

311 1275 456 1306 edificare
467 1275 570 1305 scolas
579 1282 692 1314 septem
704 1277 831 1310 arcium,
844 1281 908 1304 tum
918 1275 1014 1305 eciam
1030 1275 1103 1315 quia
1117 1286 1224 1305 omnes

312 1323 454 1365 magistri
469 1324 555 1354 illum
577 1324 714 1354 francum
730 1323 890 1354 solverunt
909 1324 1011 1354 statim
1031 1331 1102 1364 post
1117 1324 1226 1364 incep-

313 1373 445 1403 cionem.

353 1423 400 1452 4·-
416 1432 512 1462 super
529 1421 816 1462 supplicacionibus
831 1429 861 1452 et
876 1421 1012 1462 injuriis.
1033 1423 1226 1463 Supplicavit

311 1471 458 1502 dominus
485 1478 630 1511 receptor
656 1472 740 1511 quod
770 1472 857 1501 fieret
884 1471 1053 1511 diligencia
1074 1482 1111 1501 ex
1138 1479 1226 1512 parte

312 1520 453 1551 nacionis
479 1521 517 1550 ad
542 1520 715 1550 habendum
742 1521 889 1560 pecunias
914 1522 952 1550 de
981 1521 1044 1550 illis
1068 1522 1224 1557 domibus,

312 1570 386 1610 qnia
399 1569 468 1610 ipse
487 1579 550 1599 non
569 1569 669 1609 potuit
684 1569 809 1599 habere.
821 1569 1017 1610 Supplicavit
1034 1571 1124 1600 etiam
1141 1571 1225 1601 Guil-

313 1618 434 1648 helmus
448 1618 650 1648 subbedellus
662 1629 720 1659 pro
731 1619 900 1659 deputatis,
917 1619 989 1659 quia
1000 1619 1069 1659 ipse
1082 1619 1113 1649 in
1126 1620 1226 1650 officio

313 1667 454 1698 nacionis
469 1667 543 1697 etin
559 1667 665 1697 labore
681 1668 737 1698 suit
750 1669 948 1703 verberatus;
966 1674 997 1698 et
1011 1668 1100 1698 nacio
1115 1679 1149 1698 se
1165 1669 1225 1699 sibi

311 1716 452 1757 adjunxit
459 1723 490 1746 et
498 1716 549 1746 ille
558 1716 628 1756 qui'
643 1717 743 1757 ipsum
754 1717 920 1756 percussit.
932 1717 1032 1757 ipsum
1042 1717 1131 1747 citari
1141 1718 1223 1748 fecit.

352 1766 425 1805 (Fet.
442 1768 482 1796 38
496 1766 520 1805 ¹²)
541 1765 644 1806 Super
661 1766 763 1806 primo
780 1765 912 1796 articulo
931 1766 1134 1796 deliberatum
1157 1767 1223 1800 suit,

310 1815 396 1855 quod
413 1815 558 1845 dominus
572 1815 704 1845 nuncius
721 1815 786 1844 sive
804 1815 924 1855 legatus
942 1815 1081 1845 nacionis
1099 1815 1226 1846 haberet

310 1864 350 1894 ad
366 1863 468 1894 minus
483 1873 638 1904 expensas
655 1874 728 1894 suas
748 1874 764 1894 a
784 1865 926 1899 nacione,
943 1870 972 1894 et
994 1866 1076 1904 quod
1099 1865 1226 1895 haberet

311 1919 429 1943 tantum
442 1913 530 1943 sicud
545 1913 605 1942 alie
620 1913 767 1943 naciones
785 1914 894 1943 darent
908 1913 984 1943 suis.
1000 1914 1038 1944 Et
1051 1914 1146 1944 eciam
1162 1915 1225 1944 dic-

311 1969 388 1997 tum,
408 1962 492 2002 quod
510 1962 537 1991 si
556 1962 628 2002 plus
643 1969 813 2002 exponeret
829 1973 919 2002 quam
938 1963 1026 1992 nacio
1046 1963 1106 1992 sibi
1126 1963 1223 1998 dedit,

310 2011 397 2051 quod
412 2011 500 2040 nacio
516 2010 573 2040 hoc
587 2011 737 2047 solveret;
759 2017 790 2041 et
805 2011 831 2041 si
845 2011 962 2041 rediret
975 2018 1045 2042 ante
1059 2018 1180 2052 tempus
1195 2019 1226 2042 et

311 2060 340 2089 si
358 2059 433 2100 quid
444 2059 634 2100 superfluum
647 2066 732 2090 esset
743 2060 781 2090 de
799 2060 952 2100 pecuniis,
969 2062 1053 2101 quod
1066 2062 1224 2091 beneface-

310 2115 359 2139 ret
368 2115 400 2139 et
409 2109 530 2139 nacioni
544 2109 690 2138 redderet
702 2110 871 2139 secundum
885 2110 1112 2140 conscienciam
1125 2120 1222 2140 suam.

353 2157 456 2198 Super
469 2159 503 2187 2⁰
523 2158 726 2188 deliberatum
744 2158 799 2188 suit
818 2165 848 2188 et
867 2159 1059 2194 conclusum,
1079 2161 1162 2199 quod
1187 2170 1224 2189 ex

311 2212 401 2247 parte
423 2206 564 2237 nacionis
583 2207 671 2237 fieret
688 2207 856 2247 diligencia
876 2208 914 2237 ad
932 2207 1105 2238 habendum
1130 2219 1224 2248 pecu-

311 2255 381 2286 nias
396 2256 435 2285 de
455 2255 518 2285 illia
536 2256 680 2286 domibus
700 2266 757 2295 pro
774 2257 889 2286 nuncio
910 2262 940 2286 et
962 2256 1069 2292 scolis,
1089 2263 1119 2287 et
1140 2258 1223 2297 quod

310 2305 399 2335 lieret
418 2305 513 2334 eciam
533 2304 700 2345 diligencia
717 2305 756 2334 de
773 2305 904 2335 locando
924 2306 1047 2335 domum
1066 2307 1108 2335 ad
1133 2317 1223 2335 cornu

310 2355 391 2383 cervi
407 2353 511 2389 alicui,
523 2354 576 2394 qui
591 2354 715 2383 nacioni
730 2355 916 2384 concederet
926 2354 1058 2394 aliquam
1075 2365 1223 2385 summam

310 2402 442 2444 pecunie
460 2413 516 2443 pre
533 2403 676 2433 manibus
688 2409 850 2443 antequam
869 2404 993 2433 domum
1009 2404 1149 2434 intraret.

352 2451 454 2492 Super
465 2453 498 2481 3⁰
511 2452 567 2482 suit
577 2462 634 2492 per
651 2458 743 2482 totam
758 2453 916 2482 nacionem
930 2452 1132 2483 deliberatum
1151 2464 1223 2483 con-

310 2501 449 2531 corditer
462 2507 493 2531 et
514 2507 646 2541 protunc
663 2501 856 2536 conclusum,
873 2502 956 2542 quod
974 2501 1105 2542 quilibet
1124 2503 1223 2543 magi-

311 2550 470 2586 strandns,
488 2550 541 2590 qui
559 2556 643 2580 esset
661 2551 699 2580 de
715 2551 856 2586 nacione,
873 2550 1010 2580 solveret
1029 2561 1120 2581 unum
1138 2552 1223 2581 sran-

310 2607 381 2629 cum
396 2608 454 2639 pro
472 2598 574 2639 prima
593 2599 819 2639 procuratoria,
841 2610 932 2639 quem
957 2599 1079 2629 solvere
1094 2610 1222 2630 consue—

309 2653 422 2678 verunt
443 2653 474 2678 et
494 2648 700 2678 communiter
724 2648 803 2678 solet
823 2649 940 2688 potari;
970 2649 1024 2679 sed
1050 2649 1133 2689 quod
1161 2659 1222 2679 non

309 2701 482 2736 potaretur,
491 2698 547 2727 aed
562 2697 720 2727 solverent
731 2707 851 2733 omnes,
860 2703 1022 2737 antequam
1036 2698 1221 2738 inciperent,

310 2750 341 2775 et
363 2745 448 2784 quod
471 2745 524 2776 ille
548 2746 671 2776 francus
699 2752 870 2787 poneretur
890 2747 928 2776 ad
953 2757 1042 2776 usum
1069 2747 1220 2776 nacionis.

309 2793 417 2824 Eciam
433 2794 612 2825 conclusum
626 2795 693 2830 suit,
706 2795 788 2835 quod
802 2795 859 2825 hoc
874 2796 962 2826 lieret
973 2796 1120 2836 usquead
1135 2806 1222 2826 revo-

309 2851 470 2872 cacionem
485 2843 637 2873 nacionis.

344 2958 365 2983 l.
399 2958 535 2991 umqum&

342 2994 367 3018 ².
400 2995 437 3018 Dc
453 2993 509 3026 ὄρσο
521 2993 572 3019 vid.
587 3003 632 3019 an.
646 2995 716 3024 tm,
730 2994 798 3020 uati
808 2997 832 3027 5,
846 3004 872 3028 p.
887 2996 942 3026 79⁰,
955 2998 1006 3021 not.
1018 2997 1042 3021 2.

393 3039 508 3060 A-aeurina
519 3039 642 3061 ctare-ludi
652 3040 741 3061 Uuinn.
749 3041 816 3062 ruris.
824 3051 851 3057 —
861 3040 877 3062 l.

823 463 939 490 LIBER
959 462 1272 490 PROCURATORUM
1293 462 1474 489 NATloxls
1493 462 1739 489 ANGLICANAE

1263 985 1296 1011 10

1263 1230 1295 1256 15

1263 1476 1297 1502 20

1263 1721 1296 1748 25

1262 1967 1296 1993 30

1261 2213 1295 2238 35

1261 2457 1294 2483 4⁰

2192 465 2244 491 770

1374 538 1476 578 Super
1494 538 1527 567 4⁰
1550 539 1798 578 supplicaciones
1819 540 1941 569 suerunt
1962 551 2110 569 concesse
2126 540 2242 580 simpli-

1333 587 1421 622 citer,
1443 594 1503 617 etc.

1373 663 1588 702 Sequuntur
1620 664 1765 692 nomina
1797 665 2202 694 subdeterininancium

1523 712 1637 742 istius
1665 712 1749 742 anni
1782 714 2053 752 suprascripti.

1375 783 1450 812 ltem
1476 783 1753 813 subdeterminavit
1774 784 1918 813 dominus
1945 784 2130 814 Fredericus
2153 785 2244 814 Trast

1333 832 1391 861 sub
1414 832 1564 872 magistro
1583 832 1744 871 Rutghero
1764 833 1856 862 Trast
1876 834 1933 862 sul»
1958 834 2121 873 principali
2143 835 2243 863 deter-

1333 881 1483 910 minatore
1505 881 1652 910 Navnone
1672 882 1710 910 de
1735 881 1861 916 Dacia²‚
1879 881 1966 922 cujus
1988 884 2081 912 bursa
2097 883 2122 911 V
2137 883 2240 912 solidi.

1334 930 1435 959 Solvit
1450 940 1507 970 per
1519 930 1801 970 dispensacionem.

1375 979 1450 1008 ltem
1475 980 1750 1009 subdeterminavit
1776 980 1919 1009 dominus
1950 980 2062 1010 Petrus
2091 981 2156 1020 Key
2185 982 2242 1010 sub

1333 1028 1482 1068 magistro
1497 1028 1637 1058 Johanne
1651 1029 1689 1058 de
1702 1029 1874 1068 Zutphania
1889 1030 1946 1058 sub
1963 1030 2127 1069 principali
2144 1031 2242 1059 deter-

1333 1077 1483 1107 minatore
1501 1077 1640 1107 Jolianne
1660 1079 1698 1107 de
1718 1077 1889 1112 Woerden,
1911 1078 1998 1118 cujus
2020 1080 2112 1108 bursa
2135 1079 2241 1112 nichil,

1333 1127 1404 1166 quia
1419 1137 1550 1166 pauper.

1374 1175 1449 1205 ltem
1463 1176 1739 1206 subdeterminavit
1751 1177 1896 1206 dominus
1908 1177 2101 1206 Guillielmus
2116 1178 2243 1206 Heni-ici

1333 1226 1371 1254 de
1388 1225 1462 1254 Delf
1473 1226 1531 1254 sub
1543 1226 1663 1259 eodem,
1680 1227 1738 1255 sub
1750 1225 1914 1265 principali
1933 1226 2171 1256 determinatore
2188 1227 2243 1255 Jo-

1334 1274 1434 1303 hanne
1455 1275 1494 1303 de
1507 1274 1714 1309 Amsterdam,
1731 1274 1818 1315 cujus
1832 1276 1925 1304 bursa
1941 1275 2008 1304 XV!
2027 1276 2157 1304 denarii.
2175 1276 2243 1305 Sol-

1333 1323 1377 1353 vit
1391 1333 1449 1363 per
1460 1323 1741 1363 dispensacionem.

1376 1372 1450 1402 ltem
1482 1373 1758 1402 subdeterminavit
1785 1374 1928 1403 dominus
1958 1373 2174 1403 Ghiselbertus
2206 1374 2243 1402 de

1333 1421 1563 1451 Wiszenborch
1583 1423 1641 1452 sub
1662 1422 1810 1462 magistro
1833 1422 1994 1452 Glierardo
2015 1424 2052 1452 de
2077 1423 2166 1457 Eion,
2186 1424 2244 1452 sub

1335 1471 1499 1511 principali
1524 1471 1762 1501 determinatore
1786 1472 1911 1501 Andrea
1932 1472 1970 1501 de
1991 1473 2102 1501 Sancto
2126 1472 2242 1505 Moneo.

1335 1519 1422 1560 cujus
1440 1522 1533 1550 bursa
1549 1520 1654 1550 nichil.
1673 1521 1792 1550 Juravit
1810 1527 1953 1550 statutum
1971 1522 2171 1560 paupertatis.

1376 1568 1450 1598 ltem
1467 1569 1742 1599 subdcterminavit
1759 1569 1902 1598 dominus
1922 1569 2074 1599 Heni-icus
2089 1570 2126 1598 de
2142 1570 2244 1609 Aspe-

1334 1628 1390 1648 ren
1407 1619 1466 1648 sub
1485 1618 1635 1658 magistro
1650 1618 1787 1658 Nycolao
1805 1619 1842 1647 de
1856 1618 2064 1653 Monikedam,
2082 1619 2139 1647 sub
2155 1619 2243 1658 prin-

1335 1667 1426 1708 cipali
1459 1667 1698 1697 determinatore
1723 1667 1863 1697 ,Iohanne
1891 1668 1929 1696 de
1959 1667 2130 1707 Egmonda,
2157 1666 2243 1707 cujus

1335 1718 1430 1746 bursa
1442 1716 1548 1746 nichil.
1565 1717 1686 1746 Juravit
1700 1723 1845 1746 statutum
1864 1717 2065 1756 paupertatis.

1376 1765 1451 1795 ltern
1476 1766 1552 1795 sacta
1576 1766 1822 1805 congregacione
1854 1766 1993 1795 nacionis
2022 1765 2135 1805 Anglie
2163 1776 2243 1794 anno

1335 1814 1460 1844 Domini
1478 1825 1540 1854 quo
1557 1825 1663 1854 supra,
1681 1814 1723 1844 11²
1733 1815 1782 1844 die
1796 1815 1910 1844 mensis
1922 1814 2041 1854 Aprilis
2058 1814 2132 1843 hora
2146 1815 2242 1854 prima

1335 1863 1448 1894 Nostre
1470 1864 1600 1894 Domine
1625 1865 1706 1904 apud
1730 1863 1874 1893 Sanctum
1899 1863 2052 1893 Julianum
2075 1874 2241 1903 pauperem

1334 1923 1430 1953 super
1451 1914 1494 1942 4⁰¹
1514 1913 1664 1943 articulis.
1692 1913 1815 1942 Primus
1840 1919 1905 1942 erat
1928 1914 1965 1942 ad
1993 1913 2240 1942 distribuendum

1335 1972 1457 1992 menses
1467 1972 1523 2002 pro
1536 1962 1730 2004 bachallariis
1739 1962 1818 2001 apud
1830 1962 1970 1991 Sanctam
1982 1962 2184 1996 Geuovesam;
2198 1963 2243 1990 2¹·-

1333 2011 1482 2041 articulus
1512 2011 1567 2041 suit
1598 2012 1635 2040 ad
1665 2011 1838 2040 habendum
1861 2010 2007 2050 pecunias
2025 2011 2063 2039 de
2085 2011 2176 2039 domo
2201 2011 2244 2039 ad

1333 2071 1423 2090 cornu
1437 2062 1518 2089 cervi
1532 2070 1589 2100 pro
1605 2060 1801 2089 edificacione
1820 2059 1972 2089 scolarum
1987 2066 2097 2098 septem
2114 2060 2240 2090 arcium.

1334 2109 1404 2149 quia
1421 2109 1545 2149 quidam
1562 2109 1710 2149 magister
1725 2109 1842 2138 instetit
1860 2118 1917 2148 pro
1937 2108 1987 2137 illa
2003 2109 2106 2142 domo,
2123 2107 2241 2137 scilicet

1335 2158 1483 2198 magister
1507 2158 1642 2188 Thomas
1670 2158 1760 2187 Fabri
1773 2157 1796 2187 ³.
1824 2159 1870 2186 3¹·-
1903 2164 1968 2187 erat
1990 2158 2027 2186 ad
2057 2157 2240 2186 audiendum

1333 2214 1510 2248 computum
1533 2207 1648 2237 domini
1673 2207 1855 2246 receptoris,
1875 2207 1946 2246 quia
1969 2206 2035 2246 ipse
2058 2212 2122 2235 crat
2143 2206 2241 2235 iturus

1333 2257 1372 2286 ad
1389 2262 1504 2296 partes,
1523 2263 1553 2286 et
1568 2257 1663 2286 eciam
1681 2257 1718 2285 ad
1738 2256 1986 2286 substituendum
2003 2266 2106 2285 unum.
2125 2256 2170 2284 '¹¹¹-
2186 2255 2239 2284 suit

1333 2315 1430 2345 super
1445 2305 1730 2346 supplicacionibus
1744 2312 1773 2335 ct
1788 2304 1920 2345 injuriis.
1940 2305 2040 2343 Super
2055 2303 2155 2343 primo
2170 2304 2241 2333 arti-

1333 2354 1402 2384 culo
1429 2355 1518 2384 datus
1541 2355 1597 2384 suit
1618 2355 1738 2394 primus
1758 2355 1875 2384 mensis
1897 2354 2044 2394 magistro
2066 2352 2241 2382 Guilhelmn

1335 2403 1410 2433 Bloc
1424 2414 1483 2444 pro
1500 2403 1559 2434 llll
1575 2403 1696 2438 solidis,
1716 2404 1788 2443 quia
1801 2403 1904 2433 nullus
1920 2403 1989 2442 plus
2005 2402 2126 2434 obtulit,
2143 2408 2173 2431 et
2189 2401 2239 2431 alii

1333 2463 1394 2482 non
1413 2458 1485 2482 sunt
1508 2452 1583 2488 dati,
1607 2453 1677 2492 quia
1702 2453 1778 2482 nulli
1802 2463 1836 2482 se
1853 2458 2120 2492 presentaverunt.
2141 2452 2242 2490 Super

1332 2503 1364 2531 2⁰
1373 2501 1503 2531 articulo
1517 2501 1719 2531 deliberatum
1738 2502 1802 2535 suit,
1816 2502 1897 2541 quod
1914 2501 2008 2539 aliqui
2024 2500 2172 2540 deputati,
2183 2500 2240 2529 sri-

1333 2551 1404 2580 licet
1427 2557 1612 2591 procurator
1635 2557 1664 2580 ct
1693 2550 1743 2580 alii
1771 2550 1922 2591 magistri,
1951 2559 2028 2589 quos
2058 2555 2241 2589 procurator

1332 2606 1468 2640 caperet,
1485 2599 1634 2630 haberent
1651 2606 1781 2629 tractare
1799 2610 1866 2629 cum
1885 2600 1967 2628 dicto
1985 2598 2109 2627 dominu
2125 2597 2239 2627 'l'homa

1333 2648 1425 2679 Fabri
1442 2655 1471 2679 et
1489 2649 1550 2679 sibi
1569 2649 1685 2684 dicere,
1703 2649 1785 2689 quod
1804 2649 1891 2678 daret
1911 2654 2025 2677 tantum
2045 2648 2083 2676 dc
2099 2647 2239 2687 pecuniis

1332 2708 1388 2738 pre
1400 2698 1552 2733 manibus,
1568 2699 1649 2738 quod
1666 2698 1753 2727 nacio
1772 2704 1877 2737 posset
1891 2697 2031 2725 edificare
2042 2696 2109 2725 illas
2126 2696 2237 2725 scolas.

1333 2747 1372 2777 Et
1387 2747 1501 2777 dictum
1523 2747 1578 2777 suit
1593 2748 1675 2787 quod
1692 2747 1828 2786 deputati
1847 2746 1927 2775 circa
1948 2745 2005 2775 linc
2023 2746 2158 2774 facerent
2175 2755 2239 2774 nw-

1333 2795 1392 2826 lius
1417 2797 1499 2836 quod
1525 2802 1665 2836 possent.
1693 2796 1794 2835 Super
1819 2797 1851 2823 :3⁰
1879 2794 2024 2828 articulo,
2053 2794 2124 2833 quia
2154 2794 2239 2823 tar‹l‹=

1332 2851 1397 2875 erat
1412 2844 1432 2880 ¹,
1449 2845 1511 2875 dati
1533 2846 1654 2874 suerunt
1678 2844 1826 2884 deputati,
1846 2844 1927 2883 quod
1948 2843 2090 2872 audirent
2111 2852 2239 2883 compu-

1363 2962 1384 2984 3.
1421 2959 1479 2984 ruit
1491 2959 1605 2984 nationis
1617 2961 1832 2983 Normannorum.

1361 2997 1383 3020 11.
1419 2997 1468 3020 Mn.
1478 2998 1562 3021 erant.

2133 3039 2158 3058 θ’
