<?xml version="1.0" encoding="UTF-8"?>
<!DOCTYPE html PUBLIC "-//W3C//DTD XHTML 1.0 Transitional//EN"
    "http://www.w3.org/TR/xhtml1/DTD/xhtml1-transitional.dtd">
<html xmlns="http://www.w3.org/1999/xhtml" xml:lang="en" lang="en">
 <head>
  <title>
</title>
<meta http-equiv="Content-Type" content="text/html;charset=utf-8" />
  <meta name='ocr-system' content='tesseract 3.04.00' />
  <meta name='ocr-capabilities' content='ocr_page ocr_carea ocr_par ocr_line ocrx_word'/>
</head>
<body>
  <div class='ocr_page' id='page_1' title='image "auctariumchartul01univuoft_0342.png"; bbox 0 0 2632 3464; ppageno 0'>
   <div class='ocr_carea' id='block_1_1' title="bbox 402 439 2321 475">
    <p class='ocr_par' dir='ltr' id='par_1_1' title="bbox 402 439 2321 475">
     <span class='ocr_line' id='line_1_1' title="bbox 402 439 2321 475; baseline -0.003 -1"><span class='ocrx_word' id='word_1_1' title='bbox 402 450 452 475; x_wconf 82' lang='lat'><strong>507</strong></span> <span class='ocrx_word' id='word_1_2' title='bbox 933 442 1154 469; x_wconf 77' lang='lat' dir='ltr'><strong>AUCTARIL&#39;M</strong></span> <span class='ocrx_word' id='word_1_3' title='bbox 1175 439 1433 467; x_wconf 80' lang='lat' dir='ltr'><strong>CHARTULARII</strong></span> <span class='ocrx_word' id='word_1_4' title='bbox 1458 439 1631 466; x_wconf 84' lang='lat' dir='ltr'><strong>UNIVERS.</strong></span> <span class='ocrx_word' id='word_1_5' title='bbox 1653 440 1771 467; x_wconf 84' lang='lat' dir='ltr'><strong>PARIS.</strong></span> <span class='ocrx_word' id='word_1_6' title='bbox 2268 442 2321 468; x_wconf 84' lang='lat'><strong>508</strong></span> 
     </span>
    </p>
   </div>
   <div class='ocr_carea' id='block_1_2' title="bbox 404 517 1316 1283">
    <p class='ocr_par' dir='ltr' id='par_1_2' title="bbox 404 517 1316 1283">
     <span class='ocr_line' id='line_1_2' title="bbox 444 517 1310 563; baseline -0.009 -10"><span class='ocrx_word' id='word_1_7' title='bbox 444 525 489 553; x_wconf 90' lang='lat' dir='ltr'><strong>De</strong></span> <span class='ocrx_word' id='word_1_8' title='bbox 504 523 604 563; x_wconf 88' lang='lat' dir='ltr'><strong>primo</strong></span> <span class='ocrx_word' id='word_1_9' title='bbox 625 522 752 551; x_wconf 86' lang='lat' dir='ltr'><strong>articulo</strong></span> <span class='ocrx_word' id='word_1_10' title='bbox 773 521 861 550; x_wconf 90' lang='lat' dir='ltr'><strong>nacio</strong></span> <span class='ocrx_word' id='word_1_11' title='bbox 882 519 1113 559; x_wconf 87' lang='lat' dir='ltr'><strong>regraciabatur</strong></span> <span class='ocrx_word' id='word_1_12' title='bbox 1136 517 1261 551; x_wconf 87' lang='lat' dir='ltr'><strong>nuncio,</strong></span> <span class='ocrx_word' id='word_1_13' title='bbox 1281 522 1310 545; x_wconf 91' lang='lat' dir='ltr'><strong>et</strong></span> 
     </span>
     <span class='ocr_line' id='line_1_3' title="bbox 404 565 1310 612; baseline -0.01 -10"><span class='ocrx_word' id='word_1_14' title='bbox 404 572 477 612; x_wconf 91' lang='lat' dir='ltr'><strong>quid</strong></span> <span class='ocrx_word' id='word_1_15' title='bbox 495 577 578 601; x_wconf 87' lang='lat' dir='ltr'><strong>esset</strong></span> <span class='ocrx_word' id='word_1_16' title='bbox 592 571 743 610; x_wconf 84' lang='lat' dir='ltr'><strong>agendum</strong></span> <span class='ocrx_word' id='word_1_17' title='bbox 757 579 851 608; x_wconf 87' lang='lat' dir='ltr'><strong>super</strong></span> <span class='ocrx_word' id='word_1_18' title='bbox 867 568 1021 597; x_wconf 90' lang='lat' dir='ltr'><strong>contentis</strong></span> <span class='ocrx_word' id='word_1_19' title='bbox 1040 567 1070 596; x_wconf 91' lang='lat' dir='ltr'><strong>in</strong></span> <span class='ocrx_word' id='word_1_20' title='bbox 1086 566 1198 600; x_wconf 90' lang='lat' dir='ltr'><strong>literis,</strong></span> <span class='ocrx_word' id='word_1_21' title='bbox 1220 565 1310 594; x_wconf 85' lang='lat' dir='ltr'><strong>nacio</strong></span> 
     </span>
     <span class='ocr_line' id='line_1_4' title="bbox 404 615 1311 651; baseline -0.009 -1"><span class='ocrx_word' id='word_1_22' title='bbox 404 621 548 651; x_wconf 84' lang='lat' dir='ltr'>submisit</span> <span class='ocrx_word' id='word_1_23' title='bbox 567 630 600 649; x_wconf 85' lang='lat' dir='ltr'><strong>se</strong></span> <span class='ocrx_word' id='word_1_24' title='bbox 621 618 813 648; x_wconf 91' lang='lat' dir='ltr'><strong>ordinacioni</strong></span> <span class='ocrx_word' id='word_1_25' title='bbox 831 616 1065 651; x_wconf 86' lang='lat' dir='ltr'><strong>Universitatis,</strong></span> <span class='ocrx_word' id='word_1_26' title='bbox 1084 625 1152 644; x_wconf 87' lang='lat' dir='ltr'><strong>cum</strong></span> <span class='ocrx_word' id='word_1_27' title='bbox 1168 615 1213 643; x_wconf 95' lang='lat' dir='ltr'><strong>illi</strong></span> <span class='ocrx_word' id='word_1_28' title='bbox 1231 620 1311 643; x_wconf 89' lang='lat' dir='ltr'><strong>tota-</strong></span> 
     </span>
     <span class='ocr_line' id='line_1_5' title="bbox 404 663 1308 705; baseline -0.009 -6"><span class='ocrx_word' id='word_1_29' title='bbox 404 670 474 699; x_wconf 89' lang='lat' dir='ltr'><strong>liter</strong></span> <span class='ocrx_word' id='word_1_30' title='bbox 489 669 564 698; x_wconf 92' lang='lat' dir='ltr'><strong>illud</strong></span> <span class='ocrx_word' id='word_1_31' title='bbox 580 669 659 697; x_wconf 88' lang='lat' dir='ltr'><strong>idem</strong></span> <span class='ocrx_word' id='word_1_32' title='bbox 675 673 758 696; x_wconf 87' lang='lat' dir='ltr'><strong>esset</strong></span> <span class='ocrx_word' id='word_1_33' title='bbox 772 666 936 705; x_wconf 87' lang='lat' dir='ltr'><strong>scriptum;</strong></span> <span class='ocrx_word' id='word_1_34' title='bbox 955 666 992 694; x_wconf 91' lang='lat' dir='ltr'><strong>de</strong></span> <span class='ocrx_word' id='word_1_35' title='bbox 1004 666 1034 693; x_wconf 85' lang='lat'><strong>2⁰</strong></span> <span class='ocrx_word' id='word_1_36' title='bbox 1046 664 1135 693; x_wconf 91' lang='lat' dir='ltr'><strong>nacio</strong></span> <span class='ocrx_word' id='word_1_37' title='bbox 1147 663 1308 698; x_wconf 89' lang='lat' dir='ltr'><strong>subticuit;</strong></span> 
     </span>
     <span class='ocr_line' id='line_1_6' title="bbox 406 711 1311 755; baseline -0.009 -8"><span class='ocrx_word' id='word_1_38' title='bbox 406 719 444 747; x_wconf 93' lang='lat' dir='ltr'><strong>de</strong></span> <span class='ocrx_word' id='word_1_39' title='bbox 461 719 492 746; x_wconf 72' lang='grc' dir='ltr'><strong>3ο</strong></span> <span class='ocrx_word' id='word_1_40' title='bbox 511 716 693 746; x_wconf 78' lang='lat' dir='ltr'><strong>deliberavit</strong></span> <span class='ocrx_word' id='word_1_41' title='bbox 710 716 793 755; x_wconf 89' lang='lat' dir='ltr'><strong>quod</strong></span> <span class='ocrx_word' id='word_1_42' title='bbox 813 716 890 744; x_wconf 83' lang='lat' dir='ltr'><strong>sorte</strong></span> <span class='ocrx_word' id='word_1_43' title='bbox 906 724 1076 754; x_wconf 82' lang='lat' dir='ltr'>aggressus</span> <span class='ocrx_word' id='word_1_44' title='bbox 1093 711 1311 742; x_wconf 86' lang='lat' dir='ltr'><strong>Universitatis</strong></span> 
     </span>
     <span class='ocr_line' id='line_1_7' title="bbox 407 761 1313 806; baseline -0.008 -10"><span class='ocrx_word' id='word_1_45' title='bbox 407 768 444 796; x_wconf 89' lang='lat' dir='ltr'><strong>ad</strong></span> <span class='ocrx_word' id='word_1_46' title='bbox 461 777 565 806; x_wconf 88' lang='lat' dir='ltr'><strong>regem</strong></span> <span class='ocrx_word' id='word_1_47' title='bbox 580 771 710 805; x_wconf 91' lang='lat' dir='ltr'><strong>propter</strong></span> <span class='ocrx_word' id='word_1_48' title='bbox 726 765 831 793; x_wconf 80' lang='lat' dir='ltr'><strong>literas</strong></span> <span class='ocrx_word' id='word_1_49' title='bbox 848 763 961 793; x_wconf 91' lang='lat' dir='ltr'><strong>nuncio</strong></span> <span class='ocrx_word' id='word_1_50' title='bbox 976 763 1088 791; x_wconf 90' lang='lat' dir='ltr'><strong>missas</strong></span> <span class='ocrx_word' id='word_1_51' title='bbox 1104 761 1313 800; x_wconf 89' lang='lat' dir='ltr'><strong>suspendere-</strong></span> 
     </span>
     <span class='ocr_line' id='line_1_8' title="bbox 406 809 1311 852; baseline -0.009 -7"><span class='ocrx_word' id='word_1_52' title='bbox 406 823 457 845; x_wconf 93' lang='lat' dir='ltr'><strong>tur</strong></span> <span class='ocrx_word' id='word_1_53' title='bbox 492 827 498 844; x_wconf 86' lang='lat' dir='ltr'><strong><em>z</em></strong></span> <span class='ocrx_word' id='word_1_54' title='bbox 532 822 562 844; x_wconf 88' lang='lat' dir='ltr'><strong>et</strong></span> <span class='ocrx_word' id='word_1_55' title='bbox 592 821 664 843; x_wconf 89' lang='lat' dir='ltr'><strong>tunc</strong></span> <span class='ocrx_word' id='word_1_56' title='bbox 697 823 758 842; x_wconf 89' lang='lat' dir='ltr'><strong>non</strong></span> <span class='ocrx_word' id='word_1_57' title='bbox 786 818 945 852; x_wconf 89' lang='lat' dir='ltr'><strong>oporteret</strong></span> <span class='ocrx_word' id='word_1_58' title='bbox 980 811 1145 851; x_wconf 88' lang='lat' dir='ltr'><strong>providere</strong></span> <span class='ocrx_word' id='word_1_59' title='bbox 1183 809 1311 844; x_wconf 85' lang='lat' dir='ltr'><strong>nuncio;</strong></span> 
     </span>
     <span class='ocr_line' id='line_1_9' title="bbox 406 857 1313 903; baseline -0.009 -9"><span class='ocrx_word' id='word_1_60' title='bbox 406 870 636 903; x_wconf 79' lang='lat' dir='ltr'><strong>verumptamen</strong></span> <span class='ocrx_word' id='word_1_61' title='bbox 660 862 685 892; x_wconf 91' lang='lat' dir='ltr'><strong>si</strong></span> <span class='ocrx_word' id='word_1_62' title='bbox 704 860 861 901; x_wconf 73' lang='lat' dir='ltr'><strong>deputati⁴</strong></span> <span class='ocrx_word' id='word_1_63' title='bbox 882 862 1065 890; x_wconf 83' lang='lat' dir='ltr'>accederent</span> <span class='ocrx_word' id='word_1_64' title='bbox 1081 869 1203 899; x_wconf 86' lang='lat' dir='ltr'><strong>regem,</strong></span> <span class='ocrx_word' id='word_1_65' title='bbox 1224 857 1313 887; x_wconf 90' lang='lat' dir='ltr'><strong>nacio</strong></span> 
     </span>
     <span class='ocr_line' id='line_1_10' title="bbox 409 907 1314 953; baseline -0.008 -11"><span class='ocrx_word' id='word_1_66' title='bbox 409 913 589 953; x_wconf 80' lang='lat' dir='ltr'><strong>provideret</strong></span> <span class='ocrx_word' id='word_1_67' title='bbox 599 912 711 941; x_wconf 91' lang='lat' dir='ltr'><strong>nuncio</strong></span> <span class='ocrx_word' id='word_1_68' title='bbox 727 921 832 940; x_wconf 88' lang='lat' dir='ltr'><strong>eorum</strong></span> <span class='ocrx_word' id='word_1_69' title='bbox 849 911 887 939; x_wconf 86' lang='lat' dir='ltr'><strong>de</strong></span> <span class='ocrx_word' id='word_1_70' title='bbox 911 909 1040 949; x_wconf 90' lang='lat' dir='ltr'><strong>pecunia</strong></span> <span class='ocrx_word' id='word_1_71' title='bbox 1052 909 1111 937; x_wconf 90' lang='lat' dir='ltr'><strong>sibi</strong></span> <span class='ocrx_word' id='word_1_72' title='bbox 1128 918 1186 947; x_wconf 89' lang='lat' dir='ltr'><strong>pro</strong></span> <span class='ocrx_word' id='word_1_73' title='bbox 1204 907 1314 936; x_wconf 87' lang='lat' dir='ltr'><strong>itinere</strong></span> 
     </span>
     <span class='ocr_line' id='line_1_11' title="bbox 410 956 1314 999; baseline -0.008 -8"><span class='ocrx_word' id='word_1_74' title='bbox 410 961 582 991; x_wconf 87' lang='lat' dir='ltr'><strong>sufficienti.</strong></span> <span class='ocrx_word' id='word_1_75' title='bbox 601 961 701 999; x_wconf 81' lang='lat' dir='ltr'><strong>Super</strong></span> <span class='ocrx_word' id='word_1_76' title='bbox 720 966 828 999; x_wconf 83' lang='lat' dir='ltr'><strong>quarto</strong></span> <span class='ocrx_word' id='word_1_77' title='bbox 847 958 1028 988; x_wconf 81' lang='lat' dir='ltr'><strong>deliberavit</strong></span> <span class='ocrx_word' id='word_1_78' title='bbox 1045 957 1133 986; x_wconf 85' lang='lat' dir='ltr'><strong>nacio</strong></span> <span class='ocrx_word' id='word_1_79' title='bbox 1150 957 1232 995; x_wconf 89' lang='lat' dir='ltr'><strong>quod</strong></span> <span class='ocrx_word' id='word_1_80' title='bbox 1251 956 1314 995; x_wconf 87' lang='lat' dir='ltr'><strong>pla-</strong></span> 
     </span>
     <span class='ocr_line' id='line_1_12' title="bbox 412 1004 1315 1048; baseline -0.008 -9"><span class='ocrx_word' id='word_1_81' title='bbox 412 1017 495 1039; x_wconf 88' lang='lat' dir='ltr'><strong>ceret</strong></span> <span class='ocrx_word' id='word_1_82' title='bbox 519 1010 579 1038; x_wconf 85' lang='lat' dir='ltr'><strong>sibi</strong></span> <span class='ocrx_word' id='word_1_83' title='bbox 604 1010 685 1048; x_wconf 90' lang='lat' dir='ltr'><strong>quod</strong></span> <span class='ocrx_word' id='word_1_84' title='bbox 711 1008 799 1036; x_wconf 90' lang='lat' dir='ltr'><strong>nacio</strong></span> <span class='ocrx_word' id='word_1_85' title='bbox 822 1007 956 1036; x_wconf 89' lang='lat' dir='ltr'><strong>solveret</strong></span> <span class='ocrx_word' id='word_1_86' title='bbox 977 1006 1059 1034; x_wconf 91' lang='lat' dir='ltr'><strong>illam</strong></span> <span class='ocrx_word' id='word_1_87' title='bbox 1086 1005 1257 1044; x_wconf 91' lang='lat' dir='ltr'><strong>pecuniam,</strong></span> <span class='ocrx_word' id='word_1_88' title='bbox 1284 1004 1315 1033; x_wconf 94' lang='lat' dir='ltr'><strong>in</strong></span> 
     </span>
     <span class='ocr_line' id='line_1_13' title="bbox 411 1054 1315 1098; baseline -0.007 -10"><span class='ocrx_word' id='word_1_89' title='bbox 411 1065 554 1098; x_wconf 86' lang='lat' dir='ltr'><strong>quantum</strong></span> <span class='ocrx_word' id='word_1_90' title='bbox 573 1058 719 1097; x_wconf 86' lang='lat' dir='ltr'><strong>magister</strong></span> <span class='ocrx_word' id='word_1_91' title='bbox 733 1056 890 1085; x_wconf 87' lang='lat' dir='ltr'><strong>Johannes</strong></span> <span class='ocrx_word' id='word_1_92' title='bbox 908 1055 1066 1094; x_wconf 89' lang='lat' dir='ltr'><strong>predictus</strong></span> <span class='ocrx_word' id='word_1_93' title='bbox 1081 1060 1189 1094; x_wconf 89' lang='lat' dir='ltr'><strong>posset</strong></span> <span class='ocrx_word' id='word_1_94' title='bbox 1203 1054 1315 1082; x_wconf 91' lang='lat' dir='ltr'><strong>docere</strong></span> 
     </span>
     <span class='ocr_line' id='line_1_14' title="bbox 411 1103 1315 1147; baseline -0.007 -10"><span class='ocrx_word' id='word_1_95' title='bbox 411 1115 440 1137; x_wconf 91' lang='lat' dir='ltr'><strong>et</strong></span> <span class='ocrx_word' id='word_1_96' title='bbox 448 1109 580 1147; x_wconf 91' lang='lat' dir='ltr'><strong>probare</strong></span> <span class='ocrx_word' id='word_1_97' title='bbox 591 1107 748 1135; x_wconf 88' lang='lat' dir='ltr'><strong>evidenter</strong></span> <span class='ocrx_word' id='word_1_98' title='bbox 760 1106 841 1144; x_wconf 91' lang='lat' dir='ltr'><strong>quod</strong></span> <span class='ocrx_word' id='word_1_99' title='bbox 853 1104 998 1143; x_wconf 85' lang='lat' dir='ltr'><strong>apposuit</strong></span> <span class='ocrx_word' id='word_1_100' title='bbox 1011 1110 1104 1133; x_wconf 86' lang='lat' dir='ltr'><strong>totam</strong></span> <span class='ocrx_word' id='word_1_101' title='bbox 1119 1103 1315 1142; x_wconf 85' lang='lat' dir='ltr'><strong>diligenciam</strong></span> 
     </span>
     <span class='ocr_line' id='line_1_15' title="bbox 410 1151 1315 1194; baseline -0.007 -8"><span class='ocrx_word' id='word_1_102' title='bbox 410 1167 507 1191; x_wconf 85' lang='lat' dir='ltr'><strong>suam,</strong></span> <span class='ocrx_word' id='word_1_103' title='bbox 521 1157 564 1185; x_wconf 90' lang='lat' dir='ltr'><strong>sic</strong></span> <span class='ocrx_word' id='word_1_104' title='bbox 576 1156 658 1194; x_wconf 87' lang='lat' dir='ltr'><strong>quod</strong></span> <span class='ocrx_word' id='word_1_105' title='bbox 674 1164 730 1193; x_wconf 92' lang='lat' dir='ltr'><strong>pro</strong></span> <span class='ocrx_word' id='word_1_106' title='bbox 746 1154 858 1183; x_wconf 90' lang='lat' dir='ltr'><strong>minori</strong></span> <span class='ocrx_word' id='word_1_107' title='bbox 872 1164 933 1182; x_wconf 91' lang='lat' dir='ltr'><strong>non</strong></span> <span class='ocrx_word' id='word_1_108' title='bbox 950 1153 1051 1192; x_wconf 89' lang='lat' dir='ltr'><strong>potuit</strong></span> <span class='ocrx_word' id='word_1_109' title='bbox 1067 1153 1195 1187; x_wconf 90' lang='lat' dir='ltr'><strong>habere;</strong></span> <span class='ocrx_word' id='word_1_110' title='bbox 1212 1151 1315 1181; x_wconf 90' lang='lat' dir='ltr'><strong>volue-</strong></span> 
     </span>
     <span class='ocr_line' id='line_1_16' title="bbox 410 1200 1316 1242; baseline -0.006 -8"><span class='ocrx_word' id='word_1_111' title='bbox 410 1212 482 1234; x_wconf 91' lang='lat' dir='ltr'><strong>runt</strong></span> <span class='ocrx_word' id='word_1_112' title='bbox 493 1211 591 1234; x_wconf 87' lang='lat' dir='ltr'><strong>tamen</strong></span> <span class='ocrx_word' id='word_1_113' title='bbox 604 1203 689 1232; x_wconf 91' lang='lat' dir='ltr'><strong>multi</strong></span> <span class='ocrx_word' id='word_1_114' title='bbox 704 1204 786 1242; x_wconf 91' lang='lat' dir='ltr'><strong>quod</strong></span> <span class='ocrx_word' id='word_1_115' title='bbox 799 1202 867 1242; x_wconf 92' lang='lat' dir='ltr'><strong>ipse</strong></span> <span class='ocrx_word' id='word_1_116' title='bbox 880 1202 1013 1231; x_wconf 88' lang='lat' dir='ltr'><strong>solveret</strong></span> <span class='ocrx_word' id='word_1_117' title='bbox 1028 1202 1099 1231; x_wconf 89' lang='lat' dir='ltr'><strong>illos</strong></span> <span class='ocrx_word' id='word_1_118' title='bbox 1109 1201 1182 1230; x_wconf 90' lang='lat' dir='ltr'>VIII</span> <span class='ocrx_word' id='word_1_119' title='bbox 1199 1200 1316 1230; x_wconf 90' lang='lat' dir='ltr'><strong>solidos</strong></span> 
     </span>
     <span class='ocr_line' id='line_1_17' title="bbox 412 1251 921 1283; baseline -0.006 0"><span class='ocrx_word' id='word_1_120' title='bbox 412 1260 440 1283; x_wconf 91' lang='lat' dir='ltr'><strong>et</strong></span> <span class='ocrx_word' id='word_1_121' title='bbox 456 1255 493 1283; x_wconf 87' lang='lat' dir='ltr'><strong>de</strong></span> <span class='ocrx_word' id='word_1_122' title='bbox 506 1253 568 1282; x_wconf 90' lang='lat' dir='ltr'><strong>illis</strong></span> <span class='ocrx_word' id='word_1_123' title='bbox 584 1253 742 1282; x_wconf 84' lang='lat' dir='ltr'><strong>nacionem</strong></span> <span class='ocrx_word' id='word_1_124' title='bbox 761 1251 921 1280; x_wconf 87' lang='lat' dir='ltr'><strong>relevaret.</strong></span> 
     </span>
    </p>
   </div>
   <div class='ocr_carea' id='block_1_3' title="bbox 817 1344 913 1373">
    <p class='ocr_par' dir='ltr' id='par_1_3' title="bbox 817 1344 913 1373">
     <span class='ocr_line' id='line_1_18' title="bbox 817 1344 913 1373; baseline 0 -1"><span class='ocrx_word' id='word_1_125' title='bbox 817 1344 913 1373; x_wconf 82' lang='lat'>1376</span> 
     </span>
    </p>
   </div>
   <div class='ocr_carea' id='block_1_4' title="bbox 458 1414 1272 1505">
    <p class='ocr_par' dir='ltr' id='par_1_4' title="bbox 458 1414 1272 1505">
     <span class='ocr_line' id='line_1_19' title="bbox 458 1414 1272 1457; baseline -0.004 -11"><span class='ocrx_word' id='word_1_126' title='bbox 458 1418 527 1457; x_wconf 79' lang='lat' dir='ltr'><strong>(Fol.</strong></span> <span class='ocrx_word' id='word_1_127' title='bbox 558 1419 584 1455; x_wconf 73' lang='lat'><strong>4)</strong></span> <span class='ocrx_word' id='word_1_128' title='bbox 614 1416 864 1446; x_wconf 87' lang='lat' dir='ltr'><strong>Continuacio</strong></span> <span class='ocrx_word' id='word_1_129' title='bbox 898 1415 1070 1455; x_wconf 85' lang='lat' dir='ltr'><strong>magistri</strong></span> <span class='ocrx_word' id='word_1_130' title='bbox 1105 1414 1272 1454; x_wconf 86' lang='lat' dir='ltr'><strong>Philippi</strong></span> 
     </span>
     <span class='ocr_line' id='line_1_20' title="bbox 588 1465 1142 1505; baseline -0.004 -11"><span class='ocrx_word' id='word_1_131' title='bbox 588 1465 758 1505; x_wconf 90' lang='lat' dir='ltr'><strong>Pinghen</strong></span> <span class='ocrx_word' id='word_1_132' title='bbox 786 1465 821 1493; x_wconf 90' lang='lat' dir='ltr'><strong>in</strong></span> <span class='ocrx_word' id='word_1_133' title='bbox 851 1471 1142 1504; x_wconf 87' lang='lat' dir='ltr'><strong>procuratorem.</strong></span> 
     </span>
    </p>
   </div>
   <div class='ocr_carea' id='block_1_5' title="bbox 412 1543 1325 2806">
    <p class='ocr_par' dir='ltr' id='par_1_5' title="bbox 412 1543 1320 1928">
     <span class='ocr_line' id='line_1_21' title="bbox 453 1543 1319 1584; baseline -0.003 -9"><span class='ocrx_word' id='word_1_134' title='bbox 453 1547 526 1575; x_wconf 89' lang='lat' dir='ltr'><strong>Item</strong></span> <span class='ocrx_word' id='word_1_135' title='bbox 542 1546 686 1575; x_wconf 89' lang='lat' dir='ltr'><strong>vicesima</strong></span> <span class='ocrx_word' id='word_1_136' title='bbox 702 1546 801 1584; x_wconf 90' lang='lat' dir='ltr'><strong>prima</strong></span> <span class='ocrx_word' id='word_1_137' title='bbox 816 1545 865 1574; x_wconf 87' lang='lat' dir='ltr'><strong>die</strong></span> <span class='ocrx_word' id='word_1_138' title='bbox 883 1545 998 1574; x_wconf 85' lang='lat' dir='ltr'><strong>mensis</strong></span> <span class='ocrx_word' id='word_1_139' title='bbox 1013 1544 1159 1573; x_wconf 83' lang='lat' dir='ltr'><strong>Octobris</strong></span> <span class='ocrx_word' id='word_1_140' title='bbox 1174 1545 1251 1573; x_wconf 87' lang='lat' dir='ltr'><strong>facta</strong></span> <span class='ocrx_word' id='word_1_141' title='bbox 1263 1543 1319 1573; x_wconf 86' lang='lat' dir='ltr'><strong>fuit</strong></span> 
     </span>
     <span class='ocr_line' id='line_1_22' title="bbox 412 1593 1319 1635; baseline -0.002 -11"><span class='ocrx_word' id='word_1_142' title='bbox 412 1595 615 1635; x_wconf 83' lang='lat' dir='ltr'><strong>congregacio</strong></span> <span class='ocrx_word' id='word_1_143' title='bbox 645 1595 783 1623; x_wconf 82' lang='lat' dir='ltr'><strong>nacionis</strong></span> <span class='ocrx_word' id='word_1_144' title='bbox 810 1594 981 1632; x_wconf 80' lang='lat' dir='ltr'><strong>Anglicane</strong></span> <span class='ocrx_word' id='word_1_145' title='bbox 1010 1594 1041 1623; x_wconf 91' lang='lat' dir='ltr'><strong>in</strong></span> <span class='ocrx_word' id='word_1_146' title='bbox 1068 1593 1178 1633; x_wconf 88' lang='lat' dir='ltr'><strong>primis</strong></span> <span class='ocrx_word' id='word_1_147' title='bbox 1206 1593 1319 1623; x_wconf 90' lang='lat' dir='ltr'><strong>Nostre</strong></span> 
     </span>
     <span class='ocr_line' id='line_1_23' title="bbox 414 1642 1318 1683; baseline -0.002 -10"><span class='ocrx_word' id='word_1_148' title='bbox 414 1644 543 1674; x_wconf 91' lang='lat' dir='ltr'><strong>Domine</strong></span> <span class='ocrx_word' id='word_1_149' title='bbox 553 1645 633 1683; x_wconf 90' lang='lat' dir='ltr'><strong>apud</strong></span> <span class='ocrx_word' id='word_1_150' title='bbox 644 1644 787 1672; x_wconf 87' lang='lat' dir='ltr'><strong>Sanctum</strong></span> <span class='ocrx_word' id='word_1_151' title='bbox 799 1643 951 1672; x_wconf 88' lang='lat' dir='ltr'><strong>Julianum</strong></span> <span class='ocrx_word' id='word_1_152' title='bbox 967 1653 1133 1682; x_wconf 81' lang='lat' dir='ltr'><strong>pauperem</strong></span> <span class='ocrx_word' id='word_1_153' title='bbox 1147 1643 1185 1671; x_wconf 85' lang='lat' dir='ltr'><strong>ad</strong></span> <span class='ocrx_word' id='word_1_154' title='bbox 1195 1642 1318 1671; x_wconf 82' lang='lat' dir='ltr'><strong>audien-</strong></span> 
     </span>
     <span class='ocr_line' id='line_1_24' title="bbox 413 1691 1319 1732; baseline -0.002 -10"><span class='ocrx_word' id='word_1_155' title='bbox 413 1695 484 1722; x_wconf 91' lang='lat' dir='ltr'><strong>dum</strong></span> <span class='ocrx_word' id='word_1_156' title='bbox 497 1699 670 1732; x_wconf 88' lang='lat' dir='ltr'><strong>computum</strong></span> <span class='ocrx_word' id='word_1_157' title='bbox 680 1692 850 1731; x_wconf 80' lang='lat' dir='ltr'><strong>recepturis</strong></span> <span class='ocrx_word' id='word_1_158' title='bbox 866 1698 895 1720; x_wconf 90' lang='lat' dir='ltr'><strong>et</strong></span> <span class='ocrx_word' id='word_1_159' title='bbox 906 1693 943 1720; x_wconf 87' lang='lat' dir='ltr'><strong>ad</strong></span> <span class='ocrx_word' id='word_1_160' title='bbox 957 1692 1131 1731; x_wconf 86' lang='lat' dir='ltr'><strong>eligendum</strong></span> <span class='ocrx_word' id='word_1_161' title='bbox 1141 1691 1153 1709; x_wconf 83' lang='lat'><strong>²</strong></span> <span class='ocrx_word' id='word_1_162' title='bbox 1169 1701 1319 1730; x_wconf 88' lang='lat' dir='ltr'><strong>procura-</strong></span> 
     </span>
     <span class='ocr_line' id='line_1_25' title="bbox 413 1741 1319 1779; baseline -0.002 -8"><span class='ocrx_word' id='word_1_163' title='bbox 413 1749 522 1771; x_wconf 81' lang='lat' dir='ltr'><strong>torem.</strong></span> <span class='ocrx_word' id='word_1_164' title='bbox 539 1741 743 1771; x_wconf 83' lang='lat' dir='ltr'><strong>Continuatus</strong></span> <span class='ocrx_word' id='word_1_165' title='bbox 760 1741 814 1770; x_wconf 89' lang='lat' dir='ltr'><strong>fuit</strong></span> <span class='ocrx_word' id='word_1_166' title='bbox 826 1741 1022 1770; x_wconf 86' lang='lat' dir='ltr'><strong>concorditer</strong></span> <span class='ocrx_word' id='word_1_167' title='bbox 1039 1741 1070 1769; x_wconf 92' lang='lat' dir='ltr'><strong>in</strong></span> <span class='ocrx_word' id='word_1_168' title='bbox 1088 1746 1319 1779; x_wconf 89' lang='lat' dir='ltr'><strong>procuratorem</strong></span> 
     </span>
     <span class='ocr_line' id='line_1_26' title="bbox 413 1789 1320 1830; baseline -0.002 -10"><span class='ocrx_word' id='word_1_169' title='bbox 413 1791 560 1830; x_wconf 84' lang='lat' dir='ltr'><strong>magister</strong></span> <span class='ocrx_word' id='word_1_170' title='bbox 576 1791 740 1829; x_wconf 87' lang='lat' dir='ltr'><strong>Philippus</strong></span> <span class='ocrx_word' id='word_1_171' title='bbox 757 1790 858 1829; x_wconf 87' lang='lat' dir='ltr'><strong>Pingh</strong></span> <span class='ocrx_word' id='word_1_172' title='bbox 868 1789 880 1808; x_wconf 82' lang='lat'>³</span> <span class='ocrx_word' id='word_1_173' title='bbox 893 1790 978 1819; x_wconf 92' lang='lat' dir='ltr'><strong>nullo</strong></span> <span class='ocrx_word' id='word_1_174' title='bbox 994 1790 1189 1824; x_wconf 80' lang='lat' dir='ltr'><strong>reclamante,</strong></span> <span class='ocrx_word' id='word_1_175' title='bbox 1204 1795 1234 1818; x_wconf 85' lang='lat' dir='ltr'><strong>et</strong></span> <span class='ocrx_word' id='word_1_176' title='bbox 1248 1795 1320 1818; x_wconf 86' lang='lat' dir='ltr'><strong>tunc</strong></span> 
     </span>
     <span class='ocr_line' id='line_1_27' title="bbox 414 1838 1319 1879; baseline -0.002 -10"><span class='ocrx_word' id='word_1_177' title='bbox 414 1846 574 1879; x_wconf 89' lang='lat' dir='ltr'><strong>computus</strong></span> <span class='ocrx_word' id='word_1_178' title='bbox 588 1839 759 1878; x_wconf 88' lang='lat' dir='ltr'><strong>receptoris</strong></span> <span class='ocrx_word' id='word_1_179' title='bbox 773 1839 967 1868; x_wconf 71' lang='lat' dir='ltr'><strong>desei-abatur</strong></span> <span class='ocrx_word' id='word_1_180' title='bbox 980 1849 1078 1878; x_wconf 90' lang='lat' dir='ltr'><strong>usque</strong></span> <span class='ocrx_word' id='word_1_181' title='bbox 1092 1839 1129 1867; x_wconf 91' lang='lat' dir='ltr'><strong>ad</strong></span> <span class='ocrx_word' id='word_1_182' title='bbox 1145 1838 1234 1867; x_wconf 90' lang='lat' dir='ltr'><strong>aliam</strong></span> <span class='ocrx_word' id='word_1_183' title='bbox 1250 1848 1319 1868; x_wconf 92' lang='lat' dir='ltr'><strong>con-</strong></span> 
     </span>
     <span class='ocr_line' id='line_1_28' title="bbox 414 1889 639 1928; baseline -0.004 -11"><span class='ocrx_word' id='word_1_184' title='bbox 414 1889 639 1928; x_wconf 84' lang='lat' dir='ltr'><strong>gregaeionem.</strong></span> 
     </span>
    </p>

    <p class='ocr_par' dir='ltr' id='par_1_6' title="bbox 415 1935 1323 2455">
     <span class='ocr_line' id='line_1_29' title="bbox 456 1935 1320 1976; baseline -0.001 -10"><span class='ocrx_word' id='word_1_185' title='bbox 456 1938 529 1966; x_wconf 89' lang='lat' dir='ltr'><strong>Item</strong></span> <span class='ocrx_word' id='word_1_186' title='bbox 549 1939 624 1966; x_wconf 87' lang='lat' dir='ltr'><strong>facta</strong></span> <span class='ocrx_word' id='word_1_187' title='bbox 641 1937 695 1966; x_wconf 83' lang='lat' dir='ltr'><strong>fuit</strong></span> <span class='ocrx_word' id='word_1_188' title='bbox 716 1937 921 1976; x_wconf 85' lang='lat' dir='ltr'><strong>congregacio</strong></span> <span class='ocrx_word' id='word_1_189' title='bbox 941 1937 1080 1965; x_wconf 86' lang='lat' dir='ltr'><strong>nacionis</strong></span> <span class='ocrx_word' id='word_1_190' title='bbox 1099 1935 1270 1976; x_wconf 87' lang='lat' dir='ltr'><strong>Anglicane</strong></span> <span class='ocrx_word' id='word_1_191' title='bbox 1290 1937 1320 1965; x_wconf 88' lang='lat' dir='ltr'><strong>in</strong></span> 
     </span>
     <span class='ocr_line' id='line_1_30' title="bbox 416 1985 1321 2025; baseline -0.001 -10"><span class='ocrx_word' id='word_1_192' title='bbox 416 1987 527 2015; x_wconf 90' lang='lat' dir='ltr'><strong>Sancto</strong></span> <span class='ocrx_word' id='word_1_193' title='bbox 544 1987 710 2021; x_wconf 74' lang='lat' dir='ltr'><strong>Maturino,</strong></span> <span class='ocrx_word' id='word_1_194' title='bbox 727 1986 849 2024; x_wconf 91' lang='lat' dir='ltr'><strong>quando</strong></span> <span class='ocrx_word' id='word_1_195' title='bbox 866 1986 921 2014; x_wconf 88' lang='lat' dir='ltr'><strong>fuit</strong></span> <span class='ocrx_word' id='word_1_196' title='bbox 935 1985 1141 2025; x_wconf 86' lang='lat' dir='ltr'><strong>congregacio</strong></span> <span class='ocrx_word' id='word_1_197' title='bbox 1157 1985 1321 2015; x_wconf 90' lang='lat' dir='ltr'><strong>Universi-</strong></span> 
     </span>
     <span class='ocr_line' id='line_1_31' title="bbox 415 2034 1322 2073; baseline -0.001 -9"><span class='ocrx_word' id='word_1_198' title='bbox 415 2035 496 2070; x_wconf 87' lang='lat' dir='ltr'><strong>tatis,</strong></span> <span class='ocrx_word' id='word_1_199' title='bbox 508 2035 653 2064; x_wconf 86' lang='lat' dir='ltr'><strong>vicesima</strong></span> <span class='ocrx_word' id='word_1_200' title='bbox 668 2041 774 2064; x_wconf 83' lang='lat' dir='ltr'><strong>octava</strong></span> <span class='ocrx_word' id='word_1_201' title='bbox 785 2034 795 2052; x_wconf 88' lang='lat'>⁴</span> <span class='ocrx_word' id='word_1_202' title='bbox 815 2035 864 2063; x_wconf 93' lang='lat' dir='ltr'><strong>die</strong></span> <span class='ocrx_word' id='word_1_203' title='bbox 880 2035 996 2063; x_wconf 87' lang='lat' dir='ltr'><strong>mensis</strong></span> <span class='ocrx_word' id='word_1_204' title='bbox 1014 2035 1171 2068; x_wconf 85' lang='lat' dir='ltr'><strong>Octobris,</strong></span> <span class='ocrx_word' id='word_1_205' title='bbox 1189 2045 1248 2073; x_wconf 94' lang='lat' dir='ltr'><strong>que</strong></span> <span class='ocrx_word' id='word_1_206' title='bbox 1267 2035 1322 2063; x_wconf 83' lang='lat' dir='ltr'><strong>fuit</strong></span> 
     </span>
     <span class='ocr_line' id='line_1_32' title="bbox 416 2084 1320 2123; baseline 0 -11"><span class='ocrx_word' id='word_1_207' title='bbox 416 2085 481 2113; x_wconf 88' lang='lat' dir='ltr'><strong>dies</strong></span> <span class='ocrx_word' id='word_1_208' title='bbox 504 2084 723 2123; x_wconf 87' lang='lat' dir='ltr'><strong>Apostolorum</strong></span> <span class='ocrx_word' id='word_1_209' title='bbox 748 2084 891 2122; x_wconf 88' lang='lat' dir='ltr'><strong>Symonis</strong></span> <span class='ocrx_word' id='word_1_210' title='bbox 914 2090 944 2112; x_wconf 90' lang='lat' dir='ltr'><strong>et</strong></span> <span class='ocrx_word' id='word_1_211' title='bbox 960 2084 1050 2118; x_wconf 81' lang='lat' dir='ltr'><strong>Jude,</strong></span> <span class='ocrx_word' id='word_1_212' title='bbox 1079 2085 1116 2112; x_wconf 92' lang='lat' dir='ltr'><strong>ad</strong></span> <span class='ocrx_word' id='word_1_213' title='bbox 1136 2084 1320 2112; x_wconf 88' lang='lat' dir='ltr'><strong>audiendum</strong></span> 
     </span>
     <span class='ocr_line' id='line_1_33' title="bbox 415 2132 1321 2172; baseline 0 -11"><span class='ocrx_word' id='word_1_214' title='bbox 415 2133 519 2161; x_wconf 81' lang='lat' dir='ltr'><strong>literas</strong></span> <span class='ocrx_word' id='word_1_215' title='bbox 533 2133 653 2161; x_wconf 90' lang='lat' dir='ltr'><strong>nacioni</strong></span> <span class='ocrx_word' id='word_1_216' title='bbox 668 2143 724 2172; x_wconf 90' lang='lat' dir='ltr'><strong>per</strong></span> <span class='ocrx_word' id='word_1_217' title='bbox 735 2133 879 2161; x_wconf 91' lang='lat' dir='ltr'><strong>nuncium</strong></span> <span class='ocrx_word' id='word_1_218' title='bbox 894 2133 1031 2171; x_wconf 88' lang='lat' dir='ltr'><strong>ipsorum</strong></span> <span class='ocrx_word' id='word_1_219' title='bbox 1041 2132 1072 2160; x_wconf 92' lang='lat' dir='ltr'><strong>in</strong></span> <span class='ocrx_word' id='word_1_220' title='bbox 1086 2132 1171 2161; x_wconf 90' lang='lat' dir='ltr'><strong>curia</strong></span> <span class='ocrx_word' id='word_1_221' title='bbox 1185 2133 1321 2161; x_wconf 85' lang='lat' dir='ltr'><strong>Romana</strong></span> 
     </span>
     <span class='ocr_line' id='line_1_34' title="bbox 416 2181 1322 2220; baseline 0 -10"><span class='ocrx_word' id='word_1_222' title='bbox 416 2181 558 2210; x_wconf 84' lang='lat' dir='ltr'><strong>existenti</strong></span> <span class='ocrx_word' id='word_1_223' title='bbox 576 2182 699 2216; x_wconf 89' lang='lat' dir='ltr'><strong>missas,</strong></span> <span class='ocrx_word' id='word_1_224' title='bbox 721 2188 751 2210; x_wconf 85' lang='lat' dir='ltr'><strong>et</strong></span> <span class='ocrx_word' id='word_1_225' title='bbox 766 2182 839 2220; x_wconf 89' lang='lat' dir='ltr'><strong>quid</strong></span> <span class='ocrx_word' id='word_1_226' title='bbox 858 2187 941 2210; x_wconf 90' lang='lat' dir='ltr'><strong>esset</strong></span> <span class='ocrx_word' id='word_1_227' title='bbox 959 2182 1111 2220; x_wconf 86' lang='lat' dir='ltr'><strong>agendum</strong></span> <span class='ocrx_word' id='word_1_228' title='bbox 1134 2191 1228 2220; x_wconf 89' lang='lat' dir='ltr'><strong>super</strong></span> <span class='ocrx_word' id='word_1_229' title='bbox 1247 2191 1322 2210; x_wconf 88' lang='lat' dir='ltr'><strong>con-</strong></span> 
     </span>
     <span class='ocr_line' id='line_1_35' title="bbox 415 2229 1323 2269; baseline -0.001 -10"><span class='ocrx_word' id='word_1_230' title='bbox 415 2231 507 2259; x_wconf 90' lang='lat' dir='ltr'><strong>tentis</strong></span> <span class='ocrx_word' id='word_1_231' title='bbox 530 2231 561 2258; x_wconf 89' lang='lat' dir='ltr'><strong>in</strong></span> <span class='ocrx_word' id='word_1_232' title='bbox 577 2231 703 2259; x_wconf 87' lang='lat' dir='ltr'><strong>eisdem.</strong></span> <span class='ocrx_word' id='word_1_233' title='bbox 728 2230 765 2259; x_wconf 78' lang='lat' dir='ltr'><strong>Et</strong></span> <span class='ocrx_word' id='word_1_234' title='bbox 784 2229 889 2259; x_wconf 86' lang='lat' dir='ltr'><strong>habuit</strong></span> <span class='ocrx_word' id='word_1_235' title='bbox 909 2230 997 2259; x_wconf 89' lang='lat' dir='ltr'><strong>nacio</strong></span> <span class='ocrx_word' id='word_1_236' title='bbox 1013 2229 1228 2269; x_wconf 88' lang='lat' dir='ltr'><strong>principaliter</strong></span> <span class='ocrx_word' id='word_1_237' title='bbox 1242 2240 1323 2259; x_wconf 91' lang='lat' dir='ltr'><strong>nun-</strong></span> 
     </span>
     <span class='ocr_line' id='line_1_36' title="bbox 415 2279 1322 2318; baseline 0 -11"><span class='ocrx_word' id='word_1_238' title='bbox 415 2279 494 2308; x_wconf 89' lang='lat' dir='ltr'><strong>cium</strong></span> <span class='ocrx_word' id='word_1_239' title='bbox 521 2286 639 2318; x_wconf 88' lang='lat' dir='ltr'><strong>gratum</strong></span> <span class='ocrx_word' id='word_1_240' title='bbox 665 2285 694 2308; x_wconf 85' lang='lat' dir='ltr'><strong>et</strong></span> <span class='ocrx_word' id='word_1_241' title='bbox 716 2279 1006 2308; x_wconf 87' lang='lat' dir='ltr'><strong>recommendatum.</strong></span> <span class='ocrx_word' id='word_1_242' title='bbox 1042 2279 1088 2307; x_wconf 89' lang='lat' dir='ltr'><strong>De</strong></span> <span class='ocrx_word' id='word_1_243' title='bbox 1116 2279 1269 2308; x_wconf 89' lang='lat' dir='ltr'><strong>contentis</strong></span> <span class='ocrx_word' id='word_1_244' title='bbox 1291 2279 1322 2307; x_wconf 93' lang='lat' dir='ltr'><strong>in</strong></span> 
     </span>
     <span class='ocr_line' id='line_1_37' title="bbox 416 2327 1321 2363; baseline 0 -7"><span class='ocrx_word' id='word_1_245' title='bbox 416 2328 503 2357; x_wconf 86' lang='lat' dir='ltr'><strong>litera</strong></span> <span class='ocrx_word' id='word_1_246' title='bbox 523 2328 611 2357; x_wconf 90' lang='lat' dir='ltr'><strong>nacio</strong></span> <span class='ocrx_word' id='word_1_247' title='bbox 633 2328 776 2357; x_wconf 89' lang='lat' dir='ltr'><strong>submisit</strong></span> <span class='ocrx_word' id='word_1_248' title='bbox 796 2338 829 2356; x_wconf 86' lang='lat' dir='ltr'><strong>se</strong></span> <span class='ocrx_word' id='word_1_249' title='bbox 851 2327 1071 2356; x_wconf 87' lang='lat' dir='ltr'><strong>deliberacioni</strong></span> <span class='ocrx_word' id='word_1_250' title='bbox 1091 2327 1321 2363; x_wconf 88' lang='lat' dir='ltr'><strong>Universitatis,</strong></span> 
     </span>
     <span class='ocr_line' id='line_1_38' title="bbox 416 2376 1323 2416; baseline -0.001 -10"><span class='ocrx_word' id='word_1_251' title='bbox 416 2388 483 2406; x_wconf 92' lang='lat' dir='ltr'><strong>cum</strong></span> <span class='ocrx_word' id='word_1_252' title='bbox 499 2383 640 2406; x_wconf 87' lang='lat' dir='ltr'><strong>contenta</strong></span> <span class='ocrx_word' id='word_1_253' title='bbox 655 2377 686 2405; x_wconf 92' lang='lat' dir='ltr'><strong>in</strong></span> <span class='ocrx_word' id='word_1_254' title='bbox 702 2376 801 2405; x_wconf 89' lang='lat' dir='ltr'><strong>literis</strong></span> <span class='ocrx_word' id='word_1_255' title='bbox 821 2376 983 2416; x_wconf 87' lang='lat' dir='ltr'><strong>proposita</strong></span> <span class='ocrx_word' id='word_1_256' title='bbox 1001 2382 1087 2405; x_wconf 91' lang='lat' dir='ltr'><strong>erant</strong></span> <span class='ocrx_word' id='word_1_257' title='bbox 1102 2377 1133 2405; x_wconf 92' lang='lat' dir='ltr'><strong>in</strong></span> <span class='ocrx_word' id='word_1_258' title='bbox 1150 2386 1323 2416; x_wconf 87' lang='lat' dir='ltr'><strong>congrega-</strong></span> 
     </span>
     <span class='ocr_line' id='line_1_39' title="bbox 419 2426 755 2455; baseline -0.003 -1"><span class='ocrx_word' id='word_1_259' title='bbox 419 2426 506 2455; x_wconf 90' lang='lat' dir='ltr'><strong>cione</strong></span> <span class='ocrx_word' id='word_1_260' title='bbox 526 2426 755 2455; x_wconf 87' lang='lat' dir='ltr'><strong>Universitatis.</strong></span> 
     </span>
    </p>

    <p class='ocr_par' dir='ltr' id='par_1_7' title="bbox 419 2473 1325 2806">
     <span class='ocr_line' id='line_1_40' title="bbox 458 2473 1323 2513; baseline -0.002 -9"><span class='ocrx_word' id='word_1_261' title='bbox 458 2475 531 2503; x_wconf 87' lang='lat' dir='ltr'><strong>Item</strong></span> <span class='ocrx_word' id='word_1_262' title='bbox 553 2476 686 2504; x_wconf 86' lang='lat' dir='ltr'><strong>secunda</strong></span> <span class='ocrx_word' id='word_1_263' title='bbox 702 2474 751 2503; x_wconf 87' lang='lat' dir='ltr'><strong>die</strong></span> <span class='ocrx_word' id='word_1_264' title='bbox 766 2474 881 2503; x_wconf 84' lang='lat' dir='ltr'><strong>mensis</strong></span> <span class='ocrx_word' id='word_1_265' title='bbox 898 2474 1094 2508; x_wconf 88' lang='lat' dir='ltr'><strong>Novembris,</strong></span> <span class='ocrx_word' id='word_1_266' title='bbox 1110 2484 1169 2513; x_wconf 90' lang='lat' dir='ltr'><strong>que</strong></span> <span class='ocrx_word' id='word_1_267' title='bbox 1186 2473 1242 2503; x_wconf 86' lang='lat' dir='ltr'><strong>suit</strong></span> <span class='ocrx_word' id='word_1_268' title='bbox 1257 2474 1323 2503; x_wconf 86' lang='lat' dir='ltr'><strong>dies</strong></span> 
     </span>
     <span class='ocr_line' id='line_1_41' title="bbox 419 2523 1322 2552; baseline -0.001 0"><span class='ocrx_word' id='word_1_269' title='bbox 419 2523 731 2552; x_wconf 89' lang='lat' dir='ltr'><strong>Commemoracionis</strong></span> <span class='ocrx_word' id='word_1_270' title='bbox 763 2523 930 2552; x_wconf 85' lang='lat' dir='ltr'><strong>animarum</strong></span> <span class='ocrx_word' id='word_1_271' title='bbox 962 2529 991 2551; x_wconf 92' lang='lat' dir='ltr'><strong>et</strong></span> <span class='ocrx_word' id='word_1_272' title='bbox 1021 2523 1155 2552; x_wconf 79' lang='lat' dir='ltr'><strong>crastina</strong></span> <span class='ocrx_word' id='word_1_273' title='bbox 1180 2523 1322 2552; x_wconf 89' lang='lat' dir='ltr'><strong>Omnium</strong></span> 
     </span>
     <span class='ocr_line' id='line_1_42' title="bbox 420 2571 1323 2612; baseline -0.001 -11"><span class='ocrx_word' id='word_1_274' title='bbox 420 2572 611 2606; x_wconf 86' lang='lat' dir='ltr'><strong>Sanctorum,</strong></span> <span class='ocrx_word' id='word_1_275' title='bbox 624 2574 699 2601; x_wconf 86' lang='lat' dir='ltr'><strong>facta</strong></span> <span class='ocrx_word' id='word_1_276' title='bbox 711 2572 766 2601; x_wconf 86' lang='lat' dir='ltr'><strong>fuit</strong></span> <span class='ocrx_word' id='word_1_277' title='bbox 778 2572 983 2612; x_wconf 83' lang='lat' dir='ltr'><strong>congregacio</strong></span> <span class='ocrx_word' id='word_1_278' title='bbox 999 2571 1137 2600; x_wconf 84' lang='lat' dir='ltr'><strong>nacionis</strong></span> <span class='ocrx_word' id='word_1_279' title='bbox 1154 2571 1323 2611; x_wconf 87' lang='lat' dir='ltr'><strong>Anglicane</strong></span> 
     </span>
     <span class='ocr_line' id='line_1_43' title="bbox 419 2620 1323 2660; baseline -0.001 -11"><span class='ocrx_word' id='word_1_280' title='bbox 419 2623 498 2660; x_wconf 91' lang='lat' dir='ltr'><strong>apud</strong></span> <span class='ocrx_word' id='word_1_281' title='bbox 515 2621 658 2650; x_wconf 85' lang='lat' dir='ltr'><strong>Sanctum</strong></span> <span class='ocrx_word' id='word_1_282' title='bbox 678 2621 864 2650; x_wconf 89' lang='lat' dir='ltr'><strong>Maturinum</strong></span> <span class='ocrx_word' id='word_1_283' title='bbox 883 2620 914 2649; x_wconf 92' lang='lat' dir='ltr'><strong>in</strong></span> <span class='ocrx_word' id='word_1_284' title='bbox 930 2622 1020 2649; x_wconf 88' lang='lat' dir='ltr'><strong>domo</strong></span> <span class='ocrx_word' id='word_1_285' title='bbox 1037 2620 1196 2659; x_wconf 85' lang='lat' dir='ltr'><strong>capitulari</strong></span> <span class='ocrx_word' id='word_1_286' title='bbox 1215 2621 1245 2648; x_wconf 92' lang='lat' dir='ltr'><strong>in</strong></span> <span class='ocrx_word' id='word_1_287' title='bbox 1262 2621 1323 2660; x_wconf 93' lang='lat' dir='ltr'><strong>pri-</strong></span> 
     </span>
     <span class='ocr_line' id='line_1_44' title="bbox 419 2669 1324 2709; baseline 0 -11"><span class='ocrx_word' id='word_1_288' title='bbox 419 2670 475 2698; x_wconf 89' lang='lat' dir='ltr'><strong>mis</strong></span> <span class='ocrx_word' id='word_1_289' title='bbox 492 2670 603 2698; x_wconf 84' lang='lat' dir='ltr'><strong>Nostre</strong></span> <span class='ocrx_word' id='word_1_290' title='bbox 623 2670 753 2699; x_wconf 90' lang='lat' dir='ltr'><strong>Domine</strong></span> <span class='ocrx_word' id='word_1_291' title='bbox 772 2679 867 2709; x_wconf 86' lang='lat' dir='ltr'><strong>super</strong></span> <span class='ocrx_word' id='word_1_292' title='bbox 889 2670 1010 2698; x_wconf 91' lang='lat' dir='ltr'><strong>duobus</strong></span> <span class='ocrx_word' id='word_1_293' title='bbox 1026 2669 1176 2698; x_wconf 90' lang='lat' dir='ltr'><strong>articulis.</strong></span> <span class='ocrx_word' id='word_1_294' title='bbox 1201 2669 1324 2698; x_wconf 90' lang='lat' dir='ltr'><strong>Primus</strong></span> 
     </span>
     <span class='ocr_line' id='line_1_45' title="bbox 420 2717 1324 2757; baseline -0.001 -10"><span class='ocrx_word' id='word_1_295' title='bbox 420 2725 483 2747; x_wconf 88' lang='lat' dir='ltr'><strong>erat</strong></span> <span class='ocrx_word' id='word_1_296' title='bbox 509 2719 545 2747; x_wconf 84' lang='lat' dir='ltr'><strong>ad</strong></span> <span class='ocrx_word' id='word_1_297' title='bbox 573 2719 757 2747; x_wconf 89' lang='lat' dir='ltr'><strong>audiendum</strong></span> <span class='ocrx_word' id='word_1_298' title='bbox 785 2718 913 2747; x_wconf 82' lang='lat' dir='ltr'><strong>sormam</strong></span> <span class='ocrx_word' id='word_1_299' title='bbox 942 2724 972 2746; x_wconf 90' lang='lat' dir='ltr'><strong>et</strong></span> <span class='ocrx_word' id='word_1_300' title='bbox 1000 2724 1136 2746; x_wconf 88' lang='lat' dir='ltr'><strong>tenorem</strong></span> <span class='ocrx_word' id='word_1_301' title='bbox 1166 2717 1324 2757; x_wconf 87' lang='lat' dir='ltr'><strong>cujusdam</strong></span> 
     </span>
     <span class='ocr_line' id='line_1_46' title="bbox 420 2766 1325 2806; baseline 0.001 -12"><span class='ocrx_word' id='word_1_302' title='bbox 420 2767 506 2796; x_wconf 88' lang='lat' dir='ltr'><strong>litere</strong></span> <span class='ocrx_word' id='word_1_303' title='bbox 534 2767 727 2806; x_wconf 87' lang='lat' dir='ltr'><strong>obligatorie,</strong></span> <span class='ocrx_word' id='word_1_304' title='bbox 755 2767 785 2795; x_wconf 89' lang='lat' dir='ltr'><strong>in</strong></span> <span class='ocrx_word' id='word_1_305' title='bbox 821 2777 881 2806; x_wconf 92' lang='lat' dir='ltr'><strong>qua</strong></span> <span class='ocrx_word' id='word_1_306' title='bbox 909 2766 997 2795; x_wconf 91' lang='lat' dir='ltr'><strong>nacio</strong></span> <span class='ocrx_word' id='word_1_307' title='bbox 1031 2773 1136 2795; x_wconf 87' lang='lat' dir='ltr'><strong>nostra</strong></span> <span class='ocrx_word' id='word_1_308' title='bbox 1170 2766 1325 2805; x_wconf 87' lang='lat' dir='ltr'><strong>obligatur</strong></span> 
     </span>
    </p>
   </div>
   <div class='ocr_carea' id='block_1_6' title="bbox 452 2895 759 2961">
    <p class='ocr_par' dir='ltr' id='par_1_8' title="bbox 452 2895 759 2961">
     <span class='ocr_line' id='line_1_47' title="bbox 453 2895 696 2925; baseline 0.004 -8"><span class='ocrx_word' id='word_1_309' title='bbox 453 2895 474 2918; x_wconf 87' lang='lat'><strong>1.</strong></span> <span class='ocrx_word' id='word_1_310' title='bbox 509 2895 696 2925; x_wconf 69' lang='lat' dir='ltr'><strong>Ms.dep=1ta·1·i.</strong></span> 
     </span>
     <span class='ocr_line' id='line_1_48' title="bbox 452 2930 759 2961; baseline 0.007 -10"><span class='ocrx_word' id='word_1_311' title='bbox 452 2930 474 2952; x_wconf 76' lang='lat'><strong>2.</strong></span> <span class='ocrx_word' id='word_1_312' title='bbox 510 2932 556 2953; x_wconf 74' lang='lat' dir='ltr'><strong>Ms.</strong></span> <span class='ocrx_word' id='word_1_313' title='bbox 572 2930 759 2961; x_wconf 75' lang='lat' dir='ltr'><strong>cligigendum.</strong></span> 
     </span>
    </p>
   </div>
   <div class='ocr_carea' id='block_1_7' title="bbox 453 2965 895 2996">
    <p class='ocr_par' dir='ltr' id='par_1_9' title="bbox 453 2965 895 2996">
     <span class='ocr_line' id='line_1_49' title="bbox 453 2965 895 2996; baseline 0.005 -10"><span class='ocrx_word' id='word_1_314' title='bbox 453 2966 473 2987; x_wconf 79' lang='lat'><strong>3.</strong></span> <span class='ocrx_word' id='word_1_315' title='bbox 509 2966 555 2988; x_wconf 68' lang='lat' dir='ltr'><strong>Ms.</strong></span> <span class='ocrx_word' id='word_1_316' title='bbox 572 2965 634 2988; x_wconf 78' lang='lat' dir='ltr'><strong>add.</strong></span> <span class='ocrx_word' id='word_1_317' title='bbox 651 2965 675 2988; x_wconf 88' lang='lat' dir='ltr'><strong>in</strong></span> <span class='ocrx_word' id='word_1_318' title='bbox 690 2969 895 2996; x_wconf 73' lang='lat' dir='ltr'><strong>procuratorem.</strong></span> 
     </span>
    </p>
   </div>
   <div class='ocr_carea' id='block_1_8' title="bbox 1352 960 1386 985">
    <p class='ocr_par' dir='ltr' id='par_1_10' title="bbox 1352 960 1386 985">
     <span class='ocr_line' id='line_1_50' title="bbox 1352 960 1386 985; baseline 0 0"><span class='ocrx_word' id='word_1_319' title='bbox 1352 960 1386 985; x_wconf 82' lang='lat'><strong>10</strong></span> 
     </span>
    </p>
   </div>
   <div class='ocr_carea' id='block_1_9' title="bbox 1354 1204 1387 1230">
    <p class='ocr_par' dir='ltr' id='par_1_11' title="bbox 1354 1204 1387 1230">
     <span class='ocr_line' id='line_1_51' title="bbox 1354 1204 1387 1230; baseline 0.03 -1"><span class='ocrx_word' id='word_1_320' title='bbox 1354 1204 1387 1230; x_wconf 87' lang='lat'><strong>15</strong></span> 
     </span>
    </p>
   </div>
   <div class='ocr_carea' id='block_1_10' title="bbox 1355 1450 1389 1475">
    <p class='ocr_par' dir='ltr' id='par_1_12' title="bbox 1355 1450 1389 1475">
     <span class='ocr_line' id='line_1_52' title="bbox 1355 1450 1389 1475; baseline 0 0"><span class='ocrx_word' id='word_1_321' title='bbox 1355 1450 1389 1475; x_wconf 86' lang='lat'><strong>20</strong></span> 
     </span>
    </p>
   </div>
   <div class='ocr_carea' id='block_1_11' title="bbox 1357 1695 1390 1720">
    <p class='ocr_par' dir='ltr' id='par_1_13' title="bbox 1357 1695 1390 1720">
     <span class='ocr_line' id='line_1_53' title="bbox 1357 1695 1390 1720; baseline 0 0"><span class='ocrx_word' id='word_1_322' title='bbox 1357 1695 1390 1720; x_wconf 81' lang='lat'><strong>25</strong></span> 
     </span>
    </p>
   </div>
   <div class='ocr_carea' id='block_1_12' title="bbox 1358 1941 1392 1966">
    <p class='ocr_par' dir='ltr' id='par_1_14' title="bbox 1358 1941 1392 1966">
     <span class='ocr_line' id='line_1_54' title="bbox 1358 1941 1392 1966; baseline 0 0"><span class='ocrx_word' id='word_1_323' title='bbox 1358 1941 1392 1966; x_wconf 88' lang='lat'><strong>30</strong></span> 
     </span>
    </p>
   </div>
   <div class='ocr_carea' id='block_1_13' title="bbox 1359 2186 1392 2212">
    <p class='ocr_par' dir='ltr' id='par_1_15' title="bbox 1359 2186 1392 2212">
     <span class='ocr_line' id='line_1_55' title="bbox 1359 2186 1392 2212; baseline 0.03 -1"><span class='ocrx_word' id='word_1_324' title='bbox 1359 2186 1392 2212; x_wconf 88' lang='lat'><strong>35</strong></span> 
     </span>
    </p>
   </div>
   <div class='ocr_carea' id='block_1_14' title="bbox 1360 2431 1394 2456">
    <p class='ocr_par' dir='ltr' id='par_1_16' title="bbox 1360 2431 1394 2456">
     <span class='ocr_line' id='line_1_56' title="bbox 1360 2431 1394 2456; baseline 0 0"><span class='ocrx_word' id='word_1_325' title='bbox 1360 2431 1394 2456; x_wconf 84' lang='lat'><strong>40</strong></span> 
     </span>
    </p>
   </div>
   <div class='ocr_carea' id='block_1_15' title="bbox 1362 2675 1395 2701">
    <p class='ocr_par' dir='ltr' id='par_1_17' title="bbox 1362 2675 1395 2701">
     <span class='ocr_line' id='line_1_57' title="bbox 1362 2675 1395 2701; baseline 0 0"><span class='ocrx_word' id='word_1_326' title='bbox 1362 2675 1395 2701; x_wconf 77' lang='lat'><strong>45</strong></span> 
     </span>
    </p>
   </div>
   <div class='ocr_carea' id='block_1_16' title="bbox 1419 515 2343 2804">
    <p class='ocr_par' dir='ltr' id='par_1_18' title="bbox 1419 515 2332 800">
     <span class='ocr_line' id='line_1_58' title="bbox 1419 515 2330 556; baseline 0.004 -12"><span class='ocrx_word' id='word_1_327' title='bbox 1419 515 1568 555; x_wconf 85' lang='lat' dir='ltr'><strong>magistro</strong></span> <span class='ocrx_word' id='word_1_328' title='bbox 1596 515 1738 546; x_wconf 90' lang='lat' dir='ltr'><strong>Mercilio</strong></span> <span class='ocrx_word' id='word_1_329' title='bbox 1763 517 1800 546; x_wconf 91' lang='lat' dir='ltr'><strong>de</strong></span> <span class='ocrx_word' id='word_1_330' title='bbox 1830 516 1964 556; x_wconf 84' lang='lat' dir='ltr'><strong>lnghen‚</strong></span> <span class='ocrx_word' id='word_1_331' title='bbox 1995 522 2096 546; x_wconf 90' lang='lat' dir='ltr'><strong>utrum</strong></span> <span class='ocrx_word' id='word_1_332' title='bbox 2130 517 2200 547; x_wconf 87' lang='lat' dir='ltr'><strong>talis</strong></span> <span class='ocrx_word' id='word_1_333' title='bbox 2231 518 2330 548; x_wconf 82' lang='lat' dir='ltr'><strong>forma</strong></span> 
     </span>
     <span class='ocr_line' id='line_1_59' title="bbox 1420 564 2328 606; baseline 0.004 -14"><span class='ocrx_word' id='word_1_334' title='bbox 1420 564 1548 593; x_wconf 89' lang='lat' dir='ltr'><strong>deberet</strong></span> <span class='ocrx_word' id='word_1_335' title='bbox 1573 565 1702 595; x_wconf 87' lang='lat' dir='ltr'><strong>admitti.</strong></span> <span class='ocrx_word' id='word_1_336' title='bbox 1730 565 1833 605; x_wconf 88' lang='lat' dir='ltr'><strong>Super</strong></span> <span class='ocrx_word' id='word_1_337' title='bbox 1850 575 1911 604; x_wconf 91' lang='lat' dir='ltr'><strong>quo</strong></span> <span class='ocrx_word' id='word_1_338' title='bbox 1932 565 2021 594; x_wconf 88' lang='lat' dir='ltr'><strong>nacio</strong></span> <span class='ocrx_word' id='word_1_339' title='bbox 2042 565 2225 596; x_wconf 83' lang='lat' dir='ltr'><strong>deliberavit</strong></span> <span class='ocrx_word' id='word_1_340' title='bbox 2245 567 2328 606; x_wconf 86' lang='lat' dir='ltr'><strong>quod</strong></span> 
     </span>
     <span class='ocr_line' id='line_1_60' title="bbox 1420 611 2331 645; baseline 0.003 -3"><span class='ocrx_word' id='word_1_341' title='bbox 1420 611 1471 642; x_wconf 85' lang='lat' dir='ltr'><strong>illa</strong></span> <span class='ocrx_word' id='word_1_342' title='bbox 1486 613 1575 643; x_wconf 84' lang='lat' dir='ltr'><strong>litera</strong></span> <span class='ocrx_word' id='word_1_343' title='bbox 1592 613 1624 643; x_wconf 88' lang='lat' dir='ltr'><strong>in</strong></span> <span class='ocrx_word' id='word_1_344' title='bbox 1636 614 1688 643; x_wconf 88' lang='lat' dir='ltr'><strong>tali</strong></span> <span class='ocrx_word' id='word_1_345' title='bbox 1707 615 1803 643; x_wconf 86' lang='lat' dir='ltr'><strong>forma</strong></span> <span class='ocrx_word' id='word_1_346' title='bbox 1818 620 1848 644; x_wconf 91' lang='lat' dir='ltr'><strong>et</strong></span> <span class='ocrx_word' id='word_1_347' title='bbox 1864 620 1972 644; x_wconf 87' lang='lat' dir='ltr'><strong>tenore</strong></span> <span class='ocrx_word' id='word_1_348' title='bbox 1990 620 2075 644; x_wconf 83' lang='lat' dir='ltr'><strong>esset</strong></span> <span class='ocrx_word' id='word_1_349' title='bbox 2091 615 2279 645; x_wconf 85' lang='lat' dir='ltr'><strong>admittenda</strong></span> <span class='ocrx_word' id='word_1_350' title='bbox 2299 622 2331 645; x_wconf 89' lang='lat' dir='ltr'><strong>et</strong></span> 
     </span>
     <span class='ocr_line' id='line_1_61' title="bbox 1420 662 2329 702; baseline 0.003 -11"><span class='ocrx_word' id='word_1_351' title='bbox 1420 662 1509 691; x_wconf 89' lang='lat' dir='ltr'><strong>aliter</strong></span> <span class='ocrx_word' id='word_1_352' title='bbox 1528 673 1600 698; x_wconf 91' lang='lat' dir='ltr'><strong>non,</strong></span> <span class='ocrx_word' id='word_1_353' title='bbox 1621 668 1651 692; x_wconf 87' lang='lat' dir='ltr'><strong>et</strong></span> <span class='ocrx_word' id='word_1_354' title='bbox 1668 664 1751 702; x_wconf 90' lang='lat' dir='ltr'><strong>quod</strong></span> <span class='ocrx_word' id='word_1_355' title='bbox 1776 663 1820 692; x_wconf 91' lang='lat' dir='ltr'><strong>sic</strong></span> <span class='ocrx_word' id='word_1_356' title='bbox 1842 664 1970 693; x_wconf 88' lang='lat' dir='ltr'><strong>deberet</strong></span> <span class='ocrx_word' id='word_1_357' title='bbox 1993 663 2136 702; x_wconf 83' lang='lat' dir='ltr'><strong>sigillari.</strong></span> <span class='ocrx_word' id='word_1_358' title='bbox 2166 663 2329 694; x_wconf 83' lang='lat' dir='ltr'><strong>Secundus</strong></span> 
     </span>
     <span class='ocr_line' id='line_1_62' title="bbox 1421 711 2332 752; baseline 0.004 -13"><span class='ocrx_word' id='word_1_359' title='bbox 1421 711 1568 741; x_wconf 86' lang='lat' dir='ltr'><strong>articulus</strong></span> <span class='ocrx_word' id='word_1_360' title='bbox 1599 718 1665 741; x_wconf 91' lang='lat' dir='ltr'><strong>erat</strong></span> <span class='ocrx_word' id='word_1_361' title='bbox 1692 722 1787 751; x_wconf 85' lang='lat' dir='ltr'><strong>super</strong></span> <span class='ocrx_word' id='word_1_362' title='bbox 1815 712 2121 752; x_wconf 86' lang='lat' dir='ltr'><strong>supplicacionihus;</strong></span> <span class='ocrx_word' id='word_1_363' title='bbox 2146 713 2201 742; x_wconf 87' lang='lat' dir='ltr'><strong>sed</strong></span> <span class='ocrx_word' id='word_1_364' title='bbox 2227 713 2332 743; x_wconf 82' lang='lat' dir='ltr'><strong>nullus</strong></span> 
     </span>
     <span class='ocr_line' id='line_1_63' title="bbox 1422 760 1617 800; baseline 0 -11"><span class='ocrx_word' id='word_1_365' title='bbox 1422 760 1617 800; x_wconf 87' lang='lat' dir='ltr'><strong>supplicavit.</strong></span> 
     </span>
    </p>

    <p class='ocr_par' dir='ltr' id='par_1_19' title="bbox 1422 809 2341 2071">
     <span class='ocr_line' id='line_1_64' title="bbox 1463 809 2332 850; baseline 0.002 -12"><span class='ocrx_word' id='word_1_366' title='bbox 1463 809 1537 838; x_wconf 88' lang='lat' dir='ltr'><strong>Item</strong></span> <span class='ocrx_word' id='word_1_367' title='bbox 1552 819 1631 838; x_wconf 85' lang='lat' dir='ltr'><strong>nona</strong></span> <span class='ocrx_word' id='word_1_368' title='bbox 1642 810 1691 839; x_wconf 88' lang='lat' dir='ltr'><strong>die</strong></span> <span class='ocrx_word' id='word_1_369' title='bbox 1707 810 1822 840; x_wconf 90' lang='lat' dir='ltr'><strong>mensis</strong></span> <span class='ocrx_word' id='word_1_370' title='bbox 1837 810 2023 840; x_wconf 88' lang='lat' dir='ltr'><strong>Novembris</strong></span> <span class='ocrx_word' id='word_1_371' title='bbox 2041 811 2118 839; x_wconf 82' lang='lat' dir='ltr'><strong>facta</strong></span> <span class='ocrx_word' id='word_1_372' title='bbox 2132 810 2188 840; x_wconf 86' lang='lat' dir='ltr'><strong>fuit</strong></span> <span class='ocrx_word' id='word_1_373' title='bbox 2203 821 2332 850; x_wconf 79' lang='lat' dir='ltr'><strong>congre·</strong></span> 
     </span>
     <span class='ocr_line' id='line_1_65' title="bbox 1422 858 2333 899; baseline 0.002 -13"><span class='ocrx_word' id='word_1_374' title='bbox 1422 858 1510 897; x_wconf 88' lang='lat' dir='ltr'><strong>gacio</strong></span> <span class='ocrx_word' id='word_1_375' title='bbox 1531 858 1670 887; x_wconf 88' lang='lat' dir='ltr'><strong>nacionis</strong></span> <span class='ocrx_word' id='word_1_376' title='bbox 1687 858 1859 898; x_wconf 81' lang='lat' dir='ltr'><strong>Anglicane</strong></span> <span class='ocrx_word' id='word_1_377' title='bbox 1878 869 1936 898; x_wconf 90' lang='lat' dir='ltr'><strong>per</strong></span> <span class='ocrx_word' id='word_1_378' title='bbox 1949 858 2156 899; x_wconf 89' lang='lat' dir='ltr'><strong>juramentum</strong></span> <span class='ocrx_word' id='word_1_379' title='bbox 2173 859 2204 888; x_wconf 91' lang='lat' dir='ltr'><strong>in</strong></span> <span class='ocrx_word' id='word_1_380' title='bbox 2222 860 2333 899; x_wconf 88' lang='lat' dir='ltr'><strong>primis</strong></span> 
     </span>
     <span class='ocr_line' id='line_1_66' title="bbox 1424 906 2335 948; baseline 0.003 -13"><span class='ocrx_word' id='word_1_381' title='bbox 1424 907 1539 936; x_wconf 87' lang='lat' dir='ltr'><strong>Nostre</strong></span> <span class='ocrx_word' id='word_1_382' title='bbox 1559 906 1691 937; x_wconf 90' lang='lat' dir='ltr'><strong>Domine</strong></span> <span class='ocrx_word' id='word_1_383' title='bbox 1715 907 1747 936; x_wconf 92' lang='lat' dir='ltr'><strong>in</strong></span> <span class='ocrx_word' id='word_1_384' title='bbox 1766 908 1878 938; x_wconf 83' lang='lat' dir='ltr'><strong>Sancto</strong></span> <span class='ocrx_word' id='word_1_385' title='bbox 1898 908 2053 938; x_wconf 89' lang='lat' dir='ltr'><strong>Maturino</strong></span> <span class='ocrx_word' id='word_1_386' title='bbox 2081 918 2175 948; x_wconf 93' lang='lat' dir='ltr'><strong>super</strong></span> <span class='ocrx_word' id='word_1_387' title='bbox 2201 914 2335 948; x_wconf 88' lang='lat' dir='ltr'><strong>quatuor</strong></span> 
     </span>
     <span class='ocr_line' id='line_1_67' title="bbox 1423 955 2332 996; baseline 0.003 -12"><span class='ocrx_word' id='word_1_388' title='bbox 1423 955 1571 985; x_wconf 84' lang='lat' dir='ltr'><strong>articulis.</strong></span> <span class='ocrx_word' id='word_1_389' title='bbox 1587 955 1711 985; x_wconf 84' lang='lat' dir='ltr'><strong>Primus</strong></span> <span class='ocrx_word' id='word_1_390' title='bbox 1721 963 1786 986; x_wconf 87' lang='lat' dir='ltr'><strong>erat</strong></span> <span class='ocrx_word' id='word_1_391' title='bbox 1793 958 1830 986; x_wconf 88' lang='lat' dir='ltr'><strong>ad</strong></span> <span class='ocrx_word' id='word_1_392' title='bbox 1840 956 2045 986; x_wconf 90' lang='lat' dir='ltr'><strong>ordinandum</strong></span> <span class='ocrx_word' id='word_1_393' title='bbox 2062 963 2092 986; x_wconf 90' lang='lat' dir='ltr'><strong>et</strong></span> <span class='ocrx_word' id='word_1_394' title='bbox 2104 957 2332 996; x_wconf 88' lang='lat' dir='ltr'><strong>disponendum</strong></span> 
     </span>
     <span class='ocr_line' id='line_1_68' title="bbox 1424 1005 2333 1046; baseline 0.003 -13"><span class='ocrx_word' id='word_1_395' title='bbox 1424 1005 1462 1033; x_wconf 90' lang='lat' dir='ltr'><strong>de</strong></span> <span class='ocrx_word' id='word_1_396' title='bbox 1482 1006 1559 1034; x_wconf 83' lang='lat' dir='ltr'><strong>sesto</strong></span> <span class='ocrx_word' id='word_1_397' title='bbox 1578 1005 1677 1034; x_wconf 87' lang='lat' dir='ltr'><strong>sancti</strong></span> <span class='ocrx_word' id='word_1_398' title='bbox 1686 1005 1858 1034; x_wconf 89' lang='lat' dir='ltr'><strong>Eadmondi</strong></span> <span class='ocrx_word' id='word_1_399' title='bbox 1873 1006 1969 1046; x_wconf 89' lang='lat' dir='ltr'><strong>regis,</strong></span> <span class='ocrx_word' id='word_1_400' title='bbox 1985 1006 2129 1035; x_wconf 87' lang='lat' dir='ltr'><strong>videlicet</strong></span> <span class='ocrx_word' id='word_1_401' title='bbox 2139 1013 2284 1046; x_wconf 87' lang='lat' dir='ltr'><strong>quantum</strong></span> <span class='ocrx_word' id='word_1_402' title='bbox 2295 1007 2333 1036; x_wconf 88' lang='lat' dir='ltr'><strong>ad</strong></span> 
     </span>
     <span class='ocr_line' id='line_1_69' title="bbox 1424 1053 2334 1092; baseline 0.002 -10"><span class='ocrx_word' id='word_1_403' title='bbox 1424 1053 1657 1092; x_wconf 87' lang='lat' dir='ltr'><strong>solempnitates</strong></span> <span class='ocrx_word' id='word_1_404' title='bbox 1673 1054 1826 1084; x_wconf 87' lang='lat' dir='ltr'><strong>faciendas</strong></span> <span class='ocrx_word' id='word_1_405' title='bbox 1845 1054 1876 1083; x_wconf 91' lang='lat' dir='ltr'><strong>in</strong></span> <span class='ocrx_word' id='word_1_406' title='bbox 1895 1054 2026 1084; x_wconf 87' lang='lat' dir='ltr'><strong>ecclesia</strong></span> <span class='ocrx_word' id='word_1_407' title='bbox 2043 1055 2074 1084; x_wconf 91' lang='lat' dir='ltr'><strong>in</strong></span> <span class='ocrx_word' id='word_1_408' title='bbox 2092 1054 2200 1084; x_wconf 88' lang='lat' dir='ltr'><strong>officiis</strong></span> <span class='ocrx_word' id='word_1_409' title='bbox 2218 1055 2334 1085; x_wconf 86' lang='lat' dir='ltr'><strong>divinis</strong></span> 
     </span>
     <span class='ocr_line' id='line_1_70' title="bbox 1424 1101 2333 1144; baseline 0.003 -13"><span class='ocrx_word' id='word_1_410' title='bbox 1424 1103 1494 1142; x_wconf 90' lang='lat' dir='ltr'><strong>ipso</strong></span> <span class='ocrx_word' id='word_1_411' title='bbox 1516 1102 1566 1131; x_wconf 90' lang='lat' dir='ltr'><strong>die</strong></span> <span class='ocrx_word' id='word_1_412' title='bbox 1588 1101 1724 1142; x_wconf 86' lang='lat' dir='ltr'><strong>ejusdem</strong></span> <span class='ocrx_word' id='word_1_413' title='bbox 1745 1104 1842 1133; x_wconf 87' lang='lat' dir='ltr'><strong>sancti</strong></span> <span class='ocrx_word' id='word_1_414' title='bbox 1869 1109 1899 1132; x_wconf 91' lang='lat' dir='ltr'><strong>et</strong></span> <span class='ocrx_word' id='word_1_415' title='bbox 1929 1110 2075 1144; x_wconf 89' lang='lat' dir='ltr'><strong>quantum</strong></span> <span class='ocrx_word' id='word_1_416' title='bbox 2104 1105 2143 1133; x_wconf 92' lang='lat' dir='ltr'><strong>ad</strong></span> <span class='ocrx_word' id='word_1_417' title='bbox 2170 1104 2333 1143; x_wconf 87' lang='lat' dir='ltr'><strong>prandium</strong></span> 
     </span>
     <span class='ocr_line' id='line_1_71' title="bbox 1425 1151 2333 1193; baseline 0.002 -13"><span class='ocrx_word' id='word_1_418' title='bbox 1425 1151 1596 1180; x_wconf 77' lang='lat' dir='ltr'><strong>faciendum</strong></span> <span class='ocrx_word' id='word_1_419' title='bbox 1609 1151 1676 1191; x_wconf 63' lang='lat' dir='ltr'><strong>{pro</strong></span> <span class='ocrx_word' id='word_1_420' title='bbox 1699 1152 1858 1192; x_wconf 86' lang='lat' dir='ltr'><strong>magistris</strong></span> <span class='ocrx_word' id='word_1_421' title='bbox 1879 1152 2031 1187; x_wconf 88' lang='lat' dir='ltr'><strong>nacionis,</strong></span> <span class='ocrx_word' id='word_1_422' title='bbox 2058 1159 2092 1182; x_wconf 90' lang='lat' dir='ltr'><strong>ut</strong></span> <span class='ocrx_word' id='word_1_423' title='bbox 2116 1153 2143 1182; x_wconf 88' lang='lat' dir='ltr'><strong>si</strong></span> <span class='ocrx_word' id='word_1_424' title='bbox 2168 1153 2333 1193; x_wconf 88' lang='lat' dir='ltr'><strong>prandium</strong></span> 
     </span>
     <span class='ocr_line' id='line_1_72' title="bbox 1424 1200 2333 1240; baseline 0.002 -11"><span class='ocrx_word' id='word_1_425' title='bbox 1424 1200 1490 1229; x_wconf 86' lang='lat' dir='ltr'><strong>fleri</strong></span> <span class='ocrx_word' id='word_1_426' title='bbox 1506 1201 1643 1235; x_wconf 85' lang='lat' dir='ltr'><strong>deberet,</strong></span> <span class='ocrx_word' id='word_1_427' title='bbox 1657 1200 1873 1239; x_wconf 86' lang='lat' dir='ltr'><strong>provideretur</strong></span> <span class='ocrx_word' id='word_1_428' title='bbox 1885 1207 1914 1230; x_wconf 91' lang='lat' dir='ltr'><strong>et</strong></span> <span class='ocrx_word' id='word_1_429' title='bbox 1925 1202 1963 1230; x_wconf 92' lang='lat' dir='ltr'><strong>de</strong></span> <span class='ocrx_word' id='word_1_430' title='bbox 1974 1202 2065 1230; x_wconf 90' lang='lat' dir='ltr'><strong>modo</strong></span> <span class='ocrx_word' id='word_1_431' title='bbox 2079 1201 2210 1230; x_wconf 82' lang='lat' dir='ltr'><strong>faciendi</strong></span> <span class='ocrx_word' id='word_1_432' title='bbox 2219 1202 2333 1240; x_wconf 88' lang='lat' dir='ltr'><strong>ipsum,</strong></span> 
     </span>
     <span class='ocr_line' id='line_1_73' title="bbox 1425 1249 2333 1290; baseline 0.001 -12"><span class='ocrx_word' id='word_1_433' title='bbox 1425 1256 1455 1278; x_wconf 89' lang='lat' dir='ltr'><strong>et</strong></span> <span class='ocrx_word' id='word_1_434' title='bbox 1474 1256 1506 1278; x_wconf 91' lang='lat' dir='ltr'><strong>ut</strong></span> <span class='ocrx_word' id='word_1_435' title='bbox 1532 1250 1679 1278; x_wconf 86' lang='lat' dir='ltr'><strong>darentur</strong></span> <span class='ocrx_word' id='word_1_436' title='bbox 1704 1255 1735 1278; x_wconf 89' lang='lat' dir='ltr'><strong>et</strong></span> <span class='ocrx_word' id='word_1_437' title='bbox 1762 1250 1984 1288; x_wconf 84' lang='lat' dir='ltr'><strong>deputarentur</strong></span> <span class='ocrx_word' id='word_1_438' title='bbox 2015 1249 2109 1289; x_wconf 86' lang='lat' dir='ltr'><strong>aliqui</strong></span> <span class='ocrx_word' id='word_1_439' title='bbox 2136 1250 2275 1290; x_wconf 85' lang='lat' dir='ltr'><strong>magistri</strong></span> <span class='ocrx_word' id='word_1_440' title='bbox 2295 1251 2333 1279; x_wconf 84' lang='lat' dir='ltr'><strong>ad</strong></span> 
     </span>
     <span class='ocr_line' id='line_1_74' title="bbox 1426 1298 2334 1338; baseline 0.002 -12"><span class='ocrx_word' id='word_1_441' title='bbox 1426 1298 1653 1337; x_wconf 89' lang='lat' dir='ltr'><strong>procurandum</strong></span> <span class='ocrx_word' id='word_1_442' title='bbox 1667 1304 1830 1337; x_wconf 89' lang='lat' dir='ltr'><strong>oportuna.</strong></span> <span class='ocrx_word' id='word_1_443' title='bbox 1849 1298 1951 1338; x_wconf 91' lang='lat' dir='ltr'><strong>Super</strong></span> <span class='ocrx_word' id='word_1_444' title='bbox 1968 1308 2029 1337; x_wconf 92' lang='lat' dir='ltr'><strong>quo</strong></span> <span class='ocrx_word' id='word_1_445' title='bbox 2043 1298 2132 1327; x_wconf 88' lang='lat' dir='ltr'><strong>nacio</strong></span> <span class='ocrx_word' id='word_1_446' title='bbox 2149 1299 2334 1328; x_wconf 83' lang='lat' dir='ltr'><strong>deliberavit</strong></span> 
     </span>
     <span class='ocr_line' id='line_1_75' title="bbox 1426 1347 2335 1386; baseline 0.001 -10"><span class='ocrx_word' id='word_1_447' title='bbox 1426 1348 1510 1386; x_wconf 91' lang='lat' dir='ltr'><strong>quod</strong></span> <span class='ocrx_word' id='word_1_448' title='bbox 1536 1347 1622 1376; x_wconf 89' lang='lat' dir='ltr'><strong>fieret</strong></span> <span class='ocrx_word' id='word_1_449' title='bbox 1648 1347 1822 1376; x_wconf 88' lang='lat' dir='ltr'><strong>condecens</strong></span> <span class='ocrx_word' id='word_1_450' title='bbox 1851 1347 2064 1386; x_wconf 87' lang='lat' dir='ltr'><strong>sollempnitas</strong></span> <span class='ocrx_word' id='word_1_451' title='bbox 2096 1347 2127 1376; x_wconf 91' lang='lat' dir='ltr'><strong>in</strong></span> <span class='ocrx_word' id='word_1_452' title='bbox 2151 1347 2284 1377; x_wconf 84' lang='lat' dir='ltr'><strong>ecclesia</strong></span> <span class='ocrx_word' id='word_1_453' title='bbox 2302 1348 2335 1379; x_wconf 81' lang='lat' dir='ltr'><strong>in</strong></span> 
     </span>
     <span class='ocr_line' id='line_1_76' title="bbox 1426 1395 2334 1430; baseline 0.001 -5"><span class='ocrx_word' id='word_1_454' title='bbox 1426 1396 1534 1425; x_wconf 89' lang='lat' dir='ltr'><strong>officiis</strong></span> <span class='ocrx_word' id='word_1_455' title='bbox 1554 1396 1679 1430; x_wconf 90' lang='lat' dir='ltr'><strong>divinis,</strong></span> <span class='ocrx_word' id='word_1_456' title='bbox 1698 1402 1728 1425; x_wconf 88' lang='lat' dir='ltr'><strong>et</strong></span> <span class='ocrx_word' id='word_1_457' title='bbox 1747 1402 1780 1425; x_wconf 92' lang='lat' dir='ltr'><strong>ut</strong></span> <span class='ocrx_word' id='word_1_458' title='bbox 1806 1395 1993 1425; x_wconf 87' lang='lat' dir='ltr'><strong>haberentur</strong></span> <span class='ocrx_word' id='word_1_459' title='bbox 2018 1396 2112 1425; x_wconf 88' lang='lat' dir='ltr'><strong>alieni</strong></span> <span class='ocrx_word' id='word_1_460' title='bbox 2135 1402 2277 1426; x_wconf 86' lang='lat' dir='ltr'><strong>cantores</strong></span> <span class='ocrx_word' id='word_1_461' title='bbox 2303 1403 2334 1426; x_wconf 89' lang='lat' dir='ltr'><strong>et</strong></span> 
     </span>
     <span class='ocr_line' id='line_1_77' title="bbox 1426 1445 2336 1480; baseline 0.002 -6"><span class='ocrx_word' id='word_1_462' title='bbox 1426 1452 1605 1474; x_wconf 86' lang='lat' dir='ltr'><strong>ornamenta</strong></span> <span class='ocrx_word' id='word_1_463' title='bbox 1623 1445 1754 1474; x_wconf 89' lang='lat' dir='ltr'><strong>ecclesie</strong></span> <span class='ocrx_word' id='word_1_464' title='bbox 1780 1451 1810 1474; x_wconf 89' lang='lat' dir='ltr'><strong>et</strong></span> <span class='ocrx_word' id='word_1_465' title='bbox 1832 1451 1934 1474; x_wconf 86' lang='lat' dir='ltr'><strong>cetera</strong></span> <span class='ocrx_word' id='word_1_466' title='bbox 1959 1445 2179 1480; x_wconf 86' lang='lat' dir='ltr'><strong>cerimonialia,</strong></span> <span class='ocrx_word' id='word_1_467' title='bbox 2203 1451 2237 1474; x_wconf 92' lang='lat' dir='ltr'><strong>ut</strong></span> <span class='ocrx_word' id='word_1_468' title='bbox 2259 1445 2336 1477; x_wconf 81' lang='lat' dir='ltr'><strong>alias</strong></span> 
     </span>
     <span class='ocr_line' id='line_1_78' title="bbox 1426 1494 2336 1533; baseline 0.001 -10"><span class='ocrx_word' id='word_1_469' title='bbox 1426 1495 1492 1523; x_wconf 88' lang='lat' dir='ltr'><strong>fieri</strong></span> <span class='ocrx_word' id='word_1_470' title='bbox 1508 1494 1719 1529; x_wconf 83' lang='lat' dir='ltr'><strong>consueverit,</strong></span> <span class='ocrx_word' id='word_1_471' title='bbox 1738 1494 1796 1524; x_wconf 88' lang='lat' dir='ltr'><strong>sub</strong></span> <span class='ocrx_word' id='word_1_472' title='bbox 1811 1494 1958 1533; x_wconf 82' lang='lat' dir='ltr'><strong>expensis</strong></span> <span class='ocrx_word' id='word_1_473' title='bbox 1972 1494 2123 1523; x_wconf 87' lang='lat' dir='ltr'><strong>nacionis.</strong></span> <span class='ocrx_word' id='word_1_474' title='bbox 2145 1494 2336 1524; x_wconf 86' lang='lat' dir='ltr'><strong>Deliberavit</strong></span> 
     </span>
     <span class='ocr_line' id='line_1_79' title="bbox 1427 1543 2337 1583; baseline 0 -11"><span class='ocrx_word' id='word_1_475' title='bbox 1427 1543 1522 1572; x_wconf 89' lang='lat' dir='ltr'><strong>eciam</strong></span> <span class='ocrx_word' id='word_1_476' title='bbox 1548 1553 1606 1583; x_wconf 90' lang='lat' dir='ltr'><strong>pro</strong></span> <span class='ocrx_word' id='word_1_477' title='bbox 1623 1544 1654 1572; x_wconf 77' lang='lat'><strong>2-</strong></span> <span class='ocrx_word' id='word_1_478' title='bbox 1679 1549 1766 1582; x_wconf 88' lang='lat' dir='ltr'><strong>parte</strong></span> <span class='ocrx_word' id='word_1_479' title='bbox 1788 1543 1878 1572; x_wconf 90' lang='lat' dir='ltr'><strong>istius</strong></span> <span class='ocrx_word' id='word_1_480' title='bbox 1901 1543 2021 1572; x_wconf 85' lang='lat' dir='ltr'><strong>articuli</strong></span> <span class='ocrx_word' id='word_1_481' title='bbox 2040 1543 2124 1582; x_wconf 88' lang='lat' dir='ltr'><strong>quod</strong></span> <span class='ocrx_word' id='word_1_482' title='bbox 2142 1543 2229 1572; x_wconf 86' lang='lat' dir='ltr'><strong>fieret</strong></span> <span class='ocrx_word' id='word_1_483' title='bbox 2245 1553 2337 1583; x_wconf 88' lang='lat' dir='ltr'><strong>pran-</strong></span> 
     </span>
     <span class='ocr_line' id='line_1_80' title="bbox 1427 1592 2338 1632; baseline 0.001 -11"><span class='ocrx_word' id='word_1_484' title='bbox 1427 1592 1510 1622; x_wconf 94' lang='lat' dir='ltr'><strong>dium</strong></span> <span class='ocrx_word' id='word_1_485' title='bbox 1533 1592 1695 1621; x_wconf 90' lang='lat' dir='ltr'><strong>honestum</strong></span> <span class='ocrx_word' id='word_1_486' title='bbox 1713 1602 1772 1631; x_wconf 88' lang='lat' dir='ltr'><strong>pro</strong></span> <span class='ocrx_word' id='word_1_487' title='bbox 1794 1592 1951 1632; x_wconf 85' lang='lat' dir='ltr'><strong>magistris</strong></span> <span class='ocrx_word' id='word_1_488' title='bbox 1973 1592 2113 1621; x_wconf 86' lang='lat' dir='ltr'><strong>nacionis</strong></span> <span class='ocrx_word' id='word_1_489' title='bbox 2138 1602 2223 1621; x_wconf 89' lang='lat' dir='ltr'><strong>more</strong></span> <span class='ocrx_word' id='word_1_490' title='bbox 2243 1593 2338 1622; x_wconf 87' lang='lat' dir='ltr'><strong>solito</strong></span> 
     </span>
     <span class='ocr_line' id='line_1_81' title="bbox 1427 1641 2336 1680; baseline 0.001 -10"><span class='ocrx_word' id='word_1_491' title='bbox 1427 1641 1579 1671; x_wconf 88' lang='lat' dir='ltr'><strong>interesse</strong></span> <span class='ocrx_word' id='word_1_492' title='bbox 1595 1641 1783 1677; x_wconf 90' lang='lat' dir='ltr'><strong>volentibus,</strong></span> <span class='ocrx_word' id='word_1_493' title='bbox 1801 1641 1843 1670; x_wconf 92' lang='lat' dir='ltr'><strong>ita</strong></span> <span class='ocrx_word' id='word_1_494' title='bbox 1861 1647 1962 1670; x_wconf 88' lang='lat' dir='ltr'><strong>tamen</strong></span> <span class='ocrx_word' id='word_1_495' title='bbox 1982 1641 2065 1680; x_wconf 93' lang='lat' dir='ltr'><strong>quod</strong></span> <span class='ocrx_word' id='word_1_496' title='bbox 2081 1641 2211 1680; x_wconf 90' lang='lat' dir='ltr'><strong>quilibet</strong></span> <span class='ocrx_word' id='word_1_497' title='bbox 2230 1651 2336 1671; x_wconf 87' lang='lat' dir='ltr'><strong>eorum</strong></span> 
     </span>
     <span class='ocr_line' id='line_1_82' title="bbox 1428 1690 2338 1729; baseline 0 -9"><span class='ocrx_word' id='word_1_498' title='bbox 1428 1692 1516 1720; x_wconf 89' lang='lat' dir='ltr'><strong>daret</strong></span> <span class='ocrx_word' id='word_1_499' title='bbox 1537 1697 1625 1720; x_wconf 86' lang='lat' dir='ltr'><strong>antea</strong></span> <span class='ocrx_word' id='word_1_500' title='bbox 1645 1690 1688 1719; x_wconf 89' lang='lat'><strong>111</strong></span> <span class='ocrx_word' id='word_1_501' title='bbox 1714 1690 1832 1719; x_wconf 87' lang='lat' dir='ltr'><strong>solidos</strong></span> <span class='ocrx_word' id='word_1_502' title='bbox 1847 1690 2014 1729; x_wconf 86' lang='lat' dir='ltr'><strong>parisiens.</strong></span> <span class='ocrx_word' id='word_1_503' title='bbox 2038 1696 2067 1719; x_wconf 89' lang='lat' dir='ltr'><strong>et</strong></span> <span class='ocrx_word' id='word_1_504' title='bbox 2090 1690 2179 1719; x_wconf 81' lang='lat' dir='ltr'><strong>nacio</strong></span> <span class='ocrx_word' id='word_1_505' title='bbox 2202 1690 2338 1720; x_wconf 89' lang='lat' dir='ltr'><strong>solveret</strong></span> 
     </span>
     <span class='ocr_line' id='line_1_83' title="bbox 1428 1739 2337 1778; baseline 0 -10"><span class='ocrx_word' id='word_1_506' title='bbox 1428 1740 1597 1769; x_wconf 90' lang='lat' dir='ltr'><strong>residuum.</strong></span> <span class='ocrx_word' id='word_1_507' title='bbox 1615 1739 1654 1768; x_wconf 89' lang='lat' dir='ltr'><strong>Et</strong></span> <span class='ocrx_word' id='word_1_508' title='bbox 1669 1745 1756 1768; x_wconf 89' lang='lat' dir='ltr'><strong>erant</strong></span> <span class='ocrx_word' id='word_1_509' title='bbox 1774 1745 1838 1768; x_wconf 84' lang='lat' dir='ltr'><strong>tres</strong></span> <span class='ocrx_word' id='word_1_510' title='bbox 1861 1739 2001 1778; x_wconf 86' lang='lat' dir='ltr'><strong>magistri</strong></span> <span class='ocrx_word' id='word_1_511' title='bbox 2021 1745 2196 1778; x_wconf 88' lang='lat' dir='ltr'><strong>presentes,</strong></span> <span class='ocrx_word' id='word_1_512' title='bbox 2219 1739 2337 1768; x_wconf 86' lang='lat' dir='ltr'><strong>scilicet</strong></span> 
     </span>
     <span class='ocr_line' id='line_1_84' title="bbox 1430 1787 2339 1828; baseline -0.001 -10"><span class='ocrx_word' id='word_1_513' title='bbox 1430 1788 1645 1818; x_wconf 87' lang='lat' dir='ltr'><strong>Ghiselbertus</strong></span> <span class='ocrx_word' id='word_1_514' title='bbox 1662 1788 1766 1823; x_wconf 81' lang='lat' dir='ltr'><strong>Scout,</strong></span> <span class='ocrx_word' id='word_1_515' title='bbox 1785 1787 1933 1828; x_wconf 84' lang='lat' dir='ltr'><strong>magister</strong></span> <span class='ocrx_word' id='word_1_516' title='bbox 1951 1787 2048 1817; x_wconf 91' lang='lat' dir='ltr'><strong>Ghiso</strong></span> <span class='ocrx_word' id='word_1_517' title='bbox 2062 1788 2099 1817; x_wconf 89' lang='lat' dir='ltr'><strong>de</strong></span> <span class='ocrx_word' id='word_1_518' title='bbox 2116 1787 2293 1827; x_wconf 86' lang='lat' dir='ltr'><strong>Ratinghen</strong></span> <span class='ocrx_word' id='word_1_519' title='bbox 2307 1794 2339 1817; x_wconf 91' lang='lat' dir='ltr'><strong>et</strong></span> 
     </span>
     <span class='ocr_line' id='line_1_85' title="bbox 1429 1836 2337 1877; baseline -0.001 -10"><span class='ocrx_word' id='word_1_520' title='bbox 1429 1838 1577 1877; x_wconf 87' lang='lat' dir='ltr'><strong>magister</strong></span> <span class='ocrx_word' id='word_1_521' title='bbox 1604 1837 1750 1867; x_wconf 89' lang='lat' dir='ltr'><strong>Nicolaus</strong></span> <span class='ocrx_word' id='word_1_522' title='bbox 1775 1837 1860 1872; x_wconf 88' lang='lat' dir='ltr'><strong>Piec,</strong></span> <span class='ocrx_word' id='word_1_523' title='bbox 1888 1846 2019 1876; x_wconf 87' lang='lat' dir='ltr'><strong>quorum</strong></span> <span class='ocrx_word' id='word_1_524' title='bbox 2049 1836 2178 1876; x_wconf 90' lang='lat' dir='ltr'><strong>quilibet</strong></span> <span class='ocrx_word' id='word_1_525' title='bbox 2206 1837 2337 1866; x_wconf 87' lang='lat' dir='ltr'><strong>debebat</strong></span> 
     </span>
     <span class='ocr_line' id='line_1_86' title="bbox 1429 1884 2339 1926; baseline -0.001 -11"><span class='ocrx_word' id='word_1_526' title='bbox 1429 1897 1522 1916; x_wconf 94' lang='lat' dir='ltr'><strong>unum</strong></span> <span class='ocrx_word' id='word_1_527' title='bbox 1546 1887 1682 1915; x_wconf 85' lang='lat' dir='ltr'><strong>francum</strong></span> <span class='ocrx_word' id='word_1_528' title='bbox 1702 1896 1759 1925; x_wconf 92' lang='lat' dir='ltr'><strong>pro</strong></span> <span class='ocrx_word' id='word_1_529' title='bbox 1778 1884 1914 1926; x_wconf 87' lang='lat' dir='ltr'><strong>jocundo</strong></span> <span class='ocrx_word' id='word_1_530' title='bbox 1933 1885 2062 1914; x_wconf 89' lang='lat' dir='ltr'><strong>introitu</strong></span> <span class='ocrx_word' id='word_1_531' title='bbox 2083 1895 2187 1915; x_wconf 86' lang='lat' dir='ltr'><strong>eorum</strong></span> <span class='ocrx_word' id='word_1_532' title='bbox 2206 1886 2244 1914; x_wconf 88' lang='lat' dir='ltr'><strong>ad</strong></span> <span class='ocrx_word' id='word_1_533' title='bbox 2266 1895 2339 1915; x_wconf 91' lang='lat' dir='ltr'><strong>con-</strong></span> 
     </span>
     <span class='ocr_line' id='line_1_87' title="bbox 1430 1934 2334 1975; baseline -0.001 -11"><span class='ocrx_word' id='word_1_534' title='bbox 1430 1935 1647 1975; x_wconf 87' lang='lat' dir='ltr'><strong>gregacionem</strong></span> <span class='ocrx_word' id='word_1_535' title='bbox 1671 1935 1810 1964; x_wconf 86' lang='lat' dir='ltr'><strong>nacionis</strong></span> <span class='ocrx_word' id='word_1_536' title='bbox 1837 1934 1869 1963; x_wconf 88' lang='lat' dir='ltr'><strong>in</strong></span> <span class='ocrx_word' id='word_1_537' title='bbox 1895 1934 2093 1964; x_wconf 85' lang='lat' dir='ltr'><strong>sublevamen</strong></span> <span class='ocrx_word' id='word_1_538' title='bbox 2112 1934 2334 1973; x_wconf 87' lang='lat' dir='ltr'><strong>predictorum.</strong></span> 
     </span>
     <span class='ocr_line' id='line_1_88' title="bbox 1430 1983 2341 2023; baseline -0.002 -9"><span class='ocrx_word' id='word_1_539' title='bbox 1430 1984 1470 2014; x_wconf 86' lang='lat' dir='ltr'><strong>Et</strong></span> <span class='ocrx_word' id='word_1_540' title='bbox 1483 1990 1569 2014; x_wconf 90' lang='lat' dir='ltr'><strong>erant</strong></span> <span class='ocrx_word' id='word_1_541' title='bbox 1584 1984 1646 2013; x_wconf 86' lang='lat' dir='ltr'><strong>dati</strong></span> <span class='ocrx_word' id='word_1_542' title='bbox 1661 1983 1839 2023; x_wconf 84' lang='lat' dir='ltr'><strong>provisores</strong></span> <span class='ocrx_word' id='word_1_543' title='bbox 1855 1994 1916 2013; x_wconf 90' lang='lat' dir='ltr'><strong>una</strong></span> <span class='ocrx_word' id='word_1_544' title='bbox 1931 1993 1998 2012; x_wconf 89' lang='lat' dir='ltr'><strong>cum</strong></span> <span class='ocrx_word' id='word_1_545' title='bbox 2014 1989 2175 2022; x_wconf 83' lang='lat' dir='ltr'><strong>receptore</strong></span> <span class='ocrx_word' id='word_1_546' title='bbox 2191 1983 2341 2023; x_wconf 86' lang='lat' dir='ltr'><strong>magister</strong></span> 
     </span>
     <span class='ocr_line' id='line_1_89' title="bbox 1429 2031 2335 2071; baseline -0.002 -9"><span class='ocrx_word' id='word_1_547' title='bbox 1429 2032 1587 2062; x_wconf 90' lang='lat' dir='ltr'><strong>Arnoldus</strong></span> <span class='ocrx_word' id='word_1_548' title='bbox 1597 2033 1634 2061; x_wconf 92' lang='lat' dir='ltr'><strong>de</strong></span> <span class='ocrx_word' id='word_1_549' title='bbox 1645 2031 1814 2061; x_wconf 70' lang='lat' dir='ltr'><strong>Emelisse³</strong></span> <span class='ocrx_word' id='word_1_550' title='bbox 1825 2038 1855 2061; x_wconf 89' lang='lat' dir='ltr'><strong>et</strong></span> <span class='ocrx_word' id='word_1_551' title='bbox 1865 2032 2013 2071; x_wconf 88' lang='lat' dir='ltr'><strong>magister</strong></span> <span class='ocrx_word' id='word_1_552' title='bbox 2021 2031 2202 2061; x_wconf 88' lang='lat' dir='ltr'><strong>Gherardus</strong></span> <span class='ocrx_word' id='word_1_553' title='bbox 2211 2031 2335 2061; x_wconf 87' lang='lat' dir='ltr'><strong>Calker.</strong></span> 
     </span>
    </p>

    <p class='ocr_par' dir='ltr' id='par_1_20' title="bbox 1431 2080 2339 2266">
     <span class='ocr_line' id='line_1_90' title="bbox 1470 2080 2339 2120; baseline -0.001 -11"><span class='ocrx_word' id='word_1_554' title='bbox 1470 2081 1542 2119; x_wconf 59' lang='grc' dir='ltr'>(Ποῖ.</span> <span class='ocrx_word' id='word_1_555' title='bbox 1563 2083 1578 2110; x_wconf 84' lang='grc'><strong>4</strong></span> <span class='ocrx_word' id='word_1_556' title='bbox 1595 2080 1618 2120; x_wconf 81' lang='lat'><strong>¹³)</strong></span> <span class='ocrx_word' id='word_1_557' title='bbox 1639 2080 1799 2109; x_wconf 89' lang='lat' dir='ltr'><strong>Secundus</strong></span> <span class='ocrx_word' id='word_1_558' title='bbox 1815 2080 1962 2109; x_wconf 88' lang='lat' dir='ltr'><strong>articulus</strong></span> <span class='ocrx_word' id='word_1_559' title='bbox 1980 2086 2045 2109; x_wconf 87' lang='lat' dir='ltr'><strong>erat</strong></span> <span class='ocrx_word' id='word_1_560' title='bbox 2064 2080 2102 2108; x_wconf 90' lang='lat' dir='ltr'><strong>ad</strong></span> <span class='ocrx_word' id='word_1_561' title='bbox 2119 2080 2284 2109; x_wconf 89' lang='lat' dir='ltr'><strong>videndum</strong></span> <span class='ocrx_word' id='word_1_562' title='bbox 2299 2081 2339 2109; x_wconf 86' lang='lat' dir='ltr'><strong>de</strong></span> 
     </span>
     <span class='ocr_line' id='line_1_91' title="bbox 1431 2128 2339 2168; baseline -0.001 -10"><span class='ocrx_word' id='word_1_563' title='bbox 1431 2130 1631 2168; x_wconf 86' lang='lat' dir='ltr'><strong>expedicione</strong></span> <span class='ocrx_word' id='word_1_564' title='bbox 1646 2129 1810 2168; x_wconf 88' lang='lat' dir='ltr'><strong>pignerum</strong></span> <span class='ocrx_word' id='word_1_565' title='bbox 1823 2129 1855 2157; x_wconf 93' lang='lat' dir='ltr'><strong>in</strong></span> <span class='ocrx_word' id='word_1_566' title='bbox 1866 2129 1995 2158; x_wconf 85' lang='lat' dir='ltr'><strong>nacione</strong></span> <span class='ocrx_word' id='word_1_567' title='bbox 2006 2129 2223 2168; x_wconf 85' lang='lat' dir='ltr'><strong>obligatorum.</strong></span> <span class='ocrx_word' id='word_1_568' title='bbox 2237 2128 2339 2168; x_wconf 86' lang='lat' dir='ltr'><strong>Super</strong></span> 
     </span>
     <span class='ocr_line' id='line_1_92' title="bbox 1431 2177 2338 2218; baseline -0.001 -11"><span class='ocrx_word' id='word_1_569' title='bbox 1431 2189 1492 2218; x_wconf 92' lang='lat' dir='ltr'><strong>quo</strong></span> <span class='ocrx_word' id='word_1_570' title='bbox 1510 2179 1598 2207; x_wconf 86' lang='lat' dir='ltr'><strong>nacio</strong></span> <span class='ocrx_word' id='word_1_571' title='bbox 1612 2178 1794 2207; x_wconf 85' lang='lat' dir='ltr'><strong>deliberavit</strong></span> <span class='ocrx_word' id='word_1_572' title='bbox 1810 2179 1894 2217; x_wconf 90' lang='lat' dir='ltr'><strong>quod</strong></span> <span class='ocrx_word' id='word_1_573' title='bbox 1917 2184 2116 2207; x_wconf 86' lang='lat' dir='ltr'><strong>servarentur</strong></span> <span class='ocrx_word' id='word_1_574' title='bbox 2135 2177 2210 2206; x_wconf 89' lang='lat' dir='ltr'><strong>alias</strong></span> <span class='ocrx_word' id='word_1_575' title='bbox 2226 2178 2264 2206; x_wconf 92' lang='lat' dir='ltr'><strong>de</strong></span> <span class='ocrx_word' id='word_1_576' title='bbox 2280 2177 2338 2207; x_wconf 87' lang='lat' dir='ltr'><strong>hoc</strong></span> 
     </span>
     <span class='ocr_line' id='line_1_93' title="bbox 1432 2227 2029 2266; baseline -0.003 -9"><span class='ocrx_word' id='word_1_577' title='bbox 1432 2234 1543 2257; x_wconf 86' lang='lat' dir='ltr'><strong>statuta</strong></span> <span class='ocrx_word' id='word_1_578' title='bbox 1558 2234 1588 2256; x_wconf 91' lang='lat' dir='ltr'><strong>et</strong></span> <span class='ocrx_word' id='word_1_579' title='bbox 1602 2227 1771 2256; x_wconf 89' lang='lat' dir='ltr'><strong>deliberata</strong></span> <span class='ocrx_word' id='word_1_580' title='bbox 1786 2237 1842 2266; x_wconf 90' lang='lat' dir='ltr'><strong>per</strong></span> <span class='ocrx_word' id='word_1_581' title='bbox 1859 2227 2029 2255; x_wconf 87' lang='lat' dir='ltr'><strong>nacionem.</strong></span> 
     </span>
    </p>

    <p class='ocr_par' dir='ltr' id='par_1_21' title="bbox 1431 2275 2342 2657">
     <span class='ocr_line' id='line_1_94' title="bbox 1470 2275 2341 2315; baseline -0.001 -10"><span class='ocrx_word' id='word_1_582' title='bbox 1470 2276 1599 2306; x_wconf 87' lang='lat' dir='ltr'><strong>Tercius</strong></span> <span class='ocrx_word' id='word_1_583' title='bbox 1610 2275 1756 2305; x_wconf 90' lang='lat' dir='ltr'><strong>articulus</strong></span> <span class='ocrx_word' id='word_1_584' title='bbox 1768 2282 1833 2305; x_wconf 88' lang='lat' dir='ltr'><strong>erat</strong></span> <span class='ocrx_word' id='word_1_585' title='bbox 1846 2285 1940 2314; x_wconf 89' lang='lat' dir='ltr'><strong>super</strong></span> <span class='ocrx_word' id='word_1_586' title='bbox 1949 2275 2054 2311; x_wconf 90' lang='lat' dir='ltr'><strong>scolis,</strong></span> <span class='ocrx_word' id='word_1_587' title='bbox 2067 2285 2144 2315; x_wconf 89' lang='lat' dir='ltr'><strong>quas</strong></span> <span class='ocrx_word' id='word_1_588' title='bbox 2158 2275 2246 2304; x_wconf 89' lang='lat' dir='ltr'><strong>nacio</strong></span> <span class='ocrx_word' id='word_1_589' title='bbox 2262 2275 2341 2304; x_wconf 87' lang='lat' dir='ltr'><strong>alias</strong></span> 
     </span>
     <span class='ocr_line' id='line_1_95' title="bbox 1431 2323 2338 2364; baseline -0.002 -10"><span class='ocrx_word' id='word_1_590' title='bbox 1431 2325 1587 2354; x_wconf 87' lang='lat' dir='ltr'><strong>concessit</strong></span> <span class='ocrx_word' id='word_1_591' title='bbox 1601 2325 1750 2364; x_wconf 84' lang='lat' dir='ltr'><strong>magistro</strong></span> <span class='ocrx_word' id='word_1_592' title='bbox 1764 2324 1897 2354; x_wconf 65' lang='lat' dir='ltr'><strong>,Iohanni</strong></span> <span class='ocrx_word' id='word_1_593' title='bbox 1912 2325 1950 2353; x_wconf 90' lang='lat' dir='ltr'><strong>de</strong></span> <span class='ocrx_word' id='word_1_594' title='bbox 1966 2323 2099 2359; x_wconf 87' lang='lat' dir='ltr'><strong>Stralen,</strong></span> <span class='ocrx_word' id='word_1_595' title='bbox 2111 2333 2180 2353; x_wconf 88' lang='lat' dir='ltr'><strong>cum</strong></span> <span class='ocrx_word' id='word_1_596' title='bbox 2191 2323 2259 2362; x_wconf 89' lang='lat' dir='ltr'><strong>ipse</strong></span> <span class='ocrx_word' id='word_1_597' title='bbox 2275 2333 2338 2353; x_wconf 86' lang='lat' dir='ltr'><strong>non</strong></span> 
     </span>
     <span class='ocr_line' id='line_1_96' title="bbox 1432 2372 2337 2413; baseline -0.002 -10"><span class='ocrx_word' id='word_1_598' title='bbox 1432 2380 1515 2403; x_wconf 88' lang='lat' dir='ltr'><strong>esset</strong></span> <span class='ocrx_word' id='word_1_599' title='bbox 1529 2380 1596 2403; x_wconf 86' lang='lat' dir='ltr'><strong>actu</strong></span> <span class='ocrx_word' id='word_1_600' title='bbox 1612 2383 1737 2413; x_wconf 84' lang='lat' dir='ltr'><strong>regens,</strong></span> <span class='ocrx_word' id='word_1_601' title='bbox 1748 2373 1822 2412; x_wconf 90' lang='lat' dir='ltr'><strong>quid</strong></span> <span class='ocrx_word' id='word_1_602' title='bbox 1836 2379 1920 2402; x_wconf 88' lang='lat' dir='ltr'><strong>esset</strong></span> <span class='ocrx_word' id='word_1_603' title='bbox 1931 2373 2082 2412; x_wconf 84' lang='lat' dir='ltr'><strong>agendum</strong></span> <span class='ocrx_word' id='word_1_604' title='bbox 2098 2373 2136 2401; x_wconf 87' lang='lat' dir='ltr'><strong>de</strong></span> <span class='ocrx_word' id='word_1_605' title='bbox 2150 2372 2214 2401; x_wconf 89' lang='lat' dir='ltr'><strong>illis</strong></span> <span class='ocrx_word' id='word_1_606' title='bbox 2230 2372 2337 2402; x_wconf 88' lang='lat' dir='ltr'><strong>scolis.</strong></span> 
     </span>
     <span class='ocr_line' id='line_1_97' title="bbox 1433 2421 2341 2462; baseline -0.001 -10"><span class='ocrx_word' id='word_1_607' title='bbox 1433 2423 1533 2462; x_wconf 91' lang='lat' dir='ltr'><strong>Super</strong></span> <span class='ocrx_word' id='word_1_608' title='bbox 1551 2433 1612 2462; x_wconf 93' lang='lat' dir='ltr'><strong>quo</strong></span> <span class='ocrx_word' id='word_1_609' title='bbox 1630 2422 1718 2451; x_wconf 91' lang='lat' dir='ltr'><strong>nacio</strong></span> <span class='ocrx_word' id='word_1_610' title='bbox 1733 2421 1926 2456; x_wconf 88' lang='lat' dir='ltr'><strong>deliberavit,</strong></span> <span class='ocrx_word' id='word_1_611' title='bbox 1939 2431 2007 2451; x_wconf 86' lang='lat' dir='ltr'><strong>cum</strong></span> <span class='ocrx_word' id='word_1_612' title='bbox 2022 2421 2170 2460; x_wconf 85' lang='lat' dir='ltr'><strong>magister</strong></span> <span class='ocrx_word' id='word_1_613' title='bbox 2181 2421 2341 2451; x_wconf 86' lang='lat' dir='ltr'><strong>Johannes</strong></span> 
     </span>
     <span class='ocr_line' id='line_1_98' title="bbox 1433 2470 2336 2509; baseline -0.003 -8"><span class='ocrx_word' id='word_1_614' title='bbox 1433 2472 1571 2506; x_wconf 89' lang='lat' dir='ltr'><strong>Stralen,</strong></span> <span class='ocrx_word' id='word_1_615' title='bbox 1593 2478 1626 2500; x_wconf 91' lang='lat' dir='ltr'><strong>ut</strong></span> <span class='ocrx_word' id='word_1_616' title='bbox 1645 2471 1792 2506; x_wconf 87' lang='lat' dir='ltr'><strong>asseruit,</strong></span> <span class='ocrx_word' id='word_1_617' title='bbox 1816 2481 1878 2499; x_wconf 91' lang='lat' dir='ltr'><strong>non</strong></span> <span class='ocrx_word' id='word_1_618' title='bbox 1897 2476 1961 2500; x_wconf 87' lang='lat' dir='ltr'><strong>erat</strong></span> <span class='ocrx_word' id='word_1_619' title='bbox 1984 2470 2170 2499; x_wconf 86' lang='lat' dir='ltr'><strong>intencionis</strong></span> <span class='ocrx_word' id='word_1_620' title='bbox 2190 2470 2336 2509; x_wconf 85' lang='lat' dir='ltr'><strong>regendi,</strong></span> 
     </span>
     <span class='ocr_line' id='line_1_99' title="bbox 1433 2518 2338 2560; baseline -0.001 -11"><span class='ocrx_word' id='word_1_621' title='bbox 1433 2521 1515 2560; x_wconf 89' lang='lat' dir='ltr'><strong>quod</strong></span> <span class='ocrx_word' id='word_1_622' title='bbox 1538 2520 1626 2549; x_wconf 89' lang='lat' dir='ltr'><strong>nacio</strong></span> <span class='ocrx_word' id='word_1_623' title='bbox 1647 2520 1744 2549; x_wconf 91' lang='lat' dir='ltr'><strong>libere</strong></span> <span class='ocrx_word' id='word_1_624' title='bbox 1766 2519 1894 2548; x_wconf 87' lang='lat' dir='ltr'><strong>haberet</strong></span> <span class='ocrx_word' id='word_1_625' title='bbox 1916 2519 2082 2557; x_wconf 87' lang='lat' dir='ltr'><strong>disponere</strong></span> <span class='ocrx_word' id='word_1_626' title='bbox 2105 2519 2143 2547; x_wconf 91' lang='lat' dir='ltr'><strong>de</strong></span> <span class='ocrx_word' id='word_1_627' title='bbox 2161 2518 2255 2547; x_wconf 88' lang='lat' dir='ltr'><strong>scolis</strong></span> <span class='ocrx_word' id='word_1_628' title='bbox 2277 2518 2338 2548; x_wconf 86' lang='lat' dir='ltr'><strong>illis</strong></span> 
     </span>
     <span class='ocr_line' id='line_1_100' title="bbox 1433 2567 2342 2608; baseline -0.002 -10"><span class='ocrx_word' id='word_1_629' title='bbox 1433 2576 1462 2598; x_wconf 90' lang='lat' dir='ltr'><strong>et</strong></span> <span class='ocrx_word' id='word_1_630' title='bbox 1486 2570 1516 2598; x_wconf 93' lang='lat' dir='ltr'><strong>in</strong></span> <span class='ocrx_word' id='word_1_631' title='bbox 1540 2575 1690 2608; x_wconf 88' lang='lat' dir='ltr'><strong>potestate</strong></span> <span class='ocrx_word' id='word_1_632' title='bbox 1712 2567 1777 2608; x_wconf 87' lang='lat' dir='ltr'><strong>ejus</strong></span> <span class='ocrx_word' id='word_1_633' title='bbox 1798 2574 1881 2597; x_wconf 86' lang='lat' dir='ltr'><strong>esset</strong></span> <span class='ocrx_word' id='word_1_634' title='bbox 1903 2568 2024 2596; x_wconf 87' lang='lat' dir='ltr'><strong>easdem</strong></span> <span class='ocrx_word' id='word_1_635' title='bbox 2049 2568 2134 2602; x_wconf 89' lang='lat' dir='ltr'><strong>dare,</strong></span> <span class='ocrx_word' id='word_1_636' title='bbox 2158 2573 2188 2596; x_wconf 90' lang='lat' dir='ltr'><strong>et</strong></span> <span class='ocrx_word' id='word_1_637' title='bbox 2207 2567 2342 2606; x_wconf 87' lang='lat' dir='ltr'><strong>amplius</strong></span> 
     </span>
     <span class='ocr_line' id='line_1_101' title="bbox 1433 2615 2242 2657; baseline -0.004 -10"><span class='ocrx_word' id='word_1_638' title='bbox 1433 2619 1581 2657; x_wconf 85' lang='lat' dir='ltr'><strong>magister</strong></span> <span class='ocrx_word' id='word_1_639' title='bbox 1593 2618 1607 2647; x_wconf 87' lang='lat' dir='ltr'>J</span> <span class='ocrx_word' id='word_1_640' title='bbox 1612 2618 1748 2647; x_wconf 91' lang='lat' dir='ltr'><strong>ohannes</strong></span> <span class='ocrx_word' id='word_1_641' title='bbox 1768 2617 1889 2646; x_wconf 90' lang='lat' dir='ltr'><strong>Stralen</strong></span> <span class='ocrx_word' id='word_1_642' title='bbox 1902 2626 1964 2645; x_wconf 91' lang='lat' dir='ltr'><strong>non</strong></span> <span class='ocrx_word' id='word_1_643' title='bbox 1979 2616 2107 2644; x_wconf 89' lang='lat' dir='ltr'><strong>deberet</strong></span> <span class='ocrx_word' id='word_1_644' title='bbox 2119 2615 2242 2645; x_wconf 87' lang='lat' dir='ltr'><strong>habere.</strong></span> 
     </span>
    </p>

    <p class='ocr_par' dir='ltr' id='par_1_22' title="bbox 1434 2664 2343 2804">
     <span class='ocr_line' id='line_1_102' title="bbox 1474 2664 2340 2704; baseline -0.002 -8"><span class='ocrx_word' id='word_1_645' title='bbox 1474 2667 1608 2704; x_wconf 89' lang='lat' dir='ltr'><strong>Quartus</strong></span> <span class='ocrx_word' id='word_1_646' title='bbox 1628 2666 1775 2695; x_wconf 81' lang='lat' dir='ltr'><strong>articulus</strong></span> <span class='ocrx_word' id='word_1_647' title='bbox 1796 2672 1861 2695; x_wconf 88' lang='lat' dir='ltr'><strong>erat</strong></span> <span class='ocrx_word' id='word_1_648' title='bbox 1881 2674 1975 2704; x_wconf 88' lang='lat' dir='ltr'><strong>super</strong></span> <span class='ocrx_word' id='word_1_649' title='bbox 1992 2664 2288 2703; x_wconf 88' lang='lat' dir='ltr'><strong>supplicacionibus,</strong></span> <span class='ocrx_word' id='word_1_650' title='bbox 2309 2670 2340 2694; x_wconf 89' lang='lat' dir='ltr'><strong>et</strong></span> 
     </span>
     <span class='ocr_line' id='line_1_103' title="bbox 1434 2713 2341 2755; baseline -0.003 -10"><span class='ocrx_word' id='word_1_651' title='bbox 1434 2716 1686 2755; x_wconf 85' lang='lat' dir='ltr'><strong>supplicaverunt</strong></span> <span class='ocrx_word' id='word_1_652' title='bbox 1713 2724 1771 2754; x_wconf 90' lang='lat' dir='ltr'><strong>pro</strong></span> <span class='ocrx_word' id='word_1_653' title='bbox 1795 2714 1857 2743; x_wconf 90' lang='lat' dir='ltr'><strong>illis</strong></span> <span class='ocrx_word' id='word_1_654' title='bbox 1884 2714 1977 2743; x_wconf 88' lang='lat' dir='ltr'><strong>scolis</strong></span> <span class='ocrx_word' id='word_1_655' title='bbox 2001 2723 2081 2752; x_wconf 83' lang='lat' dir='ltr'><strong>mag.</strong></span> <span class='ocrx_word' id='word_1_656' title='bbox 2114 2713 2270 2743; x_wconf 84' lang='lat' dir='ltr'><strong>Johannes</strong></span> <span class='ocrx_word' id='word_1_657' title='bbox 2301 2713 2341 2742; x_wconf 88' lang='lat' dir='ltr'><strong>de</strong></span> 
     </span>
     <span class='ocr_line' id='line_1_104' title="bbox 1434 2763 2343 2804; baseline -0.002 -10"><span class='ocrx_word' id='word_1_658' title='bbox 1434 2764 1617 2799; x_wconf 88' lang='lat' dir='ltr'><strong>Hockelem,</strong></span> <span class='ocrx_word' id='word_1_659' title='bbox 1652 2774 1731 2804; x_wconf 85' lang='lat' dir='ltr'><strong>mag.</strong></span> <span class='ocrx_word' id='word_1_660' title='bbox 1772 2763 1926 2792; x_wconf 90' lang='lat' dir='ltr'><strong>Henricus</strong></span> <span class='ocrx_word' id='word_1_661' title='bbox 1958 2763 2090 2792; x_wconf 84' lang='lat' dir='ltr'><strong>Rossem</strong></span> <span class='ocrx_word' id='word_1_662' title='bbox 2127 2769 2156 2791; x_wconf 87' lang='lat' dir='ltr'><strong>et</strong></span> <span class='ocrx_word' id='word_1_663' title='bbox 2191 2763 2343 2802; x_wconf 82' lang='lat' dir='ltr'><strong>magister</strong></span> 
     </span>
    </p>
   </div>
   <div class='ocr_carea' id='block_1_17' title="bbox 1463 2894 2045 2958">
    <p class='ocr_par' dir='ltr' id='par_1_23' title="bbox 1463 2894 2045 2958">
     <span class='ocr_line' id='line_1_105' title="bbox 1463 2894 1657 2916; baseline -0.005 0"><span class='ocrx_word' id='word_1_664' title='bbox 1463 2894 1486 2916; x_wconf 66' lang='lat' dir='ltr'><strong>lt.</strong></span> <span class='ocrx_word' id='word_1_665' title='bbox 1521 2894 1568 2916; x_wconf 68' lang='lat' dir='ltr'><strong>Ma.</strong></span> <span class='ocrx_word' id='word_1_666' title='bbox 1580 2900 1657 2915; x_wconf 83' lang='lat' dir='ltr'><strong>nona.</strong></span> 
     </span>
     <span class='ocr_line' id='line_1_106' title="bbox 1464 2926 2045 2958; baseline -0.002 -7"><span class='ocrx_word' id='word_1_667' title='bbox 1464 2930 1486 2952; x_wconf 86' lang='lat'><strong>5.</strong></span> <span class='ocrx_word' id='word_1_668' title='bbox 1522 2928 1639 2951; x_wconf 69' lang='lat' dir='ltr'><strong>Nationis</strong></span> <span class='ocrx_word' id='word_1_669' title='bbox 1652 2927 1753 2955; x_wconf 77' lang='lat' dir='ltr'><strong>Picard,</strong></span> <span class='ocrx_word' id='word_1_670' title='bbox 1767 2926 1799 2949; x_wconf 82' lang='lat' dir='ltr'><strong>de</strong></span> <span class='ocrx_word' id='word_1_671' title='bbox 1816 2935 1865 2958; x_wconf 89' lang='lat' dir='ltr'><strong>quo</strong></span> <span class='ocrx_word' id='word_1_672' title='bbox 1878 2926 1931 2955; x_wconf 80' lang='grc' dir='ltr'><em>Ῐαηι</em></span> <span class='ocrx_word' id='word_1_673' title='bbox 1941 2926 2045 2957; x_wconf 72' lang='lat' dir='ltr'><strong>pluries.</strong></span> 
     </span>
    </p>
   </div>
   <div class='ocr_carea' id='block_1_18' title="bbox 2135 0 2632 430">
    <p class='ocr_par' dir='ltr' id='par_1_24' title="bbox 2135 0 2632 430">
     <span class='ocr_line' id='line_1_107' title="bbox 2135 0 2632 430; baseline 0 3034"><span class='ocrx_word' id='word_1_674' title='bbox 2135 0 2632 430; x_wconf 95' lang='lat' dir='ltr'><strong> </strong></span> 
     </span>
    </p>
   </div>
   <div class='ocr_carea' id='block_1_19' title="bbox 2620 428 2632 790">
    <p class='ocr_par' dir='ltr' id='par_1_25' title="bbox 2620 428 2632 790">
     <span class='ocr_line' id='line_1_108' title="bbox 2620 428 2632 790; textangle 90"><span class='ocrx_word' id='word_1_675' title='bbox 2621 786 2624 790; x_wconf 97' lang='lat'><strong>.</strong></span> <span class='ocrx_word' id='word_1_676' title='bbox 2620 751 2623 754; x_wconf 71' lang='grc'>,</span> <span class='ocrx_word' id='word_1_677' title='bbox 2626 713 2627 716; x_wconf 62' lang='lat'><em>„</em></span> <span class='ocrx_word' id='word_1_678' title='bbox 2622 428 2632 683; x_wconf 47' lang='lat' dir='ltr'><strong>&#39;u-u—m-mu,*</strong></span> 
     </span>
    </p>
   </div>
   <div class='ocr_carea' id='block_1_20' title="bbox 2614 942 2632 1148">
    <p class='ocr_par' dir='ltr' id='par_1_26' title="bbox 2614 942 2632 1148">
     <span class='ocr_line' id='line_1_109' title="bbox 2614 942 2632 1148; textangle 90"><span class='ocrx_word' id='word_1_679' title='bbox 2620 1116 2632 1148; x_wconf 40' lang='grc' dir='ltr'><strong>,ω</strong></span> <span class='ocrx_word' id='word_1_680' title='bbox 2620 1020 2632 1108; x_wconf 40' lang='lat' dir='ltr'><strong>...saum</strong></span> <span class='ocrx_word' id='word_1_681' title='bbox 2614 942 2632 1015; x_wconf 42' lang='lat' dir='ltr'><strong>aza.)-</strong></span> 
     </span>
    </p>
   </div>
  </div>
 </body>
</html>
