2632 3464
274 430 330 458 289

316 507 392 537 Item
409 517 490 536 anno
507 517 569 547 quo
586 516 692 547 supra,
709 506 742 536 in
763 506 841 535 festo
861 504 1095 544 Assumptionis
1116 504 1182 534 vir-

275 556 359 597 ginis
382 555 554 596 gloriose⁴,
586 555 731 596 exposuit
753 560 897 594 receptor
930 553 1091 594 pecuniam
1124 563 1182 594 pro

274 605 408 645 prandio
421 605 460 634 ad
479 604 622 635 Sanctum
640 603 787 634 Cosmum
802 609 832 633 et
848 603 1040 633 Damianum.

316 653 392 684 Item
407 663 487 683 anno
503 653 628 684 Domini
646 653 733 687 1363,
750 652 782 682 in
797 651 932 682 crastino
943 651 1182 691 Assumpcionis

275 703 363 732 beate
381 702 478 732 Marie
495 702 684 742 computavit
698 707 842 741 receptor
858 700 998 730 meionis
1010 700 1182 741 Anglicane

276 757 306 781 et
330 751 502 792 permansit
524 750 642 792 quitum
663 756 694 780 et
720 750 839 790 quitum
866 750 946 780 infra
971 749 1131 779 nacionem
1153 755 1184 779 et

276 799 390 840 ipsum,
411 799 545 840 demptis
566 801 611 830 4⁹²
629 798 766 829 denariis
786 808 866 838 quos
885 798 974 828 nacio
990 798 1103 828 mansit
1121 798 1182 828 sihi

277 849 423 890 obligata.
445 848 520 879 item
541 848 729 888 supplicavit
747 847 882 883 nacioni,
903 857 971 877 cum
991 847 1023 877 in
1042 847 1087 877 rei
1103 847 1183 877 veri—

276 903 338 928 tate
363 898 464 938 ipsum
494 907 587 928 causa
610 897 789 927 necessaria
811 902 949 937 urgeret,
978 897 1066 926 nacio
1091 896 1184 926 vellet

277 946 379 987 ipsum
405 953 591 987 supportare
614 952 646 976 et
665 946 758 976 vellet
786 946 818 975 in
849 945 976 976 alterins
1010 945 1183 985 receptoris

277 995 462 1026 eleccionem
483 995 666 1035 procedere,
690 1001 720 1025 et
739 1005 888 1024 concessa
911 995 966 1024 suit
992 994 1183 1035 supplicacio

277 1045 442 1074 dummodo
461 1043 513 1074 ille
532 1044 586 1084 qui
605 1044 783 1084 eligeretur,
804 1043 919 1073 dictum
939 1043 1071 1073 officium
1091 1043 1185 1074 vellet

277 1102 421 1123 exercere
443 1099 474 1123 et
492 1099 651 1123 exerceret
669 1102 750 1122 anno
774 1093 877 1122 futuro
897 1102 995 1132 usque
1013 1093 1050 1122 ad
1073 1093 1183 1122 festum

276 1141 391 1172 Mathei
412 1148 589 1178 revertens,
616 1142 735 1172 scilicet
759 1142 842 1182 quod
867 1142 926 1172 erit
951 1152 1031 1171 anno
1059 1141 1184 1171 Domini

277 1191 366 1221 1364.

317 1239 393 1270 Item
416 1240 472 1270 fuit
495 1240 612 1270 electus
636 1239 833 1270 concorditer
857 1240 1005 1280 magister
1027 1239 1184 1269 lohannes

277 1288 362 1319 Neve
378 1289 417 1319 de
439 1289 642 1330 Novymagio,
666 1299 734 1319 cum
754 1281 860 1329 plures
881 1299 974 1319 voces
996 1289 1134 1324 haberet,
1156 1295 1186 1318 et

273 1336 390 1378 juravit
414 1337 588 1378 juramenta
620 1343 768 1368 consueta
794 1339 901 1367 eodem
927 1338 989 1374 die,
1013 1338 1132 1368 scilicet
1154 1338 1185 1367 in

277 1387 414 1416 crastino
439 1386 672 1427 Assumptionis
703 1387 800 1417 Marie
834 1387 978 1427 virginis,
1009 1387 1054 1417 sic
1085 1393 1185 1417 tamen

279 1436 362 1476 quod
373 1436 500 1466 deberet
514 1435 591 1465 illud
605 1435 736 1466 officium
752 1446 898 1466 exercere
910 1446 1009 1476 usque
1025 1437 1063 1465 ad
1075 1436 1185 1466 festum

278 1484 393 1514 Mathei
408 1491 571 1515 venturum
589 1485 621 1514 in
635 1486 818 1525 Septembre
836 1495 916 1515 anno
934 1485 1058 1515 Domini
1075 1485 1163 1514 1364.

320 1533 394 1563 Item
409 1543 489 1563 anno
502 1533 627 1563 Domini
645 1534 744 1569 1363⁰‚
762 1534 877 1564 mensis
890 1534 1024 1574 Augusti
1042 1535 1113 1564 13·Μ
1122 1534 1184 1570 die,

278 1591 358 1623 mag.
377 1582 534 1612 Johannes
551 1582 635 1612 Neve
649 1583 687 1612 de
702 1582 807 1612 Gelria
824 1589 854 1612 et
871 1593 953 1623 mag.
970 1583 1130 1612 Marcilius
1147 1584 1185 1612 de

278 1631 396 1671 lnghen
416 1632 454 1660 de
474 1631 665 1672 Novymagio
687 1642 725 1660 ex
747 1631 890 1672 integrali
911 1642 1064 1662 consensu
1087 1632 1185 1672 magi-

278 1685 412 1710 strorum
434 1680 575 1710 nacionis
595 1679 767 1721 Anglicane
791 1687 863 1710 ωηο
885 1680 1026 1710 Parisius
1048 1681 1186 1711 existen-

277 1729 352 1759 tium
369 1729 530 1759 solvebant
548 1729 679 1769 quilibet
701 1730 738 1759 13
758 1730 878 1760 solidos
896 1729 937 1760 vl
959 1730 1104 1760 denarios
1126 1739 1185 1770 pro

278 1778 420 1818 beyanyo
439 1787 546 1808 eorum
568 1779 606 1808 de
625 1778 726 1819 prima
746 1779 957 1818 procuratoris
974 1779 1124 1819 ipsorum,
1154 1779 1184 1808 in

277 1827 378 1868 platea
391 1828 429 1857 de
448 1826 584 1867 Cythara
598 1826 631 1857 in
645 1828 778 1867 hospicio
791 1829 917 1858 duorum
933 1830 1095 1868 cignei-um.

690 1920 788 1951 18⁶3

341 1989 541 2030 [Henricus
569 1991 612 2021 de
643 1991 858 2022 Heinbuche
884 1993 927 2022 de
956 1992 1123 2031 HassiaJ.

320 2070 397 2110 (Ποῖ.
407 2071 468 2111 50).
480 2070 572 2102 Anno
583 2071 708 2101 Domini
720 2073 821 2108 1363⁰‚
831 2072 863 2102 in
879 2073 929 2102 die
941 2072 1150 2103 Bartholomei
1158 2073 1182 2110 ²,

279 2120 355 2150 sacta
368 2120 614 2160 congregacione
623 2121 762 2151 nacionis
770 2121 940 2162 Anglicane
953 2122 985 2151 in
996 2122 1184 2159 Cat-melitis,

278 2168 395 2198 electus
409 2175 458 2199 est
471 2170 669 2200 concorditer
680 2170 712 2200 in
723 2177 915 2210 receptorem
927 2171 1076 2211 magister
1087 2171 1185 2202 Theo-

278 2217 404 2247 doricus
437 2218 546 2258 Dystel
574 2219 613 2248 de
637 2218 739 2255 Unna,
765 2219 850 2249 nullo
874 2220 1071 2256 reclamante,
1095 2231 1183 2251 suum

278 2265 410 2296 officium
427 2267 619 2298 exerciturus
634 2277 733 2308 usque
748 2268 780 2298 in
798 2268 907 2298 festum
922 2268 1037 2299 Mathei
1051 2279 1185 2310 sequen-

279 2314 320 2345 tis
336 2315 419 2345 anni.
441 2315 481 2346 Et
497 2317 603 2346 eadem
620 2316 670 2347 die
690 2322 720 2347 et
735 2316 812 2347 hora
828 2317 944 2348 electus
962 2318 1018 2348 fuit
1038 2319 1186 2359 magister

280 2363 434 2395 Heuricus
464 2365 646 2396 Heinbuche
667 2366 705 2395 de
728 2365 862 2396 Hassia⁸
884 2367 916 2397 in
939 2374 1182 2407 procuratorem.

279 2411 315 2442 ln
329 2411 418 2453 cujus
435 2413 649 2453 procuratorio
661 2420 727 2444 acta
742 2421 814 2445 sunt
830 2425 889 2455 que
907 2422 1090 2456 sequuntur.

319 2461 355 2491 ln
373 2462 451 2492 festo
467 2462 689 2493 Decollationis
705 2463 802 2494 sancti
821 2464 992 2494 Johannis⁴
1016 2466 1093 2495 facta
1110 2475 1185 2495 con-

279 2510 466 2551 gregacione
485 2512 625 2542 nacionis
649 2518 722 2553 post
745 2514 919 2543 sermon‘em
940 2513 972 2543 in
1001 2513 1184 2555 Cordigeris

279 2559 466 2600 supplicavit
479 2560 619 2591 bodellus
634 2560 741 2600 major,
757 2572 824 2591 cum
839 2569 963 2602 gereret
979 2563 1102 2593 labores
1115 2565 1185 2594 sub-

279 2607 410 2645 hedeni,
433 2615 463 2639 et
487 2618 544 2639 suo
570 2610 670 2640 officio
696 2610 767 2640 anni
793 2611 944 2650 preteriti,
973 2613 1056 2652 quod
1090 2613 1185 2642 eciam

280 2655 408 2687 luberet
421 2667 456 2687 ea
471 2667 531 2698 que
545 2658 606 2688 sibi
622 2659 774 2689 debentur
789 2660 1003 2690 emolumenta.
1021 2662 1087 2699 Que
1102 2662 1185 2702 [sup-

281 2704 422 2745 plicacio]
441 2716 589 2737 concessa
602 2708 668 2738 fuit.

311 2878 335 2901 3.
369 2878 388 2902 1.
402 2886 423 2901 e.
440 2878 487 2910 qm*
495 2881 599 2903 uocatur
611 2879 643 2903 de
655 2879 838 2911 Langen-«ein.
854 2881 907 2907 rid.
919 2881 1038 2907 Chartul.
1053 2882 1184 2913 Univern.¹

281 2913 327 2940 ΙΙΙ,
341 2918 368 2936 n·
381 2913 450 2942 ¹³07,
462 2922 488 2945 p.
502 2914 556 2941 183.
567 2917 618 2938 not.
635 2915 671 2941 14,
683 2918 707 2939 el
719 2916 792 2940 Rom
804 2917 829 2941 in
842 2917 1018 2942 Centrnlblatt
1031 2918 1072 2942 sur
1083 2918 1185 2943 Biblio-

281 2948 457 2976 tbekswenen,
473 2949 573 2974 seiheri
583 2950 605 2974 n
617 2951 708 2981 (188⁸).

361 2994 474 3014 Aua-rum
484 2994 606 3015 ctu-naurdi
619 2994 705 3015 n'a‘mun.
716 2996 782 3016 Parin.
793 3007 819 3013 —
837 2996 844 3017 l

779 429 893 456 LIBER
913 428 1227 456 PROCURATORUM
1247 427 1428 455 NATIONIS
1446 427 1692 454 ANGLICANAE

1221 951 1255 977 10

1222 1197 1256 1223 15

1223 1443 1257 1469 20

1222 1687 1256 1714 25

1222 1932 1256 1958 30

1222 2175 1256 2202 35

1223 2421 1256 2447 40

1224 2667 1257 2693 45

2145 428 2198 454 290

1332 503 1406 533 item
1436 503 1623 544 supplicavit
1654 504 1797 533 dominus
1829 503 2003 542 Heynricus
2031 504 2116 533 Rene
2140 514 2200 544 pro

1291 552 1380 582 litera
1405 553 1603 582 testimoniali
1631 552 1845 588 bacalariatus,
1873 559 1903 582 et
1927 553 2022 582 eciam
2051 563 2199 582 concessa

1292 602 1357 631 suit.

1332 650 1407 680 ltem
1430 650 1461 680 in
1480 651 1588 690 vigilia
1607 650 1783 680 Nativitatis
1804 650 1902 679 Marie
1927 650 2004 679 sacta
2026 660 2201 690 congrega-

1291 699 1374 729 tione
1390 699 1422 728 in
1435 699 1548 729 Sancto
1564 699 1726 734 Matulino,
1744 706 1888 738 receptor
1900 700 1960 728 duo
1972 699 2096 738 antiqua
2113 706 2198 728 scuta

1291 749 1410 788 accepit
1435 749 1472 778 de
1494 749 1587 784 cista,
1610 755 1644 778 ut
1668 748 1739 777 inde
1759 748 1952 788 presenciam
1974 748 2148 777 exsolveret
2167 748 2198 777 in

1291 797 1386 827 missa
1400 798 1482 837 apud
1496 797 1640 827 Sanctum
1657 797 1803 827 Cosmum
1819 803 1850 826 et
1865 797 2058 826 Damianum.

1332 846 1407 876 Item
1425 847 1456 876 in
1471 846 1612 886 proxima
1627 846 1801 875 dominica³
1818 852 1891 886 post
1900 846 2093 875 Nativitatem
2107 846 2201 886 magi-

1292 895 1366 925 stris
1388 895 1479 925 simul
1498 895 1680 925 cenantibus
1702 895 1850 935 magister
1869 895 2083 924 Theodoricus
2108 895 2202 924 solvit

1293 945 1329 974 12
1347 944 1466 974 solidos
1483 945 1607 974 racione
1629 944 1720 973 officii
1742 944 1915 983 receptorie
1933 954 1970 973 ex
1987 951 2074 983 parte
2093 945 2152 979 sui,
2172 950 2202 974 et

1292 994 1449 1023 restabant
1461 994 1503 1023 40‘
1518 993 1610 1023 solidi
1629 993 1770 1022 solvendi
1788 1003 1804 1022 a
1819 993 1959 1022 nacione.

1333 1043 1408 1072 ltem
1424 1043 1530 1072 sabato
1548 1041 1712 1082 proximo‘
1728 1049 1800 1082 post
1814 1043 1948 1081 [festum]
1965 1042 2079 1072 Mathei
2095 1053 2200 1082 recep-

1291 1097 1342 1121 tor
1369 1091 1568 1131 computavit,
1596 1097 1627 1121 et
1655 1091 1788 1131 singulis
1824 1092 2008 1131 computatis
2040 1092 2203 1121 tenebatur

1291 1141 1415 1170 nacioni
1432 1140 1531 1170 adhuc
1546 1141 1578 1170 in
1593 1141 1611 1170 3
1628 1140 1738 1170 solidis
1753 1146 1783 1169 et
1800 1150 1861 1170 uno
1879 1140 1988 1170 schuto
2002 1141 2139 1180 antiquo.

1334 1189 1409 1219 Item
1422 1190 1510 1219 nacio
1527 1189 1646 1219 remisit
1664 1189 1755 1219 michi
1773 1190 1963 1219 beanituram
1982 1190 2200 1219 exsolvendam

1293 1238 1325 1268 in
1342 1239 1442 1278 prima
1453 1238 1706 1279 procurat[0r]ia,
1723 1239 1821 1268 donec
1839 1239 1870 1267 in
1886 1238 2061 1278 pinguioris
2080 1240 2202 1268 fortune

1294 1294 1405 1317 statum
1422 1287 1630 1328 pervenirem.

1700 1341 1797 1371 1368

1518 1408 1698 1438 Albertus
1729 1409 1771 1438 de
1799 1409 1972 1438 Bavaria.

1333 1484 1424 1515 Anno
1438 1485 1563 1515 Domini
1580 1486 1657 1514 1363
1669 1485 1700 1514 in
1713 1485 1763 1514 die
1772 1484 1783 1503 ⁷
1790 1507 1849 1514 .....
1865 1486 1942 1514 sacta
1955 1486 2202 1525 congregacione

1294 1534 1433 1564 nacionis
1446 1534 1618 1574 Anglicane
1633 1535 1671 1563 ad
1686 1534 1829 1564 Sanctum
1847 1534 2000 1563 ,lulianum
2022 1544 2200 1574 pauperem,

1294 1583 1410 1613 electus
1432 1583 1488 1613 suit
1507 1583 1537 1612 in
1562 1590 1796 1623 procuratorem
1821 1583 1970 1623 magister
1994 1583 2142 1613 Albertus
2165 1585 2202 1613 de

1294 1631 1434 1662 Bavaria.
1463 1632 1497 1662 In
1522 1633 1609 1662 cuius
1633 1632 1847 1672 procuratoria
1876 1633 1952 1661 facta
1973 1639 2045 1661 sunt
2067 1632 2122 1662 hec
2143 1644 2202 1672 que

1294 1688 1450 1711 secuntur.

1334 1730 1393 1760 Die
1409 1731 1550 1770 predicto
1565 1741 1600 1760 ac
1614 1730 1683 1760 loco
1696 1731 1774 1760 sacta
1785 1731 2033 1770 congregacione
2050 1731 2203 1761 facultatis

1293 1780 1331 1809 ad
1345 1779 1521 1820 eligendum
1534 1786 1686 1809 rectorem
1703 1780 1867 1810 occasione
1880 1780 1989 1809 mortis
2002 1781 2203 1819 predecesso-

1292 1829 1349 1865 ris,
1384 1829 1500 1858 electus
1528 1829 1584 1858 fuit
1611 1828 1643 1858 in
1677 1835 1828 1859 rectorem
1865 1829 2014 1869 magister
2046 1829 2204 1860 Johannes

1294 1878 1505 1918 Ricmestorpt
1519 1877 1620 1908 dictus
1639 1879 1676 1908 de
1693 1878 1837 1908 Saxonia.

1335 1927 1409 1956 item
1429 1927 1535 1967 quinta
1557 1927 1607 1957 die
1627 1928 1743 1957 mensis
1766 1927 1911 1956 Octobris
1931 1928 2007 1957 sacta
2028 1938 2203 1968 congrega-

1293 1976 1382 2006 cione
1403 1976 1543 2006 nacionis
1567 1976 1643 2006 hora
1667 1977 1833 2016 primarum
1854 1977 1891 2005 ad
1915 1976 2059 2006 Sanctum
2083 1977 2202 2007 Matuli-

1293 2035 1365 2055 num
1380 2026 1418 2054 ad
1432 2025 1668 2066 supplicandum
1687 2026 1872 2066 supplicavit
1889 2026 2036 2066 magister
2045 2026 2203 2056 Johannes

1294 2074 1331 2104 de
1347 2074 1591 2114 Ricmenstorpt,
1607 2085 1665 2115 pro
1681 2081 1753 2104 tunc
1768 2075 1905 2104 existens
1920 2082 2032 2111 rector,
2050 2082 2202 2115 quatenus

1293 2123 1382 2153 nacio
1408 2122 1468 2153 sibi
1490 2123 1573 2152 illam
1599 2123 1735 2164 graciam
1763 2124 1861 2153 facere
1897 2125 2078 2164 dignaretur
2111 2135 2200 2164 quain

1294 2173 1443 2213 magistro
1458 2172 1628 2203 Wilhelmo
1649 2172 1760 2208 Buser,
1782 2173 1808 2202 si
1828 2183 1884 2213 pro
1905 2180 1977 2203 ωηο
1997 2173 2027 2202 ἰη
2051 2180 2202 2203 rectorem

1293 2221 1461 2262 eligeretur
1481 2221 1530 2251 vel
1549 2222 1722 2262 cuicunque
1741 2221 1829 2251 alteri
1847 2228 1953 2252 nostre
1971 2222 2111 2252 nacionis
2134 2234 2201 2252 cum

1294 2271 1434 2310 proxime
1445 2271 1476 2300 in
1487 2277 1639 2300 rectorem
1652 2270 1820 2311 eligeretur
1832 2271 1998 2306 concessit,
2008 2272 2202 2311 temporibus

1293 2319 1406 2359 quibus
1426 2326 1604 2360 competens
1627 2320 1744 2350 lucrum
1768 2330 1825 2360 pro
1845 2327 1924 2350 statu
1946 2331 2002 2350 suo
2018 2328 2120 2350 rector
2140 2331 2200 2350 non

1293 2368 1431 2404 haberet,
1460 2369 1578 2399 scilicet
1602 2369 1684 2409 quod
1715 2369 1814 2399 eidem
1843 2370 1881 2399 de
1907 2369 2036 2409 pecunia
2062 2370 2203 2399 nacionis

1293 2417 1350 2447 Xll
1369 2417 1476 2448 ssoreni
1497 2418 1743 2458 assignarentur.
1761 2418 1851 2456 Que⁸
1870 2418 1993 2458 quidem
2010 2419 2108 2458 gratia
2129 2429 2202 2458 pre-

1293 2467 1376 2496 dicto
1392 2466 1540 2507 magistro
1551 2466 1685 2496 Johanni
1698 2467 1754 2497 suit
1764 2477 1912 2497 concessa
1926 2468 1956 2497 in
1971 2467 2050 2497 hunc
2064 2469 2198 2503 modum,

1294 2516 1377 2556 quod
1393 2515 1460 2555 ipse
1475 2515 1632 2546 ,lohannes
1649 2517 1817 2556 predictam
1834 2523 1949 2546 sextam
1968 2517 2091 2546 bursam
2109 2527 2203 2556 capc-

1294 2571 1352 2600 ret,
1369 2565 1467 2594 donec
1482 2565 1651 2604 predictam
1667 2565 1838 2605 pecuniam,
1857 2565 1975 2595 scilicet
1997 2566 2032 2594 12
2053 2565 2199 2601 florenos,

1294 2614 1447 2654 reciperet
1474 2613 1726 2655 p[ar]ticuluriter
1746 2621 1775 2643 et
1800 2625 1836 2643 ex
1860 2620 1935 2648 toto,
1963 2625 2052 2654 quam
2084 2621 2200 2644 sextam

1294 2663 1418 2692 bursam
1443 2669 1586 2703 receptor
1607 2663 1746 2693 nacionis
1776 2662 1901 2702 colliget
1926 2663 2024 2692 eidem
2052 2663 2201 2703 magistro

1294 2711 1426 2741 Johanni
1446 2713 1664 2751 presentando.

1324 2813 1348 2837 4.
1381 2813 1412 2836 29
1422 2813 1538 2845 Augueti.

1324 2850 1346 2872 5.
1382 2849 1411 2872 10
1420 2848 1544 2879 Septemb.

1323 2884 1347 2907 «3.
1381 2884 1410 2907 2³
1422 2883 1546 2915 Septemb.

1324 2919 1348 2943 7,
1381 2919 1495 2951 Spatium
1510 2919 1535 2942 in
1547 2927 1592 2942 me.
1611 2927 1724 2943 vacuum.

1324 2955 1347 2978 8.
1381 2955 1466 2982 Que...
1482 2954 1656 2986 praemando
1666 2958 1755 2986 poclm
1768 2954 1852 2979 deleta
1866 2957 1932 2979 nunt.
