2632 3464
408 425 458 449 623
946 419 1167 445 AUCTARIL'M
1193 416 1452 444 CHARTULARII
1476 418 1649 444 UNIVERS.
1671 419 1789 446 PARIS.
2276 421 2328 446 624

408 499 629 538 multipliciter,
654 505 682 527 et
704 498 835 526 ledendo
858 496 1098 525 consuetudines
1121 494 1186 534 ejus
1206 494 1313 523 lauda-

408 549 485 577 biles
506 555 536 577 et
559 548 717 576 libertates
740 546 883 575 similiter
903 552 932 574 et
951 545 1131 584 privilegia,
1156 553 1216 582 que
1245 543 1312 582 ipse

408 607 592 626 conservare
605 595 720 636 juravit
735 596 766 624 in
784 595 1001 624 bachalariatu.
1021 593 1095 622 Nam
1116 593 1222 621 audire
1240 602 1313 631 pro-

408 646 524 685 posuit,
552 646 631 675 sicut
649 651 779 684 protunc
803 644 1001 683 passionatus
1024 649 1052 671 et
1071 642 1150 671 sicut
1170 641 1314 681 pertinax

409 696 479 724 fecit
506 702 535 724 et
559 695 702 723 continue
733 694 813 727 fecit,
845 703 905 721 non
938 693 1079 721 obstante
1109 692 1191 730 quod
1225 690 1315 719 scivit

410 746 497 779 bene,
516 744 739 773 ordinationem
758 743 890 771 nationis
904 752 973 770 esse
988 741 1088 780 ipsum
1105 750 1167 769 non
1184 740 1248 768 fore
1263 740 1314 768 ad-

410 794 588 822 mittendum
604 794 640 821 ad
658 792 811 821 natIOnem
827 802 883 830 per
896 791 980 819 illum
995 791 1127 824 modum,
1143 799 1232 828 quem
1247 789 1314 827 ipse

410 843 510 871 minus
528 842 763 875 rationabiliter,
780 851 850 879 ymo
862 839 973 879 injuste
987 840 1198 878 pretendebat.
1213 838 1314 875 Quare

409 892 539 920 finaliter
554 891 634 919 natio
655 891 892 929 protestabatur,
912 889 994 927 quod
1011 898 1064 917 sua
1077 887 1239 927 presencia
1253 896 1313 915 non

412 939 616 980 prejudicaret
637 939 751 968 nationi
776 949 831 967 nec
852 938 939 966 sactis
961 948 1015 976 per
1033 947 1097 966 eam
1122 936 1314 975 temporibus

410 990 583 1018 retroactis.
606 989 643 1017 Et
662 999 719 1027 ego
738 988 848 1016 Petrus
868 988 905 1016 de
922 986 1051 1016 Catwiic
1072 986 1194 1015 nomine
1215 985 1314 1014 natio-

411 1039 469 1072 nis,
496 1039 585 1067 etiam
607 1038 729 1066 nomine
754 1036 881 1075 proprio
907 1042 937 1065 et
958 1046 1015 1074 pro
1036 1045 1082 1064 me
1108 1036 1312 1074 protestabar.

411 1089 578 1117 Reservata
601 1097 674 1115 vero
704 1087 759 1115 suit
791 1096 871 1125 pena
899 1096 954 1114 sua
980 1085 1017 1113 de
1047 1095 1108 1113 non
1141 1085 1315 1113 obediendo

411 1136 525 1165 nationi
540 1147 592 1165 sue
608 1146 665 1175 pro
678 1136 746 1163 loco
759 1141 788 1164 et
798 1141 936 1173 tempore
947 1140 1134 1172 opportuno,
1148 1140 1181 1162 ut
1194 1134 1315 1172 plenius

412 1192 492 1224 patet
516 1185 659 1224 superius
683 1185 712 1212 in
735 1184 834 1223 prima
856 1183 991 1212 clausula
1012 1183 1101 1212 istius
1123 1183 1244 1222 pagine.
1270 1183 1315 1211 De

411 1235 470 1263 hiis
495 1234 637 1263 omnibus
660 1233 755 1272 petita
781 1239 852 1262 sunt
874 1233 1077 1261 instrumenta
1102 1232 1139 1260 de
1167 1232 1315 1271 magistro

410 1284 547 1312 Johanne
566 1284 603 1311 (le
624 1283 759 1311 Austria.

452 1333 525 1361 Item
551 1333 626 1360 facta
651 1332 892 1371 congregatione
916 1330 1134 1359 Universitatis
1159 1340 1216 1369 per
1228 1329 1316 1369 jura-

411 1388 543 1410 mentum
566 1382 645 1420 apud
672 1380 815 1409 Sanctum
841 1380 1027 1409 Maturinum
1051 1379 1139 1408 thla
1165 1379 1214 1408 die
1243 1379 1316 1408 Julii

411 1431 551 1459 similiter
566 1437 595 1458 et
613 1429 758 1463 nationis,
779 1429 960 1468 propositus
977 1429 1032 1457 suit
1047 1428 1077 1457 in
1094 1428 1316 1457 deliberatione

411 1480 543 1508 nationis
563 1479 620 1507 iste
642 1479 789 1507 articulus
809 1490 814 1506 :
834 1479 923 1515 Quod
940 1488 1006 1506 cum
1027 1478 1150 1516 quidam
1171 1478 1317 1516 magister

411 1535 516 1557 nostre
545 1528 677 1556 nationis
709 1528 877 1567 approbate
912 1527 984 1561 vite,
1023 1526 1142 1555 scilicet
1170 1527 1317 1566 magister

412 1577 592 1616 Radulphus
621 1578 658 1605 de
687 1577 799 1611 Lubec,
826 1577 963 1616 graviter
989 1576 1195 1605 infirmaretur
1224 1582 1254 1605 et
1279 1586 1316 1605 ex

411 1627 530 1655 defectu
553 1626 712 1663 regiminis
737 1625 768 1654 in
796 1625 1051 1654 neccessitatibus
1074 1625 1139 1653 suis
1159 1625 1314 1660 deficeret,

412 1686 472 1704 non
493 1677 633 1703 obstante
654 1675 735 1713 quod
754 1674 852 1703 libros
872 1675 971 1703 bonos
989 1674 1126 1708 haberet,
1148 1675 1185 1702 de
1204 1675 1316 1713 quibus

411 1725 437 1754 si
465 1725 756 1763 impignorarentur,
784 1724 830 1752 sui
856 1724 992 1752 desectus
1020 1729 1148 1762 possent
1172 1723 1314 1759 relevari,

411 1774 565 1813 quomodo
580 1773 661 1801 natio
678 1773 757 1801 sicut
770 1772 820 1811 pia
833 1779 929 1801 mater
947 1782 1003 1801 suo
1021 1771 1084 1800 filio
1100 1782 1207 1801 manus
1226 1773 1316 1802 debe-

411 1830 458 1851 ret
491 1822 652 1861 porrigere
677 1822 889 1850 subventrices
919 1822 1035 1860 absque
1063 1822 1214 1850 bonorum
1243 1822 1316 1851 dicti

412 1871 549 1910 magistri
575 1871 740 1910 dispendio
767 1877 796 1899 et
818 1870 1025 1909 dispersione.
1056 1870 1158 1909 Super
1183 1881 1244 1909 quo
1272 1871 1316 1900 sic

413 1921 466 1949 fuit
489 1920 689 1948 deliberatum
715 1921 797 1959 quod
823 1920 848 1948 si
876 1919 988 1958 aliquis
1013 1920 1160 1958 magister
1183 1920 1317 1949 nationis

412 1976 493 1998 esset
522 1976 632 2008 potens
662 1969 831 1997 concedere
862 1968 980 2008 aliquas
1007 1969 1154 2007 pecunias
1182 1970 1219 1997 ad
1242 1979 1317 1999 usus

412 2018 484 2047 dicti
509 2018 658 2057 magistri,
679 2018 907 2057 supplicaretur
922 2018 992 2052 sibi,
1011 2018 1093 2056 quod
1110 2017 1177 2046 illas
1196 2028 1317 2047 accom-

412 2068 549 2096 modaret
569 2068 625 2095 sub
650 2067 794 2095 caucione
818 2066 979 2095 sufficienti
1005 2067 1154 2095 librorum
1173 2067 1222 2096 vel
1244 2067 1316 2097 libri

413 2116 541 2155 predicti
566 2116 721 2154 magistri,
753 2122 782 2144 et
807 2116 833 2144 si
860 2115 961 2144 nullus
983 2115 1085 2144 taliter
1109 2116 1314 2151 inveniretur,

413 2165 494 2193 natio
522 2165 577 2192 hoc
603 2165 699 2193 voluit
721 2165 819 2193 facere
848 2165 907 2193 sibi
935 2164 1178 2193 miserIcorditer
1203 2167 1316 2195 subve-

413 2215 536 2242 niendo.
556 2213 644 2242 Unde
662 2215 737 2242 facta
750 2213 891 2252 diligenti
907 2213 1143 2252 investigatione
1158 2220 1187 2243 et
1200 2215 1316 2253 suppli-

413 2263 584 2291 cationibus
608 2263 676 2291 hinc
703 2263 772 2291 inde
796 2262 898 2297 factis,
918 2263 1040 2301 quidam
1064 2263 1211 2302 magister
1233 2274 1317 2292 com-

414 2312 532 2350 patiens
570 2312 739 2340 defectibus
782 2311 980 2350 supradictis,
1018 2311 1136 2340 scilicet
1171 2313 1317 2351 magister

414 2361 581 2389 Brunulsus
611 2360 727 2394 Karoli,
754 2360 934 2399 prepositus
967 2360 1139 2395 Scarensis,
1170 2371 1208 2390 ex
1242 2371 1317 2390 con-

413 2420 505 2438 sensu
525 2416 554 2438 et
571 2410 794 2448 supplicatione
813 2409 946 2438 nationis
962 2416 991 2438 et
1009 2409 1147 2449 magistri
1163 2410 1317 2449 Radulphi

414 2459 558 2487 mutuavit
578 2458 624 2487 vel
646 2458 887 2487 accommodavit
907 2458 937 2486 in
957 2459 1115 2497 presentia
1132 2458 1223 2498 plene
1241 2469 1317 2488 con-

413 2507 602 2545 gregationis
637 2507 769 2535 nationis
800 2499 868 2535 octo
899 2508 1019 2535 francos
1053 2508 1091 2535 ad
1123 2518 1211 2536 usum
1243 2508 1316 2537 dicti

414 2556 564 2594 magistri,
589 2566 666 2594 quos
691 2566 749 2595 ego
774 2562 958 2595 procurator
981 2562 1112 2595 protunc
1143 2557 1256 2595 recepi,
1288 2564 1317 2586 et

413 2604 613 2633 incontinenti
631 2605 778 2643 magistro
798 2605 954 2643 Heynrico
975 2605 1059 2633 Rane
1082 2605 1174 2634 Scoto
1190 2606 1314 2635 tradidi.

414 2653 672 2682 Reliabuitantem
683 2654 731 2682 vel
743 2654 859 2692 recepit
870 2653 1017 2693 magister
1031 2654 1198 2683 Brunulsus
1212 2655 1316 2683 Karoli

414 2702 535 2729 bibliam
569 2703 719 2741 quandam
752 2704 808 2731 sub
834 2702 902 2731 istis
939 2702 1202 2731 moderationibus
1233 2705 1315 2742 quod

415 2749 484 2786 (Fal.
509 2751 577 2786 3:3b)
606 2751 763 2789 predictus
784 2751 932 2790 magister
961 2751 1143 2790 Radulphus
1172 2753 1316 2781 redderet

447 2843 465 2865 l.
501 2845 547 2866 Ma.
562 2844 649 2873 repetit
663 2844 738 2874 quod.

444 2880 466 2900 2.
501 2879 643 2907 Albcrtum,
658 2879 744 2902 ducem
761 2879 889 2903 Austriae.

444 2915 465 2935 3.
501 2914 642 2936 Arnaldum
657 2915 750 2942 llornr,
766 2915 811 2946 qui
819 2915 870 2945 lull
884 2924 914 2937 (ιν
924 2917 999 2945 parte
1014 2914 1111 2938 Urbani
1131 2917 1166 2938 ΓΙ.

444 2950 467 2971 lo.
504 2951 573 2979 Quae
593 2954 732 2980 sequuntur
751 2959 829 2981 usque
853 2959 878 2981 p.
906 2951 960 2977 6⁴25,
984 2951 1021 2980 18,
1050 2951 1145 2981 scripta
1177 2954 1235 2974 sunt
1269 2952 1315 2974 sub

1353 937 1386 963 10

1354 1183 1386 1208 15

1354 1429 1387 1454 20

1354 1675 1388 1700 25

1354 1920 1388 1945 30

1354 2165 1388 2190 35

1354 2654 1387 2679 45

1421 494 1592 534 predictam
1603 496 1762 535 pecuniam
1775 496 1819 525 sic
1831 497 2088 525 accommodatam
2099 496 2158 525 sibi
2169 498 2206 526 ad
2218 498 2326 527 festum

1423 544 1597 574 Nativitatis
1628 545 1762 579 Christi,
1792 551 1821 574 et
1850 545 1876 574 si
1908 555 1985 580 non,
2017 546 2203 575 venderetur
2232 546 2327 577 biblia

1422 603 1479 632 per
1494 593 1648 622 nationem
1666 600 1696 623 et
1711 594 1850 633 predicto
1870 594 2016 623 mutuanti
2034 594 2283 633 persolveretur;
2301 595 2327 624 si

1422 652 1497 671 vero
1523 642 1592 682 plus
1619 643 1710 672 fuerit
1736 643 1875 677 vendita,
1906 643 2065 672 residuum
2098 643 2157 673 erit
2187 643 2326 684 magistri

1424 691 1590 731 Radulphi,
1617 692 1643 720 si
1668 692 1780 727 minus,
1810 698 1966 721 teneretur
1990 692 2147 731 supplere.
2172 693 2246 722 Item
2274 693 2329 723 fuit

1423 739 1584 779 adjectum,
1606 742 1688 780 quod
1710 741 1736 770 si
1753 742 1897 780 perderet
1913 741 1962 770 vel
1978 741 2130 770 amitteret
2143 751 2179 770 ex
2197 741 2330 772 infortu-

1423 789 1474 818 nio
1498 790 1668 829 predictam
1693 790 1834 825 bibliam,
1866 801 1928 819 non
1960 790 2029 830 plus
2062 791 2208 830 perderet
2238 801 2329 830 quam

1423 844 1569 877 quantum
1588 839 1753 874 concessit,
1774 839 1892 868 scilicet
1907 846 1976 868 octo
1996 841 2127 868 francos.
2150 839 2223 869 Item
2246 841 2329 879 quod

1424 887 1450 916 si
1466 887 1614 927 magister
1632 887 1801 917 Brunulfus
1823 888 1916 917 vellet
1935 898 2036 917 emere
2057 888 2182 917 bibliam
2203 889 2284 918 illam
2300 895 2330 918 et

1424 936 1450 965 si
1462 937 1660 971 venderetur,
1679 947 1744 966 eam
1763 937 1889 966 haberet
1906 944 1975 966 ante
1996 947 2218 977 quemcumque
2237 937 2328 967 alium

1424 995 1480 1024 pro
1492 986 1592 1025 equali
1604 986 1714 1025 pretio.
1730 986 1763 1015 ln
1774 987 1950 1016 testimonio
1962 986 2096 1015 omnium
2109 987 2330 1026 premissorum

1424 1035 1539 1074 scripta
1563 1041 1634 1064 sunt
1658 1035 1716 1064 ista
1742 1035 1773 1064 in
1798 1035 1873 1064 libr-0
1899 1037 2044 1071 nacionis,
2070 1042 2103 1065 ut
2123 1043 2255 1075 protunc
2276 1036 2338 1066 fuit.

1424 1083 1637 1112 deliberatum.

1465 1133 1540 1162 Item
1564 1133 1663 1162 XVII³
1686 1133 1735 1162 die
1766 1133 1839 1162 Julii
1862 1134 1943 1173 apud
1969 1133 2113 1162 Sanctum
2143 1134 2328 1164 Maturinum

1425 1182 1500 1211 facta
1518 1182 1624 1220 previa
1643 1182 1885 1222 congregatione
1902 1192 1956 1221 per
1967 1181 2184 1222 juramentum,
2204 1183 2330 1212 ordina-

1424 1238 1486 1260 tum
1507 1231 1562 1260 suit
1579 1232 1661 1270 quod
1678 1231 1756 1270 (cum
1774 1231 1868 1270 aliqui
1889 1231 2029 1270 magistri
2048 1232 2181 1261 nationis
2201 1232 2329 1262 Francie

1425 1280 1556 1309 fuissent
1586 1280 1702 1315 minati,
1728 1286 1761 1309 ut
1784 1281 1821 1309 ad
1847 1280 2032 1309 audientiam
2058 1281 2192 1310 nationis
2221 1287 2328 1311 nostre

1426 1328 1597 1368 pervenit)⁴
1624 1329 1817 1358 inhiberetur
1844 1329 1987 1358 omnibus
2012 1329 2183 1359 scolaribus
2212 1331 2330 1360 nostris

1425 1379 1483 1407 sub
1508 1378 1596 1417 penis
1621 1378 1764 1407 omnibus
1797 1378 2001 1418 possibilibus
2035 1379 2115 1418 ipsis
2151 1379 2260 1419 infligi,
2292 1389 2329 1409 ne

1425 1427 1542 1466 aliquid
1564 1433 1779 1467 attemptarent
1798 1427 1848 1457 via
1865 1428 1935 1457 facti
1956 1436 2061 1457 contra
2079 1428 2210 1467 aliquem
2233 1429 2330 1468 magi-

1426 1483 1522 1506 strum
1537 1477 1671 1505 nationis
1692 1476 1831 1511 Francic,
1853 1477 2020 1506 secundum
2036 1476 2208 1516 juramenta
2225 1484 2332 1507 nostra

1425 1527 1463 1555 de
1479 1536 1553 1565 pace
1572 1526 1735 1555 nutrienda
1752 1526 1833 1555 inter
1848 1526 1988 1555 nationes
2004 1533 2033 1555 et
2050 1527 2212 1566 supposita
2230 1527 2331 1556 natio-

1426 1585 1508 1604 num.
1539 1575 1577 1604 Et
1607 1575 1666 1604 ista
1697 1575 1878 1604 deliberatio
1906 1575 1962 1604 fuit
1995 1575 2166 1605 scolaribus
2194 1576 2331 1606 intimata

1426 1623 1639 1663 sollempniter
1655 1624 1852 1663 congregatis
1866 1623 1915 1652 die
1931 1624 2072 1663 sequenti
2087 1625 2168 1663 apud
2187 1624 2330 1654 Sanctum

1425 1673 1623 1702 Maturinum.
1647 1673 1678 1701 2⁰
1701 1673 1757 1702 suit
1777 1673 1912 1702 admissa
1930 1672 2116 1712 supplicatio
2138 1674 2329 1712 quorundam

1426 1722 1668 1751 bachalariorum
1690 1722 1727 1750 de
1749 1722 1890 1751 habenda
1907 1721 1996 1750 litera
2017 1722 2214 1752 testimoniali
2237 1733 2331 1763 super

1424 1771 1584 1801 vocatione
1600 1781 1654 1800 sua
1671 1771 1702 1800 in
1717 1771 1828 1800 Sancta
1839 1770 2004 1800 Genoseva.

1467 1821 1542 1850 Item
1559 1821 1634 1849 facta
1647 1820 1886 1860 congregatione
1898 1821 1978 1859 apud
1990 1820 2133 1850 Sanctum
2145 1820 2330 1850 Maturinum

1425 1869 1552 1899 XXV11=
1580 1870 1629 1898 die
1659 1869 1731 1898 Julii
1760 1868 1945 1908 supplicavit
1974 1869 2116 1898 dominus
2144 1869 2330 1899 VVilhelmus

1425 1919 1509 1948 Veen
1524 1929 1583 1948 van
1596 1918 1793 1947 Monikedam
1810 1928 1863 1957 pro
1878 1917 1967 1947 litera
1979 1918 2275 1948 recommendatoria
2290 1919 2329 1948 ad

1426 1968 1669 1997 illustrissimum
1693 1967 1865 2006 principem
1897 1967 2052 1996 dominum
2082 1968 2189 1996 ducem
2217 1967 2331 1997 Alber-

1425 2016 1528 2052 tum23
1552 2017 1624 2045 item
1642 2017 1679 2045 ad
1700 2026 1788 2045 suum
1808 2015 2016 2044 consiliarium
2035 2016 2190 2045 dominum
2211 2017 2331 2046 Conra-

1426 2067 1507 2095 dum.
1537 2065 1685 2095 Similiter
1713 2065 1899 2104 supplicavit
1924 2065 2067 2094 dominus
2097 2065 2244 2095 Albertus
2272 2076 2331 2095 van

1426 2116 1534 2145 Renen
1548 2125 1606 2154 pro
1621 2114 1710 2143 litera
1727 2114 2021 2143 recommendatoria
2039 2115 2076 2143 ad
2095 2115 2249 2143 dominum
2267 2115 2330 2154 epi-

1426 2175 1553 2204 scopum
1570 2164 1771 2192 Leodiensem
1783 2162 1806 2192 3.
1824 2163 1862 2191 Et
1876 2162 1930 2192 hee
1946 2163 2188 2203 supplicationes
2204 2163 2329 2193 multum

1425 2219 1582 2254 gratanter
1597 2214 1719 2242 suerunt
1734 2222 1892 2241 concesse.

1465 2262 1556 2292 Anno
1585 2261 1708 2290 Domini
1735 2261 1822 2296 1382,
1852 2271 1956 2290 mense
1984 2261 2128 2301 Augusti,
2153 2260 2250 2290 facta⁴
2275 2262 2330 2291 fuit

1426 2311 1630 2351 congregacio
1667 2310 1806 2339 nacionis
1838 2309 2008 2349 Anglicane
2041 2320 2098 2349 per
2124 2309 2329 2349 juramentum

1426 2361 1603 2400 regencium
1628 2366 1657 2388 et
1678 2369 1739 2388 non
1762 2359 1938 2398 regencium
1960 2359 1997 2387 ad
2020 2365 2194 2398 requestam
2214 2359 2330 2388 domini

1426 2409 1574 2448 Heynrici
1593 2408 1750 2442 Poelman,
1768 2418 1826 2447 pro
1842 2408 1989 2447 magistro
2010 2418 2043 2436 se
2059 2408 2197 2447 gerentis
2208 2407 2231 2443 5,
2254 2408 2330 2437 hora

1425 2459 1593 2498 primarum
1609 2458 1645 2486 ad
1663 2457 1805 2486 Sanctum
1824 2456 2021 2491 Maturinum‚
2042 2457 2072 2485 in
2086 2467 2146 2495 qua
2160 2467 2329 2497 congrega-

1426 2507 1513 2536 cione
1529 2507 1629 2535 dictus
1644 2506 1787 2535 dominus
1806 2505 1970 2534 Heinricus
1985 2505 2149 2544 requisivit
2167 2505 2327 2535 nacionem

1425 2557 1548 2590 dictam,
1574 2555 1717 2594 quatinus
1735 2565 1802 2584 eum
1821 2555 1993 2584 admitteret
2010 2555 2047 2582 ad
2064 2564 2170 2583 omnes
2190 2561 2276 2584 actus
2300 2561 2330 2584 et

1425 2604 1665 2634 consuetudines
1690 2604 1720 2632 in
1745 2604 1826 2632 dicta
1848 2603 1977 2632 nacione
2003 2603 2068 2632 fieri
2091 2610 2271 2638 consuetos,
2301 2609 2330 2633 et

1426 2661 1496 2693 post
1525 2654 1625 2683 statim
1650 2654 1687 2682 ad
1714 2652 1893 2682 instanciam
1920 2652 2058 2681 nacionis
2084 2662 2116 2681 se
2144 2653 2180 2680 ad
2212 2658 2329 2691 partem

1424 2703 1526 2737 traxit,
1553 2709 1582 2731 et
1601 2702 1722 2731 interim
1743 2701 1835 2730 nacio
1847 2701 1983 2729 decrevit
2003 2701 2062 2729 sibi
2082 2701 2328 2740 supplicandum,

1425 2752 1543 2781 scilicet
1557 2751 1639 2780 dicto
1659 2750 1807 2787 Henrico,
1824 2749 1967 2789 quatinus
1986 2750 2151 2778 desisteret
2169 2751 2206 2778 ab
2222 2749 2330 2789 hujus-

1424 2844 1527 2868 rubrica
1546 2852 1551 2867 ⁴.
1567 2845 1630 2867 Acta
1648 2843 1672 2866 in
1691 2842 1878 2874 procuracione
1896 2842 2018 2873 magistri
2034 2842 2160 2865 stanislai
2174 2842 2206 2865 de
2222 2841 2329 2866 Polonia

1424 2888 1492 2903 anno
1506 2879 1607 2903 Domini
1623 2880 1691 2906 1382.
1705 2886 1792 2902 mense
1805 2878 1924 2909 Augusti.
1939 2885 2016 2900 manu
2029 2877 2156 2901 Stanislai
2165 2878 2196 2901 de
2213 2877 2327 2905 Palania,

1424 2916 1469 2938 sed
1479 2915 1607 2947 pertinent
1617 2914 1862 2945 adprocurationem
1875 2913 1943 2937 Petri
1950 2913 1981 2936 de
1990 2914 2107 2937 Catwit'c.
2124 2913 2176 2936 Vid.
2187 2921 2212 2945 p.
2222 2913 2276 2942 651,
2287 2913 2325 2936 111.

1455 2952 1478 2974 5.
1511 2951 1612 2982 Recepit
1625 2949 1723 2973 interim
1733 2949 1915 2982 magisterium.
