2632 3464
282 412 337 439 305

323 488 430 518 Primo
443 488 493 517 die
512 487 603 517 lune⁴
622 492 694 527 post
708 487 817 516 festum
833 485 916 515 Luce
932 485 1009 513 facta
1021 492 1191 523 congrega-

283 537 368 567 tione
389 537 524 567 nationis
547 537 587 566 ad
605 535 790 566 audiendum
810 539 986 573 computum
1005 531 1190 571 receptoris‚

282 586 472 626 computavit
499 585 643 615 dominus
665 589 824 623 receptor,
850 588 881 611 et
904 581 1052 611 remansit
1075 579 1191 610 nationi

283 635 440 675 obligatus
464 634 608 664 omnibus
629 631 813 672 computatis
835 631 867 660 in
889 630 916 659 X
937 630 1052 659 francis
1076 635 1106 658 et
1131 628 1191 658 1111

290 684 412 719 solidis,
423 682 511 723 cujus
519 688 681 722 compotus
691 681 748 710 suit
757 680 958 720 approbatus.

327 733 402 763 Item
417 732 591 762 ordinatum
602 731 659 761 suit
671 730 785 760 ibidem
796 729 880 768 quod
892 728 1036 758 dominus
1048 733 1193 766 receptor

285 781 420 811 solveret
435 781 463 810 ll
477 780 612 810 florenos
625 789 682 819 pro
698 778 793 808 scolis
809 778 900 807 bonis
914 775 1123 817 acquirendis.

326 830 401 860 Item
413 830 527 859 ibidem
537 828 711 859 ordinatum
721 827 776 857 suit
785 827 869 867 quod
880 825 1028 866 magister
1041 825 1193 855 Ernestus

286 879 421 909 solveret
446 888 540 908 unum
563 877 712 907 florenum
735 886 794 916 pro
821 876 840 905 8
867 875 984 910 bursis,
1017 874 1047 903 in
1080 874 1193 914 quibus

287 928 406 958 nationi
423 938 462 958 ex
477 926 604 967 antiquo
619 926 791 955 tenebatur.

680 1017 780 1048 1864

386 1090 612 1121 Procuracio
638 1089 809 1129 magistri
835 1087 1026 1118 Wilhelmi
1050 1089 1092 1118 de

547 1138 784 1178 Dalgarnoch
813 1138 931 1167 Scoti.

325 1220 417 1250 Anno
441 1219 567 1250 Domini
585 1218 749 1248 millesimo
768 1218 978 1248 tricentesimo
1001 1217 1194 1257 sexagesimo

286 1275 408 1310 quarto,
430 1267 579 1299 vicesimo
598 1267 698 1307 primo
718 1267 768 1296 die
797 1267 913 1296 mensis
935 1266 1093 1301 Octobris,
1113 1266 1195 1306 apud

285 1318 440 1349 lulianum
465 1326 632 1357 pauperem
664 1316 743 1345 sacta
778 1315 1026 1355 congregacione
1055 1315 1195 1344 nacionis

285 1366 458 1407 Anglicane
481 1366 519 1395 ad
539 1365 715 1405 eligendum
738 1370 983 1404 procuratorem,
1004 1363 1119 1393 electus
1140 1363 1196 1393 suit

286 1416 319 1446 in
343 1421 574 1456 procuratorem
592 1413 673 1443 dicte
694 1413 832 1442 nacionis
852 1413 999 1453 magister
1018 1412 1195 1442 Willelmus

287 1465 326 1494 de
353 1463 550 1504 Dalgarnoch
573 1462 696 1492 Scotus.
725 1462 759 1492 ln
783 1460 871 1501 cujus
892 1461 1115 1501 procuracione
1135 1471 1195 1501 que

288 1520 360 1544 sunt
377 1514 454 1543 facta
469 1518 631 1552 sequntur,
646 1517 704 1541 etc.

327 1562 364 1592 ln
390 1562 499 1602 primis
520 1561 751 1591 memorandum
774 1560 858 1600 quod
874 1560 1023 1600 magister
1038 1560 1196 1590 Iohannes

287 1610 390 1651 Proys
420 1610 570 1640 satisfecit
599 1609 713 1639 ibidem
744 1609 782 1639 de
810 1609 837 1638 X
868 1609 990 1644 solidis,
1018 1609 1049 1638 in
1083 1609 1196 1648 quibus

287 1660 410 1690 nacioni
430 1659 602 1689 tenebatur.
628 1658 704 1688 Item
723 1658 825 1688 dictus
849 1657 997 1698 magister
1019 1657 1197 1687 Willelmus

287 1709 381 1739 solvit
399 1710 414 1738 1
432 1707 580 1737 florenum
598 1717 656 1747 pro
674 1717 730 1737 sua
745 1706 845 1746 prima
866 1706 1101 1746 procuracione.
1122 1706 1197 1736 Item

286 1757 428 1799 predicto
441 1757 492 1787 die
502 1757 591 1786 nacio
606 1756 662 1786 fuit
673 1756 705 1785 in
715 1756 843 1786 taberna
855 1756 893 1785 de
905 1757 1026 1791 malleo,
1043 1762 1073 1786 et
1083 1755 1197 1785 ibidem

288 1807 319 1837 in
355 1805 488 1847 prandio
524 1805 604 1835 ultra
634 1805 747 1835 dictam
779 1804 941 1845 pecuniam
981 1804 1070 1834 nacio
1105 1804 1199 1834 solvit

287 1854 445 1886 XXXVIII
465 1854 584 1884 solidos
606 1860 637 1884 et
654 1853 695 1883 VI
717 1853 874 1884 denarios.
899 1853 939 1883 Et
960 1859 1008 1883 est
1028 1863 1198 1883 memoran-

288 1906 360 1935 dum
373 1904 457 1944 quod
470 1904 594 1934 francus
606 1902 702 1933 valuit
713 1902 814 1933 XVIII
834 1902 965 1932 solidos.

330 1952 405 1983 Item
428 1953 573 1982 dominus
594 1951 812 1982 Ghiselbertus
832 1951 892 1982 Bot
913 1951 1030 1992 incepit
1048 1951 1098 1981 die
1120 1961 1198 1981 mer-

290 2000 390 2032 curii'
406 2001 548 2042 proximo
565 2007 635 2031 ante
655 2002 765 2031 festum
781 2000 925 2032 Omnium
941 2000 1124 2030 Sanctorum
1140 2000 1198 2029 sub

289 2050 438 2090 magistro
461 2049 622 2079 Willelmo
645 2049 758 2085 Buzer,
788 2047 876 2090 cujus
904 2049 1000 2079 bursa
1026 2048 1068 2078 IX
1092 2047 1196 2084 solidi,

290 2099 394 2128 franco
409 2098 529 2128 valente
545 2104 578 2128 ut
590 2107 695 2138 supra.

330 2147 405 2177 Item
414 2146 562 2188 magister
571 2146 723 2177 Ernestus
731 2147 770 2176 de
778 2145 913 2177 Wulven
922 2146 1015 2176 solvit
1025 2147 1038 2175 1
1050 2146 1199 2176 florenum

288 2206 348 2237 pro
364 2195 469 2226 bursis
486 2195 631 2225 videlicet
646 2195 677 2225 in
695 2195 808 2236 quibus
826 2196 988 2225 tenebatur
1007 2206 1044 2225 ex
1058 2195 1197 2235 antiquo.

331 2244 406 2275 Item
421 2244 525 2274 audito
536 2250 682 2284 compoto
693 2244 865 2284 receptoris
877 2243 1009 2274 XVlll⁷⁰
1021 2244 1071 2274 die
1082 2244 1198 2273 mensis

289 2293 487 2328 Novembris.
515 2299 659 2333 receptor
678 2293 826 2323 remansit
846 2293 1001 2333 obligatus
1026 2293 1147 2323 nacioni
1167 2293 1199 2322 in

288 2341 362 2372 vlu
381 2342 496 2372 francis
513 2348 543 2372 et
562 2341 603 2372 lx
625 2341 748 2377 solidis,
770 2342 876 2371 franco
896 2341 1016 2371 valente
1038 2348 1071 2372 ut
1091 2351 1196 2382 supra.

699 2434 798 2464 1864

330 2507 404 2547 (rot.
435 2507 484 2547 54)
515 2506 736 2537 procuratio
767 2507 939 2547 magistri
977 2506 1159 2537 Johannis

627 2556 768 2596 Prroys
786 2556 861 2596 (sic).

330 2635 422 2666 Anno
444 2636 568 2666 Domini
590 2636 754 2667 millesimo
773 2636 983 2667 tricentesimo
1005 2637 1200 2677 sexagesimo

291 2690 414 2726 quarto,
431 2685 551 2715 decimo
566 2691 675 2716 octavo
694 2685 745 2715 die
763 2685 879 2715 mensis
897 2685 1092 2721 Novembris,
1117 2687 1199 2726 apud

290 2733 446 2764 «Iulianum
475 2743 643 2775 pauperem
677 2734 755 2764 sacta
792 2735 1035 2775 congregatione
1065 2735 1200 2765 nationis

291 2782 464 2822 Anglicane
483 2782 521 2812 ad
541 2782 717 2823 eligendum
736 2789 981 2823 procuratorem,
1006 2783 1122 2814 electus
1145 2783 1201 2814 suit

324 2897 347 2921 1.
380 2897 407 2921 21
423 2897 550 2922 oduario.

283 2954 286 2958 .
322 2933 347 2957 2.
380 2934 411 2956 ³0
424 2933 548 2958 Octobriu-

373 2979 486 2998 Aueun'u
497 2978 620 2999 chun-laria·
632 2978 719 3000 vnwm.
729 2980 796 3000 Parit.
807 2990 834 2996 —
851 2979 867 3002 Ι,

797 409 911 436 LIBER
934 406 1245 434 PROCURATORUM
1266 405 1447 432 NATIONIS
1466 405 1711 431 ANGLICANAE

1230 926 1264 952 1⁰

1231 1170 1265 1196 15

1233 1415 1267 1441 20

1234 1661 1268 1686 25

1235 1906 1270 1932 30

1236 2151 1270 2177 35

1237 2395 1271 2422 40

1237 2639 1271 2666 45

2157 404 2208 429 306

1300 481 1331 510 in
1357 487 1589 521 procuratorem
1613 481 1693 510 dicte
1719 480 1858 509 nacionis
1882 481 2030 519 magister
2051 480 2208 509 Johannes

1301 530 1414 570 Proys.
1443 530 1478 559 In
1497 528 1584 569 cujus
1607 530 1825 569 procuratione
1858 529 1934 558 sacta
1964 535 2035 557 sunt
2064 528 2119 557 hec
2149 539 2207 568 que

1301 585 1460 608 secuntur.

1342 628 1376 657 In
1411 629 1514 668 primo
1550 628 1699 667 magister
1736 626 1894 656 Johannes
1930 626 2089 665 predictus
2119 626 2210 655 solvit

1300 687 1395 707 unum
1410 677 1559 706 florenum
1576 677 1614 706 de
1630 676 1729 716 prima
1745 676 1962 715 procuratione
1981 685 2045 704 sua.

1342 727 1417 756 Item
1439 726 1522 755 natio
1546 725 1578 755 in
1604 726 1654 755 die
1685 724 1782 754 sancti
1810 724 1964 753 Emondi³
1990 724 2075 763 regis
2100 724 2155 753 suit
2180 725 2210 753 iu

1301 776 1428 805 taberna
1451 775 1481 804 in
1499 775 1600 814 platea
1618 774 1764 804 Sutorum
1787 773 1817 802 in
1835 773 1976 812 hospicio
1995 773 2079 812 apud
2093 774 2212 812 ymagi-

1301 835 1366 853 nem
1380 832 1479 852 nostre
1489 825 1624 853 Domine.
1639 823 1755 852 Ibidem
1768 822 1850 851 natio
1864 821 2058 861 consumpsit
2073 821 2208 860 quinque

1301 873 1397 902 libras
1421 883 1490 902 cum
1513 872 1654 906 dimidia,
1682 872 1720 900 de
1745 871 1858 911 quibus
1882 871 2041 900 solverunt
2066 870 2213 910 magister

1301 921 1518 952 Ghiselbertus
1530 922 1589 951 Bot
1604 931 1696 951 unum
1709 920 1857 950 florenum
1868 930 1926 960 pro
1934 918 2071 959 jocundo
2080 919 2213 949 adventu

1301 971 1566 1011 congregationis,
1606 977 1636 1000 et
1670 970 1818 1010 magister
1858 969 2015 998 Johannes
2054 969 2212 1008 predictus

1301 1031 1394 1051 unum
1410 1020 1558 1050 florenum
1572 1030 1629 1059 pro
1642 1019 1740 1059 prima
1754 1018 1972 1059 procuratione
1988 1028 2054 1052 sua,
2072 1018 2212 1047 residuas

1301 1076 1433 1109 quatuor
1454 1069 1550 1098 libras
1572 1068 1664 1098 solvit
1682 1075 1836 1107 receptor.
1859 1067 1933 1096 Item
1956 1066 2050 1096 solvit
2071 1073 2213 1106 receptor

1302 1119 1409 1148 eodem
1427 1118 1477 1147 die
1490 1117 1618 1147 XXVIII
1638 1117 1756 1146 solidos
1774 1127 1833 1156 pro
1849 1116 2134 1145 distributionibus.

1342 1167 1418 1196 Item
1430 1167 1577 1196 vicesima
1589 1167 1620 1195 2·
1635 1166 1685 1196 die
1702 1165 1839 1206 ejusdem
1852 1165 1967 1194 mensis
1987 1165 2063 1194 sacta
2081 1174 2215 1204 congre·

1302 1217 1431 1256 gacione
1446 1217 1527 1256 apud
1540 1215 1685 1245 Sanctum
1699 1215 1854 1244 lulianum
1865 1224 2044 1254 pauperem,
2061 1213 2214 1253 supplica-

1301 1266 1346 1295 vit
1367 1266 1511 1295 dominus
1534 1264 1719 1294 Franciscus
1742 1264 1854 1293 Neetze
1874 1264 1911 1292 de
1935 1263 2046 1292 Prusia
2070 1262 2215 1302 quatinus

1303 1320 1557 1354 exspectarentur
1570 1313 1629 1343 sibi
1645 1314 1738 1343 burse
1754 1312 1942 1352 inceptionis
1958 1322 2025 1346 sue,
2045 1318 2075 1340 et
2090 1321 2215 1340 conces-

1304 1374 1371 1394 sum
1389 1363 1446 1393 fuit
1455 1363 1515 1392 sibi
1526 1372 1624 1402 usque
1640 1362 1678 1391 ad
1693 1362 1772 1392 duos
1788 1372 1898 1396 annos,
1915 1362 1986 1390 dum
2000 1367 2100 1390 tamen
2117 1370 2215 1399 pone-

1304 1419 1352 1442 ret
1376 1412 1496 1442 literam
1520 1411 1659 1441 officialis
1687 1412 1770 1450 quod
1795 1417 1866 1440 tunc
1892 1410 2028 1440 solveret
2055 1410 2112 1439 sub
2136 1419 2214 1448 pena

1304 1460 1641 1495 excommunicationis,
1654 1461 1693 1489 de
1705 1471 1764 1500 qua
1775 1459 1904 1499 pecunia
1917 1459 2060 1488 dominus
2073 1464 2215 1497 receptor

1304 1509 1423 1549 recepit
1444 1509 1574 1539 literam.
1597 1509 1657 1546 Qui
1677 1509 1820 1538 dominus
1843 1507 2002 1547 predictus
2023 1506 2138 1546 incepit
2158 1507 2214 1535 sub

1305 1559 1454 1599 magistro
1469 1557 1609 1588 Johanne
1622 1558 1660 1587 de
1677 1557 1821 1592 Saxonia,
1841 1556 1927 1596 cujus
1944 1557 2039 1586 bursa
2051 1555 2091 1585 VI
2108 1555 2213 1590 solidi,

1305 1608 1423 1638 floreno
1437 1607 1557 1637 valente
1572 1607 1627 1636 XV
1642 1606 1772 1636 solidos.

1346 1657 1422 1686 Item
1442 1657 1569 1686 sabbato
1580 1655 1591 1673 ⁴
1613 1662 1685 1696 post
1704 1655 1813 1684 festum
1831 1654 1969 1694 Nycolay
1986 1654 2064 1683 sacta
2080 1664 2214 1693 congre-

1306 1706 1429 1746 gatione
1458 1705 1591 1734 nationis
1626 1705 1845 1744 magistrorum
1877 1703 2055 1743 regencium
2091 1709 2121 1732 et
2154 1713 2214 1731 non

1306 1754 1485 1795 regencium
1499 1764 1556 1794 per
1565 1752 1771 1793 juramentum
1787 1753 1818 1782 in
1832 1753 1923 1782 domo
1942 1751 2105 1792 capitulari
2124 1752 2215 1781 Jaco-

1306 1805 1449 1839 bstarum,
1471 1803 1658 1843 supplicavit
1675 1802 1823 1842 magister
1841 1801 2057 1831 Ghiselbertus
2078 1800 2216 1840 VVighen

1306 1854 1344 1883 de
1375 1851 1575 1882 Ghoriichem
1606 1851 1751 1891 quatinus
1785 1851 1868 1880 natio
1897 1851 1985 1879 daret
2008 1849 2068 1879 sibi
2097 1849 2215 1878 literam

1306 1901 1541 1933 testimonialem
1567 1901 1649 1940 quod
1678 1900 1746 1940 ipse
1770 1899 1826 1929 fuit
1850 1906 1918 1929 actu
1939 1909 2052 1939 regens
2078 1905 2215 1937 tempore

1307 1950 1536 1981 inrotulationis
1551 1956 1581 1979 et
1595 1949 1688 1978 rotuli
1703 1949 1920 1983 ordinationis,
1940 1948 2011 1987 quia
2030 1948 2097 1987 ipse
2108 1948 2214 1976 eodem

1307 2007 1445 2040 tempore
1463 1998 1580 2038 incepit
1599 1998 1630 2027 in
1650 1998 1779 2027 artibus.
1805 1997 1844 2026 Et
1861 2007 2010 2027 concessa
2028 1996 2085 2025 fuit
2103 1996 2163 2025 sibi
2182 1995 2213 2024 in

1307 2050 1405 2079 forma
1423 2059 1484 2088 qua
1498 2047 1565 2077 fieri
1584 2053 1693 2087 posset
1710 2047 1830 2076 meliori
1852 2056 1907 2086 per
1922 2056 2029 2075 omnes
2048 2045 2215 2084 magistros

1307 2097 1421 2127 ibidem
1440 2097 1620 2126 existentes.
1639 2096 1678 2125 Et
1689 2095 1891 2125 consimiliter
1909 2095 1964 2124 fuit
1976 2103 2126 2124 concessa
2141 2103 2217 2122 con-

1308 2146 1418 2176 similis
1448 2146 1537 2175 litera
1565 2144 1782 2175 testimonialis
1814 2144 1963 2184 magistro
1998 2143 2139 2182 Ryeoldo
2179 2142 2217 2171 de

1309 2194 1477 2236 Haest[en].

1348 2244 1423 2274 Item
1438 2245 1457 2274 9
1474 2244 1524 2273 die
1543 2243 1659 2273 mensis
1676 2242 1858 2272 Decembris
1875 2243 1951 2271 sacta
1970 2240 2217 2280 congregacione

1307 2294 1390 2334 apud
1403 2293 1622 2327 Martellinum‚
1641 2298 1786 2321 statutum
1799 2291 1854 2320 suit
1867 2291 1950 2330 quod
1960 2314 1967 2324 ‚
1982 2290 2217 2329 quibuscunque

1308 2342 1467 2382 magistris
1488 2341 1662 2371 inrotulatis
1686 2341 1812 2370 daretur
1834 2340 1921 2369 litera
1941 2338 2156 2369 testimonialis
2180 2338 2217 2367 de

1308 2391 1448 2432 regentia
1476 2390 1598 2425 actuali,
1624 2390 1707 2430 quod
1736 2389 1796 2429 ipsi
1824 2389 2051 2429 promitterent,
2080 2388 2106 2416 si
2134 2387 2217 2416 natio

1307 2440 1428 2480 aliquos
1445 2440 1567 2469 labores
1585 2439 1633 2468 vel
1649 2449 1801 2478 expensas
1818 2438 1848 2467 in
1866 2438 2015 2467 mittendo
2031 2436 2161 2465 nuncios
2178 2436 2214 2465 ad

1308 2489 1424 2519 curiam
1449 2489 1585 2528 [faceret]
1602 2488 1650 2517 vel
1669 2487 1780 2527 quovis
1801 2486 1860 2516 alio
1882 2487 1972 2515 modo
1990 2496 2048 2525 pro
2071 2485 2149 2525 ipsis
2169 2484 2215 2514 vel

1308 2538 1437 2568 utilitate
1449 2548 1568 2573 eorum,
1580 2537 1662 2577 quod
1676 2536 1735 2576 ipsi
1747 2536 1981 2565 contribuet-ent
1992 2534 2107 2564 nationi
2119 2544 2217 2573 usque

1308 2588 1346 2617 ad
1358 2586 1410 2617 LV
1422 2596 1604 2628 grossorum
1620 2586 1668 2616 vel
1688 2585 1768 2625 plus.

1348 2637 1389 2666 Et
1412 2636 1442 2666 in
1466 2636 1566 2676 primo
1591 2635 1739 2675 magister
1768 2634 1926 2673 Rycoldus
1949 2633 1986 2662 de
2011 2632 2165 2670 Haeft[en]
2188 2638 2218 2661 et

1308 2685 1456 2726 magister
1471 2684 1688 2714 Ghiselbertus
1704 2684 1741 2712 dc
1759 2682 1897 2722 wighen
1915 2682 1951 2711 de
1968 2681 2066 2711 literis
2082 2680 2217 2710 testimo-

1308 2734 1442 2764 nialibus
1477 2733 1688 2774 promiserunt
1723 2742 1756 2761 se
1796 2730 1962 2765 solutores,
2005 2736 2034 2759 et
2071 2729 2218 2770 magister

1308 2783 1497 2814 Wilhelmus
1513 2782 1613 2812 Buser
1627 2780 1778 2820 fidejussit
1792 2790 1847 2819 pro
1862 2779 2010 2819 magistro
2025 2778 2217 2808 Theoderico

1449 2916 1455 2922 .
1466 2897 1606 2925 Edmundi,
1623 2898 1653 2920 ¹20
1665 2895 1822 2921 Novembrin.

1398 2899 1418 2922 Ι.
1432 2906 1445 2922 e

1399 2934 1412 2957 7
1425 2933 1575 2958 Decembris.

1341 2899 1363 2922 3.

1341 2935 1364 2958 4.

2124 2975 2149 2993 ιο
