2632 3464
381 455 429 480 731

376 538 451 561 tum.
480 532 525 559 2⁰⁵
552 529 700 560 articulus
731 535 796 559 erat
823 539 919 568 super
946 527 1231 567 supplicacionibus
1259 533 1290 556 et

378 579 513 620 injuriis,
526 586 584 609 etc.

783 672 801 700 1
806 671 880 701 396

376 745 483 786 [Acta
512 745 547 774 in
579 743 839 784 pro,curatoria
871 741 1014 771 Galteri
1043 739 1284 778 Forestarii.]

418 826 509 855 Facta
546 824 792 864 congregacione
824 822 962 852 nacionis
998 821 1169 860 Anglicane
1206 822 1287 859 apud

377 875 522 905 Sanctum
561 874 713 906 Julianum
757 882 924 912 pauperem
964 870 1048 899 XVI·
1082 870 1132 899 die
1171 869 1288 898 mensis

368 924 558 954 'Decembris
576 933 656 952 anno
675 922 778 962 gracie
796 928 853 950 etc.
869 921 920 955 96,
940 929 1034 959 super
1050 919 1150 948 tribus
1172 918 1287 948 articu-

375 974 426 1003 lis.
444 973 568 1003 Primus
587 972 731 1002 videlicet
754 971 791 1000 ad
813 970 988 1009 eligendum
1005 979 1118 998 novum
1139 977 1288 1007 procura-

376 1030 472 1053 torem
490 1022 539 1051 vel
556 1021 795 1050 continuandum
811 1019 979 1058 antiquum.
998 1019 1030 1046 2ο
1048 1017 1086 1045 ad
1103 1017 1287 1046 audiendum

376 1078 550 1111 compotum
574 1069 757 1109 receptoris.
783 1069 816 1096 30
838 1077 933 1106 super
955 1066 1240 1105 supplicacionibus
1258 1071 1288 1095 et

375 1120 508 1160 injuriis.
527 1119 627 1158 Super
642 1119 754 1157 quibus
772 1116 921 1150 articulis,
938 1115 1009 1155 quia
1021 1121 1206 1155 procurator
1220 1125 1288 1154 pre-

375 1170 488 1198 cedens
507 1168 600 1197 certis
615 1169 652 1196 de
668 1167 771 1196 causis
790 1166 888 1194 noluit
903 1164 1086 1199 continuari,
1101 1164 1217 1193 electus
1234 1164 1290 1193 fuit

374 1219 406 1247 in
421 1224 651 1258 procuratorem
668 1216 815 1255 magister
831 1214 975 1243 Galterus
991 1213 1160 1242 Forestarii
1177 1213 1287 1242 Scotus

374 1267 570 1296 concorditer
585 1277 601 1294 a
616 1271 678 1295 tota
696 1265 835 1299 nacione,
852 1263 905 1302 qui
918 1264 1025 1292 eodem
1040 1262 1090 1291 die
1106 1262 1161 1291 fuit
1173 1261 1288 1291 electus

374 1317 493 1345 intrans
521 1317 557 1344 ad
582 1315 757 1354 eligendum
776 1320 943 1342 rectorem.
972 1311 1011 1340 Et
1032 1311 1147 1340 electus
1175 1311 1230 1340 fuit
1257 1310 1289 1339 in

374 1372 524 1395 rectorem
543 1364 738 1393 concorditer
753 1362 900 1401 magister
923 1361 1083 1390 Rolandus
1099 1360 1233 1399 Raymer
1251 1360 1288 1388 de

374 1415 503 1444 nacione
530 1413 716 1443 Normannie
732 1411 751 1440 ¹.
777 1411 879 1450 Super
904 1411 936 1438 2⁰
959 1409 1088 1439 articulo
1113 1415 1288 1448 compotum

374 1463 546 1503 receptoris
575 1473 612 1491 ex
639 1472 730 1490 causa
754 1461 959 1489 deserebatur.
991 1458 1093 1497 Super
1121 1459 1153 1487 3⁰
1185 1458 1288 1487 nullus

375 1512 560 1552 supplicavit
574 1518 770 1550 preterquam
788 1515 972 1548 procurator
986 1518 1044 1547 pro
1060 1507 1221 1542 intrancia,
1236 1507 1288 1546 qui

375 1563 412 1591 ad
442 1561 622 1590 intranciam
649 1560 704 1589 suit
729 1559 862 1593 electus,
891 1564 921 1586 et
947 1557 992 1586 sic
1018 1557 1105 1586 nacio
1131 1563 1290 1596 gratanter

376 1611 482 1640 annuit
498 1620 551 1639 sue
565 1608 799 1648 supplicacioni.

783 1700 880 1730 1397

472 1773 735 1813 [Continuacio
770 1771 914 1801 Galteri
947 1771 1189 1809 Forestarii.]

417 1854 672 1894 Congregacione
709 1853 785 1882 facta
822 1852 962 1881 nacionis
1000 1851 1171 1890 Anglicane
1208 1851 1290 1890 apud

377 1904 519 1933 Sanctum
539 1902 723 1932 Maturinum
739 1901 825 1930 ΧΙΙΙ2
839 1901 976 1930 Januarii
994 1910 1088 1940 super
1104 1901 1122 1929 3
1136 1900 1286 1929 articulis.

377 1953 499 1981 Primus
518 1953 554 1981 ad
575 1952 750 1991 eligendum
766 1961 876 1979 novum
894 1956 1127 1989 procuratorem
1146 1949 1195 1978 vel
1215 1959 1290 1978 con-

376 2003 554 2031 tinuandum
579 2001 746 2039 antiquum.
767 2001 812 2028 2¹¹⁵
839 2000 875 2028 ad
899 1999 1083 2028 audiendum
1115 2005 1290 2037 compotum

377 2050 559 2090 receptoris.
592 2050 632 2078 Et
662 2049 776 2078 tercius
811 2058 906 2087 super
940 2048 1224 2087 supplicacionibus
1262 2054 1291 2076 et

376 2099 508 2140 injuriis.
528 2099 629 2138 Super
643 2099 743 2137 primo
764 2098 957 2127 continuatus
977 2097 1031 2126 suit
1048 2097 1196 2136 magister
1216 2097 1290 2125 Gal-

376 2156 460 2178 terus
477 2148 644 2177 Forestarii
668 2147 838 2186 predictus.
860 2146 961 2185 Super
983 2146 1014 2174 2⁰
1036 2146 1149 2184 placuit
1164 2146 1286 2174 nacioni

377 2198 501 2227 differre
530 2203 702 2236 compotum
732 2202 872 2235 protunc.
908 2195 1008 2234 Super
1038 2195 1069 2223 3⁰
1105 2195 1289 2233 supplicavit

377 2247 524 2286 magister
538 2247 650 2275 Petrus
669 2246 810 2274 Prenner
828 2251 859 2273 ut
877 2255 938 2273 non
957 2245 1108 2278 obstante,
1126 2244 1210 2282 quod
1227 2254 1290 2272 non

376 2297 473 2325 suerat
490 2306 603 2334 regens
619 2305 636 2323 a
651 2301 789 2333 ternpore
807 2293 967 2328 ordinarii,
985 2293 1067 2332 quod
1082 2293 1175 2332 aliqui
1190 2293 1290 2322 scola-

377 2355 427 2374 res
453 2346 509 2374 sub
537 2355 572 2373 eo
594 2350 724 2383 possent
741 2343 955 2371 determinare.
982 2342 1020 2371 Et
1042 2342 1158 2381 placuit
1182 2341 1289 2381 majori

378 2394 456 2434 parti
470 2394 620 2427 nacionis,
638 2393 709 2421 licet
721 2392 815 2431 aliqui
832 2392 862 2420 in
878 2392 1003 2420 dubium
1020 2391 1076 2419 hoc
1091 2392 1286 2426 revocabant,

379 2455 415 2473 an
433 2444 461 2471 id
479 2443 543 2472 {ieri
563 2448 678 2482 posset.
703 2441 813 2470 Nullus
834 2447 934 2469 tamen
955 2440 1108 2469 interemit
1130 2441 1289 2479 supplica-

378 2493 507 2521 cionem.

418 2541 489 2581 (Fal.
509 2541 555 2580 ⁶28)
570 2540 827 2579 Supplicaverunt
842 2539 872 2567 in
895 2538 1023 2567 nacione
1043 2544 1174 2577 quatuor
1189 2539 1289 2567 scola-

378 2601 428 2619 res
449 2590 552 2624 Dacie,
575 2589 793 2628 pretendentes
812 2588 898 2626 ipsos
923 2588 1035 2616 debere
1058 2587 1170 2616 habere
1188 2589 1289 2626 quod-

379 2640 445 2668 dam
469 2639 640 2677 Collegium
658 2637 741 2677 juxta
765 2637 928 2676 collegium
954 2636 1156 2665 Laudunense
1178 2646 1288 2665 versus

378 2688 570 2721 Can-melitus,
585 2687 728 2726 quatinus
745 2685 832 2714 nacio
845 2685 937 2714 vellet
951 2686 1069 2715 avisare
1084 2695 1137 2713 eos
1153 2686 1190 2713 ad
1203 2695 1288 2714 recu-

378 2738 544 2776 perandum
561 2737 674 2764 dictum
694 2735 857 2775 collegium
876 2740 935 2763 tam
957 2740 1086 2773 propter
1107 2740 1288 2773 augmenta-

378 2786 495 2814 cionem
515 2785 606 2814 studii
628 2795 716 2823 quam
735 2784 885 2818 nacionis,
908 2789 936 2812 et
955 2789 1084 2822 propter
1108 2783 1284 2821 equitatem.

375 2834 426 2862 Ad
441 2845 569 2873 quorum
586 2834 765 2863 instanciam
781 2833 841 2861 dati
859 2833 981 2861 fuerunt
991 2832 1127 2871 deputati
1141 2832 1289 2871 magister

410 2940 433 2963 1.
467 2940 579 2963 Dec-emb.
593 2940 724 2963 lss-Martii
733 2941 769 2962 24.
783 2939 872 2963 Chai-t.
888 2939 933 2968 ΙΙΙ,
947 2940 993 2962 1459
1007 2946 1012 2962 z
1030 2947 1041 2961 α
1054 2938 1158 2962 Ramicr
1173 2946 1195 2962 ».

409 2976 432 2998 2.
472 2976 525 2998 Vid.
540 2976 571 2998 de
583 2975 638 2999 istis
655 2976 680 2999 in
695 2976 822 3003 (ΖΝΗ-ἰαὶ,
838 2975 883 2999 ΙΙΙ.

923 449 1146 477 AUCTARIUM
1166 447 1426 476 CHARTULARII
1447 448 1622 476 UNIVERS.
1644 448 1763 475 PARIS.

1342 724 1358 750 5

1325 970 1358 995 10

1326 1214 1360 1240 15

1326 1461 1360 1487 20

1328 1707 1361 1733 25

1328 1953 1362 1979 30

1328 2198 1361 2224 35

1327 2443 1360 2469 40

1326 2688 1359 2714 45

2257 447 2312 474 '732

1395 525 1552 555 Johannes
1586 526 1624 555 de
1664 525 1798 559 Ausa-ia,
1836 523 1984 564 magister
2018 523 2149 564 Egidius
2171 516 2300 560 Jutfaes',

1396 575 1545 615 magister
1558 574 1770 604 Theodericus
1786 574 1823 603 de
1838 574 1966 603 Foresta
1983 579 2013 603 et
2028 573 2177 613 magister
2191 573 2308 603 Johan-

1396 634 1452 653 nes
1467 624 1505 652 de
1521 623 1730 658 Claromonte‚
1745 622 1798 662 qui
1814 623 1963 652 haberent
1975 624 2089 653 bonum
2101 623 2224 652 modum
2235 632 2310 663 pro-

1396 673 1525 702 cedendi
1541 683 1608 702 cum
1624 672 1715 702 dictis
1731 671 1904 701 scolaribus
1919 672 2050 702 avisare.

1436 721 1642 762 Congregatis
1677 721 1827 761 predictis
1861 721 2028 760 deputatis
2043 720 2311 757 deliberaverunt,

1396 771 1479 810 quod
1495 770 1569 800 dicti
1588 770 1723 800 scolares
1740 770 1952 810 supplicarent
1971 769 2003 798 in
2022 769 2231 799 Universitate
2251 759 2311 809 pro

1395 819 1550 859 deputatis
1575 819 1794 849 Universitatis
1815 820 1853 848 ad
1877 819 2056 848 avisandum
2076 818 2199 848 modum
2223 818 2310 848 reha-

1395 869 1489 898 bendi
1504 869 1618 898 dictum
1636 868 1811 908 collegium,
1826 874 1856 898 et
1871 869 1955 908 quod
1971 874 2155 908 procurator
2169 867 2312 898 nacionis

1395 924 1467 957 post
1499 918 1586 957 ipsos
1616 917 1752 947 scolares
1786 927 1843 957 pro
1875 917 2029 957 deputatis
2066 915 2242 957 hujusmodi
2271 927 2310 946 ex

1394 972 1482 1006 parte
1509 966 1648 996 nacionis
1680 966 1823 996 similiter
1849 966 2048 1006 supplicaret.
2078 965 2155 996 Post
2178 975 2309 1006 quorum

1396 1015 1658 1055 supplicacionem
1683 1015 1746 1045 dati
1771 1016 1894 1045 suerunt
1917 1016 1955 1045 de
1984 1015 2124 1045 facultate
2154 1014 2312 1055 theologie

1396 1075 1477 1104 mag.
1498 1065 1655 1094 Johannes
1682 1064 1791 1094 Luketi
1818 1070 1848 1094 et
1872 1074 1950 1104 mag.
1976 1064 2089 1094 Petrus
2119 1063 2307 1104 Dyereyo²3

1397 1114 1434 1143 de
1465 1113 1606 1143 facultate
1637 1114 1831 1143 decretorum
1862 1114 1987 1142 abbates
2014 1113 2159 1143 videlicet
2191 1112 2311 1143 Montis

1397 1163 1495 1192 sancti
1509 1162 1670 1191 Michaelis
1681 1161 1693 1180 ³
1712 1169 1743 1191 et
1757 1162 1984 1192 Gemeticencis
1994 1161 2018 1191 ⁴.

1438 1212 1589 1241 Dominus
1601 1211 1720 1240 Franco
1735 1212 1774 1240 de
1785 1211 1947 1240 Barcouda
1963 1211 2079 1251 incepit
2093 1212 2151 1240 sub
2161 1211 2314 1251 magistro

1398 1261 1511 1301 Egidio
1524 1261 1652 1296 Jutfaes,
1672 1259 1759 1300 cujus
1777 1261 1874 1289 bursa
1889 1259 1930 1289 VI
1949 1258 2052 1289 solidi.

1805 1353 1902 1384 1397

1495 1426 1760 1466 [Continuacio
1794 1425 1938 1454 Galteri
1967 1425 2212 1464 Forestarii.]

1438 1507 1528 1537 Facta
1557 1506 1803 1546 congregacione
1829 1505 1969 1535 nacionis
1995 1504 2165 1545 Anglicane
2195 1505 2236 1535 X·
2260 1505 2314 1535 die

1399 1557 1558 1586 Februarii
1582 1556 1663 1595 apud
1682 1555 1826 1585 Sanctum
1844 1554 2031 1584 Maturinum
2056 1564 2151 1594 super
2165 1555 2184 1584 3
2199 1554 2310 1584 articu-

1398 1606 1447 1635 lis.
1473 1606 1596 1635 Primus
1619 1606 1656 1634 ad
1679 1604 1855 1644 eligendum
1871 1614 1983 1633 novum
2002 1609 2236 1643 procuratorem
2258 1603 2310 1634 vel

1398 1655 1637 1685 continuandum
1653 1653 1822 1693 antiquum.
1842 1654 1888 1682 2¹²⁵
1909 1653 1947 1682 ad
1969 1652 2154 1681 audiendum
2179 1648 2310 1692 compo-
2346 1677 2351 1683 .

1399 1711 1461 1734 tum
1479 1703 1661 1743 receptoris.
1683 1703 1728 1732 3¹¹·
1747 1712 1842 1742 super
1866 1701 2150 1742 supplicacionibus
2175 1708 2205 1731 et
2225 1700 2308 1741 inju—
2326 1695 2330 1701 ¹

1399 1754 1465 1783 riis.
1489 1753 1589 1792 Super
1609 1762 1739 1792 quorum
1756 1751 1858 1791 primo
1874 1750 2070 1780 continuatus
2088 1751 2145 1780 fuit
2158 1761 2313 1790 procura-

1399 1809 1448 1832 tor
1463 1803 1633 1842 precedens
1646 1802 1683 1830 ad
1701 1799 1882 1830 instanciam
1893 1799 2044 1829 nacionis.
2066 1800 2168 1839 Super
2183 1800 2215 1829 2⁰
2231 1799 2308 1829 arti-

1399 1852 1468 1881 culo
1494 1851 1609 1891 placuit
1631 1849 1754 1879 nacioni
1783 1849 1907 1879 differre
1934 1855 2108 1888 compotum
2136 1859 2174 1878 ex
2203 1858 2309 1878 causa.

1400 1901 1501 1940 Super
1518 1901 1551 1930 3ο
1563 1900 1692 1929 articulo
1710 1898 1816 1928 nichil.

1439 1950 1508 1987 Quo
1535 1949 1584 1978 die
1611 1948 1760 1988 magister
1784 1947 1903 1976 Franco
1927 1947 1965 1976 de
1997 1947 2159 1976 Bercouda
2184 1947 2278 1977 solvit
2295 1945 2311 1976 1

1400 2001 1535 2028 francum
1552 1998 1631 2028 solvi
1644 2003 1823 2027 consuetum
1840 2006 1897 2036 pro
1915 1996 2014 2035 prima
2028 1995 2253 2035 procuratoria.

1440 2048 1531 2077 Facta
1541 2046 1788 2087 congregacione
1800 2045 1938 2075 nacionis
1948 2044 2120 2085 Anglicane
2126 2046 2207 2084 apud
2216 2044 2309 2074 Sanc-

1399 2104 1462 2127 tum
1485 2097 1671 2126 Maturinum
1694 2106 1789 2135 super
1808 2094 1869 2124 3¹³¹¹⁸
1897 2094 2034 2124 articulis
2064 2094 2114 2123 die
2137 2093 2255 2124 sabbati
2276 2094 2314 2123 3⁰

1399 2147 1447 2175 die
1461 2146 1581 2175 Marcii.
1597 2145 1720 2175 Primus
1737 2146 1774 2174 ad
1789 2145 1966 2184 eligendum
1981 2143 2204 2172 examinatores
2219 2143 2310 2173 bacu-

1399 2196 1545 2224 lariorum
1561 2194 1833 2224 determinancium
1850 2194 1881 2222 in
1896 2193 1994 2222 XLm.
2009 2192 2055 2220 2¹¹⁵
2067 2193 2106 2221 ad
2118 2191 2305 2221 distribuen-

1399 2246 1470 2274 dum
1488 2253 1610 2273 menses
1631 2243 1825 2273 audicionum
1849 2243 1959 2272 Sancte
1981 2241 2136 2271 Genovefe
2163 2251 2221 2280 pro
2238 2250 2308 2270 exa-

1399 2294 1570 2323 minacione
1591 2293 1863 2322 licenciandorum.
1890 2292 1936 2320 3¹·-
1954 2300 2049 2330 super
2071 2289 2313 2329 supplicacioni-

1398 2344 1456 2372 bus
1480 2349 1538 2372 etc.
1563 2342 1664 2381 Super
1685 2341 1785 2381 primo
1804 2340 1893 2370 electi
1909 2340 2031 2369 fuerunt
2053 2349 2108 2378 per
2129 2339 2311 2378 magistrum

1399 2392 1574 2422 Conradum
1591 2391 1795 2430 antiquiorem
1813 2399 1874 2419 non
1890 2395 2058 2428 regentem,
2073 2388 2151 2416 duos
2167 2394 2313 2427 regentes

1398 2441 1588 2480 antiquiores
1605 2446 1634 2469 et
1651 2445 1842 2479 receptorem
1859 2438 1931 2467 licet
1944 2436 2198 2475 absentemstpse
2215 2436 2312 2476 magi-

1398 2497 1462 2519 ster
1471 2490 1644 2523 Conradus,
1653 2485 2156 2527 receptor,etmagisterArnoldus
2163 2485 2308 2524 Utwyke‚

1398 2545 1427 2567 et
1441 2539 1588 2578 magister
1601 2537 1766 2567 Nicholaus
1778 2536 1931 2565 Gameren
1948 2534 2171 2564 examinatores
2185 2533 2310 2563 bacula-

1397 2588 1524 2617 riorum.
1544 2587 1645 2626 Super
1658 2586 1691 2615 2⁰
1706 2586 1853 2625 magister
1869 2584 1987 2613 Franco
2000 2584 2038 2612 de
2051 2583 2213 2612 Bercouda
2225 2583 2311 2612 dedit

1396 2647 1454 2676 pro
1469 2636 1519 2665 Vm
1534 2646 1638 2665 mense
1656 2645 1693 2664 ex
1713 2634 1881 2664 curialitate
1900 2643 1953 2662 sua
1979 2632 2038 2662 1111
2057 2632 2190 2667 solidos;
2214 2638 2244 2661 et
2258 2631 2309 2661 alii

1397 2685 1484 2715 11110‘
1512 2685 1602 2724 primi
1625 2694 1747 2713 menses
1766 2693 1828 2711 non
1848 2687 1934 2711 erant
1948 2686 2081 2720 protunc
2098 2680 2256 2710 distributi
2274 2690 2312 2710 ex

1396 2744 1498 2763 causa.
1518 2733 1618 2772 Super
1630 2733 1648 2761 3
1661 2731 1789 2761 articulo
1804 2730 1909 2759 nichil.

1437 2783 1505 2819 Quo
1521 2782 1570 2811 die
1590 2781 1738 2820 magister
1755 2779 1942 2808 Godefridus
1958 2779 1995 2807 de
2015 2777 2094 2806 Tilia
2110 2778 2202 2807 solvit
2218 2787 2311 2807 unum

1397 2833 1532 2861 francum
1555 2840 1612 2870 pro
1633 2830 1730 2869 prima
1751 2827 1972 2867 procuratoria.
1993 2827 2033 2856 Et
2050 2827 2137 2856 electi
2156 2826 2314 2855 examina·

1427 2937 1450 2960 3.
1484 2935 1593 2967 Quif'ut'b
1604 2935 1697 2959 Petrus
1710 2934 1798 2965 Regis.
1814 2933 1869 2957 Vici.
1882 2933 2011 2962 Cbartul.v
2022 2933 2068 2961 ΙΙΙ,
2081 2940 2110 2963 p.
2119 2933 2174 2960 250,
2188 2934 2240 2955 not.
2255 2931 2279 2954 1.

1426 2975 1449 2995 4.
1483 2971 1573 2995 Simon
1590 2971 1621 2994 de
1635 2971 1726 3001 Bosco,
1738 2969 1770 2992 de
1782 2978 1832 3001 quo
1843 2969 1908 2992 ibid.
1924 2968 1960 2992 ad
1972 2977 2015 2991 an.
2029 2968 2099 2995 1391,
2112 2972 2140 2991 n·
2153 2967 2224 2991 1589.
