2632 3464
305 402 358 429 2⁶1

306 487 416 518 papam
442 484 573 518 propter
596 476 835 507 liberacionem⁴
869 482 900 506 st
928 475 1099 516 jocundum
1126 475 1212 515 regis

307 525 437 556 Francis
461 527 637 562 adventum,
660 535 756 566 super
778 535 841 565 quo
866 524 1030 564 proposito
1054 535 1072 554 a
1093 530 1214 555 rectore

306 575 510 605 deliberatum
535 575 592 605 fnit
619 585 638 605 a
667 575 804 615 qualibet
829 573 982 608 facultate,
1015 573 1099 613 quod
1132 579 1216 603 esset

307 624 477 664 expediens
506 624 573 654 fieri
602 623 737 654 rotulum
767 632 826 663 pro
848 622 1048 662 presentibus
1076 628 1106 652 et
1130 622 1215 652 veris

306 673 500 713 regentibus,
542 673 585 703 ita
613 672 698 712 quod
729 672 763 702 in
797 671 848 701 die
889 670 1031 701 sabbati²
1073 671 1215 710 proximo

307 722 450 762 sequenti
489 721 611 752 clausus
648 726 854 761 reputaretur,
888 726 920 750 et
952 720 1129 760 specialiter
1157 730 1216 760 per

306 770 470 811 theologos
485 770 606 800 rotulus
619 776 686 800 erat
699 770 745 800 sic
759 769 934 799 restrictus.

346 818 422 849 Item
433 819 550 859 incepit
563 819 706 848 dominus
717 818 876 848 Johannes
890 819 928 848 de
944 818 1086 848 Traboen
1102 818 1214 848 Scotus

307 869 366 898 sub
381 869 530 909 magistro
547 867 715 903 Themone,
729 866 817 907 cujus
834 868 930 898 bursa
940 868 959 897 8
974 867 1078 902 solidi,
1095 873 1214 897 scutato

306 916 427 947 valente
442 917 480 946 20
499 916 628 952 solidos,
647 916 689 946 ita
703 917 787 956 quod
800 917 943 946 omnibus
958 916 1143 956 computatis
1155 926 1214 956 pro

309 966 328 995 5
341 966 470 996 scutatis
485 965 608 995 nacioni
621 975 696 996 vasa
706 971 854 1005 argentea
867 965 1027 1005 obligavit.

347 1014 423 1044 ltem
445 1014 526 1044 idem
549 1014 698 1055 magister
716 1014 874 1044 lohannes
895 1014 1053 1055 magistris
1075 1014 1214 1044 nacionis

305 1063 477 1103 Anglicane
493 1065 524 1092 in
539 1073 648 1103 magno
670 1065 834 1092 Tur-ortensi
847 1073 905 1103 pro
922 1063 1023 1103 prima
1041 1073 1214 1103 congrega-

307 1112 396 1142 cione
411 1112 460 1142 cui
473 1112 611 1142 interfuit
623 1122 716 1142 unum
730 1118 881 1142 scutatum
896 1113 1082 1152 propinavit.

347 1159 423 1191 Item
436 1171 518 1191 anno
534 1171 596 1200 quo
606 1171 712 1201 supra,
726 1162 776 1191 10⁰
786 1161 836 1191 die
849 1162 965 1191 mensis
972 1161 1170 1196 Novembris,
1181 1161 1212 1191 in

306 1209 416 1250 primis
429 1209 543 1240 Nostre
559 1210 691 1240 Domine
707 1211 788 1250 apud
806 1209 950 1240 Sanctum
963 1210 1117 1240 Julianum
1138 1220 1214 1250 pau-

305 1268 412 1299 perem
425 1259 503 1288 facta
515 1259 762 1299 congregacione
778 1259 929 1289 facultatis
945 1260 1054 1289 artium
1068 1265 1098 1289 et
1112 1260 1214 1289 nacio-

306 1308 356 1337 nis
375 1307 546 1348 Anglicane
565 1309 604 1337 ad
622 1308 850 1347 disponendum
869 1309 908 1338 de
925 1308 1056 1348 pecunia
1075 1308 1213 1338 nacionis

306 1355 444 1396 ejusdem
458 1363 488 1386 et
503 1358 541 1386 ad
558 1357 734 1396 eligendum
749 1357 894 1387 nuncium
907 1358 946 1386 ad
959 1367 1080 1397 papam,
1098 1357 1213 1387 electus

307 1405 455 1446 magister
482 1405 598 1437 Themo
619 1406 710 1435 Judei
732 1406 763 1435 in
788 1406 932 1436 nuncium
958 1407 996 1435 ad
1019 1417 1140 1446 papam,
1165 1407 1213 1436 cui

306 1454 447 1494 magistri
467 1465 574 1484 omnes
596 1455 792 1484 concorditer
815 1455 954 1484 nacionis
977 1456 1129 1485 antedicte
1157 1465 1214 1495 pro

307 1503 454 1542 expensis
477 1510 508 1533 et
537 1503 713 1543 sumptibus
745 1514 801 1543 per
827 1514 895 1533 eum
920 1504 1068 1534 faciendis
1093 1511 1214 1534 centum

306 1558 442 1581 scutatos
451 1552 466 1582 J
471 1552 643 1582 ohanninos
652 1558 711 1582 tarn
722 1553 760 1582 de
770 1553 902 1592 pecunia
912 1553 1050 1582 nacionis
1062 1554 1214 1583 communi

306 1610 398 1640 quam
429 1601 663 1640 suppositorum
697 1602 932 1641 deputaverunt,
971 1603 1055 1641 quod
1091 1603 1214 1642 quidem

305 1649 437 1679 officium
456 1650 604 1690 magister
619 1650 734 1680 Themo
753 1651 926 1680 antedictus
947 1652 1004 1680 suh
1025 1652 1120 1681 forma
1141 1662 1215 1691 pre-

305 1704 385 1728 tacta
407 1704 565 1739 gratanter
586 1699 758 1739 acceptavit
779 1699 864 1729 nullo
890 1700 1085 1735 reclamante,
1110 1701 1215 1740 gracia

306 1746 393 1787 cujus
407 1748 489 1777 idem
504 1748 651 1788 magister
666 1748 783 1778 Thcmo
803 1749 961 1788 magistris
978 1749 1112 1779 nationis
1127 1756 1215 1779 ante-

305 1796 386 1826 dicte
406 1798 436 1826 in
453 1797 579 1826 taberna
594 1798 689 1834 juxta
704 1798 868 1837 hospicium
886 1799 963 1827 Boni
977 1799 1126 1828 ,Iohannis
1139 1809 1214 1839 apo·

305 1846 432 1875 theo-arii
440 1845 629 1886 propinavit.

712 1940 730 1969 1
735 1939 810 1970 380

531 2009 718 2041 lohannes
744 2010 835 2042 Uter
866 2011 983 2052 Spiic.

344 2089 436 2120 Anno
451 2100 513 2130 quo
528 2100 634 2130 supra,
648 2090 697 2120 16⁰
707 2090 757 2120 die
773 2091 888 2122 mensis
904 2091 1052 2131 ejusdem,
1067 2093 1098 2122 in
1114 2093 1214 2123 tertiis

306 2138 420 2169 Nostre
435 2139 567 2168 Domine
581 2140 664 2179 apud
682 2139 826 2170 Sanctum
846 2140 1033 2171 Maturinum
1051 2142 1127 2171 facta
1143 2152 1214 2171 con-

304 2188 491 2228 gregacione
508 2188 644 2228 generali
659 2194 690 2218 et
706 2189 846 2219 nacionis
858 2188 1028 2230 Anglicane
1042 2191 1079 2220 ad
1093 2191 1214 2231 eligen-

305 2237 377 2266 dum
403 2236 452 2266 vel
476 2237 715 2267 continuandum
741 2245 984 2278 procuratorem.
1018 2240 1213 2270 continuatus

306 2291 371 2315 erat
386 2286 533 2326 magister
541 2286 698 2316 Johannes
711 2285 789 2316 Uter
801 2286 898 2327 Spiic,
915 2288 1000 2317 nullo
1015 2288 1212 2324 reclamante,

305 2334 337 2364 in
353 2333 440 2375 cujus
457 2335 678 2375 procuratione
695 2342 762 2366 acta
774 2341 846 2366 sunt
861 2337 1031 2376 sequentia.

711 2428 808 2458 1860

525 2499 714 2529 «lohannes
744 2499 834 2530 Uter
870 2500 988 2540 Spiic.

346 2576 438 2608 Anno
459 2588 521 2618 quo
546 2588 651 2618 supra,
677 2580 726 2609 ¹6⁰
748 2579 797 2609 die
825 2580 940 2610 mensis
964 2580 1157 2618 Decembris.
1183 2582 1213 2612 in

307 2626 416 2666 primis
429 2627 541 2657 Nosti-e
560 2627 691 2658 Domine
705 2629 786 2668 apud
803 2628 947 2659 Sanctum
966 2629 1120 2660 lulianum
1142 2641 1215 2671 pau-

307 2684 413 2714 perem
430 2676 507 2706 facta
523 2677 769 2718 congregacione
789 2677 941 2708 facultatis
963 2679 1078 2709 arcium
1097 2681 1135 2710 ad
1157 2680 1216 2710 cli-

339 2780 363 2804 1.
395 2781 489 2805 noean-
500 2784 538 2806 ωε
548 2789 631 2815 ngen-
643 2782 786 2807 Iohannem
796 2791 840 2807 an.
855 2783 923 2812 ¹85⁶,
933 2784 1059 2816 Septemb.
1073 2785 1103 2809 19
1115 2789 1217 2817 captum

308 2823 363 2839 cunc
378 2815 413 2839 ab
433 2816 524 2849 Angli:
539 2817 611 2849 apud
626 2818 777 2843 Pictavtum.
794 2820 843 2843 An.
859 2819 928 2847 ¹³⁶0.
947 2819 1014 2844 uait
1029 2821 1052 2850 8,
1065 2828 1130 2852 paco
1146 2821 1218 2853 apud

309 2851 498 2883 Bretifflu'acun·
513 2852 596 2884 [neta.
609 2852 727 2878 libertate
745 2853 857 2878 donatae
873 2857 927 2886 σοις
940 2855 1053 2879 par-'aion
1070 2856 1175 2881 intrauit
1188 2857 1217 2881 1³

307 2887 424 2911 Dec-emb.
437 2888 491 2911 rid.
500 2888 549 2912 Lo·
556 2888 651 2920 grand.
661 2889 758 2913 Chron.
767 2889 799 2914 do
812 2890 919 2919 Franco,
927 2890 968 2915 ed.
977 2892 1003 2915 Ρ.
1011 2890 1095 2921 Parin.
1110 2892 1151 2922 Vl.
1161 2893 1214 2917 228.

340 2922 363 2946 2.
398 2923 412 2946 7
424 2923 580 2948 Novembris.

821 401 936 428 LIBER
959 398 1273 427 PROCURATORUM
1298 399 1478 426 NATIONIS
1499 400 1743 426 ANGLICANAE

1251 922 1285 949 10

1251 1167 1285 1194 15

1251 1413 1286 1439 20

1252 1658 1286 1683 25

1251 1902 1285 1928 30

1251 2147 1285 2174 35

1252 2392 1286 2419 40

1253 2638 1287 2664 45

2180 403 2236 430 262

1323 475 1457 515 gendum
1468 481 1670 510 rectorem,et
1677 477 1816 506 nacionis
1826 476 1996 517 Anglicane
2005 479 2043 507 ad
2054 478 2230 518 eligendum

1322 523 1372 553 vel
1401 524 1640 554 continuandum
1669 531 1913 564 procuratorem,
1943 527 2137 557 continuatus
2164 534 2230 558 erat

1324 573 1472 612 magister
1485 573 1643 603 lohannes
1653 573 1730 603 Uter
1741 573 1826 614 Spiic
1841 575 1873 603 in
1885 582 2116 614 procuratorem
2130 577 2232 606 nacio-

1323 622 1372 651 nis
1385 621 1537 652 antedicte
1553 622 1638 651 nullo
1658 623 1897 653 contradicente.
1917 623 1951 653 In
1965 623 2052 664 cujus
2068 627 2236 664 procur[a·

1323 671 1423 709 cione]
1442 677 1508 700 acta
1521 677 1592 700 sunt
1609 681 1669 711 que
1686 678 1865 711 sequentur.

1323 746 1484 787 (F01.60)’
1548 747 1623 777 Ista
1647 754 1733 777 sunt
1758 748 1903 777 nomina
1931 748 2082 778 illorum
2112 750 2173 788 qui

1322 802 1530 836 posuerunt
1565 796 1715 826 litteras
1746 797 1782 826 in
1819 797 1975 827 nacione
2008 798 2231 838 Anglicana.

1363 868 1469 897 Primo
1488 878 1568 908 mag.
1590 868 1737 898 Albertus
1756 869 1794 898 de
1815 869 1962 898 Bohemia
1977 870 2082 909 posuit
2101 870 2233 900 litteram

1321 916 1471 951 officialis.
1489 917 1520 946 in
1536 927 1596 956 qua
1610 917 1792 957 recognovit
1807 927 1839 947 se
1857 919 1970 947 debere
1991 917 2126 959 nac[ioni
2143 930 2234 950 causa

1322 965 1453 1006 mu]tui⁴
1474 966 1504 995 in
1526 967 1627 996 tribus
1643 967 1740 996 scutis
1761 966 1949 1006 Philippinis
1969 974 1998 997 et
2015 978 2077 997 uno
2097 975 2235 999 mutones

1323 1014 1420 1054 Cujus
1433 1015 1583 1044 terminus
1600 1021 1648 1044 est
1665 1022 1850 1045 transactus.

1364 1064 1439 1093 Item
1453 1071 1560 1103 postea
1575 1065 1679 1103 posuit
1692 1064 1781 1094 aliam
1798 1065 1928 1094 litteram
1945 1065 2091 1096 Albertus
2110 1067 2236 1097 Ranco-

1322 1113 1383 1147 nis,
1400 1113 1563 1153 sigillatam
1581 1113 1685 1153 sigillo
1707 1114 1837 1153 proprio
1855 1121 1885 1144 et
1901 1114 2004 1154 sigillo
2022 1113 2116 1156 [mag.
2137 1116 2231 1156 Con]-

1322 1162 1388 1191 radi
1414 1161 1529 1192 Mathie
1559 1163 1596 1192 de
1624 1162 1782 1198 Bohemia,
1815 1163 1847 1192 in
1878 1174 1938 1203 qua
1970 1164 2051 1193 idem
2083 1165 2232 1196 Albertus

1322 1210 1429 1240 ultimo
1440 1211 1614 1241 nominatus
1629 1212 1811 1252 recognovit
1823 1222 1856 1242 se
1867 1213 1980 1242 debere
1991 1214 2113 1243 nacioni
2125 1213 2232 1254 [causa

1322 1259 1431 1300 mu]tui
1449 1260 1480 1289 in
1496 1261 1617 1290 duobus
1634 1260 1759 1290 florenis
1775 1267 1805 1290 et
1815 1262 1936 1291 duobus
1951 1263 2047 1292 scutis
2063 1263 2234 1299 lobannis,

1322 1319 1413 1348 quam
1432 1309 1591 1348 pecuniam
1604 1310 1734 1339 reddere
1745 1311 1889 1350 promisit
1902 1312 2025 1350 quando
2040 1313 2234 1351 possibilitas

1321 1357 1384 1399 [se]
1411 1358 1557 1388 obtulerit
1586 1359 1644 1388 sub
1673 1369 1751 1398 pena
1780 1358 1919 1399 perjurii,
1951 1366 1981 1390 et
2006 1361 2032 1390 si
2058 1361 2232 1391 discederet

1323 1407 1470 1447 magister
1490 1407 1670 1437 Conrardus
1690 1409 1861 1448 predictus,
1881 1409 2017 1439 solveret
2034 1410 2116 1439 illam
2137 1421 2234 1451 pecu—

1323 1457 1415 1486 niam.

1364 1505 1439 1535 ltem
1457 1505 1591 1535 Thomas
1606 1506 1644 1535 de
1663 1506 1781 1546 Barray
1802 1507 1906 1546 posuit
1926 1507 2058 1537 litteram
2080 1508 2231 1544 officialis,

1323 1555 1354 1583 in
1383 1564 1444 1594 qua
1471 1555 1614 1593 promisit
1645 1555 1766 1584 solvere
1792 1556 1913 1585 nacioni
1943 1557 1982 1586 36
2011 1557 2083 1592 sol.‚
2114 1557 2232 1588 floreno

1322 1603 1442 1633 valente
1463 1604 1503 1633 20
1526 1603 1584 1633 sol.
1615 1605 1673 1633 sub
1702 1614 1782 1643 pena
1804 1606 2149 1643 excommunicationis;
2176 1608 2231 1637 sed

1322 1659 1446 1692 oportet
1460 1653 1544 1692 quod
1559 1653 1639 1682 trina
1654 1653 1787 1682 moninio
1800 1655 1956 1693 precedat.
1975 1654 2071 1695 Cujus
2082 1656 2233 1686 terminus

1323 1707 1370 1731 est
1380 1707 1569 1731 transactus.-

1364 1750 1461 1780 Item⁵
1479 1750 1636 1780 Johannes
1656 1751 1868 1791 Wepherman
1892 1753 1996 1791 posuit
2015 1753 2147 1783 litteram
2165 1754 2234 1783 offi-

1322 1799 1425 1834 cialis,
1453 1800 1484 1828 in
1508 1810 1568 1839 qua
1593 1801 1735 1839 promisit
1761 1801 1882 1830 nacioni
1904 1801 2026 1831 solvere
2050 1804 2089 1832 68
2114 1803 2232 1834 solidos

1323 1858 1390 1878 cum
1414 1849 1553 1884 dimidio,
1575 1856 1663 1878 scuto
1685 1849 1835 1879 ,iohannis
1861 1850 1981 1880 valente
2013 1852 2049 1881 23
2076 1852 2147 1887 sol.‚
2175 1854 2233 1882 sub

1322 1907 1401 1936 pena
1418 1898 1742 1928 excommunicationis
1759 1899 1951 1938 simpliciter.
1970 1899 2066 1940 Cujus
2083 1902 2234 1932 terminus

1322 1953 1370 1976 est
1386 1953 1572 1977 transactus.

1364 1995 1439 2025 Item
1461 2006 1541 2036 mag.
1565 1996 1760 2026 Hermannus
1779 1998 1817 2027 de
1840 1997 1979 2027 Wesalia
1996 2005 2118 2028 tenetur
2138 2010 2231 2029 unum

1322 2051 1441 2074 scutum
1460 2045 1621 2081 lobannis,
1641 2046 1765 2085 dempto
1787 2057 1901 2086 grosso
1920 2048 2058 2088 antiquo,
2079 2049 2135 2078 sub
2154 2059 2232 2088 pena

1322 2094 1651 2124 excommunicacionis
1687 2095 1860 2125 municione
1897 2097 2093 2135 precedente.
2134 2097 2231 2138 Cujus

1322 2143 1472 2172 terminus
1487 2149 1535 2172 est
1549 2149 1732 2173 transactus.
1753 2145 1862 2174 Posuit
1876 2144 2007 2175 litteram
2025 2146 2173 2176 officialis.

1364 2191 1438 2221 ltem
1455 2202 1534 2232 mag.
1556 2192 1750 2223 Hermannus
1765 2195 1803 2223 de
1818 2194 1956 2224 Wesalia
1978 2196 2083 2234 posuit
2098 2196 2230 2225 litteram

1322 2239 1471 2277 officialis,
1488 2241 1519 2270 in
1537 2252 1598 2281 qua
1614 2243 1795 2282 recognovit
1810 2253 1843 2272 se
1859 2244 1973 2273 debere
1985 2245 2105 2274 nacioni
2119 2246 2155 2274 18
2170 2245 2227 2274 sol.

1323 2299 1415 2319 causa
1442 2291 1538 2320 mutui
1567 2298 1687 2320 monete
1716 2292 1869 2321 currentis
1880 2304 1887 2328 ;
1919 2291 2097 2334 0[b]ligavit
2136 2304 2168 2323 se
2201 2301 2232 2324 et

1323 2337 1454 2368 heredes
1470 2349 1544 2369 suos
1562 2346 1592 2369 et
1605 2341 1707 2370 omnia
1723 2342 1802 2370 bona
1818 2352 1873 2370 sua
1891 2342 2074 2382 ubicumque
2093 2343 2231 2372 existen-

1323 2387 1375 2417 tia.
1395 2387 1492 2427 Cujus
1507 2389 1656 2419 terminus
1672 2396 1719 2419 est
1734 2396 1920 2420 transactus.

1366 2436 1440 2466 ltem
1453 2437 1586 2467 Thomas
1604 2439 1642 2467 de
1659 2438 1776 2478 Barray
1790 2440 1896 2479 posuit
1912 2440 1999 2469 aliam
2015 2440 2145 2469 litteram
2164 2441 2232 2470 ossi-

1324 2485 1422 2524 cialis,
1437 2486 1468 2515 in
1483 2496 1543 2526 qua
1555 2488 1735 2527 recognovit
1750 2498 1783 2517 se
1799 2489 1912 2518 debere
1929 2489 2050 2518 nacioni
2066 2495 2182 2519 tantum
2201 2496 2232 2520 et

1324 2535 1427 2565 taliter
1444 2542 1477 2565 ut
1488 2536 1576 2575 prius
1593 2537 1776 2575 exprimitur
1791 2538 1828 2566 de
1847 2538 1966 2567 eodem.

1365 2583 1439 2614 Item
1458 2584 1655 2615 Wernherus
1672 2586 1772 2615 dictus
1791 2586 1861 2625 May
1882 2587 1919 2615 de
1941 2586 2133 2616 Phorczhain
2157 2587 2231 2628 Spi-

1324 2633 1427 2662 rensis
1442 2634 1597 2672 dyocesis,
1615 2635 1718 2673 posuit
1732 2635 1861 2664 litteram
1877 2635 2026 2671 officialis,
2040 2637 2070 2665 in
2081 2646 2141 2676 qua
2155 2646 2232 2676 pro-

1325 2681 1407 2711 misit
1427 2682 1547 2712 solvere
1567 2683 1688 2713 nacioni
1708 2685 1746 2713 76
1767 2684 1838 2719 sol.‚
1863 2691 1949 2714 scuto
1968 2684 2088 2714 valente
2109 2685 2148 2714 36
2170 2685 2228 2715 sol.

1358 2789 1380 2812 ⁸.
1414 2789 1481 2812 Haec
1494 2797 1578 2813 venue
1590 2788 1684 2813 calcem
1697 2791 1750 2813 nuti
1760 2789 1886 2823 leguntur.
1898 2791 1926 2813 ln
1933 2790 1985 2821 fine
1994 2790 2098 2814 ultimus
2108 2791 2231 2816 terminus

1324 2830 1408 2847 annue
1432 2823 1489 2847 1361
1500 2842 1506 2851 ,
1533 2825 1563 2848 26
1587 2824 1695 2856 Aprilis,
1722 2828 1826 2849 notatur
1851 2825 1959 2857 ideaque
1986 2825 2163 2851 docum-ntum
2190 2827 2232 2851 lu'c

1325 2858 1434 2882 incerere
1444 2859 1572 2883 debemm.

1355 2894 1378 2917 6.
1413 2894 1509 2918 Pelium
1524 2894 1664 2918 laceratum
1677 2898 1723 2919 ene.

1355 2930 1378 2953 ⁶.
1412 2929 1507 2954 itam...
1520 2938 1579 2954 cum
1590 2930 1700 2955 dimidio
1711 2934 1770 2955 eunt
1782 2930 1876 2955 ‹tel-ea.
