2632 3464
280 436 332 462 133

323 511 395 552 (Fal.
414 514 452 542 10
466 512 491 552 ¹³)
508 512 583 543 ltem
598 513 676 542 facta
689 510 936 551 congregacione
953 509 1093 539 nacionis
1108 509 1192 548 apud

282 561 428 592 Sanctum
446 561 600 591 lulianum
617 569 785 600 pauperem
806 559 845 588 ad
864 558 1082 593 ordinandum,
1102 557 1192 587 nacio

282 620 340 650 pro
357 611 508 651 magistro
525 609 666 645 Johanne
685 609 724 638 de
741 608 905 643 Huesden,
923 607 1038 637 nuncio
1058 607 1090 636 in
1107 607 1193 636 curia

282 670 340 700 pro
364 659 566 699 expedicione
593 657 698 693 rotuli,
723 657 860 697 quinque
882 662 968 686 scuta
990 656 1028 685 de
1049 662 1193 696 prompta

281 709 412 748 pecunia
438 707 579 738 nacionis
611 706 810 737 concorditer
839 705 1009 740 ordinavit,
1039 715 1099 744 que
1131 704 1192 734 sibi

281 758 430 798 magister
447 756 593 787 Galterus
613 757 651 785 de
672 755 745 785 Dun
763 754 874 784 Scotus
890 755 928 783 ad
946 754 1061 783 curiam
1077 754 1192 783 Roma-

280 817 350 836 nam
365 807 466 837 iturus
480 805 626 846 promisit
639 804 718 835 velle
731 810 908 844 apportare.

322 856 398 886 Item
417 854 605 895 supplicavit
622 853 772 894 magister
787 853 933 883 Galterus
951 853 990 882 de
1004 852 1192 891 Warderlay

282 904 394 935 Scotus
411 914 469 944 pro
489 903 624 934 induciis
639 904 677 932 de
694 903 828 942 quodam
843 908 948 938 scuto,
964 902 1048 941 quod
1065 902 1192 930 teneba-

280 960 331 984 tur
343 963 401 994 pro
417 953 524 983 bursis
538 952 655 982 dommi
670 951 822 991 Stephani
839 950 924 981 Scoti
938 951 977 980 ad
992 950 1190 986 solvendum,

282 1003 405 1042 quando
420 1002 522 1042 primo
542 1001 603 1031 sibi
620 999 753 1042 pecunia
765 1000 901 1036 veniret,
921 1000 1005 1039 quod
1025 999 1086 1029 sibi
1103 999 1192 1029 nacio

281 1051 479 1082 concorditer
492 1050 658 1080 concessit.

687 1123 785 1174 134⁹
827 1127 830 1130 ⁴

282 1215 509 1245 Procuracio
531 1214 702 1255 magistri
725 1213 916 1244 Guillelmi
938 1215 980 1243 de
1004 1213 1191 1243 Brenueth

412 1263 532 1299 Scoti,
573 1265 616 1293 de
651 1263 798 1293 diocesi
829 1262 1059 1293 Moraviensi

650 1313 817 1343 oriundi.

319 1394 411 1424 Anno
435 1393 560 1424 Domini
581 1393 870 1428 M⁰CCC¹¹²⁰XLIX⁰,
891 1393 941 1422 die
969 1392 1094 1422 martis'
1121 1399 1192 1432 post

281 1444 396 1474 Remos
428 1442 614 1483 palmarum,
653 1443 730 1472 facta
765 1442 1012 1482 congregacione
1050 1442 1190 1471 nacionis

280 1490 451 1531 Anglieane
467 1489 548 1530 apud
565 1489 709 1519 Sanctum
724 1489 879 1518 ,lulianum
894 1499 1061 1528 pauperem
1080 1489 1118 1518 ad
1133 1488 1191 1518 eli-

279 1540 414 1580 gendum
427 1544 671 1579 procuratorem,
686 1538 802 1567 electus
819 1537 875 1567 suit
887 1537 1084 1567 concorditer
1096 1537 1190 1577 magi-

280 1595 345 1618 ster
361 1587 524 1618 Gillelmus
542 1588 581 1617 de
598 1586 756 1617 Brenueth
778 1587 890 1616 Scotus
910 1587 942 1616 in
958 1593 1191 1626 procuratorem

279 1637 361 1667 dicte
382 1637 523 1667 meionis
540 1636 714 1676 Anglicane
735 1636 820 1666 nullo
843 1635 966 1676 penitus
988 1635 1189 1670 reclamante,

279 1686 312 1716 in
343 1685 430 1726 cujus
462 1685 686 1726 procuracione
717 1691 784 1715 acta
810 1691 882 1715 sunt
915 1684 974 1715 ista
1005 1685 1108 1714 omnia
1131 1695 1191 1724 que

280 1741 463 1775 sequuntur.
696 1758 698 1771 ÷

319 1784 426 1814 Primo
452 1783 632 1814 licenciatus
657 1783 714 1813 fuit
738 1784 820 1823 apud
844 1782 986 1813 Sanctam
1012 1782 1190 1813 Genueffam

280 1833 424 1864 dominus
440 1833 598 1863 Johannes
616 1833 655 1863 de
675 1832 807 1863 Colonia
826 1833 884 1870 sub
899 1832 1048 1872 magistro
1064 1832 1190 1862 Galtero

282 1883 364 1918 Dun,
381 1881 469 1922 cujus
485 1883 580 1912 bursa
593 1881 655 1912 1111
672 1881 775 1912 solidi.

321 1931 396 1962 ltem
411 1931 526 1961 ibidem
540 1930 720 1960 licenciams
734 1931 791 1961 fuit
806 1930 950 1961 dominus
965 1930 1140 1960 Zibrandus
1153 1931 1191 1960 de

282 1980 447 2011 Hollandia
473 1981 530 2010 sub
555 1980 705 2020 magistro
733 1980 869 2010 Heni-ico
894 1980 934 2009 de
959 1979 1080 2015 Minda‚
1105 1979 1191 2020 cujus

280 2031 374 2060 bursa
392 2029 452 2060 1111
471 2029 575 2059 solidi.

321 2078 397 2110 ltem
413 2078 527 2108 ibidem
547 2078 728 2108 licenciatus
745 2077 802 2108 fuit
818 2078 962 2108 dominus
977 2078 1191 2108 Theodericus

279 2129 317 2158 de
336 2127 492 2158 Alcmaria
513 2128 572 2157 sub
590 2127 739 2168 magistro
755 2127 896 2158 Johanne
914 2128 952 2157 de
971 2127 1081 2162 Dacia,
1103 2126 1191 2166 cujus

281 2178 375 2207 bursa
394 2176 454 2207 1111
471 2176 576 2206 solidi.

321 2225 397 2256 Item
417 2226 560 2255 dominus
580 2225 762 2266 ingeramus
780 2226 818 2255 de
838 2225 954 2256 Ketnes
975 2225 1087 2255 Scotus
1105 2226 1191 2255 ince-

279 2275 326 2316 pit
343 2276 401 2305 sub
416 2275 567 2315 magistro
589 2274 715 2305 Galtero
730 2275 768 2304 de
788 2274 968 2311 Wardelau,
989 2273 1077 2315 cujus
1097 2275 1192 2304 bursa

280 2324 307 2353 V
323 2323 427 2355 solidi.

321 2373 396 2404 Item
425 2372 605 2403 licenciatus
637 2373 694 2403 suit
723 2373 805 2412 apud
836 2372 977 2403 Sanctam
1012 2372 1190 2402 Genueffam

279 2422 424 2453 dominus
442 2421 618 2461 Stephanus
637 2422 676 2451 de
696 2421 855 2462 Langland
874 2423 931 2451 sub
949 2421 1099 2462 magistro
1118 2421 1192 2451 Gal-

279 2478 347 2502 tero
365 2471 404 2501 de
418 2470 611 2506 Wardelaw,
628 2469 716 2510 cujus
732 2471 826 2500 bursa
842 2470 902 2500 llll
918 2470 1022 2500 solidi.

322 2518 397 2548 ltem
413 2518 593 2548 licenciatus
613 2517 669 2548 suit
684 2517 798 2547 ibidem
817 2518 961 2548 dominus
977 2518 1132 2548 Robertus
1154 2518 1192 2548 de

280 2567 478 2598 Pontefracto
501 2567 559 2597 sub
581 2566 731 2607 magistro
747 2566 884 2599 Henrico
905 2567 944 2596 de
962 2567 1082 2603 Minda,
1104 2566 1190 2607 cujus

281 2617 377 2647 bursa
391 2615 496 2646 nichil.

312 2862 335 2921 ἑ.
367 2861 596 2931 Ἰοκιέιειᾳιψηιιιν
611 2905 690 2929 unque
704 2898 740 2921 ad
751 2897 839 2922 Primo
850 2897 1000 2931 legebantur
1009 2897 1086 2921 etiam
1102 2897 1128 2921 in
1140 2896 1188 2928 sol.

282 2932 338 2992 103.
354 2933 500 2992 ιεδᾰῆἕὲεα
509 2932 593 2957 deleta
603 2935 671 2957 nunt.

788 434 903 461 LIBER
928 432 1241 460 PROCURATORUM
1266 432 1446 458 NATIONIS
1467 432 1712 458 ANGLICANAE

1248 709 1264 735 5

1230 954 1264 980 10

1230 1200 1263 1226 15

1229 1446 1263 1472 20

1228 1692 1262 1718 25

1228 1939 1263 1965 ³0

1229 2184 1263 2211 35

1229 2430 1264 2457 40

1228 2677 1262 2703 45

2165 433 2215 460 134

1709 508 1807 538 1349

1301 579 1374 618 (Vol.
1407 579 1477 619 11)θ
1513 579 1741 609 Procuracio
1773 581 1947 620 magistri
1982 581 2135 611 Henrici
2172 583 2214 611 de

1383 628 1562 658 Smalham
1594 629 1713 664 Scoti‚
1745 629 1788 658 de
1819 630 1974 669 dyocesi
2007 630 2133 660 Sancti

1471 677 1618 707 Andree
1650 678 1685 706 in
1715 677 1847 707 Scocia
1875 679 2041 708 oriundi.

1592 734 1606 746 ⁰
1637 733 1650 746 ss
1664 734 1678 746 Β
1691 733 1705 746 0

1341 753 1432 782 Anno
1447 753 1571 782 Domini
1587 753 1856 789 M.CCC.XL1X⁰,
1873 754 1923 784 die
1934 755 2040 784 martis
2050 754 2062 772 ³
2074 756 2213 795 proxima

1301 808 1370 831 ante
1397 803 1507 834 festum
1531 803 1627 837 sancti
1652 803 1802 832 Johannis
1825 810 1893 832 ante
1917 803 2041 833 Portam
2063 805 2212 840 Latinam,

1301 851 1380 880 facta
1401 852 1648 891 congregacione
1668 852 1807 881 nacionis
1827 852 1999 892 Anglicane
2016 854 2097 892 apud
2117 853 2214 883 Sanc-

1301 906 1363 929 tum
1385 900 1564 930 Matelinum
1580 902 1617 930 ad
1641 901 1817 941 eligendum
1832 908 2077 941 procuratorem,
2097 903 2213 932 electus

1301 949 1358 979 fuit
1379 950 1576 980 concorditer
1599 950 1630 979 in
1652 956 1886 990 procuratorem
1910 949 2047 990 ejusdem
2073 952 2214 980 nacionis

1301 998 1473 1038 Anglicane
1495 999 1644 1038 magister
1666 999 1821 1029 Henricus
1846 1001 1884 1029 de
1907 999 2060 1029 Smalham
2083 1000 2211 1035 Scotus‚

1301 1048 1339 1076 de
1366 1048 1493 1087 dyocesi
1519 1049 1617 1077 sancti
1643 1048 1769 1078 Andree
1791 1049 1954 1084 oriundus,
1978 1049 2063 1078 nullo
2087 1050 2212 1089 penitus

1301 1096 1502 1132 reclamante,
1532 1097 1563 1126 in
1601 1096 1688 1136 cujus
1720 1098 1901 1137 procuraria
1939 1105 2004 1127 acta
2043 1105 2116 1127 sunt
2153 1109 2213 1138 que

1301 1152 1484 1185 sequuntur.

1342 1194 1447 1224 Primo
1472 1195 1648 1225 Cristianus
1675 1196 1714 1225 de
1738 1195 1930 1226 Monasterio
1955 1196 2134 1226 licenciatus
2157 1197 2213 1226 suit

1301 1245 1358 1274 sub
1371 1244 1522 1284 magistro
1534 1244 1670 1274 Henrico
1683 1245 1721 1274 de
1735 1244 1849 1284 Mynda
1863 1245 1943 1284 apud
1956 1245 2097 1274 Sanctam
2112 1244 2215 1275 Geno-

1299 1294 1410 1329 vefam,
1428 1292 1515 1333 cujus
1532 1294 1627 1323 bursa
1642 1293 1747 1323 nichil.

1341 1342 1416 1372 Item
1439 1343 1477 1372 ad
1499 1343 1705 1382 reparandum
1725 1353 1825 1373 seram
1848 1353 1943 1383 super
1963 1344 2040 1373 cista
2061 1349 2160 1373 stante
2181 1343 2213 1372 in

1299 1391 1431 1421 ecclesia
1449 1391 1560 1421 Sancte
1574 1392 1732 1428 Jenovese,
1749 1393 1781 1422 in
1797 1403 1858 1432 qua
1877 1393 2051 1422 custoditur
2073 1392 2209 1432 sigillum

1300 1451 1459 1471 commune
1484 1441 1721 1477 Universitatis,
1749 1442 1835 1471 dedit
1862 1448 2007 1481 receptor
2035 1442 2061 1471 ll
2091 1442 2209 1471 solidos

1300 1489 1442 1520 Currado
1458 1490 1579 1520 bedallo
1596 1490 1759 1530 principali
1775 1490 1915 1520 nacionis
1934 1497 2051 1520 nostre.

1340 1539 1416 1569 Item
1429 1539 1461 1568 in
1481 1539 1639 1569 crastino*
1655 1539 1873 1569 translacionis
1885 1540 1983 1569 sancti
1997 1540 2116 1569 Nicolai
2128 1539 2212 1579 jura-

1299 1587 1343 1618 vit
1373 1588 1552 1628 prepositus
1576 1588 1787 1619 Parisiensis⁵
1812 1589 1926 1618 rectori
1952 1595 1982 1618 et
2012 1589 2212 1619 Universitati

1300 1637 1471 1667 Parisiens.
1494 1639 1576 1677 apud
1599 1637 1744 1668 Sanctum
1767 1638 1955 1667 Maturinum
1975 1639 2059 1677 quod
2081 1638 2214 1668 fideliter

1299 1686 1479 1716 observabit
1503 1687 1668 1727 privilegia
1690 1686 1911 1717 Universitatis
1934 1693 1965 1716 et
1986 1687 2161 1721 libertates,
2184 1694 2214 1717 et

1300 1735 1358 1766 hoc
1376 1737 1453 1766 facta
1472 1736 1720 1776 congregacione
1741 1736 1879 1777 generali
1897 1736 2016 1766 scilicet
2033 1737 2212 1776 regencium

1300 1791 1330 1814 et
1346 1795 1409 1814 non
1424 1786 1602 1825 regencium
1620 1792 1650 1815 et
1665 1786 1841 1815 scolarium.

1340 1834 1416 1865 Item
1450 1835 1526 1865 facta
1561 1835 1810 1875 congregacione
1842 1835 1924 1864 dicte
1957 1835 2096 1864 nacionis
2131 1836 2212 1875 apud

1301 1884 1446 1914 Sanctum
1468 1883 1655 1914 Maturinum
1675 1884 1795 1914 decimo
1813 1884 1863 1913 die
1881 1883 1998 1914 mensis
2019 1883 2104 1919 Maii,
2128 1884 2214 1913 dedit

1299 1933 1444 1963 dominus
1455 1939 1599 1973 receptor
1611 1939 1787 1973 compotum
1801 1943 1902 1968 suum,
1918 1933 1959 1962 ita
1972 1934 2055 1973 quod
2068 1934 2214 1963 omnibus

1299 1982 1484 2023 computatis
1501 1988 1532 2012 et
1547 1982 1658 2012 solutis
1674 1974 1834 2012 solvendis
1851 1989 2011 2012 remanent
2030 1983 2152 2012 nacioni
2169 1982 2210 2012 Xl

1301 2031 1379 2062 libre
1396 2032 1494 2072 paris.

1340 2081 1416 2112 ltem
1431 2081 1590 2111 concessit
1608 2081 1696 2111 nacio
1717 2081 1866 2121 magistro
1889 2081 2025 2110 Henrico
2043 2081 2081 2111 de
2097 2080 2211 2121 Mynda

1302 2130 1329 2160 ll
1347 2130 1482 2161 florenos
1504 2141 1630 2171 parvos,
1651 2131 1681 2160 in
1703 2130 1816 2170 quibus
1834 2131 1998 2160 tenebatur
2014 2130 2136 2160 nacioni
2154 2140 2213 2170 pro

1301 2181 1394 2210 fratre
1408 2190 1477 2210 suo.

1341 2229 1414 2259 Item
1435 2229 1498 2259 dati
1520 2229 1644 2259 fuerunt
1666 2229 1720 2259 XX
1741 2229 1833 2259 solidi
1854 2229 2020 2269 principali
2040 2228 2161 2258 bedallo
2183 2235 2213 2258 et

1300 2277 1369 2308 XVI
1385 2278 1557 2309 subedallo.

1342 2327 1416 2357 ltem
1437 2328 1616 2357 licenciatus
1635 2327 1692 2357 suit
1711 2328 1854 2357 dominus
1873 2327 2033 2357 Recardus
2054 2327 2212 2356 Perteris-

1301 2383 1372 2407 tona
1382 2378 1464 2417 apud
1476 2377 1618 2408 Sanctam
1630 2376 1819 2406 Genovesam
1830 2377 1888 2406 sub
1901 2377 2050 2416 magistro
2062 2376 2209 2405 Gillelmo

1300 2426 1339 2456 de
1352 2426 1541 2461 Brenuecht,
1559 2425 1646 2466 cujus
1664 2427 1759 2456 bursa
1775 2425 1802 2454 V
1818 2426 1920 2456 solidi.

1342 2475 1417 2505 ltem
1433 2475 1613 2505 licenciatus
1625 2475 1680 2505 suit
1691 2475 1835 2505 dominus
1847 2475 1963 2504 Themo
1974 2475 2055 2514 apud
2068 2474 2210 2504 Sanctam

1299 2524 1477 2554 Jenovesam
1494 2525 1552 2555 sub
1565 2524 1714 2564 magistro
1727 2524 1853 2554 Galtero
1867 2525 1904 2553 de
1917 2523 2108 2558 Wardelaw.
2124 2525 2212 2562 cujus

1300 2574 1395 2604 bursa
1410 2573 1437 2603 V
1452 2573 1557 2604 solidi.

1341 2622 1416 2653 Item
1441 2623 1622 2654 licenciatus
1645 2623 1702 2652 suit
1720 2623 1864 2652 dominus
1887 2622 2078 2651 Tendericus
2104 2621 2211 2653 Fortis

1300 2672 1358 2702 sub
1373 2672 1522 2712 magistro
1538 2672 1675 2701 Hem-ico
1692 2673 1730 2701 de
1749 2671 1866 2706 Minda,
1883 2670 1970 2710 cujus
1988 2671 2081 2700 bursa
2100 2669 2207 2699 nichil.

1341 2721 1415 2751 ltem
1427 2720 1621 2752 diemartis⁸
1637 2721 1779 2760 proximo
1797 2726 1866 2750 ante
1883 2720 1992 2749 festum
2007 2719 2210 2750 pentecostes

1299 2777 1466 2801 convocata
1481 2770 1609 2800 nacione
1622 2770 1805 2810 Anglicana,
1819 2770 1934 2799 electus
1946 2769 2001 2798 fuit
2012 2769 2210 2798 concorditer

1329 2860 1338 2877 Ι
1482 2858 1497 2864 ..

1330 2858 1534 2919 ;.¹A(ie1'ii⁸1iiier
1553 2894 1584 2918 de
1610 2894 1778 2923 Crevecoeur,
1799 2893 1962 2925 praepositus
1987 2892 2021 2916 ab
2045 2900 2114 2916 anno
2139 2892 2210 2921 1³49,

1297 2931 1312 2954 ⁶
1322 2930 1416 2991 ‘gin-¹36
1428 2966 1501 2991 Maii.
1516 2968 1544 2990 ln
1559 2965 1674 2998 margine
1684 2965 1786 2989 Eleccio
1801 2965 1954 2997 receptoria.
