2632 3464
252 433 286 460 5⁷
760 431 875 458 LIBER
896 428 1211 456 PROCURATORUM
1233 427 1413 454 NATIONIS
1432 427 1676 454 ANGLICANAE
2148 430 2181 455 58

258 509 438 545 Stellarum,
460 509 545 539 nullo
565 508 691 549 penitus
713 507 913 541 reclamante,
932 506 963 535 in
982 504 1069 545 cujus
1087 514 1164 544 pro-

254 558 418 588 cui-acione
433 559 510 588 sacta
525 564 597 587 sunt
611 567 671 597 que
687 562 842 586 secuntur.

293 607 400 638 Primo
436 607 617 637 licenciatus
652 605 708 635 fuit
744 604 889 634 dominus
922 603 1089 633 Bertoldus
1125 603 1163 632 de

254 655 443 686 Constancia
470 657 508 686 ad
541 655 682 686 Sanctam
713 653 901 683 Genovesam
929 653 987 682 sub
1013 652 1163 692 magistro

254 705 438 735 Bi'irchardo
457 706 495 735 de
514 703 713 738 constancia,
729 701 816 743 cujus
834 703 929 732 bursa
945 702 1001 731 suit
1015 700 1042 729 V
1056 700 1160 730 solidi.

295 754 369 784 Item
399 754 578 784 licenciatus
602 753 659 782 fuit
687 751 831 781 dominus
858 751 993 781 Jacobus
1022 751 1060 780 de
1086 750 1163 780 Tur-

253 804 348 833 draco
366 804 404 833 ad
428 802 590 832 Dominam
613 802 757 831 Nostram
775 801 834 830 sub
856 800 1006 840 magistro
1026 799 1163 839 Nycolao

255 853 294 882 de
310 852 511 886 Khistfeldia,
527 850 614 891 cujus
631 851 727 880 bursa
741 849 798 879 VII
815 849 920 879 solidi.

295 901 369 931 Item
382 901 531 941 magister
543 899 744 930 Burchardus
758 900 796 928 de
812 898 999 929 Constancia
1013 897 1165 938 persolvit

254 950 324 980 XVI
351 949 482 984 solidos,
507 949 539 979 in
562 949 676 989 quibus
704 949 865 978 tenebatur
888 948 1010 977 nacioni
1039 947 1163 976 racione

255 1000 418 1029 bursarum
434 1009 496 1028 non
512 997 682 1028 solutarum
698 998 730 1027 in
745 997 920 1036 inceptione
935 1007 1000 1026 sua.

294 1048 369 1077 Item
384 1047 564 1077 licenciatus
581 1047 636 1077 fuit
651 1047 796 1076 dominus
812 1046 983 1076 Gobelinus
998 1046 1036 1074 de
1051 1045 1164 1074 Treve-

253 1097 298 1127 ris
315 1097 396 1136 apud
415 1097 577 1126 Dominam
597 1096 743 1126 Nostram
762 1097 819 1125 sub
837 1095 986 1135 magistro
1002 1094 1164 1124 Gerhardo

253 1147 292 1176 de
311 1146 448 1180 Marten,
465 1147 560 1175 bursa
578 1144 666 1185 cujus
684 1151 750 1174 erat
763 1145 805 1174 VI
821 1144 912 1174 solidi
931 1150 960 1173 et
975 1144 1082 1173 dimid.

295 1195 369 1224 ltem
382 1195 500 1234 incepit
511 1195 655 1224 dominus
670 1194 837 1224 Bertoldus
852 1194 891 1223 de
907 1193 1094 1223 constancia
1106 1194 1164 1222 sub

257 1244 406 1284 magistro
421 1243 528 1274 Ulrico
543 1245 582 1273 de
596 1243 748 1284 Augusta,
765 1244 859 1272 bursa
875 1242 962 1282 cujus
977 1242 1003 1271 V
1019 1242 1123 1272 solidi.

297 1341 371 1370 Item
401 1341 473 1381 quia
505 1341 704 1381 contingebat
732 1341 904 1380 predictum
933 1347 1163 1380 procuratorem

254 1390 436 1430 repatriare,
450 1397 617 1420 convocata
624 1390 753 1420 nacione
766 1391 847 1429 apud
857 1390 1001 1419 Sanctum
1009 1390 1024 1419 J
1029 1390 1163 1419 ulianum

255 1439 415 1469 substituit
426 1439 606 1480 magistrum
620 1439 792 1469 Gerardum
807 1440 845 1468 de
861 1439 1000 1468 Maerten
1014 1449 1164 1478 procura-

255 1494 352 1518 torem
381 1489 412 1518 in
444 1489 607 1528 presencia
634 1489 785 1524 nacionis,
818 1495 956 1528 tempore
985 1487 1072 1527 cujus
1097 1494 1163 1517 acta

257 1543 329 1567 sunt
345 1537 412 1567 hec.

295 1586 401 1616 Primo
422 1596 554 1626 namque
576 1593 740 1615 convocata
763 1586 892 1615 nacione
914 1587 995 1626 apud
1018 1586 1163 1615 Sanctum

255 1635 454 1671 Maturinum,
493 1642 653 1675 reputatus
685 1636 740 1665 suit
772 1635 982 1665 determinans
1020 1635 1164 1665 dominus

254 1684 412 1715 ,lohannes
438 1685 476 1714 de
503 1685 629 1724 Campis
658 1685 716 1714 sub
742 1685 891 1724 magistro
920 1684 1061 1714 Gerardo
1092 1691 1163 1714 tunc

255 1739 469 1773 procuratore,
487 1734 600 1764 virtute
618 1733 775 1773 cujusdam
790 1734 889 1774 gratie
903 1744 1052 1764 concesse
1066 1734 1165 1774 magi-

256 1789 322 1812 stro
339 1782 472 1813 Johanni
490 1784 528 1812 de
547 1782 656 1812 Vincta
675 1789 814 1822 tempore
831 1793 886 1813 sue
906 1783 1054 1818 rectorie‚
1074 1793 1164 1823 quam

256 1832 287 1862 in
300 1832 464 1872 presencia
478 1832 618 1861 nacionis
634 1832 783 1872 magistro
799 1831 939 1862 Gerardo
949 1832 1013 1872 jam
1029 1833 1112 1862 dicto
1127 1833 1165 1862 ad

258 1891 347 1911 usum
365 1881 439 1911 dicti
456 1881 572 1910 domini
594 1881 745 1911 Iohannis
761 1881 947 1922 resignavit,
965 1881 1052 1921 cujus
1071 1882 1166 1911 bursa

257 1930 314 1960 VII
330 1930 423 1960 solidi
438 1930 603 1970 parisiens.

299 1979 373 2010 Item
391 1979 570 2009 licenciatus
588 1979 644 2010 suit
657 1980 801 2010 dominus
819 1980 931 2010 Petrus
948 1979 1111 2010 Laurencii
1127 1981 1165 2009 de

259 2029 368 2059 Suecia
399 2029 456 2058 sub
487 2029 636 2068 magistro
670 2028 811 2058 Gerardo
842 2035 914 2059 tunc
946 2036 1163 2069 procuratore,

258 2077 345 2118 cujus
360 2078 455 2107 bursa
470 2077 575 2107 nichil.

299 2127 373 2157 ltem
400 2127 514 2167 incepit
539 2127 683 2157 dominus
707 2127 864 2157 Johannes
884 2129 922 2157 de
946 2128 1088 2168 Sarbugo
1107 2128 1165 2158 sub

259 2176 408 2216 magistro
426 2175 532 2206 Ulrico
550 2177 588 2205 de
606 2175 761 2217 Augusta,
776 2176 863 2216 cujus
879 2178 973 2207 bursa
994 2177 1038 2206 III
1059 2176 1163 2212 solidi,

262 2235 320 2265 pro
335 2225 448 2265 quibus
467 2231 562 2265 ponet
578 2226 693 2266 pignus
708 2226 739 2254 in
754 2226 893 2255 nacione.

300 2274 375 2304 Item
398 2274 540 2304 dominus
562 2274 719 2304 Johannes
744 2275 782 2304 de
805 2275 924 2305 Missua
941 2277 998 2305 sub
1017 2276 1166 2316 magistro

261 2322 367 2353 Ulrico
377 2322 440 2363 jam
458 2323 552 2358 dicto,
573 2322 660 2363 cujus
676 2324 770 2353 bursa
784 2324 891 2354 nichil.

300 2372 374 2402 Item
402 2373 516 2412 incepit
543 2373 573 2401 in
605 2373 725 2402 artibus
753 2373 896 2403 dominus
929 2374 1099 2404 Gobelinus
1130 2376 1167 2406 de

259 2421 403 2456 Treveri,
435 2420 522 2460 cujus
560 2422 654 2451 bursa
688 2421 744 2451 Vll
781 2422 889 2458 solidi,
925 2423 982 2452 sub
1019 2425 1167 2464 magistro

261 2471 400 2500 Gerardo
418 2471 456 2500 de
474 2470 595 2500 Marten
614 2477 686 2500 tunc
704 2471 853 2511 temporis
872 2479 1074 2511 procuratore
1093 2475 1168 2504 sub-

264 2519 381 2549 stituto.

303 2617 377 2646 Item
396 2622 563 2646 convocata
577 2617 706 2647 nacione
721 2618 803 2657 apud
820 2618 964 2648 Sanctum
983 2619 1168 2650 Maturinum

263 2666 301 2694 ad
320 2665 496 2705 eligendum
515 2673 746 2706 procuratorem
767 2667 918 2702 nacionis,
935 2668 1093 2698 discencio
1116 2670 1171 2699 suit

265 2719 372 2744 exorta
385 2714 415 2743 in
430 2714 591 2751 electione,
606 2721 636 2744 et
648 2716 770 2745 tandem
784 2726 859 2756 pace
875 2717 1037 2747 reformata
1051 2718 1169 2757 predic—

262 2769 311 2792 tus
335 2763 482 2803 magister
504 2764 662 2794 Gerardus
685 2765 798 2794 mansit
821 2772 1005 2804 procurator
1028 2767 1168 2806 pacifice,

265 2817 402 2851 tempore
418 2811 504 2852 cujus
519 2818 585 2842 acta
603 2819 674 2842 sunt
691 2823 750 2853 que
766 2821 948 2854 sequuntur.

296 2921 317 2945 ¹.
351 2923 440 2946 Postea
453 2923 573 2954 epatium.

294 2957 316 2980 2.
351 2957 465 2981 20Mai1'.

1202 952 1235 977 10

1203 1198 1236 1223 15

1201 1445 1235 1470 20

1202 1690 1236 1716 25

1202 2182 1236 2209 35

1205 2429 1239 2455 40

1208 2676 1241 2702 45

1313 503 1419 533 Primo
1437 503 1553 543 incepit
1567 504 1712 532 dominus
1730 505 1877 543 magister
1895 505 2091 534 Normannus
2108 506 2181 534 Sco-

1272 559 1322 582 tus
1342 554 1380 582 de
1405 552 1546 592 Lessely‚
1568 552 1655 592 cujus
1672 553 1767 582 bursa
1786 553 1812 582 X
1830 553 1934 588 solidi,
1953 554 2009 582 sub
2033 554 2181 593 magistro

1273 601 1400 631 Galtero
1415 603 1453 631 de
1470 602 1633 631 Wardlaw
1650 602 1753 631 Scoto.

1313 651 1388 680 ltem
1408 651 1524 691 incepit
1543 651 1687 680 dominus
1702 651 1890 680 Wilhelmus
1908 652 1946 680 de
1967 651 2105 680 Grinlaw
2125 653 2182 680 sub

1275 701 1424 740 magistro
1443 700 1621 730 Normanno
1637 701 1674 729 de
1692 700 1840 739 Lesseley
1857 700 1965 734 Scoto,
1982 699 2069 739 cujus
2089 701 2183 730 bursa

1272 750 1299 779 X
1315 749 1419 779 solidi.

1314 798 1388 828 Item
1411 798 1591 828 licenciatus
1612 799 1668 828 suit
1687 798 1832 828 dominus
1858 798 1965 838 Egno⁴
1985 797 2071 837 cujus
2089 799 2183 827 bursa

1276 847 1332 877 VII
1353 847 1457 883 solidi,
1474 848 1531 877 sub
1550 848 1699 888 magistro
1718 847 1826 877 Ulrico
1843 849 1881 876 de
1896 847 2046 887 Augusta.

1315 897 1388 926 Item
1408 896 1607 937 congregatis
1624 897 1856 926 ordinatoribus
1872 896 1964 926 rotuli
1983 907 2050 926 cum
2069 906 2183 936 procu-

1275 953 1378 975 ratore
1410 946 1441 975 in
1468 946 1586 985 palacio
1611 947 1649 974 de
1683 948 1797 975 Ter-mis
1825 946 1938 975 ibidem
1970 946 2185 985 expenderunt

1274 995 1375 1025 XVIII
1395 995 1514 1025 solidos
1531 995 1699 1035 parisiens.
1717 996 1754 1024 de
1770 996 1900 1035 pecunia
1917 995 2068 1024 nacionis.

1314 1044 1389 1074 Item
1418 1055 1475 1084 pro
1506 1045 1742 1084 ingrossacione
1767 1045 1861 1074 rotuli
1886 1045 1967 1084 apud
1999 1044 2183 1083 scriptorem

1273 1093 1373 1123 XVIII
1393 1093 1522 1123 solidos.

1315 1143 1390 1172 Item
1405 1143 1584 1172 licenciatus
1601 1143 1657 1172 fuit
1671 1143 1815 1172 dominus
1830 1142 1987 1172 Johannes
2003 1143 2041 1172 de
2056 1142 2184 1171 Treveri

1277 1193 1335 1222 sub
1353 1192 1503 1231 magistro
1518 1192 1646 1222 Nicolao
1663 1192 1820 1227 Drucken,
1837 1191 1925 1231 cujus
1941 1193 2036 1221 bursa
2050 1191 2106 1221 VII
2124 1191 2183 1220 sol.

1317 1243 1390 1279 (Vol.
1412 1243 1448 1270 44
1463 1241 1487 1280 l²)
1503 1241 1576 1271 Item
1592 1241 1773 1271 licenciatus
1789 1241 1845 1270 suit
1857 1241 2001 1270 dominus
2016 1240 2184 1270 Nicholaus

1274 1291 1311 1319 de
1329 1290 1477 1319 Hoculem
1499 1291 1556 1319 sub
1572 1290 1722 1330 magistro
1738 1290 1878 1320 Gerardo
1894 1291 1932 1319 de
1953 1290 2091 1319 Maerten
2112 1296 2183 1319 tunc

1275 1339 1426 1380 temporis
1441 1346 1658 1379 procuratore,
1676 1339 1763 1379 cujus
1780 1341 1874 1369 bursa
1889 1339 1961 1368 VIII
1979 1339 2081 1368 solidi.

1680 1452 1697 1479 1
1702 1450 1777 1479 342

1293 1541 1451 1580 Tempus
1486 1539 1771 1579 procuracionis
1804 1540 1971 1580 magistri
2005 1540 2163 1569 Walteri

1462 1590 1504 1618 de
1539 1589 1674 1618 Sancto
1710 1589 1837 1624 Claro,
1874 1589 1992 1619 Scoti.

1316 1687 1407 1716 Anno
1435 1686 1559 1716 Domini
1586 1686 1750 1716 millesimo
1778 1673 1929 1716 cedia.
1958 1688 2110 1721 secundo,
2135 1687 2184 1716 die

1279 1736 1350 1766 lune
1365 1734 1527 1775 proxima²
1552 1742 1623 1775 post
1643 1736 1752 1765 festum
1767 1735 1991 1765 Pentecostes³
2008 1736 2184 1766 convocatis

1275 1785 1419 1814 omnibus
1434 1785 1604 1825 magistris,
1622 1795 1752 1824 quorum
1770 1785 1928 1820 intererat,
1943 1786 2023 1824 apud
2041 1785 2184 1815 Sanctum

1274 1834 1461 1864 Maturinum
1487 1833 1673 1864 substitutus
1700 1834 1757 1863 suit
1784 1835 1933 1874 magister
1958 1834 2118 1864 Walterus
2147 1835 2185 1863 de

1275 1883 1388 1914 Sancto
1412 1883 1505 1913 Claro
1533 1883 1563 1912 in
1591 1890 1822 1922 procuratorem
1849 1884 1990 1913 nacionis
2014 1883 2185 1923 Anglicane

1276 1943 1333 1973 per
1348 1933 1528 1973 magistrum
1545 1932 1718 1962 Gerardum
1734 1933 1772 1962 de
1783 1933 1903 1962 Marten
1918 1940 2058 1972 protunc
2075 1944 2185 1973 procu-

1274 1989 1407 2012 ratorem
1426 1982 1622 2016 existentem,
1645 1982 1698 2021 qui
1717 1982 1840 2022 quidem
1859 1982 2008 2022 magister
2026 1982 2185 2012 Gerardus

1274 2031 1405 2071 arripuit
1424 2031 1484 2061 iter
1498 2041 1586 2060 suum
1602 2041 1712 2060 versus
1728 2031 1843 2060 curiam
1861 2031 2028 2060 Romanam
2042 2042 2102 2061 una
2117 2042 2184 2061 cum

1274 2080 1396 2110 nunciis
1414 2080 1634 2110 Universitatis
1644 2079 1666 2109 ⁴.

1316 2130 1350 2159 In
1373 2128 1460 2168 cujus
1479 2129 1638 2159 substituti
1661 2130 1884 2169 procuracionc
1905 2136 1969 2159 acta
1988 2130 2185 2170 fueruntque

1274 2185 1430 2209 secuntur.

1316 2228 1350 2257 ln
1369 2228 1478 2268 primis
1499 2227 1673 2257 licentiatus
1697 2228 1751 2257 suit
1773 2229 1853 2268 apud
1879 2228 2019 2258 Sanctam
2042 2229 2186 2258 Genove-

1276 2278 1333 2307 sam
1351 2277 1494 2306 dominus
1510 2276 1635 2307 Ulricus
1652 2277 1690 2306 de
1707 2276 1856 2306 Saxsonia
1871 2278 1928 2306 sub
1943 2278 2091 2317 magistro
2108 2278 2185 2307 Ber-

1275 2326 1360 2356 toldo
1378 2327 1415 2356 de
1434 2326 1634 2361 Constancia,
1651 2325 1738 2366 cujus
1756 2327 1849 2356 bursa
1866 2327 1922 2356 Vll
1939 2327 2042 2356 solidi.

1318 2375 1392 2405 Item
1428 2375 1608 2404 licenciatus
1641 2375 1695 2404 suit
1727 2377 1809 2415 apud
1844 2376 1987 2405 Nostram
2025 2376 2184 2405 Dominam

1276 2425 1420 2454 dominus
1448 2423 1643 2453 Hermannus
1671 2425 1708 2454 de
1733 2425 1977 2464 Frankynhuscn
2006 2426 2062 2454 sub
2089 2426 2186 2464 magi-

1278 2480 1343 2503 stro
1365 2473 1505 2503 Johanne
1528 2473 1612 2502 dicto
1634 2473 1721 2502 More
1744 2475 1781 2503 de
1805 2473 1971 2508 Saxsonia,
1992 2474 2078 2513 cujus
2092 2475 2184 2503 bui-sa

1277 2522 1333 2552 Vll
1351 2522 1455 2552 solidi.

1319 2571 1393 2601 Item
1431 2571 1610 2601 licenciatus
1644 2572 1700 2601 suit
1735 2573 1815 2611 apud
1848 2572 1990 2601 Nostram
2024 2572 2185 2601 Dominam

1278 2620 1422 2650 dominus
1439 2620 1596 2650 Johannes
1613 2621 1738 2660 Tenger
1757 2622 1794 2650 de
1815 2621 1997 2650 Oberndors
2011 2622 2068 2650 sub
2089 2622 2187 2660 magi-

1279 2676 1327 2699 tro
1344 2669 1454 2699 Ulrico
1472 2670 1510 2698 de
1527 2669 1682 2710 Augusta,
1704 2669 1790 2709 cujus
1810 2671 1901 2699 bursa
1920 2670 1944 2698 Υ
1962 2670 2063 2699 solidi.

1310 2929 1332 2951 3.
1366 2929 1395 2951 In
1406 2927 1521 2960 margine
1531 2927 1616 2959 figura
1622 2926 1733 2958 juvenis.

1309 2966 1331 2987 ¹4.
1372 2963 1424 2987 rid.
1440 2971 1518 2995 »upra
1531 2971 1557 2994 p.
1571 2963 1610 2990 ⁶6,
1623 2965 1675 2986 not.
1687 2963 1710 2985 7.
