2632 3464
315 457 367 484 701

318 533 494 568 bursarum,
519 537 551 562 et
568 531 638 562 aliis
655 530 810 571 jurandis,
829 531 913 570 quod
937 530 1039 560 dictus
1064 529 1223 559 Gerardus

315 591 380 611 non
395 581 452 611 fuit
467 581 500 610 in
516 580 615 621 culpa.
637 580 699 610 Sed
718 589 814 620 quare
835 579 937 619 ipsum
956 585 1141 619 procurator
1160 589 1223 608 non

314 629 509 670 registi-avit,
535 629 746 670 ignorabatur.
772 628 963 659 Deliberavit
982 628 1070 658 nacio
1095 634 1224 668 propter

314 678 385 714 hoc,
402 680 485 719 quod
502 679 649 719 magister
665 678 823 708 Johannes
839 677 936 713 Veen,
950 678 1004 717 qui
1018 683 1151 717 protunc
1168 677 1224 706 fuit

314 734 510 768 procurator,
526 729 565 758 ad
587 733 818 767 procuratorem
832 727 963 762 veniret,
989 733 1020 756 et
1043 726 1070 756 si
1094 727 1224 756 fateatur

315 776 488 807 Gen-ardum
502 777 675 817 predictum
687 775 823 816 jurasse,
839 777 923 815 quod
940 776 1008 815 ipse
1026 786 1094 805 eum
1108 775 1223 805 inscri-

314 826 413 862 beret,
433 832 525 866 prout
542 831 722 856 consuetum
744 825 799 854 fuit
817 825 990 854 inscribere
1012 824 1223 854 licenciandos

314 875 347 904 in
362 875 481 906 artibus
496 875 688 915 temporibus
703 874 876 904 retroactis.

355 923 517 954 Secundus
531 924 679 954 articulus
694 922 751 953 fuit
761 933 858 963 super
870 922 1167 962 supplicacionibus,
1184 923 1222 952 de

313 982 377 1013 quo
394 973 489 1003 nichil
506 973 574 1008 fuit,
592 973 665 1013 quia
683 972 787 1002 nullus
802 971 999 1012 supplicavit.

355 1021 551 1052 Licenciatus
578 1021 634 1052 fuit
654 1021 796 1051 Matheus
819 1022 857 1051 de
879 1021 1005 1051 chdes
1028 1021 1140 1051 Scotus
1164 1022 1222 1051 sub

314 1071 464 1111 magistro
478 1071 618 1101 Johanne
636 1071 735 1110 Dorp,
752 1069 839 1110 cujus
855 1071 948 1100 bursa
960 1070 987 1098 V
1003 1070 1107 1100 solidi.

353 1119 549 1150 Licenciatus
566 1120 623 1150 fuit
643 1120 785 1149 Andreas
803 1120 840 1149 de
858 1119 975 1149 Leiden
995 1120 1053 1149 sub
1074 1119 1223 1160 magistro

310 1166 451 1199 Johanne
467 1169 567 1210 Dorp,
580 1168 668 1209 cujus
683 1170 776 1198 bursa
788 1168 828 1198 vl
842 1168 945 1198 solidi.

353 1217 548 1249 Licenciatus
565 1218 621 1248 fuit
645 1218 802 1248 Johannes
823 1218 861 1247 de
875 1217 1036 1247 Zuutfania
1051 1218 1109 1247 sub
1124 1217 1223 1258 magi-

311 1272 383 1297 stro
410 1267 547 1298 Henrico
567 1268 606 1298 de
628 1267 778 1303 Arnhem,
801 1266 889 1307 cujus
915 1267 1008 1296 bursa
1029 1266 1098 1296 xvl
1127 1267 1224 1296 dena-

316 1325 367 1346 ru.

358 1365 553 1396 Licenciatus
584 1365 639 1395 fuit
668 1364 855 1395 wilhelmus
882 1365 962 1395 Blok
987 1365 1046 1395 sub
1074 1365 1223 1405 magistro

316 1416 431 1458 Egidio
448 1416 576 1451 Jutsaes,
593 1413 680 1455 cujus
692 1415 787 1444 bursa
804 1413 830 1443 V
844 1414 947 1444 solidi.

353 1467 428 1507 (Ful.
447 1465 494 1505 18)
510 1465 600 1494 Facta
617 1463 863 1504 congregacione
879 1463 1018 1493 nacionis
1033 1465 1114 1503 apud
1131 1463 1223 1493 Sanc-

313 1522 378 1546 tum
399 1514 585 1545 Maturinum
603 1513 634 1543 in
652 1513 788 1542 secunda
800 1512 875 1542 hora
889 1519 961 1552 post
975 1513 1138 1552 prandium
1149 1535 1157 1548 ,
1173 1513 1223 1543 die

314 1564 422 1595 martis
436 1563 521 1594 XV1-
541 1562 591 1592 die
608 1561 730 1597 Marcii,
751 1571 846 1601 super
866 1571 928 1591 uno
946 1561 1088 1596 articulo.
1110 1562 1224 1591 videli-

317 1619 366 1644 cet
383 1622 479 1653 super
500 1610 796 1652 supplicacionibus‚
812 1620 872 1650 que
891 1611 1058 1650 tangebant
1081 1610 1223 1640 bachela-

314 1662 380 1692 rios
401 1662 432 1691 in
450 1660 586 1691 crastino
602 1659 823 1694 licenciandos,
839 1659 925 1689 venit
942 1659 1086 1689 dominus
1107 1659 1224 1689 Gerar—

311 1712 372 1741 dus
386 1709 570 1744 Domherre,
593 1715 624 1738 et
645 1708 832 1748 supplicavit
851 1718 947 1748 super
963 1709 1095 1738 duobus.
1118 1708 1224 1739 Primo

313 1770 371 1800 pro
392 1769 429 1790 eo
448 1758 531 1799 quod
556 1767 619 1788 non
633 1763 699 1788 erat
722 1757 915 1787 bachelarius
940 1757 1092 1793 Parisius‚
1115 1758 1171 1788 sed
1192 1758 1223 1788 in

311 1808 438 1844 Tolosa,
461 1807 514 1838 ubi
536 1813 602 1837 erat
624 1806 759 1836 studium
782 1807 1001 1846 approbatum,
1027 1812 1061 1836 ut
1084 1806 1152 1846 ipse
1174 1806 1223 1837 hic

312 1864 456 1898 tanquam
471 1855 666 1886 bachelarius
680 1855 883 1895 reciperetur.
903 1855 1047 1885 Secundo
1063 1856 1146 1895 quod
1162 1862 1222 1885 tam

312 1916 410 1947 super
428 1906 534 1936 bursis
553 1904 712 1935 solvendis
734 1914 791 1944 pro
808 1903 1027 1939 hachelai-iam,
1049 1914 1141 1944 quam
1164 1915 1223 1945 pro

313 1955 422 1991 scolis,
441 1961 500 1985 tam
523 1963 583 1994 pro
611 1953 716 1983 bursis
735 1953 894 1983 solvendis
920 1953 951 1983 in
972 1953 1111 1989 licencia,
1132 1964 1222 1993 quam

313 2005 347 2034 in
361 2003 558 2044 incepcione‚
576 2002 649 2043 quia
671 2012 789 2042 pauper
809 2008 875 2032 erat
892 2008 1034 2042 protunc,
1051 2012 1108 2032 nec
1126 2013 1223 2042 pecu-

313 2053 397 2084 niam
421 2053 453 2082 in
481 2057 627 2092 promptu
655 2050 772 2087 habuit,
798 2057 831 2081 ut
853 2050 980 2091 juravit,
1004 2051 1098 2081 vellet
1118 2061 1222 2082 secum

313 2111 412 2142 usque
441 2102 478 2131 ad
504 2107 624 2140 tempus
645 2100 734 2130 nacio
758 2100 955 2140 dispensare.
984 2100 1085 2140 Super
1108 2101 1222 2140 quibus

313 2151 402 2182 nacio
418 2150 534 2180 avisata
545 2149 738 2184 deliberavit,
755 2149 856 2189 primo
867 2148 942 2189 quia
948 2148 1065 2188 juravit
1079 2160 1113 2179 se
1126 2150 1221 2180 fuisse

312 2199 520 2230 bachelarium
545 2199 576 2228 in
600 2198 704 2228 studio
727 2199 911 2238 approbato,
939 2198 991 2228 ubi
1020 2199 1140 2228 fuerant
1163 2198 1220 2228 Xll

313 2248 454 2290 magistri
466 2254 612 2288 regentes
626 2253 699 2282 etc„
713 2248 796 2287 quod
808 2247 857 2277 hic
870 2257 926 2286 pro
940 2247 1115 2277 bachelario
1131 2247 1220 2277 habe-

312 2304 410 2334 retur,
429 2297 579 2327 solvendo
596 2306 656 2336 que
678 2306 735 2336 per
756 2295 903 2336 proprios
924 2295 1117 2326 bachelarios
1141 2297 1220 2327 solvi

311 2353 386 2378 sunt
405 2351 563 2377 consueta.
587 2345 689 2385 Super
709 2344 847 2375 secundo
869 2344 1082 2381 deliberatum,
1104 2351 1220 2375 attento

311 2401 392 2431 statu
414 2404 482 2430 suo,
499 2395 584 2435 quod
599 2404 694 2434 super
710 2393 814 2424 bursis
836 2400 866 2424 et
879 2393 950 2424 aliis
973 2393 1143 2430 solvendis,
1160 2400 1219 2424 tam

312 2454 371 2485 pro
390 2443 600 2474 bachelariatu
620 2452 711 2483 quam
732 2442 860 2472 licencia
880 2449 912 2472 et
929 2442 1120 2482 incepeione,
1142 2444 1219 2473 bene

312 2492 427 2524 vellent
442 2502 540 2532 usque
555 2492 666 2522 festum
684 2491 782 2521 sancti
800 2490 914 2521 Mathei
930 2491 1069 2531 proxime
1086 2492 1219 2522 futurum

310 2542 506 2582 dispensare,
530 2541 696 2572 dummodo
721 2540 811 2570 vadia
835 2539 1011 2570 sufficencia
1032 2546 1163 2580 poneret
1188 2541 1220 2570 in

314 2590 455 2622 manibus
469 2590 652 2630 receptoria,
673 2599 707 2620 ac
725 2589 826 2619 taliter
845 2589 906 2619 sibi
927 2589 1118 2619 satisfaceret
1136 2590 1219 2630 quod

313 2645 457 2679 receptor
473 2638 546 2669 inde
565 2638 687 2669 nacioni
706 2638 798 2668 vellet
814 2638 852 2668 ad
869 2644 940 2668 tunc
959 2638 1161 2678 respondere.
1182 2638 1220 2669 Et

312 2688 358 2719 sic
373 2687 526 2718 transivit.

354 2736 547 2767 Licenciatus
569 2736 625 2767 fuit
647 2735 806 2766 Gerardus
827 2735 974 2771 Domher,
1000 2735 1075 2766 alias
1097 2736 1135 2767 de
1157 2736 1219 2766 Lu-

313 2785 512 2820 cembourch,
543 2785 601 2815 sub
634 2785 784 2826 magistro
823 2784 936 2825 Egidio
966 2784 1096 2821 Jussaes,
1132 2784 1220 2825 cujus

313 2834 409 2864 bursa
426 2833 454 2864 ll
470 2833 573 2864 solidi.

347 2945 370 2969 ¹.
402 2944 454 2976 Qui
461 2952 504 2968 aa.
513 2944 653 2976 praue-rito
664 2943 690 2968 ἰιι
704 2944 871 2968 llm‘vern’talae
881 2943 1088 2977 Heidelbergrni
1101 2944 1220 2969 intitula-

814 454 927 481 LIBER
947 439 1261 480 P'ROCURATORUM
1286 454 1474 481 NATloNIS
1493 454 1739 481 ANGLICANAE

1277 730 1293 756 5

1261 977 1294 1002 10

1261 1222 1295 1248 15

1261 1468 1295 1494 20

1260 1713 1295 1739 25

1259 1958 1294 1984 30

1258 2203 1292 2230 35

1257 2446 1291 2474 40

1256 2691 1291 2718 ⁴5

2184 455 2235 480 702

1375 529 1518 559 Matheus
1537 531 1575 559 de
1595 530 1720 559 Geddes
1741 531 1851 560 Scotus
1873 531 1988 570 incepit
2010 532 2067 560 sub
2090 532 2238 571 magistro

1332 578 1472 608 Johanne
1486 580 1524 608 de
1543 579 1642 618 Dorp,
1657 578 1744 619 cujus
1760 580 1853 609 bursa
1867 579 1893 607 V
1909 580 2012 609 solidi.

1373 627 1516 657 Andreas
1533 629 1571 657 de
1589 628 1704 657 Leiden
1720 628 1835 668 incepit
1849 629 1907 658 sub
1922 630 2040 663 eodem,
2059 628 2146 668 cujus
2164 630 2239 658 bur-

1331 686 1366 706 sa
1381 677 1422 706 Vl
1439 677 1542 706 solidi.

1369 725 1504 755 Jacobus
1524 726 1739 766 Ryngyngher
1764 727 1802 755 de
1830 726 1939 756 Ulma⁴
1968 728 2240 757 subdeterminavit

1331 775 1389 804 sub
1418 775 1568 815 magistro
1602 775 1742 804 Johanne
1777 775 1968 815 Nallyngher
2001 786 2058 815 pro
2091 776 2239 816 magistro

1333 823 1459 854 Andrea
1473 825 1512 854 de
1531 824 1658 859 Leiden,
1676 823 1764 864 cujus
1781 825 1876 854 bursa
1893 824 1998 854 nichil.

1373 873 1528 903 Hem-icus
1541 874 1579 902 de
1597 873 1827 913 Loll'ynberghe
1837 874 2105 903 subdeterminans
2115 874 2239 904 Andree

1333 921 1452 962 Glaync
1467 923 1525 952 sub
1539 923 1687 962 magistro
1701 922 1840 952 Johanne
1853 922 2032 963 Nallynger,
2045 922 2133 963 cujus
2146 924 2239 952 bursa

1330 971 1437 1001 nichil.

1372 1021 1407 1050 ln
1435 1021 1682 1060 congregacione
1706 1020 1858 1050 facultatis
1885 1022 1961 1050 facta
1986 1022 2067 1060 apud
2094 1021 2237 1050 Sanctum

1330 1069 1484 1099 lulianum
1503 1069 1618 1099 XVIII·
1639 1070 1688 1100 die
1708 1070 1828 1106 Marcii,
1847 1071 1885 1100 ad
1904 1070 2160 1100 deliberacionem
2183 1080 2239 1099 na-

1331 1118 1431 1149 cionis
1453 1119 1626 1159 supplicavi
1649 1129 1707 1159 pro
1728 1119 1866 1149 clavibus
1887 1119 2039 1149 scolarum
2063 1126 2237 1149 nostrarum

1332 1167 1363 1196 in
1381 1168 1450 1198 vico
1468 1168 1632 1198 Straminis
1649 1179 1707 1208 pro
1729 1178 1777 1204 eo,
1797 1169 1879 1208 quod
1902 1179 1963 1198 non
1985 1168 2063 1198 bene
2082 1169 2239 1198 custodie-

1331 1218 1460 1251 bantur;
1477 1223 1507 1247 et
1518 1217 1544 1246 si
1556 1217 1691 1256 placeret
1707 1216 1776 1246 aliis
1788 1217 1970 1247 nacionibus
1985 1218 2174 1247 committere
2188 1228 2239 1246 cu-

1333 1266 1464 1296 stodiam
1491 1266 1626 1296 omnium
1645 1266 1797 1296 scolarum
1816 1266 2026 1296 willelma...
2044 1266 2106 1306 (sic)
2124 1267 2240 1296 subbe-

1333 1315 1416 1345 dello
1437 1321 1543 1345 nostre
1567 1315 1718 1351 nacionis,
1737 1315 1924 1345 credidimus
1939 1316 2021 1355 quod
2045 1316 2122 1345 bene
2144 1322 2174 1345 et
2201 1316 2239 1345 ad

1334 1365 1526 1394 commodum
1559 1365 1695 1394 omnium
1729 1365 1891 1394 nacionum
1922 1365 2023 1394 scolas
2057 1365 2239 1400 custodiret,

1333 1414 1447 1443 debitis
1460 1414 1652 1453 temporibus
1669 1413 1826 1443 clauderet
1840 1420 1870 1444 et
1884 1414 2029 1453 aperiret.
2052 1414 2153 1453 Super
2170 1414 2240 1453 qui-

1333 1463 1391 1492 bus
1417 1462 1544 1492 facultas
1568 1463 1791 1502 supplicacioni
1815 1469 1922 1492 nostre
1945 1473 2083 1492 annuens
2112 1469 2240 1502 propter

1333 1512 1471 1541 defectus
1496 1511 1674 1541 consimiles
1698 1522 1756 1552 per
1772 1513 1930 1541 nacioncm
1953 1518 2088 1541 nostram
2115 1518 2239 1550 preten-

1332 1571 1398 1596 sos,
1415 1561 1573 1590 custodem
1591 1561 1748 1600 antiquum
1765 1561 1967 1600 deponentes,
1983 1561 2066 1590 dicto
2081 1560 2239 1590 willelmo

1332 1607 1514 1640 subbedello
1529 1615 1637 1639 nostro
1649 1609 1783 1639 omnium
1802 1610 1963 1639 nacionum
1978 1609 2078 1639 scolas
2097 1615 2126 1638 et
2138 1615 2238 1639 custo-

1333 1658 1414 1688 diam
1437 1659 1574 1698 ipsarum
1590 1659 1786 1688 concorditer
1805 1665 2036 1688 concesserunt.

1374 1707 1491 1737 Eodem
1527 1714 1666 1747 tempore
1706 1708 1783 1737 facta
1821 1707 2068 1747 congregacione
2100 1707 2238 1737 nacionis

1333 1766 1429 1796 super
1454 1756 1683 1786 examinacione
1715 1757 2046 1786 subdeterminancium
2075 1763 2105 1786 et
2133 1766 2237 1786 eorum

1328 1804 1523 1846 juramentis,
1538 1805 1785 1846 supplicantibus
1800 1805 1955 1845 aliquibus
1967 1805 2122 1834 concessit
2138 1805 2237 1841 nacio,

1336 1855 1419 1894 quod
1438 1855 1736 1884 subdeterminantes
1752 1855 1999 1884 examinarentur
2015 1861 2044 1884 et
2053 1854 2194 1894 jurarent
2209 1861 2239 1883 et

1331 1903 1575 1933 admitterentur.

1371 1953 1525 1982 Hem-icus
1531 1954 1570 1982 de
1581 1952 1711 1983 Colonia
1720 1952 1987 1982 subdeterminans
1996 1952 2109 1982 Mathia
2121 1953 2158 1981 de
2167 1952 2236 1982 Gri-

1332 2002 1463 2032 femonte
1482 2002 1540 2031 sub
1555 2002 1704 2042 magistro
1721 2001 1859 2031 Johanne
1878 2001 2023 2036 Bomber,
2039 2001 2125 2041 cujus
2143 2003 2236 2031 bursa

1331 2051 1435 2080 nichil.

1372 2100 1446 2140 (Fol.
1463 2102 1500 2130 18
1515 2101 1538 2139 b)
1552 2100 1745 2129 Licenciatus
1756 2100 1811 2129 fuit
1822 2099 1976 2129 Henricus
1989 2100 2026 2129 de
2043 2099 2164 2139 Berghe
2178 2101 2235 2129 sub

1331 2149 1479 2189 magistro
1496 2149 1609 2189 Egidio
1624 2149 1752 2183 Jutfaes,
1767 2148 1854 2188 cujus
1870 2149 1963 2178 bursa
1977 2148 2003 2177 V
2019 2149 2120 2178 solidi.

1370 2198 1490 2238 lncepit
1503 2198 1647 2227 dominus
1661 2198 1818 2227 lohannes
1834 2199 1871 2227 de
1891 2197 2080 2237 Zuutphania
2096 2198 2154 2227 sub
2171 2208 2235 2227 ma-

1332 2247 1432 2287 gistro
1448 2247 1584 2277 Henrico
1603 2248 1641 2276 de
1666 2246 1814 2282 Arnhem,
1833 2245 1920 2286 cujus
1941 2247 2034 2276 bursa
2050 2246 2120 2276 XVl
2140 2247 2235 2276 dena-

1329 2296 1379 2326 rii.

1370 2345 1490 2385 lncepit
1507 2344 1685 2374 Willelmus
1703 2344 1781 2374 Blok
1801 2345 1858 2374 sub
1877 2345 2024 2384 magistro
2045 2344 2180 2373 Henrico
2195 2345 2232 2373 de

1329 2394 1477 2430 Arnhem‚
1497 2393 1583 2434 cujus
1595 2395 1688 2424 bursa
1702 2393 1727 2422 V
1745 2393 1847 2423 solidi.

1369 2443 1488 2483 lncepit
1506 2442 1659 2473 Henricus
1675 2443 1713 2472 de
1727 2442 1849 2482 Berghe
1865 2442 1922 2471 sub
1933 2442 2080 2481 magistro
2097 2442 2231 2472 ilenrico

1328 2493 1366 2522 de
1382 2492 1529 2527 Arnhem,
1545 2491 1631 2531 cujus
1647 2492 1741 2521 bursa
1756 2491 1781 2520 V
1794 2491 1897 2521 solidi.

1370 2541 1487 2581 lncepit
1500 2540 1658 2570 Gerardus
1682 2540 1834 2570 Domhere
1854 2541 1912 2569 sub
1929 2540 2077 2579 magistro
2097 2539 2231 2570 llenrico

1328 2591 1366 2620 de
1381 2589 1529 2625 Arnhem,
1548 2589 1636 2630 cujus
1650 2590 1744 2619 bursa
1760 2589 1786 2618 ll
1807 2589 1908 2618 solidi.

1369 2639 1487 2679 lncepit
1498 2639 1656 2668 Gerardus
1672 2638 1844 2668 Ysebrandi
1859 2638 1917 2667 sub
1931 2638 2078 2677 magistro
2093 2638 2231 2667 Johanne

1327 2688 1423 2723 Veen,
1439 2687 1527 2727 cujus
1542 2689 1635 2717 bursa
1652 2687 1678 2717 ll
1696 2687 1798 2717 solidi.

1369 2728 1563 2767 Licenciatus
1595 2737 1649 2766 fuit
1682 2737 1823 2766 Andreas
1852 2735 1968 2775 Glaync
1996 2736 2053 2764 sub
2085 2736 2232 2775 magistro

1328 2785 1442 2826 Egidio
1457 2786 1585 2821 Jutfaes,
1602 2785 1689 2825 cujus
1705 2786 1797 2814 bursa
1812 2784 1865 2813 Vll
1881 2785 1983 2818 solidi,
2003 2783 2027 2813 ll
2047 2785 2175 2814 denarii.

1326 2946 1367 2968 tiu
1374 2947 1439 2969 arat.
1453 2944 1506 2967 rid.
1516 2944 1635 2972 ῖοινιι,
1644 2943 1688 2967 Die
1697 2943 1815 2967 Mntrilwl
1826 2943 1851 2966 d.
1862 2943 1981 2967 univm.
1989 2942 2155 2974 Eeidelberg.
2162 2943 2182 2970 1,
2189 2944 2228 2971 58.

1328 2982 1354 3004 ue
1366 2980 1499 3004 Jobannes
1512 2979 1648 3011 Nallinger
1657 2987 1698 3003 an.
1713 2979 1780 3002 1408.
1800 2978 1852 3002 vid.
1868 2978 1931 3002 ibid.
1945 2986 1970 3010 p.
1989 2978 2040 3002 tos.

2231 0 2394 25 .W2'²*'‘'3
2415 0 2431 4 ⁴'
2458 0 2483 6 ““
2511 0 2514 1 ’
