2632 3464
440 402 492 427 263

439 478 512 507 Item
538 483 659 506 tenetur
682 477 718 505 18
740 477 811 511 sol.‚
839 482 926 505 scuto
952 475 1071 505 valente
1095 476 1132 504 22
1159 474 1216 504 sol.
1244 473 1340 514 Cujus

437 526 586 556 terminus
602 532 649 554 est
663 532 847 554 transactus.

479 575 553 604 Item
573 574 706 603 Jacobus
733 575 769 603 de
794 574 944 613 Prucege,
964 573 1165 603 Treverensis
1185 572 1340 611 dyocesis,

436 624 542 663 posuit
556 623 687 652 litteram
706 622 842 652 officialis
857 623 888 651 in
904 633 963 661 qua
983 622 1126 661 promisit
1140 621 1260 650 nacioni
1277 620 1342 650 sol-

436 682 509 702 vere
525 682 617 701 unum
635 678 789 701 mutonem
805 678 834 700 et
849 677 987 710 quartam
1001 677 1118 710 partem
1135 670 1212 699 scuti
1225 669 1342 699 Johan-

437 722 498 755 nis,
518 722 543 749 si
559 720 709 760 possibile
730 721 770 749 sit
781 721 887 759 {ipsum
903 720 1027 754 habere,
1045 720 1102 748 sub
1120 729 1199 758 pena
1218 728 1342 747 excom-

438 770 664 804 municationis,
681 769 760 798 trina
776 769 947 798 monicione
958 769 1153 807 precedente.
1167 767 1262 807 Cujus
1278 773 1342 796 ter-

438 819 539 847 minus
555 818 734 857 exspiravit.

480 868 554 896 Item
567 866 574 884 ¹
595 867 751 896 Johannes
770 867 870 905 Proys
885 866 988 905 posuit
1002 866 1132 894 litteram
1145 865 1298 900 officialis,
1311 864 1343 893 in

438 926 498 956 qua
521 916 664 956 promisit
685 915 804 944 nacioni
823 915 943 944 solvere
963 915 1043 943 bona
1062 914 1121 942 fide
1138 915 1176 942 20
1198 913 1255 942 sol.
1275 923 1342 942 cum

436 965 578 1000 dimidio,
596 970 682 993 scuto
698 964 847 993 Johannis
862 963 982 992 valente
999 963 1036 991 23
1055 963 1112 992 sol.
1130 961 1226 1002 Cujus
1241 962 1342 991 termi-

437 1024 495 1043 nus
512 1020 559 1042 est
574 1019 757 1042 transactus.

478 1063 552 1092 Item
580 1062 735 1091 Johannes
756 1061 892 1090 Herwici
913 1061 1018 1100 posuit
1037 1060 1168 1089 litteram
1193 1059 1342 1095 officialis,

438 1111 469 1140 in
485 1122 544 1150 qua
563 1110 706 1150 promisit
726 1110 847 1139 nacioni
865 1109 984 1138 solvere
999 1109 1016 1137 2
1032 1115 1172 1138 mutones
1190 1109 1247 1138 sub
1265 1118 1345 1148 pena

436 1159 766 1189 excommunicacionis
780 1158 803 1187 ².
824 1157 919 1197 Cujus
933 1158 1081 1187 terminus
1097 1163 1144 1186 est
1158 1163 1342 1186 transactus.

477 1207 575 1237 Item³
601 1207 745 1236 Nicolaus
767 1207 850 1236 Calis
875 1208 912 1236 de
937 1207 1047 1236 Prucia
1075 1207 1180 1246 posuit
1212 1206 1344 1235 litteram

437 1257 587 1292 officialis,
613 1257 643 1285 in
667 1267 726 1295 qua
747 1256 890 1295 promisit
914 1256 1035 1284 nacioni
1060 1255 1181 1284 solvere
1210 1256 1247 1283 22
1270 1255 1342 1291 sol.‚

441 1312 527 1335 scuto
544 1305 663 1335 valente
684 1306 720 1334 16
737 1305 794 1334 sol.
816 1304 912 1344 Cujus
930 1305 1079 1334 terminus
1097 1304 1276 1343 exspiravit.

478 1355 551 1383 Item
562 1354 723 1383 Conradus
742 1354 885 1389 Clokere‚
899 1353 1152 1393 Osnaburgensis
1164 1353 1175 1371 ⁴
1188 1353 1342 1392 dyocesis,

436 1404 541 1443 posuit
568 1404 698 1432 litteram
727 1403 875 1438 officialis,
906 1403 938 1431 in
962 1413 1021 1442 qua
1051 1402 1194 1442 promisit
1224 1402 1344 1431 solvere

438 1453 559 1481 nacioni
580 1453 615 1481 12
628 1453 732 1492 grossi
748 1458 909 1481 turonens.
930 1453 987 1481 sub
1006 1462 1086 1491 pena
1100 1451 1345 1480 excommunica-

439 1502 534 1531 tionis
546 1501 569 1530 5.
591 1500 687 1540 Cujus
704 1501 854 1530 terminus
871 1501 1050 1540 exspiravit.

479 1551 555 1579 Item
573 1550 777 1579 Fridmannus
795 1552 832 1579 de
852 1550 953 1589 Praga
966 1550 1070 1589 posuit
1082 1549 1214 1578 litteram
1230 1549 1345 1578 officia-

437 1600 487 1634 lis,
511 1600 542 1628 in
559 1610 618 1638 qua
636 1599 778 1638 promisit
800 1599 919 1628 solvere
940 1599 1060 1628 nacioni
1078 1599 1096 1627 8
1112 1608 1242 1638 grossos
1257 1605 1345 1627 turo-

439 1658 528 1677 nens.
555 1649 611 1677 sub
632 1658 709 1686 pena
727 1648 1065 1683 excommunicacionis,
1085 1648 1165 1676 trina
1177 1647 1344 1676 monitione

439 1697 613 1736 prehabita.
634 1696 729 1736 Cujus
746 1697 894 1726 terminus
909 1697 1077 1736 exspiravit
1089 1696 1111 1724 ⁶.

479 1746 552 1774 Item
571 1746 682 1774 Petrus
699 1746 781 1785 Prop
803 1746 906 1785 posuit
921 1746 1051 1774 litteram
1070 1745 1218 1780 officialis,
1235 1746 1267 1774 in
1286 1755 1345 1784 qua

437 1795 580 1834 promisit
603 1795 723 1823 solvere
742 1795 863 1824 nacioni
885 1796 902 1823 4
923 1794 1055 1823 florenos
1076 1805 1142 1823 cum
1163 1795 1199 1823 16
1222 1794 1342 1829 solidis,

469 1893 492 1915 1.
528 1892 622 1916 Item...
637 1895 786 1915 transactus
799 1892 884 1915 deleta
895 1894 961 1915 sunt.

468 1929 491 1951 2.
525 1930 617 1951 Exstat
631 1927 821 1951 instrumentum
833 1928 858 1951 in
871 1927 947 1951 Arch.
961 1927 1073 1951 Univers.
1088 1927 1182 1955 Parim,
1195 1927 1263 1950 thee.
1277 1927 1341 1955 XIV,

438 1968 465 1986 11⁰
486 1964 513 1986 17
529 1971 533 1985 z
555 1964 628 1986 Anno
648 1963 722 1986 Dom.
745 1963 913 1991 MCCCLVII,
929 1963 970 1986 die
985 1963 1088 1986 veneris
1106 1966 1168 1993 post
1184 1964 1274 1986 Letare
1289 1963 1343 1994 (an.

437 1999 506 2026 1358,
534 1999 562 2021 16
586 1998 686 2029 Martii)
711 2007 799 2021 coram
823 1999 899 2021 nobis
921 1998 1029 2022 officiale
1055 1998 1139 2021 Paris.
1168 1998 1345 2028 personaliter

438 2034 595 2057 constitutus
611 2034 743 2057 Johannes
758 2034 869 2057 Herwici
885 2034 1038 2065 recognovit
1046 2042 1072 2057 se
1084 2034 1178 2057 debere
1190 2037 1215 2057 et
1227 2034 1344 2065 legitime

439 2069 520 2093 teneri
534 2078 563 2092 ac
579 2077 636 2092 esse
649 2069 791 2092 efficaciter
803 2069 950 2101 obligatum
963 2069 1066 2092 nacioni
1081 2069 1224 2100 Anglicane
1237 2069 1345 2092 Univer-

440 2105 526 2128 sitatis
540 2105 623 2128 Paris.
639 2105 664 2127 in
679 2105 781 2128 duobus
795 2105 946 2128 mutonibus
960 2105 1016 2128 auri
1027 2113 1075 2136 pro
1089 2105 1307 2128 determinacione
1320 2108 1345 2128 et

438 2141 546 2163 licencia
562 2141 588 2163 in
606 2141 705 2163 arcium
722 2141 844 2164 facultate
862 2141 999 2165 habendis.
1019 2148 1097 2171 quam
1114 2140 1219 2171 quidem
1236 2141 1345 2172 pecunie

440 2184 569 2199 summam
592 2176 661 2199 idem
678 2176 810 2199 Johannes
828 2176 950 2207 promisit
966 2177 1067 2207 co[rnm
1084 2176 1170 2207 nobis]
1196 2176 1296 2199 solvere
1320 2179 1346 2199 et

438 2211 541 2234 tradere
559 2211 643 2234 eidem
663 2211 765 2234 nacioni
784 2211 825 2234 vel
845 2211 922 2234 latori
946 2211 1109 2242 presencium
1128 2219 1176 2242 pro
1199 2212 1258 2242 ipsa
1276 2212 1345 2235 infra

438 2247 499 2270 hinc
517 2250 544 2270 et
554 2247 649 2269 festum
662 2247 772 2277 Remigii
787 2247 903 2278 proxime
919 2251 1057 2270 venturum
1074 2247 1134 2278 [sub
1146 2247 1227 2277 pen]a
1241 2255 1345 2270 excom—

438 2282 635 2310 municacionis,
650 2282 771 2313 obligans
791 2291 817 2305 se
835 2291 885 2313 quo
901 2283 933 2305 ad
950 2283 1007 2311 hec,
1024 2286 1082 2311 etc.,
1103 2290 1267 2313 supponens,
1285 2286 1344 2311 etc.,

438 2318 603 2345 renuncians,
624 2321 672 2340 etc.
691 2318 722 2340 Et
742 2318 787 2341 fiat
807 2326 886 2349 super
902 2318 951 2341 hoc
968 2318 1036 2341 hona
1054 2317 1129 2341 litera
1150 2318 1343 2350 oblligatoria]

440 2353 499 2377 Dat.
511 2361 579 2376 anno
591 2356 617 2376 et
630 2353 671 2376 die
682 2353 779 2384 quibus
791 2362 880 2384 supra.
1018 2354 1161 2377 usmarus
1180 2354 1312 2377 MoRELm.

468 2389 491 2412 3.
526 2389 620 2412 Item...
637 2389 782 2419 exspiravit
795 2388 879 2412 deleta
894 2391 962 2411 sunt.
980 2390 1007 2411 In
1025 2388 1139 2421 margine
1150 2389 1229 2412 solvit
1241 2389 1344 2420 quando

438 2424 543 2455 incepit.

473 2461 496 2483 4.
531 2462 577 2483 Ms.
592 2460 792 2486 Ossaraborien,
805 2460 870 2482 sicut
882 2460 906 2483 in
919 2460 1084 2483 instrumento
1098 2459 1220 2491 sequenti.

469 2498 492 2519 5.
525 2497 720 2519 lustramentum
731 2496 762 2518 de
779 2495 861 2519 hocin
877 2495 952 2519 Arch.
972 2495 1082 2519 Cnivers.
1096 2496 1188 2523 Paris.,
1200 2496 1267 2519 theo.
1280 2496 1344 2524 XIV,

440 2535 466 2554 „0
481 2532 510 2554 13
524 2539 529 2554 ;

469 2567 605 2590 Universis
621 2569 756 2597 presentes
769 2566 870 2590 litteras
884 2566 1041 2597 inspecturis
1055 2566 1176 2590 officialis
1190 2567 1346 2590 Parisiensis

439 2602 549 2625 salutem
563 2602 589 2624 in
603 2602 721 2625 Domino.
738 2602 833 2625 Notum
845 2602 954 2625 facimus
969 2602 1037 2633 quod
1051 2610 1138 2625 coram
1149 2602 1224 2625 nobis
1238 2606 1346 2633 propter

439 2637 487 2660 hoc
499 2638 672 2668 personaliter
682 2638 848 2665 constitutus,
861 2637 995 2660 Conradus
1007 2637 1092 2660 dictus
1105 2638 1222 2665 Clokere,
1234 2638 1345 2661 clericus

439 2672 556 2703 dyocesis
579 2673 791 2704 Osnaburgensis
812 2673 869 2704 (Me.
889 2673 1127 2704 Ossarahuriens),
1148 2673 1299 2704 recognovit
1321 2676 1347 2697 et

438 2709 573 2731 confessus
590 2708 638 2731 fuit
656 2716 682 2731 se
695 2708 790 2731 debere
808 2711 833 2731 et
845 2708 926 2731 teneri
945 2716 975 2731 ac
995 2716 1051 2731 esse
1069 2708 1185 2739 legitime
1198 2708 1345 2739 obligatum

440 2743 541 2766 naci0ni
557 2744 698 2774 Anglicane
715 2743 741 2766 in
759 2743 895 2766 duodecim
914 2751 1021 2774 grossos
1041 2746 1174 2766 turonens.
1195 2743 1296 2774 argenti
1315 2744 1346 2766 de

439 2778 526 2801 bursis
538 2779 592 2801 suis
608 2779 739 2802 solvendis
750 2787 798 2810 pro
811 2779 995 2807 licenciatura;
1010 2787 1075 2810 quos
1086 2779 1194 2802 reddere
1208 2782 1233 2802 et
1244 2779 1345 2802 solvere

440 2814 561 2844 promisit
573 2814 640 2837 dicte
655 2814 757 2837 nacioni
770 2818 815 2838 aut
827 2815 905 2838 latori
922 2814 1086 2845 presencium
1100 2815 1169 2837 infra
1185 2814 1250 2838 duos
1264 2822 1346 2838 annos

440 2849 561 2872 continuo
581 2849 748 2880 complendos
773 2858 787 2873 a
810 2850 871 2873 data
896 2850 1066 2881 presentium.
1090 2850 1127 2873 Ad
1152 2858 1218 2881 quos
1242 2850 1348 2881 quidem

441 2892 547 2914 grossos
564 2885 722 2908 reddendum
734 2894 780 2908 nos
792 2885 881 2908 audita
894 2885 1010 2916 ejusdem
1021 2885 1184 2908 confessione
1198 2885 1347 2908 monuimus

441 2919 529 2950 ipsum
538 2920 631 2950 primo,
645 2921 766 2948 secundo,
776 2921 856 2944 tercio
865 2924 890 2945 et
899 2924 992 2952 quarto
1001 2929 1031 2945 ex
1038 2921 1212 2949 habundanti,
1223 2921 1271 2944 sub
1280 2929 1348 2952 pena

974 398 1196 425 AUCTARIUM
1223 397 1481 424 CHARTULARII
1506 397 1679 423 UNIVERS.
1706 397 1824 424 PARIS.

1380 917 1414 943 10

1381 1162 1415 1188 15

1382 1407 1416 1433 20

1382 1653 1415 1678 25

2306 400 2359 426 264

1449 473 1566 502 floreno
1578 473 1699 502 valente
1716 473 1756 502 20
1769 473 1826 502 sol.
1845 474 1903 503 sub
1918 483 1997 513 pena
2016 474 2357 506 excommunicacionis.

1450 520 1546 561 Cujus
1560 522 1709 550 terminus
1723 522 1902 562 exspiravit.

1490 571 1565 599 Item
1592 581 1672 610 mag.
1696 570 1912 600 Ghiselbertus
1938 572 1976 601 de
2004 571 2228 602 Lichtenberch
2255 574 2359 613 posuit

1449 619 1582 648 litteram
1604 619 1754 655 officialis,
1779 620 1811 649 in
1837 630 1898 660 qua
1923 621 2067 660 promisit
2088 621 2209 652 solvere
2236 622 2359 652 nacioni

1450 669 1488 698 70
1504 667 1575 703 sol.‚
1592 668 1709 697 floreno
1723 668 1844 699 valente
1859 669 1898 698 20
1918 669 1990 705 sol.‚
2010 670 2068 699 sub
2086 680 2165 709 pena
2182 680 2359 702 excommu-

1450 717 1629 746 nicacionis.
1647 716 1744 757 Cujus
1757 718 1907 747 terminus
1925 718 2105 758 exspiravit.

1491 766 1566 795 Item
1580 765 1737 796 Johannes
1758 766 1909 796 Dinconis
1927 768 1965 796 de
1985 767 2133 797 Bohemia
2149 769 2256 808 posuit
2275 769 2359 799 litte-

1450 825 1515 844 ram
1528 814 1677 850 officialis,
1691 815 1724 844 in
1739 825 1798 855 qua
1808 816 1952 855 promisit
1963 817 2084 846 solvere
2097 818 2218 847 nacioni
2230 819 2270 847 86
2285 818 2357 854 sol.‚

1451 870 1538 893 scuto
1558 863 1678 893 valente
1698 865 1737 894 20
1755 864 1826 900 sol.‚
1849 866 1907 894 sub
1924 875 2004 905 pena
2021 867 2357 897 excommunicationis.

1452 911 1549 952 Cujus
1564 913 1714 942 terminus
1731 913 1911 953 exspiravit.

1492 961 1567 990 Item
1596 962 1792 992 Wernherus
1823 962 1896 1002 May
1921 964 1959 992 de
1986 963 2172 1000 Porczhain,
2200 964 2360 1004 Spirensis

1451 1010 1607 1049 dyocesis,
1625 1011 1729 1050 posuit
1743 1011 1831 1040 aliam
1847 1011 1978 1041 litteram
1997 1012 2147 1049 officialis,
2163 1013 2196 1042 in
2212 1023 2273 1053 qua
2288 1023 2360 1053 pro-

1451 1059 1536 1088 misit
1555 1059 1676 1089 solvere
1698 1060 1820 1089 nacioni
1844 1061 1882 1090 76
1902 1061 1974 1096 sol.‚
1997 1067 2085 1091 scuto
2101 1062 2222 1092 valente
2241 1063 2280 1092 36
2299 1062 2357 1092 sol.

1453 1107 1549 1148 Cujus
1565 1108 1717 1138 terminus
1733 1109 1913 1149 exspiravit.

1493 1157 1568 1186 Item
1585 1157 1739 1187 Hem-icus
1759 1157 1860 1187 Peure
1876 1159 1914 1187 de
1930 1158 2072 1199 Trajecto
2091 1160 2258 1199 superiori,
2279 1160 2360 1190 Leo-

1452 1206 1570 1235 diensis
1597 1206 1752 1245 dyocesis,
1779 1207 1886 1246 posuit
1908 1207 2039 1237 litteram
2063 1208 2212 1245 officialis,
2237 1209 2270 1238 in
2300 1219 2360 1250 qua

1453 1255 1596 1294 promisit
1625 1255 1746 1284 solvere
1776 1256 1897 1285 nacioni
1936 1257 1974 1286 76
2009 1257 2081 1293 sol.‚
2119 1263 2206 1287 scuto
2241 1258 2360 1288 valente

1451 1305 1491 1333 36
1504 1304 1562 1333 sol.
1575 1303 1599 1333 ⁷.
1620 1303 1716 1344 Cujus
1731 1305 1881 1334 terminus
1899 1305 2078 1345 exspiravit.

1494 1353 1569 1382 Item
1586 1353 1749 1383 Conradus
1769 1353 1918 1390 Clokere‚
1936 1354 2188 1395 Osnahurgensis
2203 1356 2359 1395 dyocesis,

1452 1402 1558 1442 posuit
1583 1402 1715 1431 litteram
1744 1402 1894 1438 officialis,
1921 1403 1954 1432 in
1985 1414 2045 1443 qua
2074 1405 2217 1443 promisit
2239 1404 2361 1435 solvere

1452 1451 1575 1480 nacioni
1592 1452 1629 1480 10
1643 1461 1785 1491 grossos.
1804 1451 1901 1492 Cujus
1918 1452 2068 1482 terminus
2093 1453 2265 1492 exspirabit
2280 1463 2361 1483 anno

1454 1501 1579 1530 Domini
1595 1500 1639 1529 M⁰
1658 1501 1752 1530 CCC⁰
1769 1501 1820 1536 62,
1839 1501 1888 1530 die
1900 1500 1983 1541 jovis
2001 1508 2074 1541 post
2091 1503 2200 1531 festum
2219 1502 2360 1532 Barnabe

1453 1550 1598 1589 apostoli,
1614 1550 1671 1579 sub
1687 1559 1766 1589 pena
1782 1550 2111 1580 excommunicacionis
2122 1550 2146 1579 ⁸.

1494 1598 1569 1628 Item
1583 1609 1663 1638 mag.
1680 1598 1840 1628 Arnoldus
1856 1598 1963 1634 Ghier,
1981 1598 2188 1639 Trajectensis
2204 1601 2360 1640 dyocesis,

1453 1648 1558 1687 posuit
1583 1648 1715 1677 litteram
1746 1647 1895 1683 officialis,
1923 1648 1956 1677 in
1987 1658 2046 1687 qua
2075 1649 2218 1688 promisit
2240 1649 2362 1679 solvere

1453 1697 1574 1726 nacioni
1585 1697 1602 1725 2
1619 1703 1773 1732 mutones,
1791 1697 1817 1726 si
1830 1697 1980 1736 possibile
1997 1697 2037 1726 sit
2049 1697 2150 1736 ipsum
2163 1697 2288 1733 habere,
2303 1699 2361 1727 suh

1453 1747 1533 1775 bona
1548 1746 1607 1774 fide
1622 1752 1652 1775 et
1665 1756 1755 1784 pena,
1771 1752 1828 1775 etc.
1849 1745 1946 1785 Cujus
1961 1746 2111 1775 terminus
2128 1747 2306 1786 exspiravit.

1493 1795 1568 1824 Item
1585 1795 1743 1824 Johannes
1759 1795 1796 1824 de
1817 1794 1956 1824 Rozstok
1975 1795 2079 1834 posuit
2096 1795 2227 1824 litteram
2247 1795 2362 1825 officia-

1452 1890 1746 1918 excommunicacionis,
1769 1893 1798 1914 ut
1815 1890 1980 1914 satisfaceret
1997 1890 2067 1914 infra
2085 1891 2183 1914 dictum
2205 1890 2361 1920 terminum,

1452 1926 1500 1950 Cui
1511 1925 1652 1949 monicioni
1663 1925 1802 1957 acquievit.
1820 1926 1847 1949 ln
1860 1925 1934 1957 cujus
1949 1925 1986 1949 rei
2000 1926 2181 1950 testimonium
2190 1925 2261 1950 curie
2273 1929 2363 1950 nostre

1453 1962 1572 1993 sigillum
1598 1962 1766 1993 presentibus
1794 1961 1916 1985 duximus
1945 1961 2139 1993 apponendum.
2166 1962 2262 1985 Datum
2293 1969 2362 1986 anno

1453 1997 1555 2021 Domini
1569 1997 1604 2020 Μ’
1618 1997 1689 2020 CCC⁰
1703 1997 1777 2025 le·,
1789 1997 1831 2020 die
1842 1997 1910 2028 jovis
1924 2000 1985 2028 post
2000 2005 2090 2021 sacros
2105 1997 2211 2021 Cineres
2224 1997 2278 2029 (an.
2292 1997 2362 2026 1360,

1452 2034 1482 2056 20
1494 2033 1566 2056 Febr.
1583 2051 1588 2056 .

1483 2070 1507 2092 6.
1541 2033 1634 2092 &istac
1650 2068 1682 2091 de
1697 2067 1744 2091 hoe
1759 2068 1952 2092 instrumentum
1969 2068 2086 2099 officialis
2103 2068 2196 2095 Paris..
2210 2076 2277 2100 prae
2292 2070 2363 2092 vetu-

1452 2107 1518 2128 state
1533 2112 1670 2132 corrosum,
1685 2103 1710 2127 in
1725 2103 1800 2127 Arc-h.
1819 2103 1930 2127 Univers.
1949 2103 2041 2132 Paris„
2059 2103 2128 2127 thec.
2146 2103 2210 2132 XIV,
2224 2108 2251 2126 11⁰
2264 2104 2287 2132 4,
2300 2103 2365 2127 anni

1453 2149 1465 2163 α
1481 2140 1577 2163 milles.
1595 2139 1655 2163 CCC
1674 2139 1742 2168 LIX,
1762 2139 1804 2162 die
1821 2139 1914 2163 martis
1930 2142 1991 2170 post
2007 2139 2176 2163 Reminiucere
2193 2147 2204 2162 ι)
2220 2139 2274 2171 (an.
2292 2139 2362 2168 1360,

1452 2177 1466 2199 3
1486 2175 1595 2206 Martii),
1610 2175 1654 2198 ubi
1668 2175 1735 2198 idem
1744 2175 1842 2206 fatetur
1855 2183 1882 2198 se
1894 2175 1978 2198 teneri
1993 2174 2097 2198 nacioni
2111 2174 2136 2198 in
2153 2183 2165 2198 α
2183 2177 2241 2198 octo
2254 2182 2363 2206 grossos

1452 2214 1539 2234 turon.
1562 2213 1685 2242 argent...
1707 2218 1755 2241 pro
1775 2210 1881 2234 licentia
1902 2210 2029 2242 capienda
2050 2210 2077 2233 in
2096 2210 2193 2233 artium
2211 2210 2334 2233 facultate
2350 2217 2362 2233 »

1453 2255 1516 2278 quos
1529 2255 1638 2270 unacum
1650 2246 1766 2269 omnibus
1780 2245 1882 2269 damnis
1892 2246 2009 2277 promisit
2019 2245 2115 2270 solvere
2127 2245 2197 2277 infra
2208 2245 2272 2269 duos
2281 2253 2363 2269 annon

1452 2282 1498 2305 sub
1527 2290 1610 2314 poena
1640 2281 1919 2305 eoecommunicationis.
1945 2295 1976 2299 —
2001 2281 2081 2304 Aliud
2111 2281 2304 2304 instrumentum
2331 2280 2363 2304 de

1453 2319 1594 2349 inceptione
1606 2317 1720 2349 ejusdem
1731 2317 1884 2340 Fridmanni
1896 2317 1946 2340 vid.
1956 2325 1984 2348 p.
1998 2317 2052 2345 265,
2066 2319 2118 2340 not.
2132 2317 2154 2340 2.

1484 2355 1507 2378 7.
1541 2355 1634 2377 Exstat
1645 2353 1676 2376 de
1685 2353 1731 2376 hoc
1741 2353 1944 2381 instrumentum,
1958 2353 2005 2376 aed
2014 2361 2077 2384 prae
2091 2354 2213 2376 vetustate
2225 2360 2362 2381 corrosum,

1454 2390 1479 2413 in
1506 2389 1582 2412 Arch.
1603 2389 1725 2413 Univers.
1750 2388 1844 2417 Paris.‚
1871 2388 1938 2411 thee.
1967 2388 2032 2417 XIV,
2061 2393 2089 2411 n⁰
2109 2389 2132 2411 9.
2157 2396 2169 2410 α
2193 2388 2266 2411 Anno
2289 2387 2362 2412 Dom.

1453 2424 1605 2452 MCCCLVI,
1626 2424 1668 2447 die
1695 2423 1765 2455 jovis
1790 2426 1851 2455 post
1874 2423 2023 2447 brandones
2054 2423 2108 2455 (an.
2131 2423 2201 2450 1357,
2228 2423 2242 2446 2
2264 2422 2363 2454 Martii)

1453 2468 1542 2484 coram
1558 2459 1662 2483 officiali
1676 2459 1770 2488 Paris„
1787 2459 1924 2482 confessus
1937 2462 1978 2482 est
1994 2466 2021 2482 se
2034 2458 2113 2482 istam
2127 2466 2257 2481 summam
2269 2458 2364 2482 debere

1453 2495 1556 2519 nationi
1584 2495 1685 2518 ratione
1713 2494 1893 2518 baculariatus
1919 2494 1973 2523 sui,
2000 2496 2025 2517 et
2039 2493 2159 2525 promisit
2181 2501 2238 2517 eam
2268 2493 2364 2517 soluere

1455 2540 1467 2555 «
1481 2531 1550 2554 infru
1564 2532 1658 2554 festum
1672 2530 1780 2558 Pasche,
1793 2530 1863 2562 quod
1876 2530 1926 2554 erit
1934 2530 2076 2553 secundum
2085 2529 2191 2553 modum
2202 2529 2364 2560 gallicanum

1454 2575 1496 2590 an.
1519 2567 1594 2590 Dom.
1614 2566 1701 2589 MCCC
1723 2566 1802 2589 LVIII
1825 2573 1847 2589 »,
1860 2579 1892 2584 -
1913 2565 2094 2589 Bacalariatus
2106 2573 2151 2588 seu
2167 2564 2364 2588 bacalariatura

1455 2602 1520 2625 idem
1536 2603 1612 2625 sonat
1625 2610 1656 2624 ac
1668 2601 1879 2624 determinantia.
1895 2601 1937 2623 Sic
1954 2599 2060 2632 quidam
2077 2600 2145 2623 atius
2157 2599 2312 2623 scholaria...
2332 2599 2364 2623 de

1454 2637 1554 2661 Basilia
1570 2645 1613 2660 an.
1627 2637 1697 2665 1366,
1712 2636 1754 2660 die
1769 2636 1859 2660 martis
1867 2638 1928 2667 post
1938 2636 2013 2660 Oculi
2026 2635 2077 2659 mei
2088 2643 2174 2659 coram
2184 2635 2291 2666 officiali
2299 2643 2362 2659 con-

1453 2674 1536 2704 sessus
1549 2675 1585 2696 eet
1596 2680 1623 2695 se
1632 2672 1723 2695 debere
1735 2671 1838 2695 nationi
1849 2671 1989 2703 quamdam
2001 2679 2125 2694 summam
2137 2671 2238 2695 ratione
2249 2673 2274 2694 et
2283 2679 2364 2694 causa

1454 2708 1671 2735 baccalariatum,
1695 2707 1802 2730 licencie
1822 2710 1848 2730 et
1867 2706 2014 2738 magisterii
2034 2707 2161 2738 (instrum.
2188 2714 2315 2730 corrosum
2338 2705 2365 2730 in

1454 2743 1529 2767 Arch.
1544 2743 1655 2767 Uniuers.
1670 2743 1763 2771 Pari-5„
1777 2742 1843 2766 thee.
1859 2742 1922 2770 XIV,
1935 2747 1963 2765 n⁶
1974 2743 2020 2773 16).
2035 2742 2088 2765 Vid.
2100 2744 2236 2773 praeterea
2248 2742 2318 2773 infra
2328 2741 2365 2765 ad

1455 2787 1498 2802 an.
1513 2779 1581 2807 1365,
1594 2779 1620 2802 ιἰι
1631 2779 1691 2810 fine,
1705 2781 1793 2802 notam
1804 2777 1840 2801 ad
1849 2777 2016 2802 Gerhnrdum
2027 2777 2196 2809 (Erhardum)
2209 2777 2240 2801 de
2251 2777 2366 2802 Gamun-

1456 2814 1507 2838 dia.

1486 2851 1507 2873 8.
1542 2850 1594 2872 Hoc
1606 2849 1807 2876 instrumentum,
1822 2848 1891 2880 quod
1905 2856 1972 2871 nunc
1984 2848 2156 2876 desideratur,
2166 2847 2217 2879 fuit
2229 2848 2261 2871 de
2275 2847 2367 2878 incep-

1455 2885 1532 2909 tione.
1549 2884 1662 2908 Alterum
1671 2884 1704 2908 de
1715 2883 1818 2907 licentia
1837 2884 1887 2907 vid.
1899 2887 1951 2907 not.
1964 2886 1988 2908 5.
