2632 3464
935 460 1208 488 MEMORABILIA
1227 459 1312 487 NAT.
1331 460 1578 486 ANGLICANAE
2188 470 2223 488 xv

347 541 428 576 Hoc
451 539 592 590 sigillo,
617 552 704 575 cum
725 538 977 587 inscriptione
1003 539 1205 584 S[1<;1LLUM]
1226 549 1390 572 NACIONIS
1414 537 1638 579 Ammona,
1661 538 1766 572 natio
1789 550 1857 573 usa
1878 545 1937 574 est
1962 539 2075 574 etiam
2107 538 2224 588 longo

296 617 472 659 tempore
495 615 699 659 postquam
722 607 958 644 locutionem
980 607 1157 643 Natc'onis
1181 606 1416 657 Anglc'canae
1440 607 1666 642 mutavisset
1688 607 1726 642 in
1747 609 1940 642 nationem
1958 607 2222 651 Alemanniae,

298 692 385 715 nam
401 678 571 728 sigillum
595 691 615 713 a
637 676 749 713 nobis
774 677 877 726 typis
902 688 1126 725 expressum
1147 675 1342 725 appendet
1356 676 1613 712 instrumento
1633 688 1694 711 an.
1722 676 1827 719 1455,
1855 675 1994 713 Octob.
2014 677 2073 713 30.
2097 678 2224 713 Testis

298 755 496 798 praeterea
515 754 575 783 est
593 748 751 783 Jomnas
772 747 908 788 Maon,
936 747 1094 788 Scotus,
1118 744 1339 794 theologiae
1358 744 1508 787 doctor,
1534 745 1599 794 qui
1619 746 1672 781 ait
1693 759 1699 780 :
1728 759 1745 780 c(
1775 746 1884 781 Hunc
1908 747 1947 781 S.
1981 745 2223 782 Edmundum

297 824 430 854 nostra
457 816 680 852 Alemaniae
707 815 812 851 natio
837 821 1041 863 patronum
1070 813 1204 856 habet,
1235 815 1325 863 quia
1351 827 1429 849 non
1458 813 1589 850 multis
1612 815 1814 850 retroactis
1844 814 1981 850 diebus
2013 814 2225 864 Anglicana

295 885 510 930 dicebatur,
537 891 576 921 et
598 884 671 921 hoc
697 883 814 934 sigilli
838 884 1040 933 inscriptio
1061 892 1228 932 tempore
1248 896 1323 932 qao
1347 883 1393 919 de
1419 883 1578 920 Natc'one
1603 896 1709 919 eram
1733 883 1983 926 ostendebat;
2009 883 2112 932 quod
2133 893 2224 932 post

295 957 371 992 Ιιοο
391 955 516 991 fusum
542 962 602 991 est
626 956 711 1001 e[s]t
733 954 838 989 natio
864 954 1139 989 Germanorum
1156 953 1358 1002 inscripta,
1379 959 1418 989 et
1437 965 1514 988 non
1531 954 1614 989 sine
1629 965 1763 996 causa,
1782 954 1871 1002 quia
1892 954 2002 1002 pauci
2019 952 2223 989 admodum

297 1024 507 1074 Anglorum
532 1024 686 1059 Parisiis
710 1030 890 1072 respectu
916 1023 1190 1058 Germanorum
1212 1023 1250 1057 in
1275 1022 1422 1058 artibus
1438 1021 1601 1071 gradum
1622 1023 1800 1072 capiunt¹
1823 1036 1853 1058 ».

349 1093 526 1143 Sigillum
546 1105 705 1142 parvum
726 1092 987 1141 procuratoris
1008 1091 1111 1141 quod
1126 1091 1235 1128 alteri
1255 1093 1354 1141 parti
1375 1105 1486 1128 cerae
1504 1091 1807 1141 apponebatur‘2,
1831 1091 2001 1128 nondum
2029 1093 2066 1127 in
2091 1094 2226 1142 quovis

299 1162 399 1200 libro
417 1175 641 1212 expressum
660 1169 739 1205 est;
766 1162 1056 1211 inscriptionem
1073 1160 1256 1210 praebet:
1281 1175 1298 1196 ε(
1319 1160 1520 1211 S[igillum]
1539 1162 1800 1210 procuratoris
1820 1162 1994 1197 nacionis
2015 1162 2227 1211 Anglicane

299 1232 478 1269 Parisius.
508 1246 525 1266 »
551 1232 644 1268 Cum
671 1243 770 1267 anno
806 1231 895 1267 1341
927 1238 1109 1280 ectypum
1134 1232 1316 1267 amissum
1345 1239 1450 1267 esset
1474 1230 1563 1277 (vid.
1591 1244 1629 1280 p.
1658 1232 1717 1273 52,
1745 1232 1818 1278 21),
1846 1244 1944 1267 novo
1973 1246 1990 1266 (ι
2014 1231 2143 1268 addita
2170 1240 2229 1268 est

297 1301 411 1338 stella
441 1302 480 1337 in
501 1300 687 1337 honorem
713 1300 849 1337 beatae
872 1300 1060 1350 Virginis,
1093 1301 1206 1337 maris
1236 1300 1372 1337 stellae
1403 1314 1440 1341 n,
1472 1301 1580 1349 cujus
1613 1300 1779 1352 effigiem
1804 1302 1843 1336 in
1874 1300 1999 1338 fronte
2022 1301 2228 1337 voluminis

296 1370 387 1407 vide
409 1371 469 1417 (2).

349 1441 553 1489 Receptori
571 1440 738 1476 nationis
761 1440 958 1489 proprium
979 1451 1133 1489 quoque
1150 1438 1266 1476 fuisse
1283 1438 1452 1489 sigillum
1468 1453 1513 1477 ex
1530 1442 1696 1490 imagine
1717 1442 1755 1476 in
1775 1441 1900 1477 fronte
1918 1440 2124 1477 voluminis
2139 1442 2186 1487 (3)
2199 1442 2226 1484 ³,

304 1517 344 1546 et
362 1508 463 1559 apud
478 1510 622 1546 VALLET
633 1523 676 1545 m:
688 1510 878 1546 Vimvitn:
895 1508 998 1545 edita
1013 1515 1118 1558 patet
1137 1510 1505 1559 inscriptionemque
1517 1509 1677 1559 praebet
1693 1523 1700 1545 :
1722 1524 1739 1545 «
1759 1509 1962 1559 S[igillum]
1974 1511 2228 1559 receptor-[is]⁴

300 1579 472 1615 nacionis
487 1578 699 1628 Anglicane
717 1579 919 1625 Par[isius].
946 1592 962 1612 »

346 1647 467 1684 Arma
488 1648 654 1684 nationis
673 1647 922 1698 Anglicanae,
946 1649 1046 1684 sicut
1066 1648 1105 1683 in
1125 1655 1234 1697 parte
1253 1647 1386 1684 dextra
1405 1662 1421 1683 ι(
1444 1648 1568 1698 Sigilli
1589 1648 1809 1698 praeclarae
1830 1647 2026 1685 facultatis
2048 1650 2184 1686 artium
2210 1663 2226 1683 1)

296 1729 360 1766 ap.
379 1717 523 1754 Vllum·
538 1716 587 1754 de
599 1718 804 1760 VlmeLE,
823 1730 862 1766 p.
883 1717 965 1760 130,
982 1716 1113 1753 videre
1133 1725 1204 1762 est,
1224 1717 1390 1767 aquilam
1409 1719 1557 1768 nigram
1574 1719 1700 1768 capita
1715 1718 1792 1754 duo
1806 1717 2009 1756 librantem
2020 1718 2231 1755 ostendunt

297 1785 388 1832 (vid.
407 1799 445 1836 p,
462 1786 548 1828 929,
567 1799 604 1823 n.
628 1787 673 1834 1).

350 1857 392 1892 In
407 1855 571 1892 ecclesia
586 1857 653 1892 SS.
672 1857 834 1893 Cosmae
854 1864 891 1893 et
912 1857 1084 1892 Damiani
1107 1856 1332 1893 servabatur
1345 1870 1440 1893 arca
1455 1857 1515 1894 vel
1536 1858 1633 1894 cista
1655 1859 1835 1901 nationis,
1856 1859 1894 1893 in
1910 1871 1985 1907 qua
2001 1870 2062 1894 res
2078 1865 2116 1894 et
2129 1859 2231 1907 joca-

300 1925 351 1961 lia
366 1924 486 1962 cultui
501 1924 631 1962 divino
648 1933 874 1976 praeparata
898 1925 1189 1962 claudebantur.
1208 1927 1320 1962 Anno
1343 1927 1450 1970 1347,
1474 1928 1614 1963 amissa
1633 1926 1754 1971 clave,
1773 1927 1868 1963 duas
1886 1940 2004 1964 novas
2020 1926 2231 1976 fierijussit

300 1995 420 2037 natio,
446 2008 606 2044 quarum
631 2008 706 2031 una
729 2002 861 2031 curato
878 1995 1079 2038 eeclesiae,
1110 2002 1290 2045 tanquam
1317 1996 1471 2045 majoris
1494 1996 1660 2033 custodii
1688 1996 1866 2046 adjutori,
1895 1996 2112 2034 traderetur
2138 1997 2227 2045 (vid.

303 2064 385 2107 105,
406 2064 476 2107 36,
496 2064 579 2107 703,
598 2064 670 2111 21).
687 2086 737 2091 —
751 2064 874 2100 Aliam
896 2064 997 2114 apud
1018 2066 1055 2101 S.
1081 2064 1338 2101 Mathurinum
1360 2066 1496 2102 cistam
1512 2065 1573 2102 vel
1590 2079 1716 2102 arcam
1739 2079 1983 2103 communem
2001 2080 2088 2103 cum
2106 2066 2230 2103 tribus

299 2133 473 2170 clavibus
491 2133 539 2169 ab
556 2146 616 2170 an.
637 2134 840 2170 1340-1341
859 2135 872 2156 ⁵
888 2135 992 2170 natio
1005 2141 1204 2180 statuerat,
1218 2135 1257 2170 in
1273 2148 1347 2184 qua
1359 2137 1521 2184 pecunia
1536 2137 1703 2172 nationis
1720 2149 1789 2186 per
1800 2143 2038 2185 receptorem
2053 2136 2228 2178 collecta,

298 2202 469 2252 sigillum
485 2203 652 2239 nationis
667 2210 706 2239 et
726 2204 888 2253 pignora
908 2203 1127 2240 debitorum
1144 2212 1422 2253 reponerentur
1437 2206 1509 2251 (43,
1528 2205 1595 2248 20;
1617 2207 1676 2249 51,
1700 2207 1767 2249 41;
1791 2206 1875 2248 205,
1899 2206 1942 2249 4;
1966 2206 2052 2248 400,
2075 2206 2147 2252 28).

352 2271 534 2308 Clenodia
559 2273 725 2309 nationis
753 2280 1026 2310 enumerantur
1049 2286 1108 2309 an.
1139 2274 1245 2317 1369,
1271 2273 1354 2310 scil.
1382 2274 1480 2310 calix
1500 2282 1539 2311 et
1560 2274 1763 2324 ampullae,
1786 2276 1809 2311 6
1831 2275 1918 2311 libri
1942 2282 2162 2324 spectantes
2184 2275 2230 2311 ad

298 2340 467 2378 officium
489 2342 670 2385 nationis,
692 2349 771 2379 tres
793 2355 938 2392 cappae
962 2344 1124 2379 cericiae
1147 2343 1184 2390 (i.
1211 2355 1244 2379 e.
1269 2345 1448 2391 sericeae)
1473 2351 1512 2381 et
1535 2345 1604 2380 tria
1633 2345 1761 2381 nicera
1785 2346 1863 2391 (sle)
1887 2352 2124 2387 ornamenta,
2144 2345 2226 2381 scil.

298 2410 377 2447 duo
394 2410 547 2448 casulae
563 2423 647 2447 cum
666 2411 745 2447 suis
763 2411 942 2448 omnibus
958 2413 1172 2449 attinentiis
1187 2413 1284 2460 (339,
1303 2414 1375 2461 28).

343 2574 371 2602 1.
414 2574 552 2602 Historia
561 2574 692 2610 Major-is
706 2576 896 2610 Britanniae,
907 2582 967 2604 tam
979 2577 1107 2614 Angliae
1119 2586 1210 2615 quam
1361 2578 1390 2606 3.
1435 2577 1582 2607 Nostrum
1604 2588 1620 2606 a
1640 2584 1729 2617 tergo
1745 2587 1833 2607 cerae
1851 2577 2017 2612 invenitur,
2040 2584 2071 2606 ut
2089 2588 2138 2617 ap.
2159 2588 2231 2607 auc-

300 2624 420 2652 Samiae
447 2622 601 2662 (Parisiis,
622 2623 722 2663 1521),
750 2623 801 2653 sol.
830 2623 869 2653 38
884 2624 909 2653 b.
937 2624 1055 2654 Auctor
1081 2625 1213 2654 Parisiis
1321 2631 1420 2655 torem
1434 2636 1529 2666 supra
1544 2626 1720 2666 allegatum,
1740 2627 1770 2655 in
1787 2626 1882 2657 Arch.
1900 2633 1962 2656 nat.
1984 2627 2098 2661 Paris..
2118 2627 2145 2655 J.
2160 2628 2230 2665 515,

300 2672 360 2701 sub
373 2672 463 2701 finem
476 2682 556 2702 saec.
570 2673 627 2701 κνῐί
647 2672 777 2707 studuit,
795 2678 885 2702 etan.
903 2674 979 2703 1494
997 2674 1027 2703 in
1043 2680 1100 2703 art.
1120 2674 1213 2703 licen·
1324 2678 1356 2703 n⁰
1371 2675 1407 2703 14
1423 2675 1483 2714 (an.
1498 2676 1597 2716 1398).

302 2720 394 2751 tiatus
407 2727 455 2751 est
470 2721 560 2761 (Reg.
578 2720 739 2758 Univers.‚
756 2725 790 2751 n⁰
805 2722 855 2757 85,
874 2722 925 2752 sol.
943 2722 982 2763 4).
1364 2724 1393 2753 4.
1438 2723 1529 2763 Apud
1540 2724 1653 2755 Doum-
1668 2724 1778 2760 n'Anc‚
1791 2726 1810 2753 l.
1828 2736 1868 2760 c.‚
1886 2735 2048 2764 perperam
2064 2725 2111 2754 bis
2128 2738 2141 2752 «
2159 2735 2233 2765 pre-

342 2770 370 2799 2.
415 2770 565 2800 Nostrum
585 2780 602 2800 a
620 2777 709 2812 tergo
725 2781 813 2801 cerae
834 2771 865 2800 in
884 2771 1090 2802 instrumento
1108 2782 1214 2812 supra,
1325 2773 1462 2812 ceptoris
1479 2785 1506 2802 n.

301 2829 333 2858 p.
350 2828 416 2855 xiv,
432 2825 497 2850 not.
513 2819 544 2857 2,
556 2826 700 2850 annotato
715 2820 881 2851 invenitur.
1366 2824 1395 2853 5.
1438 2822 1510 2854 vid.
1527 2829 1688 2863 praeterea
1706 2824 1855 2857 Char-tal„
1871 2822 1910 2858 11,
1931 2827 1964 2852 ηο
1981 2824 2068 2853 1061.
