2632 3464
640 15 647 22 .
665 23 670 30 „
687 15 689 18 .
719 12 722 14 ψ
747 0 1490 34 Μᾞτπῌὲνπᾟᾱεψψντίετ’-*κν·.
1508 0 1523 11 ·-
1539 0 1568 14 π»

675 30 678 37 ι
704 29 709 37 r
738 34 743 37 ,
777 27 781 30 >
810 34 811 37 ,
839 24 849 30 ⁴-
878 28 883 34 ι
911 37 913 39 ¹
1052 30 1055 35 .
1195 31 1197 36 ,
1267 24 1271 31 a

301 445 356 472 ⁴37

344 522 391 552 3¹¹·
405 520 553 551 articulus
570 520 627 550 fuit
636 521 674 550 de
687 526 801 550 statuto
811 519 924 554 fiendo,
937 524 968 548 et
981 518 1142 558 legebatur
1151 516 1207 546 ibi-

302 570 374 600 dem
389 570 421 599 in
434 569 597 609 presencia
612 569 760 604 omnium,
776 575 807 598 et
823 568 886 598 dati
902 568 1025 597 fuerunt
1041 565 1209 604 sen[ior]es

302 619 436 663 predicti
448 629 508 648 una
519 629 587 648 cum
599 624 802 658 procuratore
812 617 850 646 ad
860 616 1079 656 corrigendum
1090 625 1136 650 ea,
1149 624 1208 654 que

304 674 410 699 esseut
431 668 633 708 corrigenda,
653 673 684 697 et
702 667 740 696 ad
761 667 946 696 addendum·
959 675 996 694 ea
1018 674 1078 705 que
1103 669 1210 694 essent

303 717 446 748 addenda
458 715 480 746 ¹.

341 765 389 795 4¹·
403 765 551 796 articulus
568 765 626 795 fuit
637 765 676 794 de
690 763 988 804 suppficacionibus,
1007 769 1037 792 et
1051 761 1211 801 supplica-

302 815 348 845 vit
369 815 519 855 magister
542 814 738 844 Hermannus
762 813 801 842 de
826 813 1036 842 Bottenbroec
1062 818 1096 841 ut
1122 811 1210 840 nacio

302 863 396 894 vellet
412 873 481 893 eum
496 863 612 903 eligere
624 862 782 898 nuncium,
798 868 828 892 et
839 861 988 902 magister
999 860 1113 900 Hugho
1124 860 1211 890 simi-

303 913 386 948 liter,
410 919 442 942 et
461 912 612 953 magister
630 911 788 942 Iohannes
811 910 944 945 Stralen,
968 916 999 940 et
1016 910 1211 939 solummodo

303 961 452 1002 magister
469 961 665 991 Hei-mannus
675 966 710 991 ut
720 960 930 1000 prescriptum
945 965 994 989 est
1007 959 1141 999 optinuit
1154 968 1212 998 per

302 1020 412 1041 vocum
427 1010 644 1050 pluralitatem.

344 1060 424 1090 Itemv
436 1059 553 1099 incepit
568 1060 619 1089 13ι
630 1059 680 1088 die
696 1058 878 1089 Decembris
893 1058 1036 1087 dominus
1054 1057 1212 1087 Johannes

304 1108 473 1139 Forestarii
488 1109 547 1138 sub
557 1108 707 1148 magistro
717 1107 887 1138 Wilbelmo
899 1107 938 1136 de
952 1107 1107 1142 Trebron,
1123 1105 1211 1146 cujus

303 1158 399 1188 bursa
414 1157 440 1187 V
457 1157 560 1193 solidi,
576 1158 615 1187 de
631 1157 744 1197 quibus
758 1156 913 1196 receptori
935 1156 1094 1186 satisfecit.

345 1206 419 1237 Item
445 1207 496 1236 13⁸
518 1206 568 1236 die
592 1205 709 1235 mensis
726 1205 909 1235 Decembris
930 1205 1048 1246 incepit
1069 1205 1211 1234 dominus

303 1255 450 1286 Nicolaus
465 1255 610 1286 Radoncs
626 1255 684 1285 sub
696 1255 868 1284 reverendo
878 1255 1028 1295 magistro
1043 1254 1212 1284 Adalberto

304 1305 343 1334 de
361 1304 521 1340 Bohemia,
539 1303 628 1344 cujus
643 1305 738 1334 bursa
750 1303 793 1334 111
805 1304 909 1339 solidi,
924 1304 962 1333 de
977 1304 1091 1344 quibus
1101 1313 1212 1343 recep-

302 1353 365 1384 tori
378 1354 485 1394 posuit
502 1353 628 1394 pignus.

711 1415 809 1445 13⁷3

303 1482 378 1523 (Fol-
407 1483 456 1523 38)
490 1483 759 1513 Procuratoria
791 1482 965 1523 magistri
1001 1481 1211 1512 Gevehardi

681 1532 834 1572 Kemyn.

341 1599 433 1629 Anno
455 1598 582 1629 Domini
601 1598 647 1628 Μ’)
665 1598 760 1629 CCC⁰
781 1598 928 1634 LXXIII,
951 1597 1035 1628 XV!-
1056 1599 1107 1628 die
1128 1608 1211 1628 men-

303 1647 348 1678 sis
371 1648 553 1678 Decembris
571 1648 649 1678 facta
669 1647 916 1688 congregacione
936 1647 1076 1677 nacionis
1098 1647 1211 1688 Angli-

301 1706 377 1727 cane
392 1697 474 1737 apud
485 1697 629 1727 Sanctum
644 1696 798 1726 sulianum
810 1706 975 1736 pauperem
986 1697 1024 1726 ad
1035 1696 1209 1736 eligendum

301 1752 548 1786 procuratorem,
566 1751 597 1775 et
612 1746 651 1775 ad
673 1746 858 1775 audiendum
879 1752 1054 1785 computum
1071 1752 1210 1786 recepto-

302 1794 365 1830 ria,
395 1794 510 1824 dilatus
541 1794 598 1824 suit
627 1801 790 1834 computus
827 1804 926 1834 usque
957 1794 995 1823 ad
1029 1794 1210 1824 electionem

301 1843 473 1884 proximam
490 1843 618 1874 alterius
631 1843 856 1884 procuratoris.
876 1843 1002 1873 Electus
1018 1843 1074 1873 suit
1087 1843 1120 1872 in
1134 1853 1211 1883 pro-

299 1899 475 1923 curatorem
492 1893 641 1933 magister
655 1891 857 1922 Gevehardus
878 1892 997 1932 Kemyn
1015 1893 1212 1922 concorditer

303 1951 360 1981 per
376 1951 494 1972 omnes.
513 1940 610 1982 Cujus
622 1947 689 1971 acta
706 1947 779 1971 sunt
795 1941 852 1971 hec
867 1951 927 1981 que
945 1948 1128 1981 sequuntur.

344 1990 462 2027 Primo,
486 1991 609 2031 quando
628 1990 660 2020 in
679 1996 831 2020 rectorem
852 1990 969 2020 electus
991 1991 1046 2020 fuit
1063 1991 1211 2031 magister

306 2039 496 2070 Wilhelmus
509 2038 632 2070 Ghorre
642 2039 782 2069 nacionis
792 2039 980 2070 Normannie
988 2038 1013 2076 ²,
1023 2039 1139 2070 electus
1156 2040 1211 2070 fuit

303 2088 424 2119 intrans
442 2089 590 2129 magister
606 2088 760 2118 Henricus
773 2089 812 2118 de
829 2088 958 2119 Thenis.

345 2137 419 2168 Item
435 2138 541 2168 eadem
556 2137 607 2167 die
620 2137 804 2167 deliberavit
819 2137 908 2167 nacio
925 2138 1042 2168 intrare
1054 2139 1210 2168 tabernam

302 2188 346 2217 ad
367 2188 443 2216 duos
470 2198 570 2223 enses,
596 2186 648 2216 ubi
673 2186 775 2216 dictus
802 2193 1002 2227 procurator,
1033 2187 1105 2227 quia
1134 2187 1210 2217 alias

302 2235 434 2266 officium
454 2235 688 2276 procuracionis
709 2245 771 2265 non
789 2235 925 2272 sustulit,
947 2236 1091 2276 exposuit
1107 2236 1210 2266 XXIII

305 2285 436 2320 solidos,
460 2294 591 2325 quorum
611 2284 680 2314 XVI
706 2284 851 2324 exposuit
875 2294 932 2324 pro
958 2295 995 2315 eo
1021 2286 1105 2325 quod
1134 2285 1210 2315 alias

304 2333 435 2364 officium
460 2333 672 2374 procuratoris
692 2343 754 2363 non
774 2333 891 2369 habuit,
915 2340 945 2364 et
963 2334 1121 2364 residuum
1139 2335 1211 2374 quia

303 2382 420 2423 placuit
429 2383 587 2424 magistris
602 2393 639 2412 ex
655 2393 761 2412 eorum
779 2382 1023 2419 deliberacione;
1037 2389 1069 2413 et
1081 2383 1211 2423 quilibet

301 2431 380 2462 alius
395 2432 543 2472 magister
557 2432 600 2461 ibi
613 2432 692 2461 duos
708 2431 827 2461 solidos
841 2431 943 2462 solvit.

344 2481 419 2511 Item
452 2481 529 2511 facta
565 2481 813 2521 congregacione
848 2481 929 2510 dicte
962 2481 1100 2511 nacionis
1128 2482 1210 2521 apud

303 2529 448 2560 Sanctum
470 2529 658 2560 Maturinum
681 2529 797 2559 xvlu·
818 2530 868 2559 die
889 2530 1004 2559 mensis
1028 2530 1210 2560 Decembris

303 2588 399 2619 super
426 2579 527 2609 tribus
553 2578 710 2614 articulis,
740 2579 860 2618 primus
889 2579 946 2608 suit
979 2579 1018 2608 ad
1051 2579 1209 2609 sciendum

302 2637 462 2658 numerum
482 2627 700 2668 magistrorum
718 2627 892 2658 volencium
914 2627 1088 2664 inrotulari‚
1109 2635 1210 2658 utrum

302 2682 348 2706 tot
374 2676 489 2707 vellent
516 2676 691 2712 inrotulari,
721 2677 804 2717 quod
833 2677 871 2706 ab
900 2677 945 2707 eis
973 2683 1082 2717 posset
1105 2677 1211 2708 haberi

303 2734 421 2755 summa
440 2725 572 2765 pecunie
592 2735 651 2766 pro
667 2725 781 2756 nuncio
801 2732 831 2756 et
847 2735 906 2766 pro
929 2725 1069 2762 bedello;
1093 2727 1139 2755 2⁸¹·
1156 2727 1212 2757 fuit

302 2773 341 2803 de
366 2774 533 2814 quantitate
558 2774 688 2815 pecunie
717 2785 807 2815 quam
840 2775 972 2815 quilibet
996 2775 1211 2806 inrotulandus

302 2822 424 2852 solvere
437 2823 580 2859 deberet;
599 2823 647 2854 3·-
661 2823 698 2853 ad
714 2824 927 2864 preflgendum
943 2824 1118 2860 terminum,
1133 2824 1211 2855 infra

300 2881 394 2911 quem
414 2871 555 2902 seniores
571 2871 771 2912 porrigerent
783 2873 1046 2913 supplicaciones,
1060 2883 1099 2903 ne
1108 2872 1211 2914 junio·

334 2950 358 2975 ¹.
381 2949 438 2975 rid.
452 2958 479 2983 p.
492 2951 548 2980 4³4,
558 2951 590 2975 30
601 2958 656 2984 sqq.

334 2986 358 3010 2.
397 2985 452 3010 rid.
463 2985 593 3016 Cla-nul..
607 2986 652 3015 nt.
666 2990 695 3011 n·
707 2987 778 3011 18⁹0.

808 443 922 469 LIBER
942 440 1254 468 PROCURATORUM
1274 438 1454 466 NATIONIS
1477 438 1723 464 ANGLICANAE

1248 963 1283 989 10

1252 1209 1282 1235 15

1248 1455 1282 1482 20

1248 1701 1282 1728 25

1247 1947 1282 1974 30

1247 2193 1281 2220 35

1247 2439 1281 2466 40

1247 2685 1282 2712 ⁴5

2174 439 2227 465 438

1317 515 1404 544 ribus
1422 514 1653 555 prejudicarent
1668 516 1699 544 in
1716 516 1942 545 concurrendo.
1963 516 2002 545 Et
2021 516 2222 546 deliberatum

1318 563 1374 593 fuit
1384 565 1467 604 quod
1484 565 1571 594 fieret
1588 575 1647 594 una
1663 565 1868 605 congregacio
1888 574 1944 604 per
1957 564 2174 604 juramentum,
2192 572 2225 596 ut

1318 613 1416 653 magis
1434 613 1508 643 dicti
1522 614 1643 643 articuli
1659 619 1789 654 possent
1806 614 1959 653 expediri.

1364 663 1439 693 Item
1471 664 1502 693 in
1535 664 1585 693 die
1621 663 1719 693 sancti
1757 662 1894 692 Thome³
1943 669 2015 702 post
2050 673 2223 693 sermonem

1317 721 1425 745 vocata
1453 713 1582 743 nacione
1610 712 1782 752 Anglicana
1817 722 1873 751 per
1902 711 2108 752 juramentum
2144 714 2226 752 apud

1320 764 1464 794 Sanctum
1477 762 1665 792 Maturinum
1680 772 1776 801 super
1790 762 1882 791 dictis
1899 761 2038 791 articulis
2052 762 2224 792 immediate

1320 823 1414 853 supra
1438 811 1694 852 precedentibus,
1718 811 1771 840 ubi
1795 811 1992 840 concorditer
2018 811 2220 841 deliberatum

1320 862 1386 898 fuit,
1405 862 1489 902 quod
1506 861 1636 901 quilibet
1652 859 1867 889 inrotulandus
1886 859 2021 889 solveret
2039 862 2053 889 1
2073 860 2221 895 francum,

1319 918 1352 942 ut
1370 912 1529 941 videretur
1547 916 1661 950 quanta
1679 909 1811 949 pecunia
1831 910 1868 938 ab
1889 909 2095 939 inrotulandis
2118 909 2223 949 colligi

1320 966 1438 1001 posset.
1460 960 1501 989 Et
1521 959 1579 989 hoc
1599 959 1637 988 de
1657 958 1768 999 primis
1787 959 1908 988 duobus
1930 958 2079 988 articulis.
2106 959 2152 988 De
2179 960 2223 994 3⁰,

1318 1016 1394 1050 puta
1414 1010 1452 1039 de
1475 1009 1607 1038 termino
1627 1008 1819 1048 prefigendo‚
1839 1014 1910 1043 etc.‚
1931 1008 2068 1047 prefixus
2089 1008 2145 1037 fuit
2163 1014 2228 1038 ter-

1319 1059 1422 1088 minus
1439 1058 1635 1088 concorditer
1653 1057 1691 1086 ad
1709 1063 1778 1086 octo
1795 1057 1863 1086 dies
1880 1063 1953 1097 post
1972 1058 2081 1086 festum
2101 1057 2228 1096 [Nativi-

1319 1107 1404 1150 tatis]
1421 1107 1552 1138 Christi.

1360 1157 1436 1186 Item
1456 1166 1536 1186 anno
1555 1155 1679 1186 Domini
1698 1155 1743 1185 M⁰
1762 1155 1858 1186 CCC⁰
1879 1155 2034 1190 LXXIIII,
2054 1156 2086 1184 in
2108 1156 2226 1185 octabis

1321 1205 1596 1237 Circumscisionis
1619 1205 1754 1240 Domini,
1776 1205 1853 1234 facta
1873 1204 2119 1244 congregacione
2144 1205 2225 1235 dicte

1320 1255 1459 1285 nacionis
1480 1255 1563 1294 apud
1584 1254 1729 1284 Sanctum
1751 1253 1938 1283 Maturinum
1963 1254 2136 1284 immediate
2155 1261 2228 1294 post

1320 1314 1494 1335 sermonem
1511 1305 1550 1334 ad
1565 1304 1731 1333 videndum
1751 1304 1789 1333 de
1809 1313 1937 1332 numero
1959 1303 2223 1343 supplicacionum

1320 1353 1516 1384 collectarum
1537 1363 1594 1393 per
1612 1352 1844 1387 inrotulatores,
1864 1358 1966 1382 utrum
1985 1353 2116 1392 pecunia
2139 1359 2222 1382 tanta

1320 1403 1427 1432 haberi
1448 1402 1550 1442 possit
1568 1407 1681 1442 quanta
1695 1411 1753 1441 pro
1773 1401 1886 1431 nuncio
1908 1401 2062 1431 sufficeret
2080 1411 2137 1442 per
2157 1402 2225 1431 dic·

1319 1458 1379 1482 tam
1411 1452 1570 1481 nacionem
1598 1451 1707 1486 electo,
1744 1451 1798 1491 qui
1832 1451 1979 1480 articulus
2017 1451 2136 1480 delatus
2173 1451 2230 1481 suit

1318 1507 1450 1541 propter
1464 1500 1632 1530 deliberata
1648 1500 1723 1530 alias
1741 1500 1772 1529 in
1791 1500 1942 1530 facultate.
1965 1500 2055 1529 Alius
2077 1500 2225 1530 articulus

1320 1551 1376 1580 suit
1390 1551 1428 1579 ad
1445 1550 1579 1579 dandum
1594 1559 1780 1589 responsum
1796 1549 1944 1589 magistro
1959 1549 2076 1578 Thome
2096 1550 2133 1578 de
2149 1559 2228 1589 quo-

1319 1600 1388 1629 dam
1411 1599 1554 1639 gardino,
1582 1605 1740 1638 spectante
1761 1599 1799 1628 ad
1821 1598 2012 1638 provinciam
2038 1598 2156 1628 Svecie.
2189 1599 2229 1628 Et

1319 1648 1548 1678 deliberabatur
1585 1648 1669 1688 quod
1695 1654 1881 1688 procurator
1906 1653 2032 1677 vocaret
2064 1648 2226 1688 deputatos

1319 1698 1395 1727 alias
1410 1707 1506 1738 super
1524 1697 1584 1727 isto
1599 1698 1678 1726 sacto
1696 1697 1822 1736 [datos],
1839 1697 1891 1737 qui
1906 1707 1967 1727 una
1983 1707 2052 1726 cum
2071 1697 2117 1726 eis
2136 1697 2223 1726 sicud

1319 1747 1399 1787 ipsis
1411 1746 1566 1786 deputatis
1582 1746 1740 1776 videretur
1755 1746 2007 1786 respondendum
2024 1746 2108 1776 dicto
2125 1747 2224 1786 magi-

1320 1802 1385 1826 stro
1398 1796 1638 1836 responderent.

1360 1845 1435 1875 Item
1465 1845 1516 1874 die
1553 1844 1651 1874 sancti
1681 1843 1831 1874 Firmini⁴
1870 1845 1947 1874 sacta
1977 1844 2222 1885 congregacione

1318 1895 1401 1935 apud
1414 1894 1559 1924 Sanctum
1574 1893 1761 1923 Maturinum
1776 1899 1847 1933 post
1862 1903 2035 1923 sermonem
2051 1894 2088 1923 ad
2099 1894 2223 1923 audien-

1318 1944 1391 1973 dum
1406 1949 1582 1983 computum
1606 1942 1777 1982 receptoris
1803 1949 1832 1971 et
1853 1943 1891 1971 ad
1909 1942 2083 1982 eligendum
2106 1953 2222 1982 procu-

1318 1998 1464 2027 ratorem,
1479 1991 1667 2031 computavit
1682 1997 1836 2031 receptor,
1852 1997 1882 2021 et
1901 1992 2044 2021 omnibus
2060 1991 2131 2020 hinc
2155 1992 2224 2021 inde

1319 2041 1503 2081 computatis
1542 2047 1572 2071 et
1609 2040 1767 2070 defalcatis
1811 2040 1923 2070 mansit
1959 2041 2048 2070 nacio
2085 2041 2221 2081 obligata

1318 2091 1473 2130 receptori
1488 2091 1519 2120 in
1539 2090 1675 2130 quinque
1692 2090 1794 2125 libris,
1811 2089 2042 2130 quatuordecim
2063 2090 2173 2119 solidis
2193 2096 2222 2119 et

1318 2139 1374 2170 VII
1389 2139 1538 2170 denariis.

1725 2193 1824 2222 1374

1343 2259 1592 2290 Continuacio
1625 2259 1796 2299 magistri
1825 2259 2035 2290 Gevehardi
2065 2259 2200 2299 Kemyn

1589 2308 1625 2338 in
1654 2315 1957 2349 procuratorem.

1360 2384 1434 2414 Item
1450 2384 1481 2414 in
1497 2384 1547 2414 die
1565 2385 1662 2414 sancti
1680 2384 1832 2419 Firmini·,
1845 2395 1904 2424 que
1922 2385 2008 2414 Xlll·
2021 2385 2087 2414 dies
2106 2384 2221 2414 mensis

1318 2433 1467 2469 Januarii,
1478 2435 1555 2463 facta
1565 2433 1811 2474 congregacione
1828 2433 1967 2463 nacionis
1980 2435 2060 2473 apud
2078 2434 2221 2463 Sanctum

1318 2482 1506 2512 Maturinum
1523 2489 1596 2522 post
1610 2492 1783 2512 sermonem
1799 2483 1837 2512 ad
1848 2483 2022 2523 eligendum
2041 2489 2223 2522 procurato-

1318 2542 1383 2562 rem
1396 2538 1426 2561 et
1438 2532 1622 2562 audiendum
1637 2538 1811 2571 computum
1827 2532 2011 2571 receptoris,
2028 2532 2223 2561 continuatus

1318 2581 1375 2611 suit
1398 2581 1430 2610 in
1457 2587 1687 2621 procuratorem
1711 2581 1859 2621 magister
1880 2580 2081 2610 Gevehardus
2105 2580 2223 2620 Kemyn

1319 2630 1516 2660 concorditer
1532 2629 1616 2660 nullo
1633 2629 1828 2659 reclamante.
1850 2629 2043 2669 Computavit
2064 2636 2218 2669 receptor,

1319 2685 1349 2708 et
1367 2679 1510 2708 omnibus
1526 2678 1597 2708 hinc
1615 2678 1686 2708 inde
1702 2678 1884 2718 computatis
1899 2685 1929 2708 et
1941 2677 2098 2708 defalcatis
2111 2678 2224 2708 mansit

1318 2728 1407 2757 nacio
1424 2727 1560 2768 obligata
1577 2727 1731 2767 receptori
1749 2731 1780 2757 in
1797 2727 1934 2767 quinque
1957 2727 2057 2763 libris,
2077 2734 2223 2767 quatuor-

1319 2776 1418 2806 decim
1434 2777 1555 2812 solidis,
1575 2783 1605 2806 et
1618 2776 1672 2806 Vll
1688 2776 1834 2806 denariis.

1361 2826 1435 2855 Item
1465 2826 1496 2855 in
1524 2826 1606 2855 dicta
1628 2825 1872 2866 congregacione
1899 2825 2070 2865 comparuit
2098 2825 2220 2865 quidam

1319 2875 1466 2915 magister
1481 2875 1626 2910 Thomas,
1645 2873 1830 2904 secretarius
1853 2874 1948 2913 regis,
1970 2875 2007 2903 ad
2027 2874 2220 2904 referendum

1350 2955 1374 2977 ³.
1407 2954 1435 2978 21
1448 2953 1600 2978 Decembris.

1349 2989 1373 3012 In.
1408 2989 1437 3013 1³
1449 2989 1577 3012 Ianuarii.
