2632 3464
449 426 483 452 59

854 498 951 529 1342

446 569 604 608 Tempus
644 567 930 607 procuracionis
966 567 1138 606 magistri
1175 565 1357 595 willelmi

696 617 738 645 de
775 616 942 646 Grinlaw
977 615 1115 645 Scoti⁴.

486 688 578 718 Anno
595 689 729 728 Dominy
748 688 913 717 millesimo
931 687 1149 716 trecentesimo
1166 686 1230 715 XL.
1251 696 1359 715 secun-

447 738 498 773 do,
526 738 628 777 primo
659 738 708 767 die
740 737 857 766 mensis
883 737 978 771 Junii,
1006 736 1183 765 convocatis
1215 735 1359 764 omnibus

447 787 605 827 magistris
620 787 760 816 nacionis
773 786 944 825 Anglicane
956 795 1086 825 quorum
1101 785 1248 813 intererat
1258 785 1295 813 ad
1306 784 1359 813 eli-

446 837 582 876 gendum
601 842 832 875 procuratorem
848 836 930 874 apud
949 834 1093 863 Sanctum
1110 833 1264 862 Julianum
1283 843 1359 872 pau—

448 895 564 924 perem,
582 886 697 915 electus
714 885 769 914 fuit
782 885 813 913 in
823 890 1057 923 procuratorem
1067 882 1205 922 predicte
1219 882 1358 911 nacionis

447 945 484 964 ex
511 934 647 964 unanimi
673 944 827 962 consensu
853 933 988 962 omniurn
1010 932 1158 971 magister
1180 931 1358 960 VVillelmus

448 984 485 1012 de
504 984 655 1017 Grinlaw,
676 983 760 1012 nullo
778 982 902 1022 penitus
920 982 1116 1010 reclamante.

490 1034 523 1062 ln
539 1032 626 1072 cujus
643 1031 868 1071 procuracione
888 1037 955 1060 acta
975 1031 1097 1060 suerunt
1112 1040 1146 1059 ea
1167 1040 1226 1069 que
1247 1040 1359 1058 secun-

446 1089 507 1111 tur.

455 1138 457 1140 “
489 1131 523 1160 ln
539 1130 647 1170 primis
664 1130 845 1159 licenciatus
862 1129 917 1158 fuit
934 1129 1017 1169 apud
1032 1129 1177 1158 Nostram
1196 1129 1358 1158 Dominam

446 1180 589 1209 dominus
604 1179 759 1208 Henricus
775 1180 812 1207 de
829 1178 1016 1208 Constancia
1032 1179 1089 1207 sub
1107 1178 1257 1217 magistro
1271 1178 1358 1207 Wal-

446 1235 513 1258 tero
532 1230 569 1258 de
587 1228 762 1263 Wardlaw‚
780 1227 869 1267 cujus
885 1229 979 1256 bursa
997 1227 1023 1256 V
1039 1227 1142 1256 solidi.

488 1278 563 1307 Item
576 1278 756 1307 licenciatus
772 1277 827 1306 suit
840 1277 953 1306 ibidem
970 1277 1113 1305 dominus
1126 1276 1305 1305 VVillelmus
1320 1277 1358 1305 de

447 1327 672 1365 Dunfermelyn
697 1327 754 1355 sub
784 1327 932 1365 magistro
958 1325 1120 1355 Willelmo
1152 1327 1189 1354 de
1218 1325 1358 1355 Grinlaw

446 1383 519 1406 tunc
538 1376 690 1405 existente
708 1382 922 1415 procuratore,
941 1374 1028 1414 cujus
1044 1376 1139 1404 bursa
1155 1375 1198 1403 111
1215 1375 1307 1404 solidi
1326 1375 1357 1403 in

448 1426 555 1454 dimid.

489 1475 564 1504 Item
591 1475 707 1513 incepit
731 1474 874 1503 dominus
902 1473 1027 1503 Ulricus
1053 1473 1090 1501 de
1122 1472 1272 1502 Saxsonia
1300 1474 1358 1502 sub

448 1524 597 1563 magistro
622 1523 761 1553 Johanne
782 1523 864 1552 dicto
886 1523 989 1557 More,
1012 1521 1098 1562 cujus
1122 1523 1216 1551 bursa
1240 1529 1357 1561 septem

448 1573 540 1602 solidi
551 1572 574 1602 ².

856 1667 874 1694 1
880 1666 953 1695 342

468 1738 539 1777 (Fal.
573 1738 619 1773 45)
650 1738 807 1777 Tempus
844 1737 1129 1776 procuracionis
1166 1737 1337 1777 magistri

598 1787 758 1816 Walteri
790 1788 832 1815 de
864 1787 1053 1815 XVardlaw
1086 1786 1203 1815 Scoti.

488 1867 578 1896 Anno
594 1867 718 1896 Domini
735 1867 898 1896 millesimo
914 1867 1131 1896 trecentesimo
1143 1866 1196 1895 XL
1208 1867 1356 1902 secundo,

448 1917 616 1956 penultima
649 1917 698 1945 die
726 1916 843 1945 mensis
873 1915 978 1945 Junii³
1006 1916 1184 1945 convocatis
1215 1916 1358 1944 omnibus

448 1966 606 2005 magistris
629 1976 760 2005 quorum
781 1966 929 1994 intererat
950 1966 1031 2005 apud
1058 1965 1203 1994 Sanctum
1227 1965 1359 1994 Maturi-

448 2026 519 2044 num
534 2017 570 2044 ad
590 2015 765 2054 eligendum
778 2021 1021 2054 procuratorem,
1039 2015 1154 2044 electus
1169 2015 1225 2044 fuit
1240 2015 1270 2043 in
1285 2025 1359 2054 pro-

448 2072 621 2094 curatorem
640 2065 779 2093 nacionis
802 2064 973 2103 Anglicane
994 2064 1142 2103 magister
1158 2064 1302 2093 Galterus
1320 2065 1358 2092 de

447 2114 608 2142 Wardlaw
629 2115 752 2147 Scotus,
770 2113 855 2142 nullo
868 2114 990 2152 penitus
1006 2113 1206 2148 reclamante,
1224 2113 1255 2141 in
1272 2112 1358 2152 cujus

449 2163 672 2202 procui-acione
688 2169 754 2191 acta
773 2163 895 2191 suerunt
910 2173 945 2191 ea
962 2173 1020 2201 que
1037 2169 1185 2191 secuntur
1199 2169 1257 2192 etc.

857 2256 953 2284 1342

471 2327 628 2367 T2empus
657 2327 946 2366 procuracionis
979 2327 1150 2366 magistri
1180 2327 1340 2356 Walteri

699 2377 740 2404 de
774 2375 960 2405 &Vardlaw
996 2376 1113 2405 Scoti.

492 2456 566 2485 Item
588 2467 668 2485 anno
689 2456 829 2495 predicto
846 2456 962 2485 electus
982 2463 1047 2485 erat
1067 2456 1264 2485 concorditer
1279 2457 1361 2495 apud

452 2506 595 2534 Sanctum
609 2506 762 2534 ,lulianum
777 2516 943 2544 pauperem
958 2506 1117 2544 predictus
1131 2506 1278 2544 magister
1292 2505 1361 2534 Gal-

451 2562 535 2584 terus
552 2556 590 2583 de
606 2555 767 2583 VVardlaw
787 2555 898 2583 Scotus
921 2555 950 2583 in
969 2562 1201 2594 procuratorem
1221 2554 1361 2583 nacionis

450 2604 622 2643 Anglicane
638 2614 693 2643 pro
710 2614 814 2632 mense
826 2610 985 2642 sequente,
1001 2604 1050 2632 die
1064 2603 1153 2632 lune·⁴
1168 2609 1238 2642 post
1253 2604 1362 2632 festum

451 2653 549 2682 sancti
572 2653 685 2681 Mathei
709 2653 853 2691 apostoli,
879 2653 909 2681 in
934 2651 1022 2691 cujus
1047 2652 1269 2691 procuracione
1296 2658 1362 2681 acta

452 2703 584 2736 fuerunt,
605 2712 664 2741 que
683 2708 855 2741 sequuntur
870 2708 928 2730 etc.

483 2813 504 2836 1.
539 2814 630 2836 Postea
644 2813 792 2836 charactere
805 2813 906 2836 diverso
921 2820 926 2836 :
940 2813 969 2835 In
984 2820 1036 2844 quo
1053 2815 1169 2844 tempore
1184 2816 1242 2835 acta
1258 2813 1363 2836 fuerunt

451 2856 500 2880 que
515 2851 669 2879 sequuntur.
681 2850 708 2871 In
721 2848 836 2881 margine
847 2848 962 2879 depictus
972 2851 1009 2872 est
1023 2847 1139 2871 Gillu'nua
1150 2847 1262 2871 hedenus
1275 2847 1363 2871 natio-

451 2884 627 2915 ni⁸,poculum
643 2883 806 2907 eminam-iens.
820 2885 932 2915 Desuper
943 2883 1036 2916 legitur
1050 2891 1054 2906 :
1072 2883 1201 2914 Gilkynus
1212 2886 1326 2914 potator.

483 2921 506 2943 2.
540 2920 585 2943 Hic
594 2920 686 2951 referri
696 2920 788 2943 debent
797 2919 974 2943 ordinationes
984 2922 1038 2944 nat.
1048 2919 1207 2952 Anglicanae
1213 2918 1363 2950 publicatae

452 2955 478 2980 in
489 2956 608 2979 Chartul.
621 2956 753 2982 Univers.,
767 2956 797 2983 ΙΙ,
811 2956 918 2983 1101061,
931 2964 972 2979 an.
987 2956 1056 2983 1342,
1067 2955 1140 2978 lunii
1151 2955 1189 2978 14.

990 422 1214 449 AUCTARIUM
1235 421 1496 448 CHARTULARII
1515 422 1689 448 UNIVERS.
1711 422 1830 448 PARIS.

1415 692 1431 719 5

1397 938 1431 964 10

1397 1183 1431 1209 15

1396 1430 1430 1455 20

1396 1675 1429 1701 25

1396 1921 1430 1947 30

1397 2166 1431 2192 35

1399 2412 1433 2438 40

1400 2658 1434 2684 45

1875 498 1972 528 1342

1468 564 1625 604 Tempus
1665 565 1952 604 procuracionis
1992 564 2163 604 magistri
2202 563 2377 594 Nicholai

1710 614 1885 644 Drukken
1921 614 1964 643 de
2001 613 2129 643 Dacia.

1508 684 1599 714 Anno
1628 685 1754 715 Domini
1782 672 2024 720 MC‘C'JCXLH,
2050 686 2100 714 die
2122 685 2193 715 lune
2213 683 2377 724 proxima³

1469 740 1540 773 post
1554 734 1665 763 festum
1680 734 1818 770 Martini,
1833 745 1904 774 ymo
1922 734 1954 763 in
1969 741 2077 764 octava
2091 733 2240 773 ejusdem,
2257 743 2375 763 convo-

1469 783 1544 812 catis
1563 783 1706 812 omnibus
1728 784 1886 823 magistris
1905 784 1943 813 de
1965 783 2094 813 nacione
2115 782 2288 822 Anglicana
2307 787 2376 811 actu

1468 832 1648 872 regentibus
1668 832 1700 861 in
1718 832 1859 862 facultate
1880 833 1990 862 artium
2009 833 2092 872 apud
2112 832 2258 861 Sanctum
2274 831 2378 860 Julia-

1468 891 1540 910 num
1572 891 1738 921 pauperem
1767 882 1803 911 ad
1833 882 2008 922 eligendum
2036 887 2270 921 procuratorem
2294 880 2376 909 dicte

1468 930 1608 960 nacionis
1631 936 1663 959 ut
1683 930 1778 960 moris
1801 937 1862 966 est,
1883 930 1998 960 electus
2017 931 2074 960 fuit
2093 931 2124 959 in
2142 935 2375 970 procuratorem

1468 980 1607 1019 predicte
1631 979 1772 1008 nacionis
1799 979 1946 1019 magister
1970 974 2138 1010 Nicholaus
2162 979 2312 1008 Drukken
2337 979 2377 1007 de

1469 1029 1575 1063 Dacia,
1593 1029 1676 1058 nullo
1691 1028 1815 1068 penitus
1826 1028 2021 1064 reclamante,
2035 1029 2068 1058 in
2082 1028 2170 1068 cujus
2181 1027 2378 1068 procuracio-

1469 1078 1517 1107 nis
1533 1084 1671 1117 tempore
1686 1084 1752 1107 acta
1767 1078 1890 1107 fuerunt
1903 1077 1960 1107 hec
1975 1088 2035 1117 que
2052 1084 2224 1117 sequuntur
2241 1083 2300 1107 etc.

1876 1172 1895 1200 1
1900 1171 1975 1200 343

1468 1242 1625 1281 Tempus
1664 1242 1953 1282 procuracionis
1991 1241 2164 1281 magistri
2202 1240 2376 1271 Nicholai

1717 1291 1892 1320 Drukken
1925 1292 1967 1320 de
2002 1291 2128 1320 Dacia.

1508 1372 1599 1401 Anno
1625 1372 1749 1402 Domini
1772 1358 2013 1407 Moccxml,
2032 1371 2182 1401 xvndie
2202 1370 2376 1406 Februarii,

1468 1422 1646 1451 convocatis
1666 1422 1809 1451 omnibus
1827 1421 1985 1461 magistris
2004 1422 2042 1450 de
2059 1420 2189 1450 nacione
2206 1420 2380 1459 Anglicana

1468 1478 1537 1500 actu
1562 1471 1743 1511 regentibus
1767 1471 1799 1500 in
1827 1471 1969 1500 facultate
1991 1470 2103 1500 artium
2126 1470 2209 1509 apud
2232 1469 2378 1498 Sanctum

1467 1520 1621 1550 Julianum
1654 1531 1822 1560 pauperem
1857 1521 1895 1549 ad
1932 1520 2108 1560 eligendum
2142 1525 2376 1558 procuratorem

1468 1569 1548 1598 dicte
1564 1569 1718 1605 nacionis,
1736 1576 1768 1598 ut
1782 1570 1878 1599 moris
1897 1575 1954 1604 est,
1971 1569 2088 1598 electus
2103 1569 2159 1597 suit
2174 1568 2205 1597 in
2222 1577 2376 1607 procura-

1467 1625 1565 1648 torem
1578 1619 1717 1658 predicte
1729 1619 1869 1648 nacionis
1882 1618 2030 1658 magister
2043 1618 2211 1647 Nicholaus
2225 1616 2378 1646 Drukken

1467 1669 1505 1697 de
1524 1668 1629 1703 Dacia,
1649 1668 1733 1697 nullo
1752 1667 1875 1707 penitus
1890 1667 2090 1702 reclamante,
2108 1667 2139 1695 in
2155 1666 2242 1706 cujus
2260 1676 2377 1705 procu-

1467 1717 1602 1747 racionis
1617 1723 1756 1756 tempore
1771 1723 1838 1746 acta
1853 1718 1976 1746 fuerunt
1991 1727 2050 1756 que
2067 1722 2252 1755 sequuntur.

1507 1766 1612 1795 Primo
1645 1766 1789 1795 dominus
1820 1766 1977 1795 Robertus
2014 1766 2052 1794 de
2089 1765 2229 1804 Drungle
2270 1763 2378 1793 habuit

1467 1815 1758 1845 determinacionem
1776 1826 1792 1844 a
1802 1815 1950 1855 magistro
1961 1814 2099 1844 Johanne
2111 1815 2147 1843 de
2159 1813 2290 1853 Byvire,
2306 1819 2381 1842 tunc

1467 1871 1603 1899 rectore,
1619 1864 1705 1904 cujus
1721 1864 1850 1894 Roberti
1866 1865 1960 1894 bursa
1979 1865 2016 1893 16
2031 1863 2140 1899 solidi,
2158 1869 2187 1892 et
2202 1873 2259 1902 pro
2285 1862 2382 1892 scolis

1467 1915 1506 1944 60
1522 1914 1626 1943 solidi.

1509 1964 1583 1993 Item
1600 1963 1743 1993 dominus
1757 1963 1891 1992 Thomas
1906 1963 1944 1991 de
1957 1962 2100 1991 Wedaile
2117 1961 2228 1990 Scotus
2242 1967 2272 1990 et
2284 1961 2381 1990 trater

1469 2023 1543 2042 suus
1563 2012 1680 2042 Alanus
1698 2012 1981 2042 determinaverunt
2000 2012 2057 2040 sub
2077 2011 2227 2050 magistro
2248 2009 2374 2039 Galtero

1469 2062 1574 2096 Semo,
1589 2072 1719 2101 quorum
1733 2063 1826 2090 burse
1842 2062 1877 2090 14
1890 2061 1993 2096 solidi,
2009 2067 2038 2089 et
2054 2070 2110 2099 pro
2126 2060 2220 2089 scolis
2233 2060 2252 2088 4
2267 2059 2377 2088 libras.

1510 2111 1583 2140 ltem
1602 2111 1745 2148 dominus
1765 2110 1930 2140 Cunradus
1951 2111 1987 2139 de
2006 2109 2145 2138 Marchia
2160 2108 2377 2138 determinavit

1469 2161 1527 2190 sub
1545 2160 1694 2199 magistro
1712 2160 1819 2190 Ulrico
1837 2160 1874 2188 de
1892 2159 2035 2194 Saxonia,
2053 2157 2139 2197 cujus
2156 2159 2250 2187 bursa
2268 2157 2375 2186 nichil.

1511 2210 1585 2238 Item
1603 2209 1747 2238 dominus
1768 2209 1880 2238 Petrus
1898 2210 1935 2237 de
1956 2208 2068 2237 Prucia
2087 2207 2302 2236 determinavit
2319 2206 2379 2236 sub

1470 2259 1618 2298 magistro
1636 2258 1740 2287 Ulrico
1754 2259 1791 2287 de
1808 2257 1952 2292 Saxonia,
1967 2256 2054 2296 cujus
2068 2258 2161 2285 bursa
2175 2255 2284 2285 nichil.

1512 2308 1586 2337 Item
1602 2307 1745 2336 dominus
1760 2306 1908 2336 Albertus
1923 2308 1960 2336 de
1977 2306 2080 2346 Spiria
2093 2304 2308 2335 determinavit
2320 2305 2379 2333 sub

1471 2357 1619 2397 magistro
1638 2356 1777 2386 Johanne
1795 2357 1832 2385 de
1853 2356 2030 2395 Sarburgo,
2047 2354 2134 2394 cujus
2152 2355 2247 2383 bursa
2267 2353 2375 2383 nichil.

1513 2406 1587 2435 Item
1602 2406 1746 2435 dominus
1761 2405 1928 2435 Nicholaus
1941 2406 1978 2433 de
1995 2403 2182 2434 Gorinchem
2195 2403 2379 2432 determina-

1471 2455 1516 2484 vit
1542 2456 1599 2484 sub
1624 2455 1772 2494 magistro
1796 2454 1973 2483 Hermanno
2003 2453 2149 2487 Buechel,
2173 2450 2259 2491 cujus
2284 2452 2380 2481 bursa

1472 2504 1578 2533 nichil.

1512 2553 1586 2582 Item
1605 2553 1749 2582 dominus
1767 2552 1924 2581 ,lohannes
1940 2552 1977 2580 de
1996 2550 2178 2581 Constantia
2196 2549 2379 2578 determina-

1471 2602 1515 2631 vit
1532 2603 1589 2632 suh
1610 2602 1758 2642 magistro
1778 2601 1917 2631 Johanne
1932 2601 1970 2630 de
1987 2601 2160 2639 Sarburgo,
2178 2598 2265 2638 cujus
2283 2599 2379 2628 bursa

1472 2651 1577 2681 nichil.

1513 2700 1588 2730 Item
1611 2699 1754 2729 dominus
1772 2699 1943 2738 [Rolandus
1953 2697 1976 2736 ⁰]
1993 2698 2031 2727 de
2049 2697 2215 2736 Norwegia
2232 2696 2382 2725 determi-

1503 2812 1526 2835 3.
1560 2812 1589 2834 29
1603 2810 1683 2834 lunii.

1501 2848 1525 2871 4.
1561 2847 1590 2870 23
1603 2846 1762 2878 Septembris.

1503 2885 1526 2907 5.
1560 2883 1589 2906 18
1602 2881 1758 2905 Novembris.

1501 2919 1526 2942 6.
1560 2917 1658 2941 Folium
1671 2917 1820 2941 laceratum.
