2632 3464
406 445 457 471 795

404 522 527 550 modum
545 520 700 550 ordinavit
714 519 939 559 providendum
949 518 1108 558 magistris
1125 519 1163 547 de
1177 517 1312 547 Braban-

404 571 451 599 cia
473 570 613 599 Parisius
631 569 839 604 studentibus,
857 569 894 597 ad
916 567 1171 597 intercessionem
1195 566 1311 596 domini

403 619 491 649 ducis
516 619 696 659 Borgondie
716 618 773 647 hoc
802 617 1007 656 supplicantis
1028 625 1084 656 per
1112 626 1184 645 suas
1205 616 1311 645 literas

403 668 537 697 directas
552 668 691 703 duxisse,
706 668 743 696 ad
756 665 988 706 promocionem
1003 665 1143 705 magistri
1159 664 1311 694 Johannis

402 717 586 747 Mercatoris
605 723 739 756 protunc
757 715 890 745 rectoris
903 714 926 750 ⁴,
949 725 1024 754 quas
1043 715 1200 743 deferebat
1214 713 1311 753 magi—

402 773 467 796 ster
486 766 669 806 Radulphus
690 766 727 794 de
746 763 857 804 Tylia²
874 774 942 793 cum
960 763 1071 792 litteris
1091 762 1310 792 Universitatis

402 826 460 855 pro
475 815 581 844 labore
599 815 630 843 in
646 815 724 843 facto
742 813 867 843 unionis
881 812 1076 852 procurande
1092 811 1308 846 exhortativis;

403 865 456 904 qui
474 865 624 903 magister
640 862 835 902 Radulphus,
855 862 927 891 licet
942 862 993 890 diu
1010 861 1051 890 sit
1066 861 1149 900 quod
1164 860 1257 890 rediit
1273 861 1311 889 ad

402 913 655 948 Universitatem,
669 912 764 941 nichil
777 918 878 940 tamen
891 911 1012 950 aperuit
1022 909 1224 939 Universitati
1236 909 1311 948 quid

403 963 475 991 fecit
506 972 600 1001 super
629 962 740 990 litteris
776 960 854 999 ejus,
888 961 942 989 sed
977 959 1104 988 duxisse
1139 958 1311 987 Brabancie

402 1011 525 1041 nomina
548 1011 765 1050 magistrorum
783 1011 821 1038 de
841 1008 1014 1038 Brabancia
1031 1008 1225 1037 studencium
1246 1013 1311 1036 tra-

402 1061 490 1095 didit,
509 1067 600 1099 prout
616 1060 683 1099 ipse
697 1059 783 1088 solus
797 1058 846 1087 vel
864 1058 932 1097 ipse
947 1064 977 1087 et
992 1057 1140 1097 magister
1153 1056 1311 1086 Johannes

402 1109 596 1143 Mercatoris,
619 1109 671 1147 qui
691 1108 774 1137 istud
799 1113 916 1136 secrete
939 1106 1020 1136 inter
1042 1116 1074 1135 se
1092 1106 1312 1145 disposuerant

402 1159 472 1188 dum
486 1165 589 1187 rector
604 1163 679 1192 erat,
697 1157 959 1186 concordaverant
977 1156 1008 1184 in
1023 1165 1096 1184 casu
1112 1154 1311 1184 admissionis

402 1207 614 1247 provisionum
643 1206 812 1235 fiendarum
844 1204 1040 1234 studentibus
1066 1203 1309 1239 parisiensibus,

401 1257 570 1286 omittendo
588 1265 699 1284 nomen
715 1254 855 1294 magistri
870 1253 997 1283 Henrici
1014 1254 1051 1282 de
1065 1253 1179 1288 Busco,
1198 1263 1311 1292 suppo-

402 1306 453 1335 siti
478 1305 617 1334 nacionis
641 1310 763 1339 nostre,
791 1303 843 1343 qui
866 1303 897 1332 in
922 1302 1094 1331 Brabancia
1119 1303 1157 1331 ab
1180 1301 1313 1331 infancia

402 1355 554 1384 enutritus
581 1360 638 1388 est,
660 1362 784 1392 semper
805 1353 919 1381 ibidem
944 1352 1120 1380 morabatur
1146 1357 1176 1380 et
1197 1351 1312 1380 morari

402 1403 545 1438 intendit,
562 1410 592 1432 et
610 1403 672 1432 fere
693 1412 800 1431 omnes
820 1402 912 1430 habet
926 1400 1041 1430 amicos
1057 1410 1130 1430 suos
1147 1400 1313 1429 Brabanti-

402 1464 471 1488 nos,
486 1463 503 1481 a
514 1453 626 1492 quibus
640 1452 792 1491 originem
807 1450 949 1489 sumpsit.
962 1450 1020 1480 Cui
1036 1450 1185 1489 magistro
1199 1449 1312 1479 Radul-

401 1502 464 1542 pho
484 1502 555 1541 (Fol.
575 1501 620 1541 48)
640 1501 738 1530 adhuc
758 1500 790 1529 in
809 1500 909 1539 patria
929 1499 1073 1528 existenti
1090 1509 1146 1538 pro
1162 1498 1216 1527 illo
1233 1499 1312 1528 facto

403 1552 503 1580 dictus
527 1550 676 1590 magister
698 1550 864 1578 Heinricus
889 1549 1069 1588 scripserat,
1093 1548 1204 1577 timens
1229 1548 1313 1587 quod

403 1601 524 1635 accidit,
542 1600 626 1639 quod
644 1599 716 1628 licet
728 1597 940 1628 verisimiliter
955 1598 1097 1626 crederet
1115 1598 1197 1636 quod
1212 1597 1312 1626 dictus

404 1649 553 1688 magister
571 1648 754 1687 Radulphus
772 1657 839 1676 eum
855 1657 922 1676 cum
938 1647 1008 1675 aliis
1022 1652 1229 1685 promoveret,
1244 1656 1312 1675 cum

403 1699 461 1727 hoc
486 1699 545 1727 sibi
570 1708 631 1726 non
656 1703 782 1726 noceret
806 1706 862 1725 nec
884 1695 1102 1735 prejudicaret,
1127 1702 1157 1724 et
1178 1695 1312 1734 plurium

404 1747 563 1787 promocio
582 1747 642 1775 sibi
658 1747 785 1775 deberet
801 1755 870 1774 esse
884 1744 1002 1784 gratior
1013 1754 1103 1783 quam
1118 1745 1310 1784 pauciorum,

404 1807 459 1826 nec
483 1797 514 1825 in
539 1797 607 1835 ipso
634 1795 783 1834 magistro
813 1794 961 1823 Heinrico
990 1794 1122 1832 aliquam
1156 1799 1313 1832 pateretur

404 1846 570 1885 repulsam,
586 1845 657 1884 quia
674 1844 777 1873 nullus
793 1844 824 1872 in
845 1843 929 1872 curia
945 1843 1057 1871 ibidem
1074 1842 1186 1881 aliquis
1202 1843 1312 1872 calum-

404 1895 535 1935 pniaret,
555 1894 628 1933 quia
649 1903 756 1922 omnes
779 1902 847 1921 eum
867 1893 904 1921 ab
925 1892 1056 1920 infancia
1078 1892 1192 1920 ibidem
1213 1892 1312 1921 vidis-

405 1951 473 1974 sent
492 1950 522 1972 et
539 1953 606 1972 cum
623 1943 668 1972 eis
681 1941 861 1971 conversari
879 1941 1040 1970 novissent
1055 1952 1060 1969 :
1082 1941 1149 1980 ipse
1163 1941 1312 1979 predictis

404 1994 540 2028 attentis,
568 2003 634 2021 cum
657 1991 757 2020 adhuc
781 1991 813 2019 in
836 1991 936 2030 patria
960 1997 1054 2025 esset,
1079 1990 1105 2019 si
1128 1990 1203 2029 quid
1230 1997 1314 2020 esset

404 2043 552 2073 omissum
578 2042 670 2080 (quod
693 2051 755 2069 non
781 2039 928 2079 putaret),
952 2049 1097 2079 reparare
1116 2039 1219 2074 vellet,
1244 2050 1312 2069 cum

405 2092 513 2121 melius
530 2091 643 2119 ibidem
659 2096 766 2129 posset
778 2089 917 2128 reparari
929 2098 988 2127 pro
1006 2098 1098 2123 nunc,
1118 2099 1207 2127 quam
1223 2088 1310 2118 alias.

405 2141 489 2171 Nihil
513 2150 567 2180 per
589 2140 703 2168 dictum
725 2138 906 2177 magistrum
932 2137 1128 2176 Radulphum
1151 2147 1208 2176 pro
1230 2138 1313 2167 dicto

404 2190 553 2229 magistro
577 2187 734 2227 Heynrico
759 2187 869 2216 factum
895 2193 946 2216 aut
976 2193 1150 2225 reparatum
1173 2193 1230 2221 est,
1258 2188 1313 2216 sed

405 2239 549 2269 exclusus
574 2237 732 2267 remansit.
763 2237 865 2273 Quare
893 2235 1040 2275 magister
1069 2235 1244 2274 Heynricus
1276 2237 1312 2265 de

405 2289 509 2318 Busco
521 2286 707 2326 supplicavit
719 2285 807 2314 matri
820 2295 874 2314 sue
887 2285 1008 2313 nacioni
1020 2290 1063 2319 ut,
1073 2295 1139 2314 cum
1151 2286 1190 2313 ob
1201 2285 1311 2324 ipsam,

406 2338 478 2377 quia
495 2338 532 2365 de
548 2336 676 2365 nacione
689 2334 802 2374 Anglie
818 2340 865 2363 est
877 2334 1030 2368 parisius,
1043 2344 1105 2362 non
1118 2334 1313 2363 obstantibus

405 2386 549 2415 omnibus
567 2384 742 2424 premissis,
763 2390 810 2412 est
824 2383 963 2422 privatus
976 2382 1090 2422 graciis
1102 2389 1132 2411 et
1141 2383 1314 2421 promocio-

406 2436 497 2464 nibus
508 2435 539 2463 in
556 2433 738 2467 Brabancia,
757 2439 853 2461 mater
868 2442 923 2461 sua
938 2432 1025 2460 nacio
1039 2431 1210 2471 Anglicana
1223 2432 1315 2461 vellet

407 2485 544 2513 scribere
567 2483 690 2511 domine
708 2482 834 2511 duxisse
855 2481 1037 2515 Brabancie,
1059 2487 1092 2509 ut
1109 2480 1314 2510 consideratis

405 2533 580 2572 premissis,
604 2531 717 2571 quibus
735 2530 859 2570 juvatur
886 2530 968 2569 quod
993 2530 1084 2558 debet
1114 2529 1250 2568 reputari
1277 2531 1314 2558 de

406 2582 504 2621 patria
526 2580 708 2615 Brabancie,
730 2590 791 2608 non
816 2580 956 2608 obstante
981 2578 1179 2607 distinctione
1210 2578 1315 2607 nacio-

406 2641 476 2659 num
491 2630 643 2664 Parisius,
661 2639 721 2668 que
738 2629 769 2657 in
786 2628 957 2657 Brabancia
970 2627 1084 2656 nemini
1100 2628 1226 2656 deberet
1241 2637 1315 2666 pre-

401 2679 552 2718 judicare,
582 2679 648 2718 ipse
673 2684 781 2717 posset
806 2678 940 2716 gaudere
965 2676 1082 2705 eisdem
1107 2676 1221 2715 graciis
1246 2686 1314 2704 cum

406 2728 473 2757 aliis
491 2729 528 2757 de
551 2727 733 2761 Brabancia,
753 2733 783 2756 et
805 2727 886 2766 quod
906 2726 1016 2754 factum
1036 2725 1174 2764 magistri
1198 2724 1314 2754 Radul-

439 2830 459 2852 1.
497 2831 584 2853 Rector
597 2838 639 2853 an.
654 2831 722 2857 1398,
735 2829 808 2852 lunii
819 2829 863 2852 23-
876 2828 977 2851 Octobr.
990 2828 1027 2850 10.
1042 2827 1175 2851 Johannes
1187 2827 1315 2850 Mercato-

407 2865 453 2892 ris,
480 2866 581 2888 Picard.
605 2868 669 2893 nat„
694 2873 770 2896 saepe
788 2864 838 2895 fuit
859 2864 959 2896 legatus
982 2863 1159 2886 L'nioersitatie
1181 2863 1207 2886 in
1234 2870 1314 2885 causa

405 2901 509 2923 unionis
524 2901 652 2923 ecclesiae.

439 2937 461 2959 2.
498 2938 527 2959 Ut
540 2940 592 2959 nat.
605 2936 706 2959 Picard.
716 2937 870 2967 procurator
880 2935 989 2966 affertur
999 2934 1035 2957 ad
1045 2943 1088 2957 an.
1102 2934 1164 2957 1389
1174 2933 1312 2966 (Chartu1.,

946 441 1170 468 AUCTARIUM
1190 439 1449 468 CHARTULARII
1468 441 1642 468 UNIVERS.
1664 441 1782 467 PARIS.

1348 962 1382 988 10

1349 1207 1383 1233 15

1350 1453 1384 1478 20

1350 1698 1383 1724 25

1350 1944 1384 1969 30

1350 2189 1384 2214 35

1352 2435 1385 2461 40

1353 2680 1385 2706 45

2276 440 2330 467 796

1420 517 1475 557 phi
1491 517 1518 546 ei
1539 527 1600 546 non
1615 517 1717 557 possit
1732 527 1802 546 esse
1822 516 1964 546 nocivum
1980 516 2010 545 in
2026 516 2095 546 loco
2114 517 2326 556 provisionum

1421 571 1472 596 aut
1507 566 1593 595 alias.
1629 565 1725 605 Cujus
1756 565 1980 605 supplicacioni
2010 565 2151 605 magistri
2178 565 2327 606 Heynrici

1421 615 1553 644 libenter
1576 615 1682 645 annuit
1703 615 1802 644 nacio.
1825 614 1953 644 Audivit
1974 613 2120 644 minutam
2141 615 2241 650 litere,
2267 625 2328 655 que

1421 664 1496 693 satis
1511 664 1641 704 placuit;
1659 665 1714 693 sed
1730 664 1898 692 secundum
1912 663 2035 692 modum
2049 669 2230 693 consuetum
2241 664 2331 694 dedit

1420 713 1583 752 deputatos
1600 713 1638 742 ad
1652 713 1838 742 visitandum
1854 711 2030 751 particulas.
2047 711 2110 741 Εῐ3
2125 712 2224 742 voluit
2237 713 2327 743 nacio

1420 762 1530 791 factum
1552 762 1635 791 istud
1650 762 1682 791 in
1703 761 1784 791 libro
1800 761 1939 790 nacionis
1954 761 2055 790 notari
2077 768 2108 791 et
2127 761 2234 797 scribi,
2254 761 2330 801 quia

1420 811 1507 840 nacio
1538 811 1692 850 reputavit
1719 810 1779 840 sibi
1806 811 1913 840 factam
1937 810 1969 839 in
1995 820 2161 850 personam
2185 811 2326 851 magistri

1420 859 1570 899 Heynrici
1591 870 1731 899 magnam
1754 860 1903 894 fraudem,
1923 866 1952 888 et
1974 859 2073 888 zelum
2094 859 2184 889 talem
2205 860 2328 899 qualem

1419 915 1531 948 gerunt
1538 909 1660 938 nacioni
1668 909 1745 938 tales
1758 909 1901 948 magistri
1911 908 2053 938 Piccardi
2065 909 2096 938 in
2104 908 2162 938 hoc
2170 909 2249 938 sacto
2256 918 2327 950 pre'-

1420 958 1511 993 senti,
1522 958 1597 987 satis
1610 958 1821 997 experimento
1829 958 1989 993 didicisse,
2000 964 2030 987 et
2038 957 2112 997 quid
2126 959 2261 988 facerent
2268 968 2329 998 pro

1420 1007 1548 1036 nacione
1561 1013 1612 1036 aut
1630 1006 1803 1046 suppositis
1815 1007 1847 1036 in
1863 1006 1997 1043 casibus,
2011 1006 2124 1046 quibus
2139 1007 2266 1037 facultas
2281 1007 2327 1038 eis

1419 1056 1586 1090 arrideret,
1612 1056 1807 1085 immemores
1826 1066 1931 1085 eorum
1960 1066 2019 1095 que
2043 1056 2132 1085 nacio
2155 1055 2329 1096 Anglicana

1420 1105 1629 1134 favorabiliter
1639 1104 1718 1143 ipsis
1733 1111 1784 1134 aut
1798 1105 1885 1134 alteri
1900 1115 2006 1134 eorum
2022 1115 2096 1144 sepe
2108 1106 2250 1145 graciose
2265 1106 2328 1136 exi-

1419 1154 1487 1183 buit
1508 1160 1538 1183 et
1560 1154 1629 1182 aliis
1655 1154 1694 1182 de
1719 1153 1773 1182 illa
1798 1153 1912 1194 lingua.
1941 1153 2057 1183 Volens
2088 1154 2217 1194 insuper
2244 1155 2328 1185 istud

1420 1202 1533 1232 habere
1546 1203 1632 1232 cordi
1649 1213 1705 1231 nec
1720 1201 1889 1232 memoria⁴
1909 1202 2052 1232 excidere
2068 1203 2099 1232 in
2123 1203 2196 1238 hiis,
2212 1214 2272 1243 que
2289 1204 2330 1234 de

1420 1251 1672 1292 contingentibus
1692 1258 1823 1281 ventura
1846 1257 1917 1281 sunt
1936 1261 1990 1281 eos
2008 1252 2240 1292 quomodolibet
2258 1259 2330 1283 tan-

1421 1311 1539 1341 gencia.

1462 1350 1580 1380 lndicta
1614 1349 1860 1390 congregacione
1895 1349 2036 1379 nacionis
2067 1350 2149 1390 apud
2182 1350 2327 1381 Sanctum

1421 1399 1625 1435 Maturinum,
1650 1399 1708 1428 1112
1731 1399 1780 1428 die
1804 1398 1920 1428 mensis
1944 1398 2075 1438 Aprilis,
2102 1398 2178 1428 hora
2203 1400 2236 1428 2ι
2255 1406 2331 1440 post

1422 1449 1584 1488 prandium
1613 1455 1752 1488 tempore
1782 1458 1844 1488 quo
1874 1448 2087 1477 celebrabatur
2119 1449 2327 1489 congregacio

1422 1497 1642 1527 Universitatis
1657 1497 1688 1526 in
1706 1498 1814 1526 eodem
1835 1497 1903 1526 loco
1921 1507 2016 1537 super
2035 1498 2157 1527 duobus
2176 1498 2325 1528 articulis.

1461 1546 1586 1576 Primus
1599 1553 1665 1576 erat
1681 1547 1719 1576 de
1733 1547 1934 1576 restitucione
1949 1545 2107 1586 cujusdam
2122 1547 2329 1587 obligacionis

1422 1596 1612 1625 restituende
1627 1595 1845 1625 archidiacono
1862 1595 1992 1625 ecclesie
2014 1595 2187 1632 Scarensis,
2211 1602 2243 1626 et
2255 1597 2328 1627 teti-

1421 1645 1466 1685 git
1476 1645 1590 1674 ibidem
1600 1651 1783 1684 procurator
1795 1644 1928 1684 qualiter
1939 1646 2077 1684 prefatus
2093 1645 2329 1676 archidiaconus

1421 1694 1506 1723 venit
1529 1695 1566 1723 ad
1590 1704 1658 1723 eum
1680 1694 1730 1723 die
1748 1694 1933 1733 precedente
1957 1700 1987 1723 et
2009 1694 2130 1724 dixerat
2153 1695 2225 1731 sibi,
2245 1697 2328 1735 quod

1421 1743 1512 1772 vellet
1531 1743 1680 1772 rehabere
1696 1742 1921 1782 obligacionem
1942 1742 2024 1771 illam
2043 1753 2102 1782 que
2123 1743 2216 1772 estin
2236 1744 2331 1774 archa

1422 1792 1543 1831 signata
1561 1792 1666 1831 sigillo
1685 1801 1756 1826 suo,
1774 1791 1804 1820 in
1823 1801 1884 1830 qua
1902 1792 2100 1821 continentur
2120 1792 2164 1820 4⁰¹
2182 1799 2295 1831 puncta
2315 1805 2325 1823 .-

1420 1842 1553 1881 primum
1576 1847 1624 1870 est
1646 1841 1730 1880 quod
1751 1840 1911 1880 predictus
1939 1840 2174 1870 archidiaconus
2199 1849 2330 1880 poneret

1421 1890 1598 1920 caucionem
1611 1889 1776 1930 juridicam
1793 1890 1831 1918 de
1851 1899 1914 1919 non
1933 1889 2096 1919 alienando
2117 1891 2241 1920 domum
2260 1891 2331 1921 sine

1422 1950 1576 1969 consensu
1591 1939 1731 1968 nacionis
1738 1950 1746 1974 ;
1767 1938 1825 1966 2¹¹¹*m
1843 1939 1927 1978 quod
1945 1948 2008 1968 non
2025 1939 2179 1978 reciperet
2195 1939 2328 1980 aliquem

1422 1990 1459 2018 de
1483 1989 1534 2017 illa
1559 1988 1719 2027 provincia
1743 1988 1774 2016 in
1805 1987 1923 2017 socium
1946 1988 2056 2017 domus
2083 1988 2151 2017 sine
2173 1998 2328 2020 consensu

1422 2038 1560 2067 nacionis
1568 2049 1575 2073 ;
1595 2038 1636 2067 3¹¹¹
1657 2038 1740 2077 quod
1763 2037 1789 2066 si
1811 2036 2008 2076 contingeret
2029 2046 2097 2066 eum
2121 2039 2268 2067 recedere
2290 2039 2332 2069 de

1422 2087 1562 2116 Parisius
1582 2087 1665 2126 quod
1684 2086 1760 2115 nulli
1782 2086 1986 2116 committeret
2002 2086 2170 2125 predictam
2192 2087 2328 2123 domum,

1422 2137 1476 2165 sed
1499 2137 1644 2165 redderet
1660 2135 1781 2164 nacioni
1801 2135 1898 2164 libere
1919 2145 1983 2164 eam
2009 2135 2097 2164 sicud
2117 2136 2235 2175 recepit
2253 2146 2330 2166 ean-

1422 2186 1490 2214 dem
1506 2186 1543 2214 ab
1557 2195 1607 2220 ea;
1625 2186 1667 2214 4¹¹·
1685 2185 1770 2223 quod
1783 2185 1821 2213 de
1840 2185 1918 2213 festo
1933 2183 2084 2213 Johannis
2102 2185 2251 2223 preterito
2267 2184 2327 2225 jam

1422 2235 1460 2263 ad
1477 2244 1588 2263 annum
1611 2234 1793 2263 certificaret
1816 2234 1975 2262 nacionem
2000 2243 2057 2273 per
2073 2232 2179 2263 literas
2202 2234 2328 2273 capitul-i

1421 2284 1470 2312 vel
1497 2283 1647 2323 episcopi,
1673 2283 1757 2322 quod
1778 2283 1846 2321 ipse
1871 2288 1955 2312 esset
1983 2282 2020 2311 de
2041 2281 2095 2311 illo
2120 2282 2264 2322 capitulo,
2290 2283 2329 2312 ad

1423 2333 1506 2371 quod
1524 2333 1575 2361 illa
1591 2333 1700 2361 domus
1716 2332 1884 2371 spectabat.
1905 2331 1995 2368 Quod
2010 2332 2120 2360 factum
2139 2337 2186 2360 est
2200 2337 2234 2361 ut
2246 2337 2331 2371 patet

1423 2382 1602 2421 respicienti
1618 2388 1682 2410 acta
1700 2381 1732 2409 in
1749 2380 1964 2420 procuratoria
1983 2380 2160 2419 precedenti
2172 2379 2195 2408 ⁵.
2216 2380 2330 2411 Petivit

1423 2441 1499 2470 ergo
1515 2437 1697 2470 procurator
1710 2430 1784 2469 quid
1797 2435 1880 2459 esset
1895 2435 2029 2458 acturus.
2042 2430 2088 2458 2¹¹·
2103 2429 2250 2458 articulus
2264 2437 2331 2460 erat

1423 2490 1518 2519 super
1536 2478 1820 2519 supplicacionibus
1838 2484 1868 2507 et
1882 2477 2015 2517 injuriis.
2033 2477 2073 2507 Et
2090 2478 2176 2507 venit
2192 2479 2329 2517 prefatus

1423 2528 1658 2557 archidiaconus
1674 2534 1704 2556 et
1724 2527 1909 2567 supplicavit
1924 2526 2046 2556 nacioni
2063 2527 2146 2566 quod
2162 2526 2255 2556 vellet
2269 2527 2330 2560 sibi

1423 2579 1545 2607 tradere
1567 2577 1714 2617 prefatam
1738 2576 1870 2605 litteram
1892 2585 1947 2605 seu
1968 2575 2204 2615 obligacionem.
2230 2575 2333 2615 Super

1424 2627 1492 2656 istis
1510 2626 1647 2655 articulis
1670 2625 1852 2654 deliberavit
1873 2624 1961 2653 nacio
1981 2625 2065 2663 quod
2088 2634 2125 2653 ex
2145 2635 2206 2663 quo
2228 2624 2260 2654 in
2278 2625 2329 2654 illa

1423 2676 1525 2705 littera
1540 2674 1724 2714 obligatoria
1742 2674 1933 2702 habebantur
1946 2673 2049 2712 aliqua
2063 2679 2177 2712 puncta
2192 2673 2330 2714 obligan-

1423 2725 1469 2754 cia
1485 2734 1544 2764 pro
1563 2733 1696 2763 semper,
1713 2729 1745 2752 ut
1764 2722 1823 2752 sibi
1842 2721 1995 2761 apparuit,
2012 2722 2082 2751 ideo
2101 2722 2186 2751 dedit
2200 2723 2333 2762 deputa-

1423 2827 1468 2853 111,
1490 2835 1516 2857 p.
1538 2827 1605 2855 51t;);
1628 2834 1671 2849 an.
1690 2826 1751 2848 1403
1770 2824 1854 2848 licent.
1878 2823 1903 2848 in
1924 2823 2000 2848 theol.
2021 2832 2034 2847 e
2059 2824 2143 2849 Catal.
2166 2824 2263 2854 licent,
2285 2824 2334 2848 sed

1422 2861 1535 2885 decessit
1546 2865 1605 2884 ante
1616 2860 1806 2891 magisterium.

1453 2898 1476 2920 3.
1511 2899 1538 2920 ln
1555 2896 1669 2929 margine
1681 2899 1743 2919 nota
1757 2896 1832 2919 bene.

1453 2933 1477 2955 la.
1510 2934 1558 2955 Ms.
1574 2931 1735 2955 memoriam.

1454 2970 1476 2991 5.
1516 2968 1570 2991 Vid.
1583 2968 1671 2998 p.793,
1686 2967 1724 2990 12.
