2632 3464
415 444 466 469 883

414 520 470 550 fuit
489 520 520 548 in
542 524 773 558 procuratorem
797 516 944 556 magister
968 515 1132 546 Cfinradus
1151 514 1258 554 Langh
1280 514 1319 543 de

416 569 573 608 Esslinga.
599 567 705 604 Quoad
730 567 898 596 secundum
923 565 1108 606 supplicavit
1136 569 1319 603 procurator

414 619 596 659 precedens,
616 616 760 656 quatinus
777 615 941 644 haberetur
957 621 1064 654 gratus
1080 620 1110 642 et
1126 622 1319 642 recommen-

414 669 503 697 datus
518 674 575 696 etc.
593 666 624 695 in
640 665 715 695 actis
734 674 791 704 per
811 665 911 704 ipsum
926 670 1066 703 tempore
1084 661 1319 702 procuracionis

414 727 479 747 sue.
499 714 594 755 Cujus
608 713 831 754 supplicacioni
846 713 952 742 annuit
966 713 1064 742 nacio.

454 765 626 796 Notandum
641 764 724 802 quod
745 763 796 791 212
813 762 862 791 die
880 762 996 791 mensis
1014 760 1218 800 Septembris,
1238 770 1318 790 anno

414 825 476 854 quo
507 823 611 852 supra,
638 813 714 841 facta
741 812 796 841 fuit
826 811 1032 851 congregacio
1057 810 1139 850 apud
1173 809 1318 838 Sanctum

414 863 600 893 Maturinum
618 861 790 890 immediate
812 867 884 899 post
900 869 1073 889 sermonem
1098 858 1317 888 Universitatis

414 923 508 952 super
527 912 626 941 tribus
646 910 795 939 articulis.
819 909 943 938 Primus
968 908 1115 938 articulus
1132 907 1188 937 fuit
1206 908 1246 936 ad
1261 907 1318 936 eli-

412 962 546 1002 gendum
568 970 680 989 novum
703 965 894 997 receptorem
914 958 963 987 vel
982 957 1222 987 continuandum
1238 957 1318 986 anti-

414 1021 518 1051 quum,
533 1016 563 1039 et
572 1010 610 1038 ad
625 1009 808 1038 audiendum
819 1013 993 1046 computum
1004 1006 1121 1046 antiqui
1132 1006 1315 1046 receptoris.

413 1061 459 1089 2ffl¹
474 1065 538 1089 erat
550 1059 588 1088 ad
606 1058 790 1087 audiendum
808 1063 982 1096 computum
998 1055 1138 1096 magistri
1157 1055 1264 1085 Jacobi
1280 1055 1318 1084 de

416 1109 540 1138 Harlem
574 1107 696 1136 racione
727 1105 971 1145 procuracionis,
1003 1115 1092 1144 quam
1115 1104 1187 1134 fecit
1216 1105 1318 1143 quoad

413 1159 535 1187 domum
552 1157 692 1186 situatam
706 1156 737 1184 in
754 1155 822 1184 vico
837 1154 987 1190 Brunessi,
1006 1154 1125 1183 scilicet
1140 1154 1184 1182 ad
1198 1155 1319 1192 ymagi-

412 1218 478 1236 nem
491 1214 588 1234 nostre
604 1207 738 1240 Domine,
754 1211 784 1233 et
798 1214 835 1233 an
850 1203 1010 1243 expediret
1024 1213 1062 1232 ne
1075 1203 1156 1231 idem
1171 1202 1319 1242 magister

411 1256 544 1286 Jacobus
560 1255 678 1293 aliquas
694 1259 887 1293 attemptaret
901 1252 1119 1292 reparaciones
1133 1251 1165 1281 in
1179 1251 1319 1291 predicta

412 1306 503 1334 domo
523 1305 589 1333 sine
607 1303 820 1343 procuratoris
841 1308 870 1331 et
892 1302 1021 1331 aliorum
1044 1302 1082 1330 ad
1105 1301 1163 1330 hoc
1188 1301 1318 1340 deputa-

411 1361 512 1383 torum
539 1353 756 1392 magistrorum
779 1361 945 1380 consensu.
974 1351 1020 1379 3²¹⁸
1047 1350 1195 1380 articulus
1224 1360 1318 1389 super

413 1402 697 1442 supplicacionibus
715 1407 744 1430 et
763 1399 895 1439 injuriis.

453 1453 560 1489 Quoad
586 1451 718 1490 primum
743 1449 915 1485 articulum,
941 1450 978 1478 ad
1005 1449 1179 1479 evitandum
1207 1447 1318 1478 multas

411 1501 616 1535 difficultates,
631 1500 714 1528 rixas
729 1506 758 1528 et
772 1498 956 1533 discordias,
973 1508 1074 1537 ymmo
1086 1498 1123 1526 ad
1134 1497 1317 1527 veniendum

413 1550 587 1580 omnimode
596 1550 634 1578 ad
643 1548 849 1582 concordiam,
858 1548 1030 1576 facilitatem
1041 1553 1070 1576 et
1078 1557 1195 1586 pacem,
1202 1546 1319 1586 placuit

413 1600 468 1628 toti
496 1598 617 1627 nacioni
649 1597 850 1636 solempniter
877 1602 1063 1636 congregate
1095 1596 1210 1635 eligere
1239 1596 1317 1625 duos

413 1648 577 1687 magistros
599 1647 651 1686 qui
671 1646 740 1686 (Fol.
766 1646 811 1685 76)
831 1646 888 1674 sub
906 1655 985 1684 pena
1001 1644 1170 1674 solucionis
1188 1645 1317 1674 duorum

412 1704 567 1726 scutorum
587 1696 714 1725 Francie
730 1705 747 1723 a
765 1695 819 1724 IX²
831 1695 906 1724 hora
924 1704 1021 1733 usque
1037 1694 1074 1722 ad
1092 1695 1149 1723 10¹⁰
1169 1693 1317 1723 inclusive

412 1747 513 1786 quoad
533 1747 713 1784 hor-elogium
735 1746 837 1774 Sancti
857 1745 1004 1772 Matar-ini
1030 1743 1179 1772 haberent
1202 1743 1317 1782 eligere

412 1805 524 1824 novum
550 1800 741 1833 receptorem
768 1793 816 1823 vel
839 1793 1019 1822 continuare
1041 1792 1210 1831 antiquum,
1239 1792 1319 1821 sicut

412 1854 469 1883 per
480 1843 653 1883 juramenta
669 1853 723 1871 sua
737 1842 782 1871 eis
799 1842 967 1871 videretur.
981 1841 1020 1870 Et
1036 1841 1086 1870 isti
1103 1842 1163 1870 duo
1176 1841 1317 1880 magistri

412 1893 501 1922 electi
523 1893 644 1921 fuerunt
667 1891 785 1920 scilicet
804 1891 952 1930 magister
970 1890 1126 1919 Johannes
1144 1891 1181 1919 de
1203 1889 1318 1919 Galen-

412 1951 489 1980 coep
510 1948 539 1970 et
560 1941 707 1980 magister
726 1940 860 1969 Jacobus
880 1940 918 1968 de
939 1939 1075 1974 Harlem‚
1093 1939 1145 1978 qui
1166 1939 1319 1978 eligerunt

412 1991 491 2019 infra
510 1997 630 2029 tempus
646 1990 691 2018 eis
711 1989 861 2028 prefixum
879 1989 910 2017 in
928 1995 1119 2027 receptorem
1136 1988 1317 2027 magistrum

412 2039 600 2068 Richardum
629 2040 666 2067 de
700 2038 817 2067 Lonen.
849 2038 956 2075 Quoad
993 2043 1168 2076 computum
1199 2037 1317 2076 antiqui

412 2088 584 2127 receptoris
619 2088 688 2116 data
727 2087 783 2116 fuit
815 2087 925 2116 dilacio
964 2096 1062 2126 usque
1098 2086 1128 2115 in
1160 2093 1317 2125 posterum

412 2144 540 2176 propter
556 2138 630 2166 sacta
649 2136 788 2165 nacionis
804 2136 1006 2175 expedienda.
1026 2135 1064 2164 Et
1084 2135 1224 2174 predicta
1242 2135 1317 2163 facta

412 2188 535 2215 suerunt
546 2192 674 2225 propter
686 2186 797 2214 motiva
811 2186 848 2214 de
862 2185 975 2224 quibus
986 2195 1091 2223 supra,
1102 2184 1205 2213 addita
1217 2190 1317 2213 tamen

412 2235 594 2264 condicione
620 2245 657 2263 ne
681 2235 712 2263 in
731 2241 805 2273 post
827 2235 935 2263 factum
956 2234 1129 2262 traheretur
1153 2233 1184 2262 in
1206 2243 1317 2262 conse-

412 2284 585 2324 quenciam.

455 2333 556 2372 Super
572 2334 602 2361 2Ο
617 2332 745 2361 articulo
759 2332 874 2371 placuit
890 2332 1011 2360 nacioni
1027 2338 1121 2360 totum
1138 2331 1213 2360 illud
1226 2341 1318 2370 nego-

411 2382 491 2411 cium
505 2382 630 2410 differre
644 2391 742 2420 usque
757 2382 795 2410 ad
810 2381 898 2410 aliam
914 2380 1201 2420 congregacionem.
1218 2380 1318 2419 Super

412 2432 444 2460 3⁰
482 2430 669 2470 supplicavit
699 2430 843 2469 antiquus
876 2436 1019 2469 receptor
1054 2430 1197 2468 quatinus
1230 2429 1318 2458 nacio

413 2479 539 2508 haberet
572 2489 639 2508 eum
669 2485 800 2518 gratum,
831 2479 1108 2507 recommendatum
1135 2484 1205 2513 etc.,
1231 2477 1317 2517 cujus

413 2528 605 2568 supplicacio
625 2538 774 2557 concessa
792 2527 857 2562 fuit,
873 2527 944 2566 quia
961 2527 992 2556 in
1010 2527 1152 2556 omnibus
1170 2527 1246 2556 actis
1262 2537 1318 2566 per

412 2588 481 2606 eum
497 2584 635 2616 tempore
649 2577 884 2616 suereceptorie
900 2582 1042 2615 repertus
1058 2582 1105 2605 est
1118 2576 1197 2605 sicut
1212 2576 1317 2605 valens

412 2633 443 2655 et
459 2627 577 2665 probus
595 2626 652 2655 vir.

453 2675 564 2703 Verum
590 2681 636 2704 est
661 2675 744 2714 quod
767 2681 917 2714 tempore,
942 2684 1003 2713 quo
1030 2674 1090 2703 duo
1118 2674 1257 2713 magistri
1279 2675 1317 2702 de

413 2724 525 2762 quibus
548 2734 642 2762 supra
660 2730 718 2753 etc.
739 2724 861 2753 suerunt
878 2723 909 2751 in
929 2722 1067 2752 conclavi
1087 2723 1123 2751 ad
1142 2723 1317 2762 eligendum

413 2782 523 2801 novum
539 2779 731 2811 receptorem
747 2773 795 2802 vel
818 2772 1057 2801 continuandum
1074 2772 1242 2810 antiquum,
1255 2771 1318 2810 pla-

413 2821 476 2850 cuit
491 2822 632 2850 omnibus
652 2821 821 2861 magistris,
838 2821 921 2860 quod
935 2827 1091 2860 tangerem
1113 2821 1150 2849 de
1168 2820 1318 2850 distribu-

415 2935 467 2993 Η1,
500 2935 562 2967 Ejus
582 2944 672 2959 nomen
693 2935 785 2969 legitur
804 2935 882 2960 etiam
902 2935 967 2959 inter
994 2935 1076 2959 lineas
1096 2939 1155 2968 post
1178 2936 1317 2960 Henricum

439 2978 533 2994 erwen.

954 438 1176 466 AUCTARIUM
1198 437 1456 464 CHARTULARII
1476 438 1649 466 UNIVERS.
1671 440 1788 467 PARIS.

1373 714 1390 741 5

1355 961 1389 987 10

1356 1207 1389 1234 15

1355 1454 1389 1479 20

1355 1699 1389 1725 25

1356 1945 1389 1971 30

1355 2190 1388 2216 35

1356 2434 1389 2460 40

1356 2679 1388 2704 45

2279 441 2332 468 884

1427 515 1570 545 cionibus
1606 516 1759 546 scolarum
1799 527 1858 557 pro
1895 517 2071 546 volentibus
2103 527 2213 557 regere
2251 527 2331 548 anno

1428 564 1541 601 futuro,
1560 575 1622 595 non
1650 567 1791 596 obstante
1819 567 1902 605 quod
1927 566 2016 596 nacio
2040 565 2217 606 specialiter
2238 577 2333 607 super

1427 613 1488 643 isto
1503 625 1565 644 non
1589 615 1645 644 luit
1657 621 1775 645 vocata.
1800 614 1840 644 Et
1857 615 1898 645 ita
1913 615 2023 645 factum
2043 621 2100 645 est.
2122 615 2223 653 Quare
2243 616 2332 646 nacio

1427 663 1610 693 deliberavit
1620 665 1704 704 quod
1716 664 1858 704 magistri
1868 664 2008 694 volentes
2016 674 2126 704 regere
2138 674 2217 694 anno
2231 665 2332 695 futuro

1427 712 1576 743 haberent
1596 713 1697 743 scolas
1714 724 1731 742 a
1751 713 1880 743 nacione
1903 714 2072 743 secundum
2092 713 2232 743 ordinem
2252 714 2333 743 anti-

1427 762 1554 802 quitatis
1565 763 1719 802 regencie,
1727 763 1828 792 modis
1839 769 1869 792 et
1878 763 1974 792 forma
1984 762 2142 793 consuetis
2151 763 2183 792 in
2190 763 2331 793 nacione.

1427 810 1475 840 Ex
1498 821 1558 851 quo
1580 817 1681 841 tamen
1702 812 1791 841 nacio
1816 812 1992 852 specialiter
2011 822 2074 842 non
2094 811 2150 842 fuit
2165 818 2273 842 vocata
2294 812 2333 842 ad

1426 860 1673 890 distribuendum
1689 860 1801 897 scolas,
1813 867 1846 890 ut
1860 861 2046 901 premissum
2062 867 2120 897 est,
2137 871 2197 901 ego
2211 861 2335 901 suppli-

1427 909 1492 939 cavi
1508 909 1652 949 quatinus
1670 909 1698 939 si
1715 916 1821 940 essent
1832 909 1927 950 aliqui
1944 910 2086 950 magistri
2095 920 2158 940 non
2170 916 2332 950 presentes

1426 959 1457 988 in
1487 958 1733 999 congregacione
1764 959 1827 995 illa,
1857 969 1937 989 anno
1966 959 2068 989 futuro
2097 969 2206 999 regere
2229 959 2333 989 inten-

1427 1009 1548 1044 dentes,
1572 1008 1625 1047 qui
1646 1008 1789 1038 venirent
1809 1008 1842 1038 in
1864 1009 2006 1048 proxima
2027 1008 2275 1048 congregacione
2293 1009 2333 1038 ad

1428 1057 1663 1097 supplicandum
1683 1067 1740 1097 pro
1756 1057 1850 1087 scolis
1865 1057 1896 1087 in
1915 1058 2057 1094 nacione,
2078 1058 2162 1097 quod
2180 1063 2252 1087 tunc
2269 1057 2332 1097 ipsi

1428 1106 1571 1136 similiter
1592 1106 1741 1136 haberent
1762 1106 1930 1136 secundum
1954 1105 2121 1147 or[di]nem
2140 1106 2333 1146 antiquitatis

1429 1166 1482 1185 sue
1511 1156 1655 1195 regencie
1684 1155 1796 1185 scolas.
1826 1154 1924 1192 Quam
1955 1155 2218 1195 supplicacionem
2243 1155 2332 1185 nacio

1428 1205 1594 1235 concessit.
1625 1204 1665 1234 Et
1689 1205 1731 1234 ita
1761 1204 1934 1244 supplicavi
1957 1214 1997 1234 ne
2018 1205 2056 1233 ab
2080 1205 2276 1240 absentibus,
2305 1204 2332 1235 si

1427 1254 1523 1294 aliqui
1549 1260 1655 1283 essent
1677 1253 1766 1289 tales,
1789 1253 1882 1283 michi
1910 1253 2027 1293 aliquid
2055 1259 2163 1293 posset
2188 1253 2333 1293 imputari

1426 1304 1476 1334 vel
1492 1303 1638 1343 impingi,
1656 1309 1715 1332 etc.

1541 1411 1753 1450 Sequuntur
1796 1410 1943 1440 nomina
1986 1409 2215 1449 regencium.

1466 1501 1618 1540 Magister
1630 1499 1818 1530 Wilhelmus
1843 1499 1930 1536 Bloc,
1950 1498 2037 1539 cujus
2053 1497 2219 1538 fidejussor
2233 1497 2333 1538 magi-

1427 1557 1491 1580 ster
1506 1549 1682 1589 Heynricus
1695 1550 1733 1579 de
1747 1549 1858 1578 Berka.

1467 1599 1617 1639 Magister
1649 1598 1859 1628 Goedscalcus
1900 1597 2011 1633 Vreze,
2037 1596 2125 1636 cujus
2166 1595 2333 1636 fidejussor

1426 1649 1574 1689 magister
1591 1647 1767 1687 Heynricus
1783 1647 1929 1677 Herwen.

1466 1697 1618 1737 Magister
1633 1697 1828 1726 Hermannus
1845 1696 1883 1725 de
1907 1697 2046 1731 Ommen,
2062 1694 2149 1734 cujus
2167 1693 2333 1734 fidejussor

1427 1747 1574 1786 magister
1587 1746 1744 1775 Johannes
1759 1746 1797 1774 de
1810 1745 1922 1775 Berka.

1467 1796 1617 1836 Magister
1635 1795 1830 1824 Hermannus
1845 1795 1882 1824 de
1896 1793 2054 1833 Esslinga,
2066 1792 2154 1833 cujus
2167 1791 2333 1833 fidejussor

1428 1845 1576 1885 magister
1593 1844 1758 1875 Cfinradus
1773 1844 1860 1884 Lang
1873 1844 1911 1873 de
1926 1842 2085 1882 Esslinga.

1467 1894 1617 1934 Magister
1632 1893 1808 1933 Heynricus
1834 1893 1872 1922 de
1895 1892 2035 1928 Xanctis,
2061 1890 2147 1931 cujus
2166 1889 2332 1931 fidejussor

1427 1944 1575 1984 magister
1591 1942 1747 1972 Johannes
1765 1942 1803 1971 de
1818 1941 1930 1971 Berka.

1466 1992 1617 2032 Magister
1634 1990 1822 2022 Wilhelmus
1844 1991 1881 2020 de
1899 1990 2126 2025 Aemsterdam,
2143 1988 2230 2029 cujus
2254 1988 2332 2018 flde-

1421 2041 1530 2082 jussor
1548 2041 1696 2081 magister
1709 2040 1868 2070 Arnoldus
1884 2039 2009 2069 Utwiic.

1466 2091 1616 2130 Magister
1627 2089 1783 2119 Johannes
1800 2088 1940 2128 Spenlin,
1955 2086 2042 2128 cujus
2056 2086 2222 2127 fidejussor
2238 2086 2332 2126 magi-

1427 2147 1490 2170 ster
1502 2139 1658 2169 Johannes
1673 2139 1711 2168 de
1727 2138 1891 2167 Alcmaria.

1466 2189 1617 2229 Magister
1637 2188 1793 2217 Johannes
1811 2188 1848 2216 de
1871 2186 2035 2222 Alcmaria‚
2056 2184 2143 2225 cujus
2165 2184 2333 2224 fidejussor

1427 2239 1574 2278 magister
1587 2237 1602 2266 J
1607 2236 1744 2266 ohannes
1760 2236 1901 2276 Spenlin.

1467 2287 1617 2327 Magister
1635 2285 1810 2325 Heynricus
1827 2285 1962 2315 Herwen
1976 2285 2014 2314 de
2031 2281 2224 2323 Novimagio,
2243 2281 2331 2322 cujus

1426 2335 1591 2376 fidejussor
1602 2335 1749 2375 magister
1763 2333 1973 2363 Goedscalcus
1987 2333 2096 2362 Vreze-

1467 2385 1618 2425 Magister
1638 2383 1813 2423 Heynricus
1830 2382 2001 2418 Veltkirch‚
2021 2381 2107 2421 cujus
2126 2379 2328 2420 fidejussor...

1467 2434 1617 2474 Magister
1634 2433 1749 2462 Paulus
1769 2432 1924 2467 Gloterer,
1947 2430 2034 2471 cujus
2053 2428 2218 2469 fidejussor
2231 2428 2331 2469 magi-

1427 2491 1491 2513 ster
1509 2483 1705 2512 Hermannus
1721 2483 1758 2511 de
1772 2481 1929 2520 Esslinga.
2103 2474 2106 2475 ⁷

1468 2532 1618 2572 Magister
1634 2531 1791 2561 Johannes
1811 2531 1849 2559 de
1868 2527 2041 2565 Arnhem⁴‚
2060 2526 2147 2568 cujus
2166 2526 2347 2568 fidejussor

1427 2582 1574 2622 magister
1590 2580 1746 2610 Johannes
1762 2580 1799 2609 de
1813 2579 1933 2609 Xantis.
