2632 3464
460 467 512 493 535

455 543 512 571 sub
528 541 676 581 magistro
693 541 831 570 Johanne
855 541 891 569 de
908 540 1081 579 Maguncia,
1098 538 1185 579 cujus
1203 540 1298 569 bursa
1314 540 1357 569 111

455 591 556 621 solidi.
574 590 731 630 Obligavit
744 600 776 619 se
795 590 884 618 litera
900 589 1049 618 officialis.

495 640 568 669 Item
589 639 803 668 determinavit
822 638 964 667 dominus
986 637 1118 666 Thomas
1141 637 1282 676 Kingorn
1301 638 1358 666 sub

453 689 601 729 magistro
626 688 721 717 Paulo
746 688 783 716 de
812 687 953 722 Ghelria,
977 685 1064 725 cujus
1086 687 1180 715 bursa
1204 686 1230 714 V
1253 686 1356 715 solidi.

454 738 552 767 Solvit
570 737 597 766 II
615 738 746 772 francos,
764 747 820 775 pro
834 736 960 765 residuo
977 736 1081 774 posuit
1096 736 1221 775 pignus.

493 787 567 816 Item
588 786 802 815 determinavit
821 785 962 814 dominus
987 783 1132 813 Allardus
1151 785 1188 812 de
1211 784 1285 812 Delf
1301 784 1358 813 sub

452 836 600 875 magistro
621 835 759 863 Johanne
778 835 814 862 de
832 833 1009 868 Hoekelem‚
1029 832 1116 872 cujus
1135 834 1230 861 bursa
1254 831 1280 861 V
1298 832 1355 862 sol.

453 891 483 914 et
501 884 558 913 1111
578 883 706 912 denarii.
725 883 824 912 Solvit
841 882 1008 921 receptori.

493 934 567 962 Item
583 932 797 961 determinavit
813 931 954 960 dominus
973 931 1181 971 Engelbertus
1195 931 1232 959 de
1249 930 1358 960 Osten-

451 982 552 1012 wolde
580 983 636 1010 sub
659 981 806 1020 magistro
824 980 962 1009 Johanne
985 980 1123 1015 Luberti‚
1150 978 1236 1019 cujus
1264 980 1359 1008 bursa

451 1031 491 1060 Vl
509 1031 611 1060 solidi.
633 1030 731 1058 Solvit
754 1029 835 1058 XXX
857 1029 987 1064 solidos,
1011 1039 1067 1068 pro
1087 1029 1213 1058 residuo
1230 1029 1356 1068 pignus.

493 1080 566 1108 Item
586 1079 799 1108 determinavit
813 1078 955 1107 dominus
972 1078 1168 1107 Hermannus
1181 1078 1219 1106 de
1227 1077 1358 1106 Waren-

452 1130 529 1167 dorp
547 1129 603 1157 sub
619 1128 766 1167 magistro
788 1127 934 1166 Philippo
955 1127 1068 1166 Pingh,
1086 1126 1172 1165 cujus
1188 1127 1283 1156 bursa
1298 1126 1358 1156 IIII

451 1178 552 1207 solidi.
575 1177 684 1206 Posuit
696 1177 823 1216 pignus.

492 1227 565 1255 Item
588 1225 801 1254 determinavit
825 1225 966 1254 dominus
992 1224 1088 1254 Adam
1113 1225 1280 1254 Forestarii
1301 1225 1358 1253 sub

451 1275 598 1314 magistro
612 1274 707 1303 Paulo
723 1275 760 1302 de
776 1273 913 1309 Ghelria,
929 1273 1015 1312 cujus
1030 1274 1124 1302 bursa
1137 1273 1165 1302 II
1175 1273 1279 1309 solidi,
1297 1272 1356 1302 IIII

451 1324 578 1353 denarii.
597 1323 706 1352 Posuit
722 1323 846 1362 pignus.

857 1376 955 1405 1378

492 1444 562 1482 (F'ol.
586 1444 631 1481 11)
652 1444 741 1472 Acta
773 1450 856 1472 sunt
895 1443 959 1472 hec
991 1444 1026 1472 in
1054 1444 1318 1482 procuratoria

583 1493 755 1532 magistri
795 1492 893 1521 Petri
921 1493 963 1521 de
993 1492 1222 1522 Bacheraco.

490 1569 580 1597 Anno
593 1568 716 1597 Domini
731 1567 840 1596 milles.
855 1574 983 1596 trecent.
998 1567 1226 1607 septuagesimo
1237 1574 1356 1602 octavo,

453 1618 492 1647 X²
500 1618 549 1646 die
558 1617 673 1646 mensis
685 1617 787 1646 Martii
801 1618 877 1645 sacta
890 1617 1135 1656 congregacione
1144 1616 1283 1645 nacionis
1296 1616 1358 1645 An-

450 1667 569 1707 glicane
585 1667 665 1705 apud
683 1666 827 1695 Sanctum
846 1666 999 1694 Julianum
1014 1675 1179 1704 pauperem
1199 1665 1274 1694 hora
1291 1665 1359 1704 pri-

450 1726 565 1744 marum
582 1725 675 1754 super
689 1715 788 1744 tribus
801 1715 952 1749 articulis,
968 1725 1098 1753 quorum
1110 1714 1229 1753 primus
1246 1720 1311 1743 erat
1321 1715 1359 1743 ad

451 1765 623 1804 eligendum
640 1770 885 1803 procuratorem.
903 1763 942 1792 Et
959 1763 1074 1792 electus
1094 1763 1149 1792 suit
1164 1763 1194 1792 in
1214 1773 1358 1802 procura-

450 1820 547 1842 torem
565 1813 645 1842 dicte
666 1813 803 1841 nacionis
824 1813 970 1852 magister
987 1812 1099 1841 Petrus
1123 1813 1161 1841 de
1183 1812 1359 1841 Bacheraeo

450 1862 656 1896 concorditer,
689 1861 772 1890 nullo
805 1861 1047 1891 contradicente.
1084 1861 1123 1890 Et
1154 1871 1191 1890 ex
1223 1862 1359 1892 unanimi

450 1911 666 1950 magistrorum
687 1921 840 1939 consensu
859 1917 930 1940 tunc
952 1910 1149 1949 presencium
1175 1910 1236 1949 ipsi
1255 1912 1359 1940 taber-

450 1970 517 1988 nam
547 1960 696 1988 intrantes
724 1966 983 1998 consumpserunt
1010 1959 1038 1988 ll
1072 1960 1196 1989 francos
1222 1970 1289 1988 cum
1317 1960 1358 1989 IX

450 2009 570 2044 solidis,
601 2010 638 2037 de
664 2009 776 2048 quibus
805 2009 941 2047 prefatus
968 2008 1116 2048 magister
1144 2009 1266 2044 Petrus,
1291 2019 1357 2038 cum

450 2068 547 2087 novus
565 2058 705 2086 extiterat
721 2064 915 2096 procurator,
936 2059 1071 2086 francum
1091 2057 1193 2093 solvit,
1213 2064 1242 2087 et
1259 2058 1358 2097 magi-

450 2113 513 2136 ster
527 2107 638 2135 Petrus
657 2108 693 2135 de
708 2107 902 2135 Amsterdam
916 2117 973 2146 pro
984 2106 1121 2145 jocundo
1138 2107 1264 2136 introitu
1282 2108 1357 2136 reli-

450 2166 542 2195 quum
562 2157 697 2184 francum
714 2156 834 2184 solvere
850 2166 911 2185 non
927 2156 1094 2190 recusavit;
1112 2156 1266 2185 residuam
1282 2167 1356 2186 vero

451 2211 576 2243 partem,
593 2204 711 2234 scillcet
723 2205 763 2234 IX
775 2205 904 2239 solidos,
917 2205 1057 2244 magistri
1070 2205 1182 2233 ibidem
1195 2212 1356 2244 presentes

449 2253 716 2293 proporcionalem
732 2253 915 2283 divisionem
935 2254 1080 2283 facientes
1099 2253 1268 2283 solverunt.
1287 2254 1355 2284 Non

450 2304 589 2331 obstante
623 2304 705 2341 quod
741 2303 933 2342 propositum
967 2309 1032 2331 erat
1063 2302 1094 2331 in
1129 2303 1355 2332 deliberacione

450 2353 531 2391 quod
561 2351 633 2380 novi
661 2358 878 2390 procuratores
915 2352 1036 2380 francos
1069 2362 1142 2380 suos
1178 2362 1236 2391 pro
1267 2352 1356 2392 virga

449 2407 575 2439 argenta
601 2401 737 2429 facienda
762 2400 883 2429 nacioni
908 2401 1101 2439 deputarent,
1128 2401 1271 2439 quoniam
1299 2411 1355 2440 per

450 2449 614 2488 magistros
640 2455 711 2478 tunc
750 2455 909 2487 presentes
941 2449 1141 2478 deliberatum
1180 2456 1255 2485 erat,
1287 2460 1354 2479 cum

450 2498 646 2536 pecuniarum
660 2497 843 2526 sufficiencia
857 2508 913 2537 pro
930 2498 1067 2537 predicta
1080 2498 1166 2537 virga
1178 2498 1352 2534 haberetur,

445 2546 531 2585 juxta
544 2546 796 2575 consuetudinem
811 2553 898 2576 antea
911 2548 1115 2582 observatam,
1134 2547 1203 2576 illos
1220 2548 1354 2586 prefatos

450 2596 570 2624 francos
588 2597 650 2624 sore
668 2595 797 2635 amplius
815 2597 1036 2635 perpotandos.

490 2645 535 2672 2¹¹⁸
547 2645 693 2673 articulus
710 2651 774 2674 erat
787 2645 824 2673 ad
843 2645 1028 2674 audiendum
1045 2650 1219 2683 computum
1239 2645 1355 2674 domini

450 2693 630 2732 receptoris.
651 2693 689 2722 Et
705 2693 892 2733 computavit
913 2693 1055 2722 dominus
1075 2700 1218 2732 receptor
1239 2700 1269 2723 et
1289 2704 1355 2723 orn-

450 2742 541 2770 nibus
557 2748 615 2770 tam
630 2742 763 2781 receptis
780 2753 868 2781 quam
887 2742 1038 2781 expositis
1054 2742 1124 2771 hinc
1140 2742 1211 2772 inde
1228 2753 1355 2782 compu-

450 2791 532 2824 tatis,
557 2791 668 2819 debitis
697 2790 832 2830 ejusdem
857 2791 1028 2830 recepturis
1051 2791 1219 2826 defalcatis,
1243 2792 1356 2821 mansit

451 2839 607 2877 predictus
644 2846 786 2878 receptor
814 2840 967 2879 obligatus
1000 2840 1120 2869 nacioni
1157 2840 1187 2868 in
1224 2840 1354 2869 XXXIII

450 2887 550 2921 libris,
567 2888 607 2916 XI
625 2888 732 2917 solidis
751 2895 780 2917 et
804 2888 847 2917 Ill
864 2889 1011 2922 denariis,
1029 2895 1058 2917 et
1075 2896 1236 2928 computus
1255 2890 1355 2918 dictus

451 2937 487 2963 ab
503 2937 643 2964 omnibus
661 2937 715 2965 suit
730 2939 928 2976 approbatus.

493 2986 537 3012 3¹¹⁸
553 2985 697 3013 articulus
714 2993 778 3014 erat
793 2987 830 3014 ad
849 2986 1095 3025 supplicandum.
1117 2986 1156 3015 Et
1171 2986 1357 3026 supplicavit

1002 465 1226 491 AUCTARIUM
1251 464 1510 492 CHARTULARII
1529 466 1702 494 UNIVERS.
1726 467 1843 495 PARIS.

1414 741 1430 767 5

1397 986 1430 1011 10

1396 1231 1429 1257 15

1395 1477 1429 1502 20

1397 1721 1430 1747 25

1396 1966 1430 1992 30

1394 2212 1427 2237 35

1392 2456 1426 2482 40

1393 2701 1426 2728 45

1393 2946 1426 2971 50

2328 472 2379 498 536

1469 541 1611 572 dominus
1635 549 1789 583 receptor,
1813 554 1881 573 cum
1905 544 2037 574 animum
2055 545 2221 575 recedendi
2242 546 2380 576 breviter

1468 591 1505 618 ad
1521 597 1626 630 partes
1644 591 1782 628 haberet,
1804 599 1955 632 quatenus
1974 593 2028 622 XL
2047 593 2166 624 solidos
2185 595 2239 634 qui
2260 595 2320 624 sibi
2341 606 2379 625 ex

1467 646 1554 678 parte
1579 640 1681 676 officii,
1704 641 1822 671 scilicet
1843 642 2028 681 receptorie,
2048 643 2200 673 debentur
2217 643 2296 674 solvi
2315 653 2378 674 non

1470 689 1707 729 denegarentur.
1725 690 1763 719 Et
1779 690 1969 730 supplicacio
1987 690 2053 730 ejus
2070 691 2127 722 fuit
2138 702 2287 722 concessa
2302 703 2377 722 con-

1468 737 1605 767 corditer
1622 738 1652 767 in
1677 748 1750 768 casu
1778 739 1810 768 in
1833 750 1894 779 quo
1920 739 2011 769 alium
2034 740 2103 770 loco
2125 741 2174 770 sui
2190 742 2378 771 substituere

1470 795 1531 814 non
1549 794 1716 817 recusaret.

1510 834 1585 864 Item
1597 846 1676 865 anno
1688 836 1813 866 Domini
1825 847 1886 877 quo
1900 847 2005 877 supra,
2018 837 2118 867 XVII·
2129 839 2245 868 mensis
2254 838 2376 875 Marcii,

1469 884 1547 913 sacta
1560 885 1806 925 congregacione
1825 887 1964 916 nacionis
1979 886 2151 926 Anglicane
2167 887 2244 917 hora
2259 888 2378 928 prima-

1467 941 1534 962 rum
1557 934 1595 962 ad
1619 933 1763 963 Sanctum
1783 934 1936 964 sulianum
1955 946 2123 975 pauperem
2145 937 2184 965 ad
2201 936 2376 976 supplican-

1468 982 1551 1016 dum,
1567 982 1754 1021 supplicavit
1765 984 1913 1023 magister
1926 983 2092 1024 Philippus
2106 985 2215 1024 Pynch
2230 986 2376 1024 repatria-

1468 1037 1555 1060 turus
1579 1037 1609 1060 et
1633 1031 1769 1061 breviter
1795 1042 1991 1068 reversurus,
2020 1040 2169 1071 quatenus
2195 1035 2222 1063 si
2251 1034 2282 1063 in
2310 1034 2376 1074 ejus

1468 1080 1612 1109 absencia
1619 1090 1730 1119 papam
1739 1081 1888 1111 decedere
1901 1082 2078 1122 contigerit,
2090 1083 2139 1112 vel
2149 1082 2283 1113 rotulum
2295 1083 2377 1114 desti

1467 1129 1535 1157 nari
1553 1129 1590 1158 ad
1603 1130 1744 1164 eundem,
1756 1130 1839 1169 quod
1855 1130 1953 1160 eidem
1968 1131 2070 1160 rotulo
2086 1138 2229 1171 tanquam
2242 1141 2376 1172 presens

1468 1184 1575 1216 posset
1583 1178 1711 1217 imponi.
1726 1177 1821 1216 Cuius
1831 1179 2021 1218 supplicacio
2031 1190 2116 1210 more
2127 1180 2220 1210 solito
2228 1181 2298 1210 aliis
2306 1191 2377 1221 pre·

1467 1226 1685 1256 decessoribus
1711 1227 1776 1256 suis
1799 1227 2047 1267 supplicantibus
2071 1230 2199 1259 concedi
2222 1230 2278 1259 suit
2299 1239 2376 1259 con-

1468 1285 1567 1304 cessa.

1508 1324 1612 1353 Primo
1640 1325 1914 1355 subdeterminavit
1941 1326 2083 1356 dominus
2110 1326 2267 1356 lohannes
2291 1327 2377 1358 Petri

1466 1374 1504 1402 de
1521 1373 1716 1403 Scoonhovia
1729 1375 1786 1403 sub
1803 1374 1952 1414 magistro
1967 1374 2106 1404 Johanne
2120 1374 2272 1412 Hoeklen,
2290 1375 2377 1416 cujus

1466 1423 1560 1451 bursa
1586 1422 1692 1458 nichil,
1719 1423 1791 1462 quia
1820 1429 1964 1452 statutum
1989 1424 2178 1463 paupertatis
2205 1424 2320 1464 juravit
2345 1425 2378 1455 in

1468 1471 1558 1510 plena
1575 1471 1832 1511 congregacione.

1874 1529 1971 1559 1378

1467 1592 1557 1621 Acta
1599 1598 1684 1621 sunt
1721 1591 1787 1621 hec
1825 1593 1860 1621 in
1898 1593 2161 1632 procuratoria
2201 1594 2375 1634 magistri

1724 1640 1906 1671 Johannis
1940 1642 1982 1671 de
2014 1642 2122 1672 Kare.

1508 1716 1599 1745 Anno
1611 1715 1735 1745 Domini
1747 1716 1909 1746 millesimo
1918 1717 2134 1747 trecentesimo
2146 1718 2375 1758 septuagesimo

1468 1772 1587 1800 octavo,
1611 1765 1741 1804 septima
1759 1765 1807 1794 die
1830 1765 1946 1795 mensis
1964 1766 2085 1805 Aprilis
2107 1767 2184 1796 facta
2201 1777 2375 1807 congrega-

1468 1814 1556 1843 cione
1575 1813 1714 1843 nacionis
1737 1813 1909 1853 Anglicane
1940 1816 2022 1854 apud
2048 1814 2192 1845 Sanctum
2221 1815 2375 1846 sulianum

1467 1873 1634 1903 pauperem
1661 1863 1737 1892 hora
1762 1863 1931 1903 primarum
1956 1874 2050 1903 super
2079 1865 2199 1894 duobus
2223 1864 2373 1901 articulis,

1468 1922 1598 1952 quorum
1626 1912 1744 1951 primus
1774 1918 1839 1941 erat
1869 1913 1906 1941 ad
1938 1912 2113 1952 eligendum
2144 1919 2374 1953 procuratorem

1467 1962 1547 1990 dicte
1562 1961 1712 1990 nacionis.
1726 1961 1765 1990 Et
1783 1961 1898 1990 electus
1911 1961 1967 1991 suit
1979 1961 2010 1990 in
2026 1968 2257 2001 procuratorem
2275 1962 2374 2003 magi-

1468 2017 1531 2039 ster
1558 2010 1714 2040 Johannes
1747 2011 1784 2039 de
1812 2010 1892 2039 Kare
1917 2010 2124 2046 concorditer,
2143 2011 2228 2040 nullo
2250 2011 2373 2050 penitus

1466 2059 1661 2088 reclamante.
1691 2059 1725 2088 ln
1748 2058 1836 2098 cujus
1859 2058 2075 2098 procuratoria
2099 2065 2165 2089 acta
2189 2066 2260 2089 sunt
2281 2059 2373 2089 infra-

1466 2108 1593 2147 scripta.
1614 2108 1653 2137 Et
1674 2118 1711 2137 ex
1730 2107 1866 2137 unanimi
1887 2118 2041 2137 consensu
2061 2108 2278 2148 magistrorum
2301 2115 2373 2138 tunc

1465 2157 1661 2197 presencium
1679 2157 1741 2196 ipsi
1765 2157 1922 2186 tabernam
1944 2156 2095 2186 intrantes
2114 2164 2374 2196 consumpserunt

1465 2205 1593 2235 XXVIII
1609 2206 1738 2241 solidos,
1756 2206 1794 2235 de
1810 2206 1924 2245 quibus
1939 2206 2098 2245 predictus
2111 2212 2294 2245 procurator
2312 2206 2372 2236 sol-

1463 2255 1507 2284 vit
1535 2256 1550 2283 1
1572 2255 1720 2290 francum,
1742 2254 1811 2294 quia
1841 2264 1940 2284 novus
1969 2261 2045 2290 erat,
2063 2260 2092 2284 et
2118 2254 2203 2283 illum
2235 2255 2372 2284 francum

1465 2313 1554 2343 quem
1583 2303 1669 2332 dedit
1699 2310 1883 2342 procurator
1915 2303 2074 2342 predictus
2102 2303 2257 2332 concessit
2284 2303 2372 2333 nacio

1463 2353 1546 2382 dicto
1558 2352 1754 2392 procuratori
1769 2353 1826 2381 sub
1838 2351 1891 2382 tali
1905 2352 2098 2387 condicione,
2114 2353 2197 2391 quod
2211 2362 2279 2382 eum
2291 2352 2372 2382 dicte

1463 2401 1586 2430 nacioni
1601 2402 1637 2430 ad
1655 2401 1766 2430 festum
1782 2401 2004 2430 penthecostes
2021 2401 2176 2429 redderet.

1504 2450 1575 2490 (Fol.
1594 2452 1630 2480 11
1646 2450 1681 2490 ¹³)
1701 2449 1862 2479 Secundus
1882 2449 2030 2479 articulus
2047 2455 2113 2478 erat
2130 2450 2167 2478 ad
2186 2449 2371 2479 audiendum

1464 2505 1640 2538 computum
1671 2498 1855 2538 receptoris,
1890 2504 1921 2528 et
1951 2498 2093 2527 omnibus
2124 2498 2309 2537 computatis
2342 2504 2372 2528 et

1463 2548 1621 2577 defalcatis
1638 2547 1787 2576 remansit
1801 2548 1900 2576 dictus
1917 2553 2061 2586 receptor
2078 2546 2233 2586 obligatus
2248 2547 2371 2576 nacioni

1464 2597 1602 2636 predicte
1622 2596 1653 2625 in
1674 2596 1773 2625 XXIX
1797 2595 1897 2631 libris,
1915 2595 1959 2624 ΙΙΙ
1983 2595 2092 2624 solidis
2116 2602 2146 2624 et
2164 2595 2206 2625 IX
2221 2595 2370 2632 denariis,

1463 2652 1494 2675 et
1511 2645 1567 2675 tuit
1581 2651 1743 2684 computus
1761 2643 1826 2683 ejus
1839 2645 1876 2673 ab
1894 2644 2037 2673 omnibus
2053 2645 2252 2683 approbatus.

1505 2694 1580 2723 Item
1594 2694 1742 2733 magister
1756 2693 1912 2722 Johannes
1925 2693 2082 2722 Bersvord
2097 2703 2155 2732 pro
2165 2692 2303 2732 jocundo
2314 2703 2370 2724 suo

1465 2743 1593 2772 introitu
1612 2742 1705 2772 solvit
1723 2743 1738 2771 1
1769 2743 1916 2771 francum.

1465 2822 1553 2852 Item
1584 2822 1717 2861 scripti
1750 2827 1835 2850 sunt
1867 2821 1932 2850 isti
1965 2820 2157 2850 licenciati
2188 2827 2222 2850 et
2253 2821 2370 2861 magi-

1505 2871 1613 2900 strati
1648 2870 1753 2900 sicud
1785 2875 1968 2899 venerunt
2001 2870 2081 2899 sine
2116 2868 2329 2909 prejudicio

1754 2925 1874 2948 tamen
1904 2917 2078 2958 alicujus.

1506 2986 1580 3015 Item
1598 2986 1713 3024 incepit
1730 2985 1872 3015 dominus
1889 2985 2062 3014 Bertoldus·
2074 2985 2112 3014 de
2129 2984 2294 3014 Mulhfisen
2311 2984 2369 3014 sub
