2632 3464
296 421 333 448 93

299 496 527 538 Mincenbergh
556 500 614 528 sub
638 499 787 539 magistro
817 498 956 528 Johanne
984 499 1022 527 de
1052 497 1208 532 Wesalia,

300 555 434 585 quorum
453 549 549 578 bursa
562 548 668 578 nichil.

344 596 420 626 Item
442 597 586 627 dominus
608 596 784 636 Stephanus
804 596 843 624 de
865 595 959 626 Cleve
983 596 1040 625 sub
1060 596 1209 635 magistro

296 647 439 677 ,Iohanne
454 647 492 676 de
507 645 657 680 Wesalia,
675 644 762 684 cujus
777 645 872 674 bursa
886 645 992 674 nichil.

340 696 415 725 118111
450 695 593 724 dominus
625 694 725 734 Helgo
754 695 792 723 de
823 693 933 723 Suecia
967 695 1025 723 sub
1059 694 1209 733 magistro

299 745 473 785 Byrghert‚
490 743 577 783 cujus
591 745 686 773 bursa
701 743 806 772 nichil.

339 794 415 824 Item
433 793 576 823 domiuus
597 792 760 832 Reynerus
781 793 819 822 de
838 791 1041 822 Ghelria-sub
1059 793 1209 832 magistro

297 842 439 872 Johanne
453 842 491 871 de
508 841 678 880 Sat-burgo,
695 836 782 879 cujus
799 841 892 870 bursa
909 841 1014 870 nichil.

338 891 413 920 Item
432 890 576 920 dominus
595 889 743 919 Albertus
761 890 799 919 de
820 889 968 919 Bohemia
984 891 1041 919 sub
1059 890 1209 930 magistro

298 940 445 970 Cunrado
462 940 501 968 de
520 939 747 978 Meydeburgh,
764 938 851 978 cujus
867 939 962 968 bursa
977 939 1085 968 nichil.

339 988 414 1018 ltem
445 988 590 1017 dominus
626 987 813 1027 Egkhardus
845 989 882 1017 de
912 988 1121 1028 Louenborgh
1152 989 1209 1018 sub

297 1037 448 1077 magistro
474 1037 614 1066 Ι10113008
636 1037 674 1066 de
694 1036 844 1072 Wesalia‚
870 1036 958 1077 cujus
982 1038 1077 1067 bursa
1100 1037 1207 1067 nichil.

339 1086 414 1116 Item
432 1085 576 1115 dominus
591 1085 750 1115 Arnoldus
771 1086 808 1115 de
830 1085 1008 1115 Schalkwik
1032 1088 1089 1116 sub
1111 1086 1210 1126 magi-

297 1141 364 1165 stro
377 1135 518 1164 Gerardo
533 1135 571 1164 de
588 1135 710 1170 Prusia,
728 1134 815 1174 cujus
831 1136 925 1164 bursa
940 1135 1046 1164 nichil.

338 1184 413 1213 Item
431 1184 576 1213 dominus
596 1183 753 1213 Rohertus
772 1185 809 1213 de
827 1184 967 1224 Anstorp
984 1185 1041 1214 sub
1059 1185 1209 1225 magistro

297 1232 424 1262 Galtero
440 1233 479 1262 de
495 1233 581 1267 Don,
599 1231 687 1272 cujus
704 1233 799 1262 bursa
814 1233 921 1261 nichil.

338 1282 413 1311 Item
427 1282 571 1311 dominus
586 1281 744 1311 Johannes
763 1283 801 1311 de
816 1282 1014 1321 Kynnemunt
1035 1284 1093 1312 sub
1111 1283 1210 1323 magi-

296 1336 364 1360 stro
385 1331 511 1360 Galtero
533 1331 572 1360 de
592 1330 753 1365 Wardela‚
777 1330 865 1370 cujus
882 1332 977 1360 bursa
1004 1331 1089 1361 lllI⁰‘
1117 1332 1210 1361 solidi

295 1389 367 1409 cum
384 1379 524 1409 dimidio.

339 1429 414 1458 ltem
430 1428 573 1458 dominus
591 1428 779 1458 Wilhelmus
794 1429 832 1458 de
849 1429 979 1458 Brinuet
990 1431 1048 1459 sub
1061 1430 1209 1470 magistro

297 1476 424 1507 Galtero
439 1477 477 1506 de
492 1477 674 1516 Wardelay‚
690 1476 778 1516 cujus
795 1478 888 1506 bursa
904 1478 1010 1508 nichil.

338 1526 413 1556 Item
431 1526 575 1555 dominus
594 1526 742 1556 Hinricus
758 1528 796 1556 de
813 1526 967 1556 Smalham
984 1529 1041 1557 sub
1059 1528 1208 1568 magistro

296 1574 424 1605 Galtero
439 1575 478 1604 de
494 1575 654 1610 Wardela,
676 1574 763 1615 cujus
780 1576 875 1605 bursa
892 1576 999 1606 nichil.

337 1624 413 1654 ltem
428 1624 573 1654 dominus
589 1624 747 1654 Robertus
764 1626 803 1654 de
819 1625 968 1655 Kethenis
987 1627 1045 1655 sub
1060 1627 1208 1666 magistro

296 1672 423 1702 Galtero
448 1674 486 1702 de
511 1673 703 1709 Wurdehw,
725 1673 812 1714 cujus
839 1675 934 1704 bursa
953 1675 998 1704 lll
1023 1675 1116 1704 solidi
1140 1686 1208 1705 cum

294 1722 437 1753 dimidio.

338 1771 413 1801 ltem
422 1772 567 1802 dominus
582 1771 743 1802 Walter-us
754 1773 792 1801 de
807 1773 1027 1813 Stoltenbergh
1043 1775 1100 1803 suh
1115 1774 1208 1814 magi-

298 1826 366 1850 stro
382 1820 523 1850 Johanne
538 1821 575 1850 de
593 1820 744 1856 WesaHa,
762 1820 850 1861 cujus
865 1823 960 1851 bursa
972 1822 1079 1852 nichil.

337 1869 413 1899 Item
434 1869 578 1900 dominus
601 1870 757 1910 Nycolaus
781 1872 819 1900 de
845 1871 951 1900 Dalem
976 1873 1033 1902 sub
1058 1873 1208 1912 magistro

296 1919 406 1948 eodem
420 1919 572 1955 Johanne,
589 1919 676 1958 cujus
693 1919 787 1949 bursa
803 1920 908 1949 nichil.

337 1967 412 1997 Item
430 1968 574 1998 dominus
589 1968 723 1998 Jacobus
738 1969 776 1998 de
788 1969 1002 1999 Waterlandia
1016 1971 1073 2000 sub
1087 1971 1206 2006 eodem,

296 2015 386 2057 cujus
401 2018 496 2046 bursa
512 2017 619 2046 nichil.

707 2111 804 2141 1346

316 2181 473 2222 Tempus
509 2183 799 2222 procuracionis
834 2184 1006 2224 magistri
1044 2185 1187 2216 Galteri

667 2232 710 2261 de
743 2232 838 2262 Dun.

597 2291 610 2304 0
687 2292 700 2304 0
767 2292 780 2305 0

335 2310 428 2340 Αο110
445 2310 570 2341 Domini
586 2311 796 2348 MCCCXLV,
812 2313 861 2342 die
872 2312 956 2352 jovis
971 2314 1024 2353 qui
1040 2315 1095 2344 suit
1108 2326 1208 2346 nonus

295 2358 365 2390 dies
402 2359 523 2396 Martii,
561 2367 727 2391 convocata
760 2362 889 2391 nacione
926 2362 1098 2403 Anglicana
1127 2366 1209 2405 apud

298 2408 442 2439 Sanctum
458 2409 611 2439 Julianum
628 2420 794 2450 pauperem
813 2411 849 2440 ad
866 2411 1041 2452 eligendum
1059 2424 1210 2453 procura-

297 2463 408 2494 torem,
422 2458 503 2488 sicut
517 2459 613 2488 moris
629 2466 686 2494 est,
702 2459 818 2490 electus
832 2460 887 2490 fuit
902 2461 1050 2500 magister
1065 2462 1209 2494 Galterus

297 2507 336 2536 de
357 2507 427 2536 Dun
453 2507 491 2537 ad
514 2507 719 2547 pluralitatem
743 2519 851 2538 vocum
877 2510 1055 2550 regencium
1076 2512 1106 2542 in
1129 2513 1211 2543 dicta

297 2556 437 2591 nacione,
454 2557 614 2587 voluntate
631 2556 760 2597 alicujus
775 2568 837 2587 non
853 2559 1005 2590 obstante.

338 2604 373 2634 10
388 2604 475 2646 cujus
490 2606 714 2646 procuracione
728 2607 805 2636 saeta
823 2609 945 2638 suerunt
960 2619 1019 2649 que
1033 2611 1210 2651 subscripta

298 2659 382 2684 sunt.

338 2702 373 2732 In
403 2702 512 2742 primis
543 2705 759 2734 determinavit
788 2705 968 2736 Bernardus
993 2707 1144 2739 Johannis
1171 2710 1209 2740 de

298 2750 512 2788 Ham-demin,
541 2754 600 2783 sub
632 2754 781 2794 magistro
812 2755 952 2785 Arnaldo
983 2757 1021 2786 de
1049 2757 1189 2788 Gruthus
1199 2770 1206 2794 ;

295 2799 383 2830 dedit
398 2801 519 2831 nacioni
540 2802 550 2831 l
570 2801 718 2832 florenum
736 2813 794 2843 pro
809 2810 884 2834 toto.

339 2848 414 2879 Item
431 2851 649 2881 determinavit
665 2852 808 2882 dominus
827 2853 985 2884 «1011301185
1004 2856 1042 2885 de
1062 2856 1209 2887 Huesden

298 2898 357 2927 sub
388 2899 538 2940 magistro
570 2900 711 2931 Johanne
739 2901 778 2931 de
806 2901 960 2939 Wesalia‚
997 2903 1083 2945 cujus
1115 2907 1208 2936 bursa

300 2945 345 2976 111
364 2947 456 2978 solidi
474 2959 542 2979 cum
560 2949 699 2980 dimidio.

798 423 913 450 LIBER
941 421 1255 450 PROCURATORUM
1279 421 1460 447 NATIONIS
1480 421 1724 447 ANGLICANAE

1247 943 1281 969 10

1247 1188 1281 1216 15

1247 1436 1281 1462 20

1246 1681 1279 1708 25

1245 1927 1280 1954 30

1246 2173 1279 2200 35

1247 2419 1281 2446 40

1247 2665 1281 2691 45

1246 2911 1280 2937 50

2193 423 2228 448 94

1360 496 1434 526 Item
1457 497 1673 526 determinavit
1695 497 1839 526 dominus
1861 497 2020 527 Arnoldus
2045 498 2150 528 Uncus
2172 500 2228 528 sub

1320 546 1470 584 magistro
1490 545 1628 574 Johanne
1646 546 1685 574 de
1702 545 1856 581 VVesalia,
1877 546 1929 585 qui
1952 557 2009 586 pro
2030 549 2123 576 bursa
2146 548 2230 577 dedit

1317 595 1373 624 XX
1389 594 1524 629 solidos,
1548 595 1676 623 nacione
1694 601 1795 623 tamen
1815 595 1900 634 prius
1920 606 2014 634 super
2034 596 2092 624 hoe
2110 603 2227 626 vocata.

1360 644 1435 673 ltem
1457 643 1600 672 dominus
1628 643 1762 672 Thomas
1793 645 1830 672 de
1859 644 1989 673 Hartars
2015 645 2231 674 determinavit

1319 694 1377 722 sub
1410 693 1559 732 magistro
1591 692 1717 721 Galtero
1746 694 1784 722 de
1815 693 1981 728 ΧΥ3111130,
2015 693 2102 732 cujus
2137 695 2230 722 bursa

1319 742 1379 770 1111
1396 741 1500 771 solidi.

1360 791 1434 820 118111
1448 791 1591 820 dominus
1607 791 1764 820 Johannes
1780 792 1817 820 de
1833 791 1929 820 Dacia
1943 792 2158 821 determinavit
2173 793 2229 821 sub

1318 840 1468 879 magistro
1493 840 1643 869 Michaele
1663 841 1700 870 de
1723 840 1828 869 Monte
1851 840 2006 875 Calvario,
2031 839 2118 880 cujus
2136 842 2230 870 bursa

1319 888 1379 918 llll
1399 889 1503 918 solidi.

1359 937 1432 978 (Fol.
1452 938 1525 978 54¹¹)
1541 939 1615 967 Item
1634 939 1683 967 die
1695 938 1798 967 Martii
1811 938 1937 974 XX1X=³‚
1950 939 2098 978 magister
2108 939 2230 968 Willel-

1319 978 1442 1017 mus—de
1464 987 1599 1016 Grenlau
1616 994 1760 1027 receptor
1777 988 1917 1017 nacionis
1935 989 1973 1017 ad
1992 990 2230 1027 computandum

1319 1043 1447 1067 vocatus
1462 1047 1565 1066 coram
1581 1037 1710 1066 nacione
1728 1037 1931 1076 computavit,
1946 1037 1987 1066 ita
2002 1039 2084 1076 quod
2102 1048 2231 1077 compu-

1318 1087 1390 1116 tatis
1413 1086 1556 1115 omnibus
1581 1086 1796 1125 computandis
1814 1093 1844 1116 et
1865 1086 2023 1116 defalcatis
2042 1087 2230 1116 desalcandis

1319 1142 1349 1165 et
1380 1135 1490 1165 solutis
1521 1135 1652 1165 bedellis
1684 1142 1714 1164 et
1744 1135 1947 1165 luminaribus
1982 1136 2050 1175 ipse
2083 1137 2232 1165 remansit

1319 1185 1437 1214 debens
1457 1184 1578 1213 nacioni
1605 1184 1648 1213 lll
1671 1184 1768 1213 libras
1789 1191 1818 1213 et
1841 1184 1883 1213 lll
1905 1184 2036 1220 solidos,
2058 1195 2119 1214 uno
2143 1192 2230 1214 scuto

1319 1234 1432 1269 minus,
1462 1244 1524 1262 non
1551 1233 1737 1273 computatis
1763 1234 1869 1263 bursis
1893 1244 1993 1273 neque
2018 1234 2114 1263 scolis
2137 1235 2229 1263 trium

1318 1283 1608 1318 determinancium,
1642 1282 1761 1312 scilicet
1788 1282 1904 1312 domini
1934 1283 2051 1312 Thome
2078 1283 2227 1319 Arthars,

1318 1332 1435 1362 domini
1448 1331 1598 1362 ‚Iohannis
1616 1332 1654 1361 de
1673 1331 1919 1371 Kyunynmond‚
1936 1339 1966 1361 et
1980 1332 2096 1361 domini
2112 1333 2230 1361 ,101130-

1318 1382 1368 1411 nis
1383 1382 1420 1410 de
1437 1382 1542 1416 Dacia,
1557 1391 1615 1420 pro
1629 1391 1759 1420 quorum
1773 1381 1878 1410 bursis
1892 1387 1922 1410 et
1935 1382 2029 1410 scolis
2042 1382 2142 1411 dictus
2158 1392 2229 1421 pro-

1319 1437 1444 1460 curator
1462 1441 1521 1460 una
1539 1441 1607 1459 cum
1628 1430 1671 1460 111
1693 1430 1782 1460 libris
1800 1430 1985 1470 prescriptis
2005 1437 2035 1460 et
2055 1431 2098 1460 111
2119 1431 2228 1460 solidis

1318 1481 1481 1509 tenebatur
1503 1480 1634 1509 reddere
1652 1480 1742 1509 vadia
1757 1479 1960 1514 sufficiencia,
1985 1486 2018 1508 ut
2039 1487 2230 1518 ponerentur

1319 1530 1356 1558 ad
1372 1529 1479 1558 cistam
1498 1529 1648 1558 nacionis.

1359 1578 1435 1607 Item
1463 1578 1623 1607 sciendum
1650 1579 1734 1617 quod
1761 1578 1792 1606 in
1817 1579 2022 1617 computando
2046 1577 2097 1607 illa
2120 1578 2168 1607 die
2192 1580 2228 1607 de

1317 1627 1344 1657 X
1366 1627 1476 1656 solidis
1499 1637 1578 1666 quos
1603 1627 1709 1656 habuit
1733 1627 1821 1656 nacio
1847 1637 1863 1656 a
1881 1627 2042 1656 Bernardo
2065 1627 2227 1663 Johannis,

1317 1682 1524 1716 computatum
1552 1677 1606 1705 fuit
1631 1687 1689 1715 pro
1709 1676 1841 1705 bedellis
1867 1683 1897 1705 et
1921 1676 2124 1705 luminaribus
2147 1678 2229 1715 quod

1317 1725 1466 1755 haberent
1485 1726 1566 1754 inter
1582 1735 1615 1755 se
1632 1726 1672 1754 Vl
1689 1727 1727 1754 de
1745 1725 1808 1754 illis
1823 1726 1864 1761 X;
1883 1725 1974 1754 etiam
1992 1727 2030 1754 de
2047 1726 2101 1754 XX
2121 1725 2230 1755 solidis

1317 1775 1461 1809 alterius,
1488 1774 1607 1804 scilicet
1633 1774 1764 1804 Arnoldi
1793 1774 1915 1809 Uncus,
1942 1781 2148 1813 computatum
2175 1775 2230 1804 suit

1318 1825 1400 1864 quod
1424 1823 1537 1852 bedelli
1556 1830 1586 1852 et
1608 1823 1770 1852 luminaria
1791 1823 1941 1852 haberent
1957 1823 2041 1853 VIll.
2066 1823 2130 1853 Hec
2154 1825 2230 1853 facta

1317 1874 1440 1903 suerunt
1457 1873 1586 1902 nacione
1606 1879 1712 1902 vocata
1735 1873 1924 1902 sufficienter
1950 1873 2088 1912 predicta
2108 1874 2157 1902 die
2174 1884 2230 1913 per

1318 1933 1412 1952 unum
1428 1922 1581 1952 bedellum
1598 1932 1701 1951 coram
1718 1929 1931 1962 procuratore.

1359 1972 1534 2001 Notandum
1554 1972 1638 2011 quod
1655 1971 1686 2000 in
1706 1972 1930 2011 procuracione
1951 1971 2096 2011 superius
2115 1972 2231 2011 scripta

1320 2020 1517 2050 Universitas
1549 2020 1645 2050 adivit
1680 2030 1785 2060 regem
1821 2026 1951 2060 propter
1981 2020 2229 2050 vulneracionem

1317 2069 1458 2110 magistri
1475 2069 1604 2098 Roberti
1620 2069 1806 2104 Normanni,
1828 2079 1843 2098 a
1865 2079 1926 2108 quo
1944 2068 2139 2098 Universitas
2158 2079 2230 2109 gra-

1317 2125 1380 2148 tum
1406 2128 1592 2158 responsum
1617 2118 1766 2154 obtinuit,
1795 2118 1914 2148 scilicet
1940 2119 2023 2157 quod
2047 2119 2134 2148 daret
2158 2120 2230 2147 bra-

1317 2168 1418 2198 chium
1447 2178 1504 2207 pro
1534 2167 1672 2203 brachio,
1700 2178 1821 2197 manum
1846 2178 1903 2207 pro
1929 2178 2031 2202 manu,
2055 2168 2148 2197 vitam
2173 2178 2229 2207 pro

1316 2217 1389 2252 vita,
1409 2223 1439 2246 et
1457 2217 1652 2246 Universitas
1673 2223 1843 2256 protestata
1860 2217 1917 2246 suit
1937 2218 1974 2246 de
1997 2227 2058 2246 non
2078 2217 2229 2256 capiendo

1318 2267 1485 2296 vindictam
1502 2266 1675 2306 sanguinis,
1695 2272 1753 2296 etc.

1726 2374 1744 2402 1
1749 2373 1823 2403 346

1346 2459 1503 2499 Tempus
1532 2459 1823 2499 procuracionis
1855 2459 2027 2499 magistri
2059 2459 2203 2488 Galteri

1687 2509 1729 2538 de
1764 2509 1859 2538 Dun.

1359 2610 1452 2641 Anno
1465 2611 1590 2641 Domini
1603 2611 1766 2640 millesimo
1779 2611 1996 2645 CCC⁰XLVI⁰‚
2015 2610 2057 2650 vj⁰
2070 2611 2119 2640 die
2138 2611 2229 2650 Apri-

1318 2661 1372 2696 lis,
1403 2666 1571 2690 convocata
1601 2661 1729 2690 nacione
1766 2660 1937 2699 Anglicana
1973 2661 2054 2699 apud
2084 2660 2228 2690 Sanctum

1317 2710 1471 2740 lulianum
1496 2711 1534 2739 ad
1561 2709 1737 2749 eligendum
1762 2715 2010 2749 procuratorem,
2034 2710 2229 2739 continuatus

1319 2760 1374 2789 suit
1389 2765 1419 2789 et
1436 2760 1552 2789 electus
1570 2759 1601 2788 in
1617 2765 1848 2799 procuratorem
1868 2758 2016 2798 magister
2034 2758 2178 2788 Galterus
2191 2759 2229 2788 de

1321 2809 1408 2844 Dun‚
1426 2809 1511 2838 nullo
1530 2809 1724 2838 reclamante.

1359 2857 1393 2887 In
1414 2856 1500 2897 cujus
1525 2856 1759 2896 procuracionis
1781 2863 1919 2896 tempore
1944 2862 2008 2885 acta
2032 2857 2154 2885 suerunt
2174 2855 2229 2885 1188

1319 2917 1379 2946 que
1395 2913 1578 2946 sequuntur.

1359 2956 1464 2985 Primo
1487 2955 1542 2985 fuit
1564 2955 1743 2984 licenciatus
1768 2955 1848 2994 apud
1875 2955 2016 2984 Sanctam
2041 2954 2230 2984 Genovesam
