2632 3464
289 438 342 465 409

289 525 395 544 eorum
417 515 543 545 haberet
563 516 744 545 dilacionem
765 515 894 556 pecunie
909 515 1056 545 solvende
1077 516 1139 545 nisi
1155 517 1194 545 ad

290 570 353 593 tres
369 574 503 598 menses,
516 564 561 594 sic
573 571 672 594 tamen
689 565 771 604 quod
786 571 938 604 ponerent
949 565 1079 604 pignora
1091 564 1194 594 valen·

289 613 336 642 cia
347 613 428 642 illam
441 623 588 642 summam
602 613 742 653 pecunie,
751 623 810 653 pro
823 623 883 653 qua
896 613 1078 643 dilacionem
1089 613 1194 653 pecie-

288 668 372 697 runt,
388 668 418 692 et
432 672 500 691 cum
515 662 573 691 hoc
586 662 785 702 subduplum.
801 662 867 699 Que
885 661 912 691 si
928 672 991 691 non
1006 662 1195 692 redimerent

289 711 367 740 infra
381 717 445 740 tres
460 721 582 740 menses
596 710 765 750 predictos,
782 717 926 750 receptor
939 710 1020 740 illam
1032 710 1192 750 pecuniam

288 766 442 799 receptam
462 766 493 789 et
513 759 643 789 solutam
664 765 866 799 computaret,
892 765 922 790 et
947 760 985 789 de
1006 759 1192 800 pignoribus

287 815 387 839 autem
403 818 439 838 ex
454 814 526 838 tunc
543 807 724 848 disponeret
741 808 821 838 sicut
833 808 935 838 vellet.

329 857 403 887 item
425 857 457 886 in
476 857 581 887 eadem
600 857 847 897 congregacione
861 857 1055 897 propositum
1073 864 1139 887 erat
1155 859 1194 888 de

287 906 401 936 debitis
419 905 570 936 nacionis.
595 905 697 945 Super
719 916 779 945 que
801 906 1001 936 deliberatum
1022 913 1087 936 erat
1110 907 1193 946 quod

287 956 434 985 darentur
450 955 586 994 deputati
603 955 642 984 ad
660 954 846 984 visitandum
866 955 972 985 literas
991 955 1193 996 obligatorias

287 1005 319 1034 in
343 1003 435 1034 archa
451 1003 605 1044 repositas
625 1013 720 1043 super
742 1004 846 1034 debito
868 1003 1008 1044 magistri
1033 1004 1192 1034 Adalberti

286 1054 325 1083 de
338 1052 479 1088 Boemia;
499 1052 526 1082 si
545 1062 622 1092 quas
637 1052 823 1088 invenirent,
843 1053 986 1083 tollerent
1000 1054 1038 1083 de
1053 1053 1144 1083 archa
1163 1060 1194 1084 et

287 1112 355 1132 cum
376 1101 422 1131 eis
444 1101 665 1141 procederetur
683 1108 791 1131 contra
805 1102 976 1142 predictum
998 1102 1190 1142 magistrum,

286 1151 313 1180 si
333 1150 454 1180 solvere
479 1157 647 1180 recusaret.
672 1150 816 1190 Deputati
839 1157 926 1181 erant
943 1151 1090 1192 magister
1105 1151 1192 1181 Hen-

286 1200 370 1229 ricus
402 1198 564 1234 hanchals,
594 1198 742 1239 magister
763 1199 922 1230 Mercilius
945 1201 982 1230 de
1012 1200 1144 1240 lnghen,
1162 1206 1193 1230 et

286 1254 469 1289 procurator
483 1254 514 1278 et
527 1254 670 1288 receptor
684 1258 722 1278 ex
739 1247 849 1280 officio.

326 1298 400 1327 ltem
434 1298 512 1326 sacta
551 1297 797 1337 congregacione
839 1298 979 1328 nacionis
1020 1298 1191 1339 Anglicane

285 1347 366 1387 apud
391 1346 535 1376 Sanctum
559 1345 712 1375 sulianum
737 1347 775 1375 ad
801 1346 1037 1386 supplicandum
1057 1354 1087 1377 et
1104 1347 1192 1376 ordi-

286 1396 419 1425 nandum
429 1396 468 1424 de
481 1394 611 1434 pecunia
626 1395 777 1430 nacionis,
789 1395 908 1425 decima
920 1402 1007 1426 sexta
1014 1397 1064 1426 die
1075 1396 1191 1426 mensis

287 1443 460 1478 Februarii,
476 1443 729 1483 supplicaverunt
745 1444 806 1473 duo
821 1445 1076 1480 determinantes,
1097 1446 1191 1475 credo

286 1492 470 1532 Rodulpbus
489 1493 527 1522 de
543 1492 629 1522 Born
645 1499 676 1522 et
688 1492 822 1522 Jacobus
838 1492 971 1533 Craync,
990 1504 1047 1534 pro
1066 1494 1190 1524 dilacio-

286 1552 324 1572 ne
338 1541 467 1582 parciali
483 1541 613 1581 pecunie
634 1551 739 1571 eorum
761 1542 1013 1578 determinancie,
1033 1553 1101 1573 cum
1117 1553 1191 1583 par-

285 1597 345 1621 tem
373 1590 503 1630 pecunie
535 1590 568 1619 in
598 1596 743 1630 prompto
775 1601 809 1620 se
842 1591 963 1621 solvere
1001 1592 1189 1627 obtulerunt,

285 1639 398 1680 quibus
419 1649 600 1669 concessum
621 1645 687 1669 erat
713 1640 796 1679 quod
819 1650 876 1679 pro
896 1647 995 1680 parte,
1016 1651 1107 1680 quam
1128 1651 1190 1671 non

284 1688 452 1722 solverant,
472 1694 623 1727 ponerent
645 1688 776 1728 pignora
799 1689 925 1728 duplum
950 1689 1089 1719 valencia
1113 1691 1190 1719 fina-

284 1737 355 1767 liter
374 1737 554 1766 redimenda
575 1737 655 1766 infra
673 1737 717 1767 lll
733 1747 865 1767 menses.
882 1738 972 1776 Quod
986 1739 1013 1768 si
1031 1749 1092 1768 non
1108 1739 1190 1769 fece-

284 1786 357 1821 rint,
381 1785 470 1815 nacio
496 1786 534 1815 de
564 1786 750 1826 pignoribus
778 1786 946 1826 disponere
977 1794 1085 1827 posset
1109 1788 1190 1818 sicut

283 1834 386 1865 vellet.

325 1883 399 1913 ltem
426 1883 642 1913 determinavit
666 1884 821 1924 Egbertus
857 1885 895 1915 de
923 1885 1075 1922 Sciedam,
1107 1886 1189 1916 filius

285 1932 424 1967 Henrici,
443 1933 502 1962 sub
517 1933 666 1972 magistro
683 1932 824 1963 Waltero
839 1934 876 1963 de
893 1934 974 1970 Deis,
992 1934 1079 1975 cujus
1095 1936 1189 1965 bursa

287 1981 328 2012 lx
342 1981 447 2012 solidi.

325 2029 400 2060 Item
421 2030 636 2060 determinavit
656 2029 844 2071 Wigandus‚
867 2032 948 2062 filius
975 2032 1126 2073 Wigandi
1151 2033 1189 2063 de

286 2078 385 2120 Erpil,
402 2079 460 2108 sub
478 2079 627 2119 magistro
646 2078 781 2110 Henrico
798 2081 836 2110 de
852 2081 975 2117 Hassia,
990 2081 1077 2122 cujus
1096 2082 1188 2112 bursa

284 2127 340 2158 Vll
359 2127 462 2157 solidi.

325 2176 399 2207 ltem
425 2177 639 2207 determinavit
661 2178 804 2208 dominus
826 2178 993 2209 Nicholaus
1012 2179 1114 2209 Zuker
1132 2180 1189 2209 sub

284 2225 433 2266 magistro
447 2225 564 2255 Thoma
581 2227 619 2255 de
644 2226 800 2263 Haerlem,
821 2226 909 2268 cujus
927 2229 1020 2258 bursa
1037 2228 1063 2257 V
1085 2228 1188 2259 solidi.

324 2275 446 2314 (701.30
459 2274 483 2314 b)
510 2274 584 2304 item
603 2275 820 2306 determinavit
843 2277 986 2306 dominus
1007 2277 1190 2318 Rodulphus

284 2323 322 2353 de
345 2322 430 2353 Born
456 2324 514 2352 sub
543 2323 692 2363 magistro
718 2325 852 2354 Henrico
885 2326 923 2355 de
950 2325 1077 2362 Hassia,
1103 2325 1190 2367 cujus

284 2372 378 2402 bursa
393 2371 433 2401 lx
447 2371 550 2401 solidi.

325 2420 399 2450 ltem
418 2421 633 2451 determinavit
647 2421 782 2451 Jacobus
797 2422 940 2463 Craync'
965 2424 1023 2453 sub
1043 2425 1190 2464 magistro

283 2468 452 2499 wilhelmo
469 2470 507 2499 de
521 2469 696 2510 Wadenoy,
713 2470 800 2510 cujus
816 2472 910 2502 bursa
927 2472 967 2502 lx
985 2473 1088 2503 solidi.

326 2517 399 2548 item
415 2518 629 2549 determinavit
643 2519 787 2550 dominus
803 2520 894 2560 Hugo
911 2521 949 2551 de
968 2521 1121 2552 Hervorst
1133 2523 1190 2552 sub

285 2567 433 2606 magistro
452 2566 614 2597 Gherardo
631 2568 669 2598 de
685 2568 810 2605 Calker,
823 2569 910 2610 cujus
925 2570 1019 2600 bursa
1030 2570 1073 2600 lll
1085 2571 1186 2601 solidi.

326 2615 399 2645 ltem
413 2616 629 2646 determinavit
641 2617 784 2648 dominus
794 2618 951 2648 Johannes
964 2620 1002 2649 de
1018 2619 1190 2650 Priswalch

285 2664 343 2693 sub
362 2664 510 2705 magistro
524 2664 694 2695 Wilhelmo
716 2666 754 2696 de
776 2666 974 2703 Duusborch,
993 2667 1080 2708 cujus
1098 2669 1191 2699 bursa

287 2711 329 2742 lll
346 2712 450 2743 solidi.

327 2760 400 2791 ltem
415 2762 629 2793 determinavit
645 2764 788 2794 dominus
808 2764 975 2796 Nicholaua
992 2767 1030 2796 de
1046 2765 1191 2796 Radoncs

287 2810 345 2840 sub
359 2810 508 2850 magistro
528 2811 690 2842 Gberardo
709 2813 838 2849 Calker,
858 2813 945 2854 cujus
963 2815 1057 2845 bursa
1071 2814 1113 2845 lll
1130 2814 1188 2845 sol.

318 2919 339 2943 1.
372 2920 400 2943 Ιιι
413 2922 471 2943 ηιιθ·
482 2919 552 2944 elan
565 2924 664 2953 traync.

317 2955 340 2978 2.
374 2955 420 2979 uu.
435 2950 539 2980 Zi‘wlen.

795 439 909 466 LIBER
929 439 1238 467 PROCURATORUM
1256 440 1436 468 NATIONlS
1453 443 1699 469 ANGLICANAE

1247 715 1264 742 5

1230 961 1264 987 10

1228 1204 1262 1231 15

1228 1450 1262 1476 20

1227 1693 1260 1720 25

1227 2429 1262 2456 ⁴0

1228 2673 1262 2700 45

2155 448 2208 475 410

1343 517 1417 546 Item
1442 519 1658 548 determinavit
1676 520 1819 550 dominus
1843 521 2000 551 Johannes
2020 523 2133 552 Mathie
2150 525 2207 553 sub

1301 566 1450 606 magistro
1465 567 1634 597 Wilhelmo
1658 569 1695 597 de
1719 568 1895 608 Wadenoy,
1912 569 1998 610 cujus
2019 572 2114 601 bursa
2135 572 2206 602 Vlll

1301 614 1393 644 solidi
1408 621 1438 644 et
1455 615 1525 645 V111
1540 616 1670 646 denarii.

1342 664 1418 693 Item
1444 665 1661 694 determinavit
1686 666 1829 696 dominus
1855 666 2011 697 Johannes
2037 668 2208 708 Scriptoris

1301 713 1359 742 sub
1377 713 1525 753 magistro
1541 713 1711 744 Wilhelmo
1733 715 1772 744 de
1793 715 1995 751 Duusborch,
2009 716 2097 756 cujus
2114 718 2208 748 bursa

1301 761 1345 791 111
1359 761 1462 791 solidi.

1341 811 1416 840 Item
1443 811 1658 842 determinavit
1688 813 1830 843 dominus
1860 813 2018 843 Hubertus
2042 815 2129 844 Wild
2150 817 2207 845 sub

1301 859 1449 900 magistro
1465 860 1634 890 Wilhelmo
1649 862 1687 890 de
1704 861 1881 902 Wadenoy,
1902 862 1989 902 cujus
2003 865 2097 894 bursa
2112 865 2207 894 nichil

1301 908 1374 948 quia
1378 907 1495 948 juravit
1509 915 1654 940 statutum
1673 911 1899 950 [paupertatis].

1342 957 1416 987 ltem
1434 958 1648 988 determinavit
1669 959 1813 989 dominus
1833 959 1992 990 Walterus
2013 962 2051 991 de
2071 962 2208 992 Ziielen²

1301 1007 1358 1035 sub
1381 1007 1529 1047 magistro
1551 1007 1720 1038 Wilhelmo
1744 1009 1782 1038 de
1805 1008 1981 1049 Wadenoy,
2005 1010 2092 1050 cujus
2114 1012 2209 1041 bursa

1299 1054 1372 1085 Vlll
1389 1056 1492 1085 solidi.

1341 1105 1415 1134 ltem
1437 1105 1652 1134 determinavit
1675 1106 1818 1136 dominus
1836 1106 2024 1137 Wilhelmus
2046 1108 2130 1138 Narn
2150 1110 2207 1138 sub

1300 1154 1449 1193 magistro
1464 1154 1633 1184 Wilhelmo
1649 1155 1686 1184 de
1702 1155 1854 1190 Trebron,
1883 1155 1970 1195 cujus
1988 1157 2082 1186 bursa
2104 1157 2159 1187 Vll
2179 1168 2205 1187 s.

1340 1202 1415 1232 Item
1432 1203 1647 1233 determinavit
1665 1203 1808 1234 dominus
1826 1204 2015 1244 Meynardus
2033 1206 2071 1235 de
2090 1206 2184 1245 Tyela
2195 1206 2207 1224 ³

1299 1252 1357 1281 sub
1380 1252 1530 1292 magistro
1555 1252 1725 1282 Wilhelmo
1749 1254 1788 1282 de
1810 1253 1984 1293 Wadenoy,
2002 1253 2089 1294 cujus
2113 1255 2207 1284 bursa

1300 1300 1371 1330 Vlll
1387 1301 1479 1330 solidi
1492 1307 1522 1330 et
1535 1301 1608 1331 Vlll
1624 1302 1754 1331 denarii.

1341 1350 1415 1379 ltem
1443 1350 1718 1380 subdeterminavit
1742 1350 1896 1380 Henricus
1924 1351 1962 1380 de
1991 1351 2121 1382 Colonia
2148 1354 2206 1382 sub

1299 1397 1424 1428 domino
1439 1398 1577 1428 Johanne
1590 1399 1628 1428 de
1640 1399 1824 1434 Priswalch,
1837 1398 1924 1439 cujus
1935 1401 2030 1430 bursa
2044 1400 2086 1430 Ill
2102 1401 2204 1430 solidi.

1340 1447 1414 1476 ltem
1433 1448 1509 1476 sacta
1524 1447 1772 1487 congregacione
1788 1448 1926 1478 nacionis
1944 1449 2114 1489 Anglicane
2125 1450 2206 1488 apud

1299 1496 1444 1526 Sanctum
1465 1496 1618 1526 sulianum
1634 1495 1687 1526 Vl·
1705 1497 1754 1526 die
1773 1497 1887 1526 mensis
1905 1497 2013 1527 Marcii
2031 1498 2069 1527 ad
2085 1498 2207 1538 suppli·-

1298 1545 1427 1574 candum
1445 1551 1475 1574 et
1497 1545 1701 1574 ordinandum
1717 1545 1755 1575 de
1777 1539 1890 1575 de‘bitis
1911 1546 2062 1581 nacionis,
2084 1547 2207 1586 suppli-

1298 1593 1377 1623 cavit
1391 1594 1539 1633 magister
1554 1593 1706 1623 Edmarus
1723 1595 1761 1623 de
1777 1593 1951 1633 Gripwald‚
1965 1601 1998 1624 ut
2012 1595 2100 1624 nacio
2114 1595 2207 1625 vellet

1298 1642 1358 1671 sibi
1374 1641 1511 1682 sigillare
1521 1652 1611 1672 unam
1623 1642 1740 1672 literam
1755 1643 2002 1678 testimonialem,
2017 1644 2101 1683 quod
2116 1653 2205 1683 repu-

1298 1697 1398 1720 tarent
1413 1691 1514 1730 ipsum
1537 1691 1632 1720 fuisse
1651 1701 1756 1721 verum
1781 1692 1953 1721 studentem
1978 1698 2115 1731 tempore
2134 1703 2205 1722 con-

1297 1739 1447 1769 clusionis
1467 1739 1561 1770 rotuli
1586 1740 1673 1769 missi
1697 1741 1727 1769 in
1755 1741 1916 1770 creacione
1940 1751 2019 1780 pape
2046 1740 2203 1781 Gregorii.

1298 1787 1356 1818 Cui
1372 1788 1460 1817 nacio
1478 1787 1603 1827 (attento
1618 1788 1702 1828 quod
1715 1788 1771 1818 fuit
1788 1795 1876 1818 antea
1894 1789 2022 1818 studens
2039 1789 2205 1819 continuus

1297 1847 1354 1877 per
1372 1837 1476 1877 plures
1494 1847 1602 1872 annOS,
1622 1844 1652 1867 et
1671 1838 1753 1877 quod
1769 1838 1824 1867 suit
1840 1838 1870 1867 in
1889 1838 1995 1868 ultimo
2008 1838 2109 1868 rotulo
2126 1849 2205 1878 pape

1297 1885 1431 1922 Urbani3
1453 1886 1548 1915 eciam
1562 1891 1675 1915 attenta
1688 1895 1799 1926 magna
1811 1886 1961 1916 distancia
1976 1886 2047 1921 loci,
2062 1888 2100 1916 ad
2114 1897 2204 1927 quem

1297 1945 1330 1965 se
1344 1934 1500 1964 transtulit
1509 1945 1567 1974 pro
1579 1935 1764 1965 necessariis
1771 1934 1933 1971 habendis,
1946 1936 2059 1975 quibus
2071 1937 2205 1966 studium

1298 1983 1438 2014 Parisius
1453 1983 1631 2013 intendebat
1651 1984 1842 2019 continuare,
1861 1991 1894 2014 ut
1914 1985 2058 2020 asseruit,
2076 1991 2105 2014 et
2122 1986 2205 2024 quod

1297 2039 1435 2072 tempore
1464 2033 1608 2062 absencie
1629 2043 1683 2062 sue
1705 2043 1829 2073 semper
1852 2033 2038 2063 intencionis
2064 2044 2119 2063 sue
2141 2040 2206 2063 erat

1298 2081 1457 2121 quocicius
1473 2087 1594 2121 poterat
1609 2082 1723 2117 redire,
1744 2088 1774 2111 et
1792 2082 1870 2111 infra
1891 2092 2001 2111 annum
2022 2083 2125 2117 rediit,
2146 2093 2205 2122 que

1298 2130 1399 2160 omnia
1414 2130 1544 2170 prestito
1562 2140 1619 2160 suo
1632 2129 1807 2170 juramento
1832 2131 2033 2166 confirmavit,
2051 2138 2081 2161 et
2099 2132 2205 2171 requi-

1298 2179 1376 2209 situs
1401 2179 1550 2219 quociens
1574 2179 1692 2209 tociens
1715 2180 1910 2209 confirmaret
1942 2192 1948 2209 ι
1978 2190 2073 2219 super
2093 2181 2205 2219 quibus

1298 2229 1440 2268 inspecto
1465 2234 1494 2258 et
1516 2234 1632 2258 attento
1654 2228 1820 2268 privilegio
1845 2228 2064 2258 Universitatis
2090 2229 2203 2263 Paris..

1299 2278 1382 2317 quod
1397 2277 1577 2306 itinerantes
1594 2283 1625 2306 et
1642 2287 1675 2306 se
1691 2277 1893 2317 disponentes
1909 2278 1946 2306 ad
1963 2278 2095 2307 studium
2118 2278 2206 2307 Pari-

1299 2326 1394 2355 siens.
1421 2332 1451 2355 et
1476 2333 1639 2365 presentes
1663 2326 1814 2365 equaliter
1837 2327 2015 2366 gaudebunt
2032 2326 2206 2366 privilegiis

1299 2374 1530 2410 Universitatis,
1554 2375 1625 2414 etc.)
1648 2375 1803 2405 concessit
1826 2381 1855 2404 et
1879 2375 2021 2405 admissit
2047 2375 2205 2415 supplica-

1299 2423 1417 2453 cionem
1434 2434 1530 2454 suam.

1340 2472 1414 2502 ltem
1430 2482 1525 2512 super
1534 2472 1733 2502 ordinacione
1748 2472 1843 2502 debiti
1860 2473 2010 2506 nacionis,
2023 2473 2207 2502 deliberavit

1299 2522 1381 2561 quod
1392 2521 1550 2551 debitores
1565 2528 1763 2551 monerentur
1778 2528 1808 2551 et
1824 2522 2002 2551 citarentur.
2022 2521 2094 2550 ltein
2111 2531 2206 2561 super

1299 2570 1531 2610 supplicacione
1543 2570 1681 2610 magistri
1694 2570 1818 2599 Edmari
1835 2570 1991 2609 deputavit
2010 2570 2096 2599 nacio
2112 2570 2205 2609 magi-

1299 2626 1396 2649 strum
1406 2619 1590 2654 Mercilium,
1603 2619 1782 2659 magistrum
1796 2619 1965 2648 Gerardum
1977 2619 2014 2647 de
2030 2618 2204 2658 lloynghcn

1298 2675 1329 2698 et
1340 2675 1572 2709 procuratorem
1591 2674 1621 2698 et
1638 2674 1841 2708 receptorem,
1861 2667 1913 2707 qui
1931 2667 2125 2707 corrigerent
2140 2667 2204 2696 iite-

1299 2727 1362 2746 ram
1382 2715 1448 2757 ejus
1468 2726 1526 2757 pro
1545 2717 1661 2746 honore
1679 2717 1830 2751 nacionis,
1854 2722 1886 2746 ut
1906 2716 2014 2745 melius
2036 2716 2205 2755 potuerint.

1299 2772 1460 2806 antequam
1479 2765 1679 2806 sigillaretur.

1330 2926 1352 2950 3.
1386 2927 1433 2950 Μ’.
1446 2925 1515 2957 tycia
1520 2943 1525 2949 .

1798 0 1804 7 ·
1859 0 1893 9 ’Ὗ
1915 0 2149 22 χ’·’,ψ-εξιῑτξψ--Ψ-
2167 0 2182 19 ,ἡ
2196 0 2354 26 ’ψῃι-Ἇιυημ
