2632 3464
404 414 455 439 603
945 410 1168 436 AUCTARIUM
1189 409 1449 437 CHARTULARII
1469 410 1643 437 UNIVERS.
1665 411 1782 438 PARIS.
2270 414 2323 440 604

404 490 531 529 quadam
565 488 755 528 cappellania
788 487 990 517 Universitati
1024 486 1212 525 pertinente,
1246 495 1305 525 que

404 538 591 578 permutacio
611 547 759 566 concessa
779 537 833 566 fuit
852 537 1019 565 secundum
1039 545 1153 564 morem
1169 534 1306 569 solitum,

403 587 566 616 dummodo
598 593 775 625 permutans
808 591 837 614 et
858 585 908 614 ille
940 585 988 614 cui
1020 590 1248 623 permutaretur
1277 583 1307 612 in

404 636 612 665 Universitate
627 641 851 674 comparerent,
873 640 901 662 et
917 633 965 663 cui
983 639 1208 672 permutaretur
1225 638 1309 661 esset

404 685 604 714 Universitati
624 683 756 723 juratus.
781 683 1006 713 Nichilominus
1031 681 1174 711 dominus
1205 687 1308 710 rector

403 740 534 773 protunc
553 733 657 762 literas
670 732 910 772 permutacionis
922 731 1069 771 sigillavit
1079 741 1191 770 magno
1203 730 1308 770 sigillo

405 782 622 812 Universitatis
639 788 668 811 et
679 783 831 820 quoddam
846 781 1080 810 instrumentum
1093 790 1188 819 super
1201 780 1308 808 eodem

404 833 585 865 confectum,
604 841 664 860 non
682 832 823 859 obstante
839 831 919 869 quod
942 836 1046 859 rector
1065 829 1121 858 fuit
1138 828 1308 868 requisitus

404 890 461 919 per
482 887 712 919 procuratorem
733 880 812 908 dicte
834 878 984 913 nacionis,
1009 879 1092 918 quod
1114 878 1183 907 illas
1201 877 1308 906 literas

405 940 466 958 non
485 929 634 969 sigillaret
648 929 708 957 nisi
723 929 811 968 prius
825 928 856 956 in
873 928 1081 957 Universitate
1097 927 1174 956 lecte
1190 932 1307 961 essent,

405 984 434 1007 et
449 978 624 1017 specialiter
644 988 705 1006 non
723 977 874 1017 sigillaret
892 977 1140 1011 instrumentum,
1159 987 1226 1005 cum
1247 975 1308 1004 ibi-

405 1028 472 1056 dem
486 1027 699 1056 nominabatur
709 1027 785 1056 alter
797 1036 955 1065 paparum,
968 1033 1041 1065 puta
1052 1026 1196 1055 Clemens
1210 1024 1308 1060 VII¹¹⁸,

405 1076 430 1105 si
449 1077 509 1105 dici
527 1077 635 1105 debeat
653 1075 828 1105 Clemens'.
846 1075 1055 1104 Deliberatum
1072 1081 1171 1104 autem
1187 1074 1242 1103 suit
1254 1084 1309 1113 per

404 1131 467 1154 tres
477 1126 643 1159 facultateS,
656 1126 737 1164 quod
749 1125 779 1153 in
790 1125 902 1154 talibus
913 1124 1197 1164 permutacionibus
1209 1123 1308 1152 solum

404 1174 615 1213 sigillarentur
626 1174 724 1209 litere,
737 1180 767 1203 et
778 1184 839 1203 non
851 1173 1064 1207 instrumenta,
1077 1183 1188 1212 magno
1201 1172 1304 1212 sigillo

404 1223 633 1258 Universitatis,
643 1223 673 1252 in
684 1223 797 1262 quibus
813 1223 890 1252 alter
900 1222 912 1240 ²
924 1233 1073 1262 paparum
1083 1222 1305 1251 nominaretur.

405 1273 505 1311 Super
529 1283 589 1311 quo
605 1272 706 1301 dictus
728 1272 875 1311 magister
896 1272 1052 1301 Johannes
1074 1272 1169 1311 peciit
1190 1271 1308 1300 instru-

404 1328 547 1356 mentum,
563 1328 591 1350 et
603 1321 788 1360 supplicavit
802 1322 884 1360 quod
900 1321 975 1350 illud
990 1322 1098 1350 factum
1112 1327 1308 1360 reputaretur

404 1371 511 1400 factum
526 1371 676 1399 nacionis.
693 1371 759 1407 Que
775 1370 965 1409 supplicacio
979 1380 1128 1399 concessa
1145 1370 1210 1398 fuit.

443 1419 544 1458 Super
574 1421 604 1448 2⁰
631 1419 883 1458 supplicaverunt
907 1420 979 1454 duo,
1000 1419 1101 1458 primo
1122 1418 1308 1458 supplicavit

402 1469 544 1498 dominus
554 1468 685 1508 Egidius
694 1468 902 1497 Bartholomei
912 1469 949 1497 de
959 1469 1075 1497 Jutfaes
1085 1478 1142 1507 pro
1151 1468 1304 1497 dilacione

403 1518 564 1546 bursarum
587 1528 641 1546 sue
665 1517 915 1552 determinancie,
940 1528 999 1556 que
1022 1517 1213 1556 supplicacio
1237 1527 1309 1546 con-

403 1577 491 1596 cessa
508 1567 564 1595 fuit
580 1568 747 1596 secundum
763 1577 878 1596 morem
892 1566 1028 1602 solitum,
1043 1567 1209 1595 dummodo
1227 1566 1308 1596 suffi-

403 1616 517 1644 ciencia
539 1616 627 1645 vadia
645 1622 774 1654 poneret
796 1616 928 1651 nacioni,
953 1622 982 1644 et
1002 1616 1085 1655 quod
1104 1615 1185 1645 ultra
1206 1615 1308 1645 termi-

403 1675 473 1693 num
500 1664 590 1693 trium
623 1664 773 1694 mensium
799 1665 889 1694 vadia
918 1671 1035 1693 starent
1061 1665 1098 1693 ad
1120 1664 1308 1693 voluntatem

403 1714 552 1748 nacionis,
576 1719 634 1742 etc.
659 1715 690 1742 2⁰
711 1713 897 1753 supplicavit
917 1713 1059 1742 dominus
1081 1713 1248 1743 Heinricus
1271 1714 1309 1742 de

403 1762 665 1801 Mondrechainge
683 1763 765 1801 quod
785 1773 853 1791 cum
871 1762 938 1801 ipse
953 1769 1085 1802 protunc
1101 1772 1162 1791 non
1180 1762 1311 1791 habebat

403 1811 574 1850 pecuniam,
598 1821 665 1840 cum
690 1822 750 1850 qua
772 1812 949 1840 satisfacere
975 1818 1081 1851 posset
1107 1811 1229 1840 nacioni
1250 1821 1308 1851 pro

402 1860 506 1889 bursis
520 1870 573 1889 sue
592 1860 842 1895 determinancie,
862 1871 918 1889 nec
936 1861 1031 1889 eciam
1044 1860 1179 1900 pignora
1195 1866 1307 1889 tantam

402 1909 562 1948 pecuniam
578 1909 725 1944 valencia,
745 1909 932 1948 supplicavit
947 1910 1092 1948 quatinus
1110 1909 1197 1938 nacio
1217 1909 1310 1939 vellet

404 1959 440 1986 de
456 1957 525 1996 ipso
542 1968 661 1987 sumere
678 1958 797 1988 literam
812 1958 1027 1998 obligatoriam
1042 1968 1100 1998 pro
1116 1965 1199 1987 tanta
1215 1969 1310 1997 pecu-

404 2007 453 2035 nia
473 2008 639 2046 quanta[m]
664 2007 731 2046 ipse
751 2018 810 2046 pro
832 2008 936 2036 bursis
958 2008 1022 2036 suis
1046 2014 1225 2046 exponeret.
1244 2008 1310 2045 Que

404 2056 593 2095 supplicacio
611 2056 665 2085 fuit
675 2066 834 2091 concessa,
850 2057 1014 2085 dummodo
1026 2055 1310 2096 procuratorIjura-

404 2111 504 2133 menta
520 2105 610 2134 solita
622 2104 722 2144 jurari
737 2106 775 2133 ad
789 2105 846 2134 hoc
858 2105 987 2144 juraret.

812 2199 906 2228 1381

504 2270 773 2299 Procuratoria
802 2271 973 2310 magistri
1004 2270 1204 2299 Hermanni

685 2320 726 2348 de
752 2320 1027 2359 Warendorpe.

444 2400 533 2429 Anno
555 2399 677 2428 Domini
692 2399 854 2428 millesimo
870 2400 1086 2429 trecentesimo
1100 2401 1310 2440 octuagesimo

405 2450 516 2488 primo,
542 2449 659 2478 mensis
680 2449 787 2477 Marcii
813 2449 862 2477 die
883 2449 938 2483 XI,
965 2450 1041 2478 facta
1064 2450 1310 2489 congregacione

405 2499 542 2527 nacionis
566 2498 737 2537 Anglicane
762 2498 837 2526 hora
863 2498 1031 2537 primarum
1058 2500 1139 2537 apud
1165 2499 1310 2528 Sanctum

404 2547 555 2576 Julianum
578 2557 742 2586 pauperem
765 2547 803 2575 ad
826 2547 1001 2585 eligendum
1024 2554 1255 2586 procuratorem
1281 2554 1311 2577 et

405 2597 442 2624 ad
457 2597 639 2625 audiendum
656 2602 830 2635 computum
845 2596 1015 2634 receptoris
1034 2603 1063 2625 et
1078 2597 1116 2625 ad
1130 2597 1310 2636 supplican-

437 2690 459 2711 1.
492 2691 520 2711 In
534 2688 706 2712 instrumentis
712 2691 818 2719 praeter
825 2691 910 2711 notam
921 2689 1041 2720 temporis
1051 2698 1149 2720 semper
1160 2698 1311 2721 annu-<ipon—

405 2724 517 2754 tificatus
526 2733 611 2755 papae
624 2724 754 2755 regnantis
764 2725 962 2756 exprimebatur.
975 2726 1037 2747 Cum
1050 2725 1124 2748 multi
1135 2725 1310 2750 Universitutie

406 2759 449 2782 illo
459 2768 526 2782 anno
535 2760 616 2782 minus
626 2768 672 2790 pro
684 2759 809 2783 Clemente
823 2761 969 2783 Vlla-tarent
977 2769 1053 2791 quam
1062 2769 1103 2784 an.
1115 2761 1183 2789 1379,
1192 2763 1219 2783 ut
1231 2769 1310 2792 appa-

406 2798 441 2819 ret
454 2804 485 2817 ex
495 2795 667 2818 instrumentis
679 2796 800 2823 an.1381,
812 2795 879 2819 Maii
887 2796 924 2823 20,
937 2795 1008 2819 Iunii
1017 2797 1045 2819 15
1057 2796 1118 2827 (uid.
1133 2796 1251 2820 Chartul.
1264 2797 1308 2825 ΙΙΙ,

405 2831 440 2853 De
455 2830 610 2861 schismate),
620 2831 694 2853 immo
703 2830 788 2861 potius
799 2834 887 2854 contra
899 2830 1058 2859 Clementem,
1070 2835 1095 2855 ut
1107 2831 1170 2855 ibid.
1180 2834 1204 2854 et
1216 2841 1229 2855 e
1240 2840 1311 2863 supe-

407 2865 514 2887 rioribus
524 2865 617 2896 liquet:
629 2866 782 2889 Uni-tenitas
793 2869 852 2889 tunc
865 2866 890 2889 in
899 2875 954 2889 eam
962 2866 1113 2889 sententiam
1124 2866 1275 2895 inclinabat,
1284 2869 1310 2890 ut

406 2900 571 2923 instrumenta
593 2909 641 2924 non
662 2901 836 2932 sigillarentur
855 2901 939 2932 sigillo
962 2902 1145 2930 Univereitatie,
1169 2902 1194 2925 in
1218 2902 1310 2933 quibu-5

407 2935 519 2958 Clemens
538 2937 579 2959 VII
593 2936 746 2965 nominatur,
764 2939 790 2959 ut
803 2937 902 2960 occasio
915 2937 1070 2961 adimeretur
1082 2937 1193 2966 dicendi,
1210 2938 1311 2961 Univer-

1347 930 1380 956 10

1347 1175 1379 1201 15

1345 1420 1379 1446 20

1347 1667 1380 1692 25

1348 1912 1382 1937 30

1348 2157 1381 2183 35

1347 2403 1381 2429 40

1416 487 1500 522 dum,
1516 486 1628 516 dilatus
1644 494 1709 517 erat
1722 494 1884 527 computus
1898 489 2082 529 receptoris,
2097 489 2168 529 quia
2186 489 2324 530 legitime

1417 535 1583 575 impeditus
1607 543 1736 576 propter
1762 543 1958 577 temptamen.
1993 537 2032 567 Et
2058 538 2174 568 electus
2202 545 2267 568 erat
2290 539 2322 568 in

1416 591 1648 623 procuratorem
1674 586 1822 626 magister
1840 587 2036 617 Hermannus
2051 587 2089 616 de
2104 587 2325 627 Warendorpe

1416 634 1613 663 concorditer
1631 635 1716 664 nullo
1736 635 1931 665 reclamante.
1954 635 1989 665 ln
2008 634 2095 676 cujus
2110 636 2324 676 procuratoria

1417 688 1483 712 acta
1500 689 1572 712 sunt
1589 694 1648 723 que
1665 690 1845 724 sequuntur.

1453 728 1526 768 (Fal.
1556 731 1594 760 30
1609 729 1636 770 ¹²)
1648 729 1661 748 ³
1690 731 1765 760 Item
1801 731 1879 760 facta
1907 731 2153 771 congregacione
2185 732 2327 763 nacionis

1415 777 1587 818 Anglicane
1601 789 1657 818 per
1672 778 1871 818 juramentum
1890 780 2069 820 regencium
2086 787 2116 810 et
2133 791 2196 811 non
2211 791 2326 822 regen-

1417 827 1497 856 cium
1522 827 1554 864 in
1576 828 1690 858 Sancto
1711 829 1866 859 Maturino
1891 829 1966 859 hora
1991 830 2174 869 primarum,
2197 831 2325 861 sabbato

1417 877 1559 916 proximo
1571 877 1582 895 ⁴
1599 883 1668 906 ante
1685 878 1868 908 dominicam
1889 881 2008 914 Letare,
2026 879 2063 908 de
2083 880 2174 908 modo
2192 879 2327 909 habendi

1417 925 1596 965 peccuniam
1621 927 1659 956 ad
1677 926 1926 956 satisfaciendum
1951 938 2005 957 seu
2026 927 2208 958 solvendum
2225 929 2327 968 magi-

1418 975 1504 1010 stris,
1529 975 1641 1014 quibus
1664 977 1825 1005 tenebatur
1843 977 1944 1012 nacio,
1964 983 1994 1006 et
2014 977 2053 1006 ad
2071 976 2307 1016 supplicandum
2314 989 2323 1013 ;

1418 1033 1513 1063 super
1541 1025 1643 1064 primo
1672 1025 1855 1055 deliberavit
1880 1026 1968 1056 nacio
1993 1027 2076 1066 quod
2099 1033 2243 1066 receptor
2265 1037 2326 1056 una

1418 1083 1485 1103 cum
1518 1080 1720 1113 procuratore
1753 1081 1783 1103 et
1810 1085 1871 1104 uno
1897 1074 1957 1104 alio
1984 1075 2133 1115 magistro
2163 1075 2329 1105 visitarent

1417 1122 1539 1152 archam
1561 1115 1763 1158 nacionis,'et
1781 1124 1956 1163 reciperent
1975 1124 2072 1153 libros
2088 1124 2325 1164 impigneratos‚

1418 1178 1448 1201 et
1467 1173 1577 1201 darent
1597 1172 1785 1208 vendicioni,
1808 1178 1837 1202 et
1858 1183 1895 1201 ex
1913 1173 2043 1211 pecunia
2066 1174 2266 1212 proveniente
2288 1184 2327 1204 ex

1417 1221 1479 1250 illis
1495 1227 1525 1250 et
1539 1231 1576 1250 ex
1591 1221 1879 1256 deta-minantibus,
1895 1221 2096 1251 licenciandis
2109 1228 2139 1251 et
2154 1222 2326 1262 inceptui-is

1417 1270 1612 1300 solverentur
1632 1269 1788 1310 magistri,
1815 1270 1928 1310 quibus
1946 1277 2103 1300 teneretur
2120 1271 2218 1301 nacio.
2250 1271 2327 1301 Item

1417 1319 1604 1359 supplicavit
1630 1326 1764 1359 protunc
1794 1319 1944 1359 magister
1975 1319 2116 1349 Andreas
2153 1321 2327 1351 Zuderman

1417 1370 1454 1398 de
1467 1368 1642 1403 Tremonia,
1659 1375 1774 1398 attento
1791 1374 1825 1397 ut
1840 1368 1974 1398 asseruit
1988 1369 2071 1408 quod
2086 1369 2171 1399 venit
2185 1369 2328 1400 Parisius

1417 1428 1509 1447 causa
1524 1418 1705 1457 proficiendi
1720 1428 1754 1446 ac
1770 1418 1927 1454 studendi,
1939 1418 2084 1458 quatinus
2099 1418 2189 1452 nacio
2204 1429 2242 1448 ex
2253 1425 2327 1448 tunc

1417 1467 1469 1496 illa
1486 1467 1535 1496 die
1560 1467 1773 1506 suprascripta
1795 1467 1889 1496 vellet
1907 1467 2008 1506 ipsum
2030 1474 2175 1507 reputare
2194 1478 2328 1507 presen-

1417 1523 1477 1546 tem
1497 1523 1529 1546 et
1559 1516 1721 1551 scolarem,
1741 1522 1770 1545 et
1791 1526 1886 1555 super
1918 1516 1975 1545 hoc
2000 1515 2061 1545 sibi
2091 1517 2263 1546 concedere
2291 1526 2327 1547 ac

1418 1567 1490 1595 dare
1506 1566 1624 1595 literam
1639 1565 1888 1600 testimonialem,
1908 1565 1934 1595 si
1951 1565 2150 1605 contingerit.

1458 1615 1533 1644 Item
1545 1614 1723 1644 licenciatus
1738 1614 1794 1644 fuit
1803 1614 1946 1645 dominus
1959 1614 2117 1644 Robertus
2131 1615 2168 1644 de
2180 1615 2326 1656 Cardeny

1419 1664 1530 1694 scotus
1557 1665 1615 1694 sub
1644 1664 1790 1703 magistro
1813 1663 1952 1693 Johanne
1976 1664 2014 1693 de
2035 1664 2211 1704 Maguncia,
2239 1666 2328 1703 cujus

1418 1715 1512 1743 bursa
1529 1713 1585 1743 VII
1602 1713 1694 1743 solidi
1712 1719 1742 1742 et
1760 1712 1819 1742 1111
1833 1713 1963 1742 denarii.

1460 1763 1534 1792 Item
1551 1762 1729 1792 licenciatus
1745 1762 1801 1791 fuit
1818 1762 1961 1792 dominus
1977 1762 2154 1792 Cristianus
2169 1763 2207 1792 de
2223 1761 2327 1803 Unga—

1420 1812 1466 1842 ria
1490 1813 1547 1841 sub
1571 1811 1720 1851 magistro
1743 1811 1880 1840 Jordano
1905 1812 1942 1840 de
1968 1811 2083 1846 Clivis,
2115 1810 2202 1851 cujus
2231 1813 2326 1841 bursa

1419 1861 1531 1896 nichil;
1546 1860 1662 1900 juravit
1675 1866 1819 1889 statutum
1837 1860 2042 1899 paupertatis.

1459 1911 1534 1939 Item
1550 1909 1665 1949 incepit
1677 1909 1820 1938 dominus
1832 1909 1989 1938 Robertus
2001 1910 2039 1938 de
2053 1908 2199 1949 Cardeny
2215 1910 2328 1940 Scotus

1420 1960 1477 1989 sub
1491 1959 1638 1998 magistro
1653 1958 1792 1988 Gerardo
1805 1958 1843 1987 de
1860 1958 1985 1993 Kalker,
2002 1957 2090 1997 cujus
2102 1959 2198 1988 bursa
2212 1958 2268 1988 VII
2285 1969 2327 1995 s.,

1421 2008 1480 2038 1111
1499 2008 1627 2037 denarii.

1827 2060 1922 2090 1381

1443 2129 1533 2158 Acta
1561 2134 1648 2158 sunt
1678 2128 1742 2157 hec
1774 2128 1809 2156 in
1840 2127 2104 2167 procuratoria
2129 2128 2303 2168 magistri

1619 2177 1799 2206 ,Iohannis
1836 2177 1878 2206 de
1908 2176 2120 2206 Hokelemf».

1461 2253 1535 2283 Item
1552 2253 1623 2282 Vlla
1640 2253 1690 2282 die
1710 2253 1827 2282 mensis
1847 2252 1968 2292 Aprilis
1987 2253 2064 2281 facta
2081 2251 2328 2291 congregacione

1419 2303 1558 2332 nacionis
1576 2302 1607 2331 in
1625 2302 1737 2331 Sancto
1753 2301 1910 2330 Maturino
1926 2301 1964 2330 ad
1983 2301 2158 2340 eligendum
2178 2310 2328 2339 procura-

1419 2358 1528 2386 torem,
1550 2351 1665 2380 electus
1691 2351 1747 2379 fuit
1771 2350 1803 2379 in
1823 2356 2059 2389 procuratorem
2083 2349 2164 2378 dicte
2187 2348 2328 2378 nacionis

1419 2400 1566 2439 magister
1576 2400 1590 2429 J
1595 2400 1732 2428 ohannes
1743 2400 1781 2428 de
1795 2399 1944 2428 Hokelem
1960 2399 1997 2427 ab
2013 2398 2155 2427 omnibus
2169 2398 2328 2438 magistris

1419 2456 1491 2479 tunc
1506 2449 1703 2488 presentibus
1718 2448 1749 2477 in
1762 2448 1867 2477 eadem
1883 2447 2140 2487 congregacione.

1460 2499 1534 2528 Item
1555 2504 1716 2537 compotus
1738 2496 1910 2536 receptoris
1928 2496 1959 2525 in
1979 2496 2060 2524 dicta
2079 2495 2327 2535 congregacione

1419 2558 1481 2576 non
1506 2547 1561 2576 fuit
1582 2546 1714 2581 auditus,
1742 2545 1814 2585 quia
1834 2551 1977 2584 receptor
1998 2544 2134 2584 legitime
2160 2544 2328 2584 impeditus

1419 2596 1499 2625 dicte
1515 2595 1754 2635 congregacioni
1768 2595 1920 2623 interesse
1936 2604 1997 2622 non
2013 2594 2123 2633 potuit.

1418 2689 1519 2713 sitalem
1538 2688 1620 2719 magis
1640 2687 1762 2712 Clementi
1781 2689 1825 2711 VII
1845 2695 1922 2718 quam
1942 2686 2043 2710 Urbano
2069 2687 2100 2709 V!
2117 2685 2268 2709 adhaerere.
2287 2687 2329 2710 Εω

1418 2733 1496 2756 snpra
1509 2724 1597 2748 relatis
1609 2727 1634 2748 et
1646 2733 1677 2748 ea:
1688 2723 1748 2748 aliia
1760 2723 1825 2747 aetio
1839 2725 1954 2755 apparet,
1971 2722 2073 2745 minime
2086 2730 2170 2745 omne-5
2181 2721 2257 2753 liujus
2269 2721 2326 2753 opi-

1418 2760 1503 2784 nionis
1514 2759 1603 2791 fuisse.
1711 2776 1713 2779 «

1450 2797 1472 2819 2.
1506 2795 1566 2820 Scit.
1580 2795 1700 2819 Clemens
1714 2795 1768 2818 VII.

1449 2832 1472 2854 3.
1506 2832 1534 2854 In
1553 2830 1667 2863 margine
1679 2829 1806 2861 superiori
1822 2837 1827 2852 2
1849 2829 1878 2852 In
1899 2828 2083 2860 procuratoria
2099 2836 2170 2860 mag.
2184 2827 2326 2852 nex-manni

1419 2867 1450 2890 de
1468 2866 1654 2897 Wurendorpe.

1449 2903 1474 2925 4.
1508 2903 1537 2925 23
1550 2901 1647 2926 Martii,

1451 2939 1473 2960 5.
1507 2939 1619 2961 Iteratur
1628 2944 1717 2960 nomen
1731 2935 1864 2959 Hokelem.

2623 821 2625 825 Α
2617 332 2632 794 w-Ass„›..2.1-ue-nusu.m⁴⁴urnr
2623 302 2627 308 ·
2630 253 2632 255 .
2616 220 2620 227 ’
