2632 3464
1519 24 1533 29 ν,
1560 18 1579 31 ,ᾗ
1627 20 1655 38 a?
1682 29 1717 40 μ’
1738 31 1742 39 2
1758 18 1795 40 *s*
1817 19 1867 35 --51
1889 20 1914 39 ’,τ
1931 19 1991 39 '⁴-⁴!·-'«
2025 17 2073 45 “⁵0“
2116 23 2203 39 »Νκ
2219 22 2234 44 β,γ
2338 30 2371 36 Α
2388 22 2403 39 3,
2478 31 2493 38 =-
2539 28 2563 39 γ,

389 450 440 474 775
930 444 1155 471 AUCTARIUM
1175 443 1436 470 CHARTULARII
1456 443 1630 471 UNIVERS.
1652 444 1772 472 PARlS.
2266 447 2318 474 776

389 525 537 565 magistro
554 523 710 562 Heynrico
727 523 765 551 de
780 522 925 556 Aernem,
941 520 1029 561 cujus
1045 522 1140 550 bursa
1154 520 1180 549 V
1193 520 1298 555 solidi,

445 572 574 602 denarii.

389 574 502 652 VIItem
512 621 628 661 incepit
638 621 781 650 dominus
796 620 930 649 Thomas
942 620 979 648 de
989 619 1089 648 Rinde
1106 620 1163 648 sub
1177 619 1296 653 eodem,

386 671 473 711 cujus
488 672 583 700 bursa
601 670 627 698 V
644 670 748 704 solidi,
766 669 807 698 VI
823 669 954 698 denarii.

429 721 503 750 ltem
535 719 651 759 incepit
681 719 824 748 dominus
862 718 1039 757 Heynricus
1077 716 1201 746 Andree
1240 717 1298 746 sub

387 770 536 809 magistro
553 768 711 808 l‘leynrico
727 769 764 796 de
782 768 928 802 Aernem,
947 766 1034 806 cujus
1054 767 1150 795 bursa
1164 765 1221 794 Vll
1238 765 1295 794 sol.

429 819 503 848 Item
520 818 636 857 incepit
650 817 794 846 dominus
813 816 988 855 Heynricus
1004 816 1042 844 de
1061 815 1151 844 Ulma
1168 816 1226 844 sub
1243 824 1298 843 eo-

388 869 468 903 dem,
488 866 575 907 cujus
594 868 686 895 bursa
701 866 727 894 V
740 865 843 900 solidi,
858 865 898 894 VI
915 864 1045 894 denarii,

429 917 504 946 Item
534 915 650 954 incepit
675 915 818 943 dominus
848 914 1009 943 Ortwinus
1033 914 1071 942 de
1097 913 1299 942 Francfordia

388 968 445 996 sub
469 965 618 1005 magistro
645 963 782 1003 Nycolao
804 964 842 992 de
870 963 1064 998 Ghameren,
1093 961 1180 1002 cujus
1204 963 1299 991 bursa

387 1015 443 1044 Vll
463 1015 565 1044 solidi.

429 1065 503 1093 Item
521 1064 637 1103 incepit
652 1063 795 1092 dominus
811 1062 967 1101 Nycolaus
979 1062 1016 1090 de
1033 1060 1227 1090 Scoenhovia
1240 1061 1298 1089 sub

387 1115 508 1148 eodem,
525 1112 612 1152 cujus
631 1114 725 1142 bursa
740 1111 797 1140 Vll
814 1111 917 1140 solidi.

428 1163 503 1191 Item
528 1162 644 1201 incepit
670 1161 813 1190 dominus
841 1161 975 1189 Jacobus
1002 1160 1040 1188 de
1062 1159 1214 1189 Cracovia
1240 1160 1297 1188 sub

387 1212 536 1251 magistro
554 1211 691 1250 Nycolao
707 1211 744 1239 de
765 1210 952 1244 Ghameren,
968 1208 1056 1249 cujus
1073 1209 1169 1238 bursa
1189 1207 1296 1243 nichil,

387 1262 458 1300 quia
474 1259 585 1299 juravit
603 1266 749 1289 statutum
771 1259 974 1298 paupertatis.

429 1311 502 1339 ltem
537 1309 652 1348 incepit
685 1308 828 1338 dominus
862 1308 1074 1337 Theodericus
1113 1306 1297 1336 Theoderici

388 1359 546 1393 Poelman,
563 1358 639 1387 alias
655 1359 692 1387 de
711 1357 878 1392 Aernhem,
896 1358 954 1386 sub
971 1357 1121 1396 magistro
1140 1356 1297 1395 Heynrico

387 1409 424 1437 de
440 1407 598 1442 Aernhen,
617 1406 702 1446 cujus
717 1407 812 1436 bursa
828 1407 872 1435 III
891 1406 994 1436 solidi.

429 1458 502 1486 Item
532 1456 648 1496 incepit
674 1457 818 1485 dominus
842 1456 999 1485 Johannes
1024 1456 1062 1484 de
1090 1455 1211 1494 Hassya
1240 1455 1298 1483 sub

388 1507 536 1545 magistro
559 1505 686 1535 Nicolao
707 1506 744 1534 de
763 1505 928 1540 Gameren,
946 1504 1033 1543 cujus
1057 1505 1152 1534 bursa
1172 1503 1216 1532 Ill
1238 1503 1295 1532 sol.

428 1556 502 1584 ltem
521 1554 638 1594 incepit
650 1555 794 1584 dominus
812 1555 969 1583 Johannes
988 1554 1112 1583 Pender
1127 1554 1184 1582 sub
1200 1553 1298 1593 magi-

388 1612 453 1634 stro
468 1604 607 1633 Johanne
626 1605 664 1633 de
678 1604 860 1644 Zutphania,
879 1603 966 1643 cujus
985 1604 1079 1632 bursa
1093 1603 1199 1632 nichil.

429 1655 503 1683 Item
520 1653 635 1692 incepit
650 1653 793 1682 dominus
805 1653 970 1692 Reynerus
986 1653 1023 1681 de
1042 1652 1113 1681 Delf
1128 1653 1184 1681 sub
1200 1651 1299 1691 magi-

388 1710 436 1732 tro
450 1703 577 1732 Nicolao
596 1703 633 1731 de
653 1702 839 1737 Ghameren,
859 1701 945 1741 cujus
967 1703 1062 1731 bursa
1080 1701 1218 1740 quinque
1239 1701 1296 1730 sol.

429 1753 503 1781 Item
525 1751 641 1791 incepit
660 1752 803 1780 dominus
819 1752 974 1780 Jordanus
992 1752 1030 1780 de
1048 1751 1223 1780 Derthesen
1242 1751 1299 1779 sub

388 1801 537 1840 magistro
558 1801 686 1830 Nicolao
705 1801 742 1830 de
760 1800 946 1835 Ghameren,
965 1799 1051 1839 cujus
1072 1801 1166 1829 bursa
1181 1806 1299 1839 septem

389 1850 492 1879 solidi.

429 1900 501 1934 (Fal.
518 1901 555 1928 110
570 1899 592 1938 Β)
607 1899 699 1928 Facta
715 1898 962 1938 congregacione
973 1898 1112 1928 nacionis
1128 1898 1299 1938 Anglicane

388 1950 468 1988 apud
485 1948 629 1977 Sanctum
649 1948 848 1983 Maturinum,
864 1948 981 1977 XXlll²
999 1948 1048 1976 die
1064 1946 1201 1987 ejusdem
1218 1958 1300 1976 men—

389 1998 445 2032 sis,
464 1998 495 2026 in
518 1997 608 2026 nonis
629 1997 742 2026 Nostre
759 1997 890 2026 Domine
909 1997 1027 2026 scilicet
1045 1997 1076 2025 in
1092 1998 1122 2025 3a
1138 1997 1214 2026 hora
1229 2003 1301 2036 post

388 2047 551 2086 prandium
568 2057 662 2085 super
683 2047 804 2075 duobus
822 2046 971 2075 articulis.
990 2046 1114 2075 Primus
1131 2046 1186 2075 fuit
1206 2056 1301 2085 super

389 2096 613 2124 distribucione
629 2095 792 2129 mensium,
808 2095 859 2134 qui
880 2095 910 2123 in
930 2094 1109 2134 precedenti
1125 2105 1300 2134 congrega-

389 2145 476 2173 cione
501 2151 716 2173 remanserunt
736 2144 955 2173 distribuendi.
975 2145 1021 2172 2¹¹⁸
1039 2144 1094 2172 fuit
1112 2154 1207 2183 super
1224 2155 1300 2183 sup-

388 2194 613 2232 plicacionibus
646 2199 675 2222 et
703 2192 836 2232 injuriis.
863 2193 964 2232 Super
988 2193 1089 2232 primo
1118 2193 1301 2222 deliberavit

390 2243 476 2271 nacio
493 2243 575 2281 quod
594 2242 771 2271 differretur
788 2252 887 2281 usque
902 2242 989 2276 alias,
1007 2248 1121 2271 attento
1139 2243 1221 2281 quod
1239 2252 1299 2270 non

390 2291 488 2330 potuit
507 2291 619 2319 habere
635 2291 696 2319 nisi
712 2291 755 2318 4⁰¹·
767 2290 854 2319 albos
873 2291 910 2319 de
929 2291 960 2319 3⁰
973 2300 1089 2324 mense⁷
1109 2291 1191 2329 quod
1208 2291 1299 2319 nimis

390 2340 542 2368 modicum
564 2340 622 2368 sibi
644 2340 806 2368 videbatur
823 2346 964 2378 protunc.
984 2339 1085 2378 Super
1098 2340 1129 2367 2⁰
1142 2340 1300 2378 supplica-

389 2396 499 2418 verunt
513 2389 655 2417 dominus
673 2389 848 2427 Heynricus
863 2388 987 2417 Andree
997 2395 1025 2417 et
1041 2388 1183 2417 dominus
1198 2388 1300 2427 Heyn-

391 2438 473 2467 ricus
494 2439 530 2466 de
557 2437 646 2466 [slma
669 2448 725 2476 pro
750 2437 899 2466 dilacione
925 2437 1094 2466 solucionis
1124 2438 1298 2472 bursarum,
1339 2457 1343 2459 >

390 2494 504 2516 attento
528 2487 611 2526 quod
631 2497 688 2525 pro
717 2486 854 2525 presenti
882 2496 943 2514 non
970 2486 1117 2514 haberent
1138 2487 1298 2525 pecunias,

391 2547 457 2564 cum
481 2536 595 2575 quibus
621 2535 743 2564 nacioni
764 2542 894 2574 possent
912 2535 1100 2564 satisfacere.
1126 2535 1165 2564 Et
1181 2536 1300 2574 petive-

392 2591 462 2614 runt
478 2585 640 2614 terminum
662 2591 695 2613 ut
714 2585 745 2612 in
765 2584 892 2612 licencia
914 2594 1012 2622 usque
1031 2585 1068 2612 ad
1090 2585 1199 2613 festum
1219 2585 1301 2613 Pen-

391 2634 558 2662 thecostes.
580 2634 619 2662 Et
635 2633 790 2662 concessit
807 2633 895 2661 nacio
915 2633 1176 2671 supplicacionem
1195 2643 1300 2662 eorum

393 2684 558 2711 secundum
579 2689 690 2711 statuta
707 2682 857 2716 nacionis,
876 2688 905 2710 et
926 2688 1096 2720 posuerunt
1116 2689 1145 2710 et
1164 2683 1301 2711 tradide-

392 2739 462 2760 runt
479 2732 609 2771 pignora
629 2732 783 2771 receptori
804 2731 834 2759 in
849 2731 1012 2770 presencia
1033 2731 1182 2759 nacionis.

433 2780 523 2809 Facta
553 2780 798 2819 congregacione
839 2780 977 2808 nacionis
1011 2779 1181 2818 Anglicane
1221 2781 1301 2819 apud

393 2829 535 2857 Sanctum
556 2829 741 2858 Maturinum
761 2829 834 2857 hora
854 2835 939 2858 sexta
960 2829 997 2857 de
1016 2839 1114 2863 mane,
1134 2829 1302 2867 penultima

393 2878 441 2906 dic
456 2877 591 2916 ejusdem
607 2878 720 2907 mcnsis
731 2878 752 2913 ¹,
768 2888 863 2917 super
876 2879 997 2906 duobus
1013 2877 1161 2906 articulis,
1177 2878 1301 2907 Primus

427 2975 446 2997 1.
481 2975 575 3005 Aprilis
589 2977 625 2998 2¹³.

1337 966 1370 992 10

1336 1458 1370 1483 20

1337 1705 1370 1730 25

1338 1951 1372 1976 30

1338 2197 1372 2222 35

1403 519 1466 549 11111
1489 521 1527 549 ad
1553 519 1802 551 distribuendum
1827 531 1961 557 menses,
1991 521 2111 552 scilicet
2139 523 2192 559 3¹¹²,
2219 523 2260 552 4¹·
2289 530 2320 554 et

1409 575 1576 608 sequentes
1589 580 1627 599 ex
1642 580 1703 610 quo
1718 581 1781 600 non
1797 571 1920 601 fuerunt
1932 571 1994 601 nisi
2009 572 2070 601 duo
2083 571 2253 602 distributi.
2272 573 2320 601 2⁰·

1409 624 1474 647 erat
1489 628 1584 658 super
1599 619 1886 658 supplicacionibus
1905 626 1935 650 et
1947 619 2082 660 injuriis-
2097 620 2235 650 Primum
2248 621 2319 651 arti-

1408 666 1510 696 culum
1523 667 1612 697 nacio
1627 668 1790 698 differebat
1804 679 1902 708 usque
1915 670 1953 698 ad
1971 669 2057 699 alias.
2076 669 2178 709 Super
2190 671 2223 700 2⁰
2236 670 2322 700 venit

1408 716 1446 744 ad
1473 715 1632 746 nacionem
1661 717 1805 747 dominus
1839 718 2001 748 Ortwinus
2029 719 2068 747 de
2105 717 2319 755 Francsordia,

1406 764 1587 795 licenciatus
1604 766 1636 794 in
1651 766 1684 794 2²
1699 767 1862 796 audicione
1881 767 1992 797 Sancte
2008 767 2176 803 Genofeve,
2189 768 2243 808 qui
2257 777 2320 798 non

1407 814 1509 853 potuit
1531 815 1672 854 expediri
1696 817 1778 855 apud
1804 822 2039 856 procuratorem
2062 827 2120 856 pro
2141 817 2321 857 incipiendo

1407 862 1439 891 in
1451 863 1582 898 artibus,
1602 874 1639 893 eo
1659 865 1744 904 quod
1761 865 1820 894 sibi
1834 864 2009 905 juramenta
2021 866 2059 894 ad
2073 867 2204 906 gradum
2221 866 2321 896 licen-

1407 911 1454 941 cie
1476 912 1710 952 optinendum²‚
1736 921 1769 943 ut
1788 914 1884 944 moris
1905 920 1962 950 est,
1987 925 2050 944 non
2063 913 2192 955 juravit,
2215 915 2319 956 jurans

1408 967 1438 990 et
1456 960 1631 1001 juramento
1652 963 1836 992 confirmans
1860 963 1961 1003 ipsum
1984 963 2042 993 hoc
2069 974 2131 994 non
2153 964 2264 994 fecisse
2286 965 2318 994 in

1407 1010 1544 1040 fraudem
1562 1021 1617 1040 seu
1632 1010 1837 1051 prejudicium
1854 1012 2006 1048 nacionis,
2024 1014 2080 1042 sed
2095 1023 2133 1042 ex
2145 1013 2212 1043 sola
2226 1014 2320 1053 igno-

1406 1059 1512 1088 rancia
1534 1060 1730 1099 provenisse,
1755 1067 1785 1090 et
1815 1061 2003 1101 supplicavit
2025 1062 2148 1092 nacioni
2177 1069 2210 1092 ut
2230 1063 2320 1092 nacio

1406 1108 1499 1137 vellet
1524 1109 1585 1138 sibi
1609 1109 1771 1149 indulgere
1795 1117 1826 1140 et
1848 1111 1933 1150 quod
1960 1111 2059 1140 adhuc
2087 1118 2194 1151 posset
2212 1111 2319 1150 jurare

1403 1156 1578 1197 juramenta
1591 1158 1743 1198 requisita
1757 1159 1793 1188 ad
1808 1160 1937 1199 gradum
1953 1159 2091 1190 licencie.
2110 1160 2150 1190 Et
2164 1161 2320 1190 delibera-

1406 1206 1451 1236 vit
1477 1207 1577 1242 nacio,
1597 1208 1796 1237 concedendo
1821 1208 2084 1248 supplicacionem
2111 1219 2208 1245 suam,
2231 1211 2320 1239 dum-

1407 1257 1499 1285 modo
1509 1255 1628 1296 juraret
1643 1257 1674 1285 in
1692 1257 1855 1296 presencia
1873 1258 2086 1296 procuratoris
2099 1265 2129 1288 et
2145 1259 2319 1298 aliquorum

1407 1305 1537 1334 aliorum
1558 1305 1788 1345 magistrorum.
1816 1306 1856 1335 Et
1874 1305 1991 1346 juravit
2012 1307 2105 1337 michi
2123 1308 2319 1347 procuratori

1408 1355 1548 1394 predicta
1559 1353 1734 1394 juramenta
1754 1355 1785 1384 in
1799 1356 1962 1395 presencia
1974 1356 2115 1396 magistri
2132 1357 2158 1386 N
2161 1357 2261 1396 ycolai
2281 1357 2320 1386 de

1408 1403 1594 1439 Ghameren,
1606 1410 1679 1433 tunc
1692 1404 1842 1443 temporis
1859 1405 2017 1435 substituti
2030 1406 2213 1445 recepturis,
2226 1406 2320 1446 magi-

1408 1453 1465 1482 stri
1485 1453 1637 1482 Johannis
1655 1453 1851 1493 Ghalencop,
1875 1454 2017 1494 magistri
2036 1454 2191 1484 Gherardi
2210 1455 2318 1490 Erant,

1408 1502 1483 1531 alias
1502 1503 1539 1531 de
1559 1502 1734 1538 Devantria,
1755 1509 1784 1532 et
1801 1503 1930 1532 aliorum
1949 1503 2002 1543 qui
2018 1510 2182 1543 presentes
2198 1505 2322 1534 fuerunt

1409 1557 1480 1580 tunc
1492 1551 1652 1591 temporis.

1818 1628 1922 1675 1398*

1537 1717 1790 1747 Continuacio
1828 1717 1993 1757 predicti
2019 1718 2190 1758 magistri

1663 1766 1870 1796 Vranconis
1899 1767 1941 1796 de
1973 1767 2069 1796 Delf.

1451 1848 1542 1877 Facta
1575 1847 1823 1887 congregacione
1857 1847 1997 1877 nacionis
2032 1847 2204 1887 Anglicane
2239 1849 2321 1887 apud

1410 1898 1555 1926 Sanctum
1581 1897 1780 1931 Maturinum,
1809 1896 1857 1926 die
1881 1903 1967 1926 sexta
1991 1897 2107 1926 mensis
2133 1897 2219 1932 Maii,
2245 1897 2323 1927 hora

1409 1947 1508 1987 prima
1529 1946 1623 1975 Beate
1645 1945 1743 1975 Marie
1768 1945 1888 1975 scilicet
1911 1946 2085 1975 immediate
2106 1952 2179 1986 post
2201 1956 2321 1976 sermo-

1410 2006 1490 2030 nem,
1517 2006 1585 2024 cum
1613 2002 1686 2024 tunc
1708 1995 1818 2024 festum
1841 2001 1907 2024 erat
1929 1995 2080 2024 Johannis
2105 2002 2175 2024 ante
2200 2002 2320 2035 portam

1410 2045 1560 2079 Latinam,
1585 2054 1679 2083 super
1699 2043 1799 2073 tribus
1815 2044 1965 2073 articulis.
1983 2044 2108 2073 Primus
2130 2044 2187 2074 fuit
2207 2045 2246 2073 ad
2263 2044 2322 2074 eli-

1410 2095 1544 2133 gendum
1557 2103 1669 2122 novum
1684 2099 1929 2132 procuratorem.
1942 2093 1988 2121 2¹¹·
2003 2092 2059 2122 suit
2073 2094 2111 2122 ad
2127 2093 2322 2122 distribuen-

1410 2145 1481 2172 dum
1495 2152 1628 2176 menses,
1646 2142 1765 2171 scilicet
1779 2143 1819 2170 3¹¹¹
1835 2147 1864 2171 et
1880 2148 2056 2181 sequentes.
2072 2143 2119 2171 3¹¹·
2134 2151 2229 2182 super
2244 2152 2322 2181 sup-

1410 2192 1634 2232 plicacionibus
1661 2197 1691 2220 et
1715 2189 1848 2230 injuriis.
1877 2191 1978 2231 Super
1997 2191 2098 2230 primo
2125 2191 2321 2220 continuatus

1410 2242 1466 2270 suit
1481 2241 1512 2270 in
1528 2246 1759 2279 procuratorem
1777 2240 1917 2269 nacionis
1938 2246 2120 2279 procurator
2134 2240 2319 2279 precedens,

1410 2290 1530 2319 scilicet
1553 2289 1700 2329 magister
1723 2289 1842 2318 Franco
1863 2290 1900 2318 de
1924 2288 1998 2318 Delf
2016 2289 2100 2318 nullo
2122 2288 2319 2318 reclamante.

1411 2340 1512 2379 Super
1529 2339 1560 2366 2⁰
1575 2338 1761 2367 distributus
1780 2338 1835 2367 suit
1852 2339 1898 2368 3¹¹⁸
1915 2338 2031 2367 mensis
2049 2338 2197 2377 magistro
2218 2337 2323 2377 Heyn-

1410 2389 1475 2417 rico
1493 2389 1562 2417 wit
1581 2398 1637 2426 pro
1660 2388 1781 2417 duobus
1803 2387 1924 2422 solidis,
1950 2387 2002 2426 qui
2022 2387 2261 2416 reservabantur
2283 2387 2321 2416 ad

1410 2437 1661 2467 satissacIendum
1680 2437 1834 2476 receptori
1856 2437 1894 2465 de
1915 2436 2056 2476 pecuniis
2078 2435 2153 2464 alias
2176 2442 2322 2475 perpota-

1410 2487 1460 2515 tis.
1487 2486 1588 2525 Super
1610 2487 1653 2521 3⁰,
1671 2486 1772 2525 primo
1795 2485 1981 2525 supplicavit
2004 2491 2188 2524 procurator
2212 2495 2322 2523 prece-

1410 2537 1503 2570 dens,
1526 2535 1671 2574 quatinus
1692 2535 1723 2563 in
1745 2534 1806 2564 illis
1834 2544 1893 2574 que
1917 2535 2030 2563 fecerat
2053 2533 2084 2562 in
2107 2534 2323 2573 procuratoria

1411 2584 1610 2624 precedenti,
1640 2584 1805 2612 haberetur
1840 2589 1937 2618 ratus,
1975 2589 2099 2622 gramS,
2132 2589 2259 2612 avoatus
2292 2589 2324 2612 et

1410 2634 1687 2662 recommendatus.
1705 2632 1744 2661 Et
1761 2632 1952 2671 supplicacio
1972 2642 2025 2660 sua
2045 2641 2193 2660 concessa
2212 2631 2324 2660 unani-

1411 2682 1501 2710 miter
1529 2682 1610 2720 apud
1633 2691 1751 2710 omnes.
1774 2681 1806 2709 2⁰
1822 2680 2008 2720 supplicavit
2027 2679 2170 2709 dominus
2188 2680 2323 2709 Jacobus

1411 2732 1449 2759 de
1465 2731 1626 2765 Cracovia,
1646 2730 1824 2759 licenciatus
1841 2729 1872 2758 in
1887 2729 2016 2763 artibus,
2031 2729 2103 2768 quia
2116 2729 2249 2758 libenter
2260 2729 2328 2759 vel-

1411 2780 1452 2809 let
1474 2779 1623 2818 incipere,
1644 2786 1673 2808 et
1693 2789 1755 2808 non
1777 2778 1904 2807 haberet
1926 2777 2097 2807 facultatem
2122 2779 2233 2807 bursas
2257 2777 2323 2806 sol-

1410 2828 1514 2862 vendi,
1530 2829 1613 2867 quod
1627 2828 1714 2856 03010
1727 2827 1820 2856 vellet
1834 2827 1934 2866 ipsum
1944 2826 2105 2855 admittere
2119 2828 2156 2855 ad
2173 2826 2322 2866 incipien-

1412 2878 1483 2905 dum
1506 2877 1674 2906 secundum
1693 2882 1805 2905 statuta
1826 2875 1975 2905 nacionis.
1998 2875 2038 2904 Et
2056 2875 2246 2915 supplicacio
2267 2885 2322 2904 sua

1443 2975 1466 2999 2.
1500 2975 1547 2997 Ma.
1562 2973 1715 3005 optinenda.

2611 1838 2632 1938 ‹saed—f*
2622 1781 2632 1821 ‘sn-⁴
2624 1762 2632 1766 1
2624 1679 2632 1742 .1.,.-·,
2624 1635 2632 1653 η.
