2632 3464
255 468 308 495 121

255 554 317 585 pro
338 544 383 574 III
403 546 501 575 scutis
521 552 551 575 et
568 545 596 575 II
612 545 722 576 solidis
738 551 768 575 et
790 544 850 574 IIII
870 545 980 574 solidis
1000 550 1031 574 et
1046 543 1165 574 XXIIII

254 593 380 630 solidis,
399 595 604 634 computando
622 601 741 624 scutum
756 604 815 634 pro
832 593 904 623 XIX
922 594 1043 623 solidis.

299 642 375 673 Item
405 653 588 674 concessum
619 649 686 674 erat
711 643 862 683 magistro
890 642 1022 672 Johanni
1049 642 1166 672 Thome

253 692 355 722 electo
369 692 401 722 in
418 693 564 722 nuncium
579 693 618 722 ad
633 692 748 722 curiam
767 692 952 726 Romanam,
967 692 1051 732 quod
1069 691 1166 721 habe-

254 746 305 771 ret
316 751 334 770 a
348 751 533 781 quocunque
551 741 655 781 posito
671 741 703 770 in
717 741 820 770 rotulo
835 740 1054 770 Universitatis
1072 750 1166 770 unum

256 789 454 830 pavilionem.

298 838 374 868 Item
396 849 578 869 concessum
603 845 669 868 erat
690 839 830 878 predicto
850 839 999 878 magistro
1020 839 1166 869 Conrado

254 888 296 918 de
323 887 443 923 Suecia,
468 888 552 927 quod
580 887 708 917 haberet
735 888 872 928 quinque
899 887 995 917 libras
1023 898 1079 927 pro
1104 898 1166 917 uno

255 936 433 966 bachelario
457 937 517 967 sibi
542 937 618 966 alias
641 937 680 966 ad
709 936 851 966 Sanctam
878 936 1065 966 Genevefam
1089 946 1166 966 con-

254 995 360 1020 cesso,
389 996 459 1016 cum
486 986 576 1015 nacio
604 986 746 1015 habuerit
773 985 935 1026 pecuniam
962 985 1073 1015 solutis
1100 985 1166 1015 sol-

256 1034 380 1064 vendis.

297 1083 372 1113 Item
385 1083 564 1114 licenciatus
577 1090 625 1114 est
636 1085 675 1113 ad
688 1084 831 1114 Nostram
847 1084 1009 1113 Dominam
1022 1084 1166 1114 dominus

255 1132 441 1163 Malcolinus
460 1134 499 1163 de
518 1133 675 1163 Dumbrec
696 1133 808 1163 Scotus
827 1134 885 1163 sub
906 1133 1056 1173 magistro
1075 1132 1167 1163 Wal-

255 1187 324 1212 tero
341 1182 380 1211 de
394 1182 575 1212 Wardelaw
591 1182 696 1217 Scoto,
711 1181 799 1222 cujus
815 1183 910 1212 bursa
925 1182 951 1211 V
964 1182 1068 1212 solidi.

297 1230 373 1261 Item
392 1231 567 1261 licentiatus
585 1238 633 1261 est
649 1232 686 1261 ad
703 1231 848 1261 Nostram
867 1231 1028 1261 Dominam
1049 1231 1167 1261 Johan-

254 1289 312 1310 nes
325 1279 392 1310 Red
407 1280 519 1311 Scotus
532 1281 590 1310 sub
603 1281 752 1321 magistro
764 1281 906 1311 Waltero
920 1281 957 1310 de
972 1281 1164 1316 Wardelaw,

253 1327 344 1370 cujus
359 1330 455 1359 bursa
470 1329 530 1359 IIII
549 1330 653 1359 solidi.

298 1378 372 1408 Item
388 1378 562 1409 licentiatus
577 1385 626 1409 est
637 1379 675 1408 ad
688 1379 832 1409 Nostram
848 1379 1008 1408 Dominam
1022 1379 1166 1409 dominus

254 1426 422 1458 Conradus
438 1428 476 1457 de
494 1427 599 1458 Minda
614 1428 672 1458 sub
689 1428 840 1468 magistro
856 1428 992 1458 Henrico
1007 1429 1046 1458 de
1061 1428 1167 1458 Minda

256 1477 351 1506 fratre
365 1482 434 1512 suo,
449 1476 538 1517 cujus
554 1478 648 1507 bursa
663 1477 724 1506 IIII
739 1477 797 1506 sol.

298 1525 373 1555 Item
389 1526 466 1555 facta
480 1527 727 1566 congregacione
743 1526 882 1556 nacionis
898 1526 1068 1566 Anglicane
1085 1527 1167 1566 apud

254 1574 402 1604 Sanctum
417 1575 570 1605 sulianum
586 1585 753 1615 pauperem
771 1575 820 1604 die
835 1576 979 1605 mercurii
1004 1575 1162 1615 proxima¹

255 1630 329 1663 post
341 1624 450 1654 festum
462 1624 542 1653 beati
550 1624 701 1654 Johannis
714 1625 854 1664 Baptiste
864 1625 902 1653 ad
915 1624 1164 1664 supplicandum,

253 1672 442 1713 supplicavit
465 1673 609 1703 dominus
634 1673 798 1703 Cunradus
821 1674 859 1702 de
882 1673 988 1703 Minda
1008 1684 1065 1713 pro
1087 1674 1167 1703 dila-

254 1722 345 1751 cione
363 1722 528 1752 bursarum
546 1732 670 1752 suarum
689 1729 750 1752 tam
771 1732 828 1762 pro
848 1723 977 1753 licencia
999 1733 1054 1753 sua
1076 1733 1167 1763 quam

253 1780 314 1811 pro
327 1770 519 1811 incepcione,
535 1777 565 1801 et
577 1771 665 1801 nacio
679 1772 738 1801 sibi
752 1772 909 1802 concessit
919 1773 1054 1812 graciam
1067 1783 1166 1812 usque

253 1820 295 1850 ad
314 1820 424 1850 festum
446 1820 621 1851 Nativitatis
640 1821 776 1857 Domini,
794 1827 824 1851 et
841 1822 925 1861 quod
944 1827 1016 1851 tunc
1032 1821 1168 1851 solveret

253 1870 335 1899 duos
350 1879 464 1909 parvos
477 1869 613 1899 florenos
625 1880 684 1910 pro
697 1870 759 1900 illis
773 1871 792 1899 4
805 1870 911 1900 bursis
925 1871 1002 1900 suis.

297 1918 373 1949 Item
395 1918 574 1949 licenciatus
593 1919 648 1949 suit
669 1919 813 1949 dominus
832 1919 990 1949 Johannes
1009 1919 1107 1950 Nesse
1128 1921 1166 1950 de

253 1967 399 2008 Trajecto
429 1968 511 2008 apud
549 1967 693 1998 Nostram
731 1968 893 1998 Dominam
925 1970 982 1998 sub
1016 1969 1166 2009 magistro

252 2016 395 2047 <Iohanne
410 2017 449 2046 de
465 2016 616 2052 Wesalia,
631 2016 719 2058 cujus
736 2018 831 2048 bursa
846 2018 952 2048 nichil.

296 2065 372 2096 Item
392 2066 470 2095 facta
490 2066 739 2107 congregacione
761 2067 901 2097 nacionis
922 2067 1094 2108 Anglicane
1115 2067 1166 2097 die

252 2115 353 2145 sabati
374 2114 537 2155 proxima²
557 2121 630 2155 post
651 2116 762 2146 festum
785 2116 997 2156 apostolorum
1027 2116 1112 2146 Petri
1137 2123 1168 2146 et

257 2163 357 2199 Pauli,
377 2164 494 2194 electus
514 2164 571 2194 fuit
586 2165 736 2205 magister
754 2164 920 2195 Cunradus
940 2166 978 2195 de
997 2165 1117 2195 Swecia
1135 2166 1166 2195 in

254 2219 462 2254 receptorem.

296 2261 372 2292 Item
387 2273 570 2292 concessum
584 2263 640 2293 suit
651 2263 800 2304 magistro
813 2263 945 2294 Johanni
959 2264 1076 2294 Thome
1090 2274 1165 2294 nun·

251 2311 303 2341 cio
317 2312 354 2341 ad
367 2311 483 2342 curiam
497 2311 666 2342 Romanam
679 2313 762 2352 quod
778 2313 878 2353 potuit
891 2314 1025 2343 transire
1040 2314 1079 2342 ad
1092 2324 1166 2353 par-

254 2366 302 2390 tes
325 2371 413 2396 suas,
432 2367 462 2390 et
481 2361 564 2401 quod
582 2361 710 2392 haberet
730 2361 771 2391 VI
792 2368 879 2392 scuta
898 2363 936 2392 de
957 2363 1086 2402 pecunia
1106 2363 1166 2393 sibi

253 2410 359 2440 debita
382 2419 440 2451 pro
459 2410 572 2446 rotulo,
594 2417 624 2440 et
645 2410 672 2440 si
693 2411 853 2452 contingat
877 2411 979 2452 ipsum
997 2413 1081 2452 quod
1103 2422 1166 2442 non

253 2465 362 2499 posset
370 2459 503 2489 transire
516 2460 554 2489 ad
563 2460 691 2495 curiam,
701 2460 770 2500 ipse
783 2461 925 2491 refundet
934 2461 1017 2491 dicta
1027 2461 1067 2491 VI
1080 2468 1166 2491 scuta

253 2508 388 2544 nacioni,
402 2509 440 2538 sd
457 2507 545 2549 cujus
561 2509 756 2539 securitatem
773 2509 912 2539 demittet
930 2510 1011 2540 bona
1027 2511 1117 2540 vadia
1134 2511 1166 2540 in

252 2557 332 2587 cista
350 2557 501 2587 nacionis.

662 2603 761 2633 1348

254 2672 495 2712 {Procuratio
531 2674 733 2704 substituti
771 2675 945 2716 magistri
981 2675 1166 2706 Willelmi

561 2723 603 2753 de
636 2723 858 2764 Brenueth.]

295 2801 407 2833 Anno¹
433 2803 558 2833 Domini
579 2802 636 2834 Μ’.
666 2804 762 2835 CCC⁰
783 2805 1023 2846 quadragesimo
1043 2812 1164 2842 octavo,

287 2899 310 2924 1.
343 2900 464 2925 251ιωίί.

287 2935 309 2959 2.
342 2934 441 2960 alulfi.

284 2971 324 2995 ³.'
343 2971 414 3002 Quae
435 2974 576 3004 aequantur
592 2981 672 3005 unque
691 2973 727 2997 ad
744 2974 810 2998 Item
833 2974 859 2998 in
882 2983 929 2999 nu.
950 2974 1003 2999 alio
1018 2975 1167 3000 charactere

251 3005 322 3031 Mer
333 3006 415 3031 tinea·
428 3007 524 3040 scripta
539 3011 607 3033 eunt.
623 3010 652 3033 In
667 3009 784 3042 margine
796 3016 805 3033 .·
818 3010 965 3035 Willelmus
978 3010 1010 3035 de
1024 3011 1165 3036 sannoth.

764 469 878 496 LIBER
900 467 1213 495 PROCURATORUM
1233 466 1414 493 NATIONIS
1433 467 1678 494 ANGLICANAE

1204 988 1237 1014 10

1204 1233 1237 1259 15

1204 1483 1237 1509 20

1204 1729 1238 1755 25

1204 1975 1238 2001 30

1203 2221 1237 2247 35

1203 2467 1237 2494 40

1203 2713 1238 2739 45

2135 470 2186 495 122

1274 543 1324 572 die
1339 543 1410 572 lune
1426 542 1586 583 proxima⁴
1608 550 1681 583 post
1699 545 1809 574 festum
1828 544 1909 573 beati
1926 544 2033 573 Jacobi
2050 545 2186 584 apostoli

1274 598 1305 621 et
1333 592 1413 622 beati
1439 592 1621 627 Cristosori,
1647 593 1826 622 convocatis
1854 593 1998 622 omnibus
2028 594 2185 633 magistris

1274 641 1414 670 nacionis
1430 641 1601 681 Anglicane
1615 643 1696 681 apud
1711 642 1857 671 Sanctum
1874 642 2061 671 Maturinum
2078 643 2115 671 ad
2130 643 2187 672 eli-

1274 691 1408 730 gendum
1430 698 1674 730 procuratorem,
1696 691 1812 720 electus
1831 691 1887 720 fuit
1900 692 2049 731 magister
2066 691 2187 721 Willel-

1274 749 1342 769 mus
1355 740 1393 768 de
1410 739 1567 769 Brenueth
1576 740 1607 769 in
1621 746 1853 779 procuratorem
1863 763 1870 776 ‚
1889 740 1919 769 in
1935 739 2023 780 cujus
2037 751 2189 780 procura-

1274 788 1364 818 cione
1379 795 1445 818 acta
1458 795 1531 818 sunt
1544 789 1611 818 hec.

1316 837 1391 866 Item
1414 848 1451 867 ex
1469 848 1624 868 consensu
1644 839 1783 868 nacionis
1805 839 1991 868 substitutus
2009 845 2075 868 erat
2092 839 2186 878 magi·

1275 893 1340 916 ster
1355 887 1534 917 Willelmus
1550 888 1588 917 de
1604 887 1762 917 Brenueth
1778 887 1890 917 Scotus
1907 888 1938 916 in
1951 894 2186 927 procuratorem

1274 936 1413 965 nacionis
1427 936 1597 976 Anglicane
1610 937 1648 966 ad
1666 938 1871 966 exercendum
1885 937 2018 966 officium
2038 947 2188 976 procura-

1274 985 1353 1014 torie
1377 995 1435 1025 per
1455 991 1551 1015 totum
1576 992 1698 1025 tempus
1722 986 1932 1021 vacacionum,
1959 987 1999 1015 ob
2023 986 2081 1015 hoc
2105 987 2188 1025 quod

1274 1034 1422 1074 magister
1437 1035 1590 1064 Ricardus
1609 1036 1647 1064 de
1670 1035 1787 1075 Fogow
1803 1035 1834 1064 in
1851 1041 2087 1075 procuratorem
2105 1035 2188 1064 elec-

1274 1089 1324 1113 tus
1342 1093 1375 1112 se
1390 1084 1512 1113 dicebat
1529 1094 1591 1114 non
1610 1094 1703 1124 posse
1719 1083 1895 1124 hujusmodi
1910 1084 2010 1113 officio
2026 1084 2189 1114 intendere

1275 1139 1404 1172 propter
1413 1133 1471 1162 alia
1482 1134 1612 1173 negocia
1623 1144 1682 1173 que
1693 1133 1863 1163 Aurilianis
1876 1143 2029 1173 peragere
2042 1133 2185 1163 habebat.

1314 1181 1391 1211 Acta
1415 1183 1538 1212 fuerunt
1562 1183 1618 1212 hec
1646 1183 1695 1212 die
1720 1183 1792 1213 lune
1817 1183 1957 1222 proxima
1980 1189 2051 1222 post
2075 1183 2186 1212 festum

1275 1232 1373 1261 sancti
1390 1231 1497 1261 Jacobi
1511 1231 1645 1271 apostoli
1659 1239 1689 1262 et
1706 1232 1785 1261 beati
1803 1232 1969 1262 Cristofori
1986 1233 2068 1271 apud
2088 1232 2187 1261 Sanc-

1274 1286 1337 1318 tum
1357 1280 1560 1316 Maturinum,
1575 1291 1655 1310 nona
1675 1281 1779 1311 Sancti
1795 1282 1902 1311 Jacobi
1920 1288 1994 1321 post
2009 1282 2183 1321 prandium.

1316 1329 1390 1359 Item
1406 1340 1588 1360 concessum
1598 1331 1654 1360 fuit
1671 1331 1769 1360 eidem
1782 1331 1930 1371 magistro
1942 1331 2088 1365 Ricardo,
2104 1331 2189 1369 quod

1274 1389 1337 1408 non
1350 1380 1491 1408 obstante
1507 1390 1689 1419 quacunque
1705 1380 1850 1409 absencia
1865 1378 1932 1419 ejus
1950 1379 2138 1409 inrotuletur
2156 1380 2188 1408 in

1275 1428 1376 1458 rotulo
1393 1428 1464 1468 (Fol.
1480 1428 1534 1468 7¹³)
1552 1429 1700 1458 mittendo
1714 1429 1751 1458 ad
1763 1430 1868 1458 sedem
1883 1429 2098 1468 apostolicam,
2118 1439 2187 1458 cum

1274 1483 1396 1516 tempus
1418 1477 1485 1517 ejus
1510 1478 1668 1507 missionis
1693 1478 1864 1513 advenerit,
1889 1478 1990 1517 posito
2016 1479 2100 1517 quod
2125 1488 2187 1507 non

1275 1533 1359 1556 esset
1375 1533 1444 1556 actu
1457 1537 1570 1566 regens
1583 1527 1615 1556 in
1631 1527 1747 1556 arcium
1767 1527 1920 1556 facultate.

1316 1576 1391 1605 Item
1416 1576 1596 1605 licenciatus
1620 1576 1676 1605 fuit
1696 1576 1840 1606 dominus
1866 1577 2008 1606 Renerus
2035 1577 2073 1605 de
2104 1576 2189 1606 Ecka

1276 1626 1334 1655 sub
1350 1625 1498 1665 magistro
1509 1625 1649 1654 Iohanne
1660 1626 1698 1654 de
1713 1625 1863 1660 Wesalia,
1876 1624 1964 1664 cujus
1975 1626 2070 1654 bursa
2081 1625 2187 1660 nichil,

1275 1674 1436 1714 tempore³
1456 1674 1691 1714 procnracionis
1712 1675 1853 1714 magistri
1873 1674 2024 1704 willelmi
2045 1675 2082 1703 de
2108 1674 2187 1703 Bre-

1275 1723 1369 1753 nueth
1385 1723 1480 1752 Scoti.

1316 1772 1392 1802 Item
1431 1772 1611 1802 licenciatus
1653 1773 1708 1802 fuit
1740 1773 1883 1802 dominus
1920 1773 2108 1802 Benedictus
2147 1773 2185 1802 de

1276 1821 1403 1851 Boemia
1418 1822 1456 1851 ad
1472 1821 1616 1851 Nostram
1632 1822 1794 1851 Dominam
1813 1823 1870 1851 sub
1884 1822 2033 1862 magistro
2049 1822 2190 1851 Johanne

1275 1871 1313 1900 de
1343 1871 1450 1906 Dacia,
1480 1870 1567 1910 cujus
1600 1872 1695 1901 bursa
1718 1871 1826 1907 nichil,
1854 1878 1995 1911 tempore
2006 1871 2018 1890 ⁶
2049 1870 2187 1911 ejusdem

1276 1921 1503 1960 procuratorie.

1315 1969 1391 1999 Item
1427 1970 1613 1999 monendum
1652 1970 1735 2010 quod
1773 1977 1914 2010 tempore
1953 1970 2189 2010 procuracionis

1275 2019 1415 2059 magistri
1433 2019 1558 2049 Ricardi
1579 2019 1697 2059 Fogow
1718 2020 1848 2059 quedam
1870 2020 1909 2049 lis
1925 2026 2006 2049 mota
2026 2025 2092 2049 erat
2107 2020 2189 2048 inter

1275 2068 1456 2108 magistrum
1472 2068 1668 2098 Lambertum
1680 2069 1718 2098 de
1733 2068 1855 2098 Summa
1873 2068 1954 2098 Vera
1966 2075 1996 2098 et
2011 2069 2189 2099 Conradum

1274 2117 1421 2147 bidellum
1458 2127 1554 2157 super
1588 2118 1771 2147 vendicione
1814 2118 1906 2148 unius
1942 2118 2055 2153 Biblie,
2097 2128 2188 2157 quam

1276 2166 1414 2197 Bibleam
1430 2176 1490 2196 una
1507 2177 1575 2196 cum
1591 2166 1659 2196 aliis
1675 2166 1765 2196 libris
1779 2167 1962 2197 Lambertus
1978 2173 2008 2196 et
2026 2167 2120 2207 aliqui
2137 2167 2188 2196 alii

1275 2216 1416 2256 magistri
1444 2216 1583 2246 nacionis
1615 2215 1774 2246 Gallicane
1807 2217 1992 2256 quibusdam
2026 2217 2184 2257 magistris

1275 2265 1414 2295 nacionis
1430 2264 1602 2305 Anglicane
1618 2266 1741 2295 nomine
1759 2266 1899 2295 nacionis
1915 2267 1973 2295 sub
1992 2272 2075 2295 certa
2091 2267 2188 2295 forma

1274 2314 1306 2344 in
1316 2314 1448 2344 solidum
1458 2314 1719 2354 impignorabant,
1732 2314 1878 2345 videlicet
1889 2316 1973 2355 quod
1985 2315 2011 2345 si
2025 2315 2186 2344 deficerint

1274 2363 1305 2393 in
1321 2363 1450 2393 nacione
1463 2374 1519 2394 sua
1534 2364 1565 2392 in
1581 2364 1683 2393 dando
1699 2364 1876 2400 intrantem,
1893 2365 1988 2404 quod,
2005 2370 2090 2393 certo
2109 2370 2187 2393 tem-

1274 2423 1351 2453 pore
1376 2413 1457 2442 inter
1480 2413 1567 2453 ipsos
1595 2419 1709 2443 statuto
1735 2413 1799 2454 (qui
1823 2414 1942 2443 intrans
1969 2414 2043 2443 totis
2068 2413 2187 2443 viribus

1275 2463 1340 2492 suis
1361 2472 1418 2502 pro
1440 2462 1568 2492 nacione
1589 2462 1762 2502 Anglicana
1784 2469 1814 2492 et
1835 2463 1918 2492 nulla
1941 2462 1998 2492 alia
2024 2463 2188 2502 laboraret)

1275 2511 1431 2541 sexdecim
1452 2511 1548 2541 libras
1570 2512 1676 2551 gravis
1699 2518 1821 2542 monete
1849 2513 2027 2552 perderent,
2053 2522 2130 2552 quas
2162 2513 2189 2542 si

1275 2571 1337 2590 non
1351 2560 1519 2595 solverent,
1539 2561 1712 2591 immediate
1728 2561 1802 2591 dicti
1818 2561 1889 2591 libri
1909 2562 1978 2600 ipso
1997 2562 2075 2591 sacto
2092 2561 2183 2591 nobis

1275 2610 1520 2650 acquirerentur.
1547 2610 1586 2640 Et
1609 2610 1682 2650 quia
1709 2610 1740 2640 in
1766 2609 1941 2650 hujusmodi
1968 2611 2187 2651 promissionis

1275 2659 1459 2699 implesione
1481 2669 1556 2699 sepe
1582 2666 1613 2689 et
1636 2660 1742 2699 sepius
1767 2661 1957 2695 defecerunt,
1984 2670 2040 2690 nec
2065 2671 2127 2690 non
2159 2666 2190 2690 et

1275 2708 1435 2748 pecuniam
1460 2709 1491 2738 in
1513 2719 1574 2748 qua
1595 2709 1791 2744 tenebantur,
1815 2709 1957 2749 requisiti
1983 2715 2084 2739 tamen
2107 2709 2187 2739 suffi-

1275 2757 1403 2793 cienter,
1417 2758 1538 2787 solvere
1549 2757 1764 2798 neglexerunt,
1776 2759 1846 2787 ideo
1858 2759 2006 2798 magister
2017 2758 2189 2789 Godsridus

1275 2807 1313 2836 de
1345 2806 1504 2842 Parchim,
1535 2807 1587 2847 qui
1611 2818 1667 2847 pro
1694 2808 1781 2837 sactis
1809 2808 1948 2837 nacionis
1974 2818 2028 2837 sex
2054 2807 2190 2838 florenos

1306 2905 1330 2928 11.
1364 2905 1395 2929 28
1410 2905 1482 2928 Iulii.

1307 2943 1328 2965 5.
1364 2942 1433 2965 later
1445 2940 1527 2965 lc'neaa
1543 2949 1621 2973 usque
1630 2940 1666 2965 ad
1675 2941 1756 2970 Scoti,
1767 2940 1915 2966 charactere
1925 2941 2013 2966 eodem
2024 2950 2074 2974 quo
2085 2942 2189 2966 inicium

1275 2975 1401 3000 Rubria-ae
1413 2977 1544 3008 ⁸scriptum.

1306 3013 1331 3035 6.
1364 3013 1426 3036 leem
1439 3015 1466 3036 uc
1480 3012 1506 3036 in
1520 3014 1581 3036 nota
1589 3012 1766 3045 praecedenti.
