2632 3464
289 450 340 477 817
791 445 906 473 LIBER
925 444 1238 472 PROCURATORUM
1260 443 1440 470 NATIONIS
1458 444 1702 470 ANGLICANAE
2151 444 2202 471 818

328 525 422 555 Facta
433 523 678 565 congregacione
687 522 826 552 nacionis
834 532 915 552 anno
923 527 954 551 et
965 520 1033 550 loco
1043 526 1076 550 ut
1087 530 1193 560 supra,

287 574 361 604 ΧΠ·
377 573 428 604 die
445 573 562 604 mensis
581 571 774 612 Septembris
791 580 886 611 super
904 570 1026 600 duobus
1043 569 1192 599 articulis.

288 623 413 654 Primus
432 629 509 658 erat,
530 632 568 652 ex
583 631 646 662 quo
660 621 804 651 dominus
820 619 995 660 Stephanus
1017 619 1080 648 dux
1095 617 1195 648 Bava-

286 672 345 708 rie,
364 678 452 712 pater
466 671 575 712 regine
587 670 611 706 ⁴,
627 675 756 700 venerat
774 669 926 704 Parisius‚
942 674 976 698 ut
989 668 1079 698 nscio
1093 667 1196 697 avisa-

286 727 335 751 ret
349 721 610 761 quid'saciendum
622 725 707 750 esset
721 718 792 749 sibi.
808 718 910 759 Super
922 717 980 747 hoc
993 717 1082 746 nacio
1096 717 1194 746 avisa-

286 770 332 800 vit
345 770 429 810 quod
445 769 539 799 vellet
556 769 641 799 adire
658 769 760 808 ipsum
777 777 846 797 cum
862 766 1006 797 omnibus
1022 765 1195 806 suppositis

286 816 438 852 nacionis,
467 822 498 846 et
528 816 628 845 facere
655 815 715 845 sibi
743 813 952 844 reverenciam
985 819 1016 842 et
1046 812 1194 842 honorem

285 875 419 901 omnem,
438 874 528 905 quam
550 871 671 904 posset,
694 869 725 893 et
747 862 924 903 supplicare
951 862 1050 891 eidem
1076 868 1110 891 ιιι
1126 861 1194 901 ipse

285 913 360 944 velit
377 923 448 943 esse
463 913 598 953 diligens
616 919 647 942 et
660 918 796 942 attentus
811 911 842 940 in
860 911 939 941 facto
954 910 1078 941 unionis
1094 910 1195 940 eccle-

287 963 345 998 sie,
362 973 419 992 nec
441 972 503 992 non
521 968 555 992 ut
575 961 644 1002 ipse
665 961 758 991 vellet
771 960 880 1000 regine
898 959 960 989 filie
985 970 1039 990 sue
1057 965 1194 989 nostram

284 1011 445 1042 nacionem
463 1011 508 1041 sic
529 1011 791 1045 recommendare,
812 1016 846 1039 ut
864 1009 931 1049 ipsa
949 1009 1092 1039 similiter
1112 1014 1195 1038 esset

286 1070 404 1090 memor
425 1066 531 1090 nostre
557 1059 698 1089 nacionis
722 1065 752 1088 et
775 1059 903 1088 haberet
927 1058 1054 1088 eandem
1073 1067 1194 1087 recom-

285 1110 468 1139 mendatam.
494 1108 534 1138 Et
554 1109 592 1138 ad
616 1109 677 1138 ista
697 1108 900 1148 proponenda
927 1117 1029 1137 coram
1054 1106 1194 1147 predicto

285 1159 363 1189 duce
387 1158 504 1188 electus
530 1163 580 1188 est
608 1157 757 1198 magister
780 1156 938 1186 lohannes
962 1157 1001 1186 de
1030 1154 1192 1186 Austria2.

284 1207 331 1237 2·-
355 1213 422 1237 erat
442 1217 538 1247 super
565 1205 860 1246 supplicacionibus.
884 1204 925 1234 Et
957 1204 1053 1234 nichil
1083 1205 1193 1234 factum

285 1256 352 1292 fuit,
373 1262 432 1286 etc.

325 1304 419 1336 Facta
433 1305 680 1346 congregacione
695 1305 830 1334 nacionis
845 1305 984 1333 Almam'e
999 1303 1081 1343 apud
1097 1302 1194 1332 Sanc-

284 1359 348 1384 tum
371 1353 558 1384 Maturinum
574 1354 606 1384 in
620 1354 670 1383 die
689 1353 788 1383 sancti
803 1352 918 1382 Matbei
937 1362 1017 1382 anno
1037 1357 1070 1381 ut
1086 1361 1192 1391 supra,

284 1402 370 1433 xxt-
385 1402 435 1432 die
452 1403 569 1432 mensis
589 1402 794 1443 Septembris,
819 1401 899 1431 infra
912 1407 1028 1431 sextam
1050 1406 1080 1430 et
1099 1401 1193 1441 septi-

285 1461 364 1482 mam
383 1451 476 1482 horas
497 1461 592 1491 super
611 1452 733 1481 duobus
754 1450 903 1480 articulis.
926 1450 1051 1480 Primus
1077 1451 1116 1479 ad
1144 1450 1193 1480 di-

285 1501 499 1531 stribuendum
521 1500 622 1530 scolas
643 1499 835 1540 regentibus.
859 1500 906 1529 2¹¹·
925 1509 1020 1539 super
1040 1499 1193 1539 supplica-

283 1549 439 1585 cionibus,
461 1555 520 1579 etc.
546 1548 648 1589 Super
671 1548 772 1588 primo
795 1547 924 1578 articulo
950 1554 1095 1588 regentes
1121 1548 1192 1577 anni

283 1598 481 1639 precedentis
503 1597 757 1638 supplicaverunt
773 1596 895 1626 nacioni
913 1602 947 1626 ut
967 1597 1013 1627 eis
1037 1597 1075 1626 de
1098 1596 1193 1627 scolis

283 1657 343 1687 pro
364 1657 446 1677 anno
470 1647 573 1676 futuro
594 1646 784 1687 provideret.
811 1646 869 1676 Cui
892 1645 1115 1686 supplicacioni
1137 1656 1193 1675 an-

283 1705 384 1726 nuens
407 1695 551 1726 omnihus
575 1705 685 1736 regere
709 1695 888 1725 volentibus
908 1694 1010 1725 scolas
1036 1694 1194 1725 distribuit

283 1745 453 1775 secundum
481 1745 622 1774 ordinem
653 1744 843 1784 antiquitatis
867 1744 1012 1784 regencie
1040 1743 1191 1784 ipsorum,

283 1793 340 1824 hac
354 1793 538 1824 condicione
556 1803 686 1828 annexa,
705 1793 789 1833 quod
806 1793 936 1833 quilibet
952 1793 1060 1823 volens
1083 1802 1192 1833 regere

282 1842 406 1872 nacioni
422 1848 556 1883 poneret
567 1841 780 1882 fidejussores,
795 1842 876 1882 quod
893 1851 950 1882 per
964 1841 1110 1881 majorem
1124 1851 1192 1882 par-

282 1897 344 1922 tem
367 1891 518 1921 ordinarii
538 1897 672 1931 regeret.
695 1890 797 1931 Super
818 1891 850 1920 2⁰
871 1891 974 1920 nullus
994 1890 1190 1931 supplicavit,

284 1946 344 1970 etc.

703 2033 801 2063 1400

317 2104 482 2146 (h1.55¹³)
501 2104 594 2135 Acta
622 2104 658 2134 in
684 2105 958 2144 procuratoris
987 2105 1160 2146 magistri

412 2152 595 2183 Johannis
626 2154 669 2183 de
701 2153 802 2193 Dorp
832 2154 875 2183 de
910 2153 1061 2194 Leydis.

325 2233 417 2264 Facta
443 2233 689 2274 congregacione
717 2234 857 2264 nacionis
884 2233 916 2263 in
939 2234 1049 2274 primis
1080 2234 1192 2265 Nostre

284 2282 417 2313 Domine
432 2292 528 2323 penes
542 2282 686 2312 Sanctum
704 2282 890 2312 Maturinum
908 2293 988 2312 anno
1006 2294 1068 2323 quo
1085 2294 1191 2324 supra,

283 2330 400 2362 xxm·
415 2331 465 2361 die
481 2331 686 2371 Septembris,
703 2341 798 2371 super
813 2331 934 2361 duobus
950 2331 1100 2362 articulis.
1120 2332 1192 2362 Pri-

284 2390 353 2411 mus
374 2386 440 2410 erat
454 2381 492 2410 ad
508 2380 684 2420 eligendum
707 2390 819 2410 novum
838 2387 1069 2420 procuratorem
1086 2381 1135 2411 vel
1154 2383 1192 2412 ad

284 2429 523 2460 continuandum
552 2429 721 2469 antiquum.
753 2429 915 2459 Secundus
945 2429 1092 2460 articulus
1128 2437 1193 2460 erat

285 2487 381 2518 super
393 2477 678 2518 supplicacionibus
692 2483 723 2508 et
738 2477 871 2518 injuriis.
887 2478 988 2519 Super
1003 2479 1102 2519 primo
1115 2479 1192 2509 elec·

284 2533 335 2558 tus
348 2527 404 2557 suit
415 2527 613 2557 concorditer
627 2527 659 2557 in
674 2533 906 2567 procuratorem
924 2527 1071 2568 magister
1080 2527 1192 2558 soban-

317 2645 341 2670 1.
374 2645 511 2675 leubellae.
527 2645 601 2678 filiae
614 2645 688 2670 ducis
707 2645 835 2670 Bouaria
851 2645 982 2678 Stephani,
1000 2645 1047 2678 qui
1061 2649 1121 2670 tunc
1137 2655 1192 2671 eum

285 2680 379 2714 layum
389 2680 526 2706 abacorum
540 2681 644 2714 Imperii
658 2681 772 2706 Parisios
784 2681 860 2705 venit.
878 2680 932 2706 Via.
946 2681 1043 2706 chron.
1054 2681 1090 2706 du
1101 2682 1148 2707 rel.
1160 2682 1193 2707 de

286 2716 424 2749 sunonyn.
438 2716 472 2747 n,
485 2717 541 2742 7⁶0.
553 2717 652 2745 ιῐΑιιΥ,
663 2717 699 2742 Lu
712 2717 753 2741 vie
766 2716 894 2750 politique
906 2717 938 2741 de
949 2717 1027 2742 Loui-
1037 2717 1069 2742 de
1084 2717 1192 2748 Franco,

285 2759 312 2785 p.
328 2752 384 2776 m.
399 2751 539 2777 Alema-ai
551 2752 659 2777 Parisiis
672 2752 802 2777 eludentes
815 2751 944 2785 Stephano
959 2755 984 2776 el
993 2752 1049 2785 ejus
1059 2752 1132 2784 filiun
1143 2754 1192 2778 mi-

284 2786 353 2812 nim
361 2787 450 2821 graeca
464 2787 631 2813 numnam
641 2787 819 2817 saltauerunt,
836 2791 863 2812 ut
872 2790 980 2821 apparet
995 2797 1009 2812 ο
1019 2788 1191 2821 aequantibus.

317 2823 340 2846 ².
380 2821 426 2846 Via
441 2822 524 2847 rodun
540 2822 593 2856 fluit
606 2823 638 2847 ds
649 2823 761 2848 con-illo
773 2823 925 2856 principum
944 2823 1129 2856 Franesordiue
1146 2824 1193 2849 hoe

285 2865 356 2882 cano
367 2857 440 2886 unii.
458 2857 539 2887 lauti.
551 2858 688 2887 celebrato,
701 2858 734 2882 de
752 2867 803 2891 quo
818 2858 869 2883 vid.
888 2858 1065 2884 nour-mut
1080 2859 1106 2883 ia
1122 2859 1192 2885 Bibl.

285 2892 319 2918 de
329 2892 426 2917 l'lcolo
444 2892 491 2918 de·
507 2893 620 2922 etz-rm.
639 2894 736 2923 nvn,
755 2902 781 2927 p.
799 2895 846 2919 ¹18⁹
859 2902 915 2927 sqq.
936 2894 1090 2919 Uniuernitae
1109 2895 1191 2920 Parin.

286 2928 364 2953 dium
374 2928 436 2952 iuna
448 2936 509 2954 ouon
518 2929 617 2962 hfuton
631 2929 708 2958 minu,
723 2933 750 2954 ue
761 2933 844 2954 rector
858 2932 882 2954 et
896 2929 1052 2954 Unio-nicae
1066 2930 1147 2963 April.
1162 2931 1193 2956 2⁶

285 2963 483 2992 anmi-runt.
499 2964 570 2996 apud
579 2964 784 2994 Wuznucxn,
800 2965 931 2990 nont-che
947 2965 1191 2998 aeica-ugnakten,

354 3009 468 3029 Auem-⁷·-
479 3008 603 3029 ctum-urie*
613 3009 701 3030 vasum.
712 3009 778 3030 Puris.
788 3020 815 3026 —
826 3009 841 3030 Ι.

1249 720 1265 746 5

1231 965 1266 991 10

1231 1210 1265 1237 15

1230 1454 1264 1480 20

1229 1699 1264 1726 25

1229 1945 1263 1970 ³0

1229 2189 1263 2215 35

1229 2432 1263 2459 40

1303 529 1359 548 nes
1388 520 1426 548 de
1455 519 1553 558 Dorp.
1583 519 1684 559 Super
1711 521 1846 549 secundo
1869 521 1997 549 articulo
2025 521 2210 560 supplicavit

1303 567 1487 598 Guillelmus
1509 568 1708 598 subbedellus
1732 569 1871 598 nacionis
1889 570 1971 608 quod
1996 570 2082 599 naeio
2106 570 2207 610 ipsum

1302 616 1661 647 recommendare‘vellet
1677 617 1809 647 facultati
1827 618 1954 652 arcium,
1969 618 2068 647 eidem
2086 619 2208 659 suppli-

1303 667 1400 695 cando
1425 666 1508 705 quod
1530 666 1618 695 sicud
1641 666 1782 706 graciose
1806 677 1886 696 anno
1908 667 2057 706 preterito
2083 669 2209 698 facultas

1303 715 1363 745 sibi
1380 715 1547 750 concessit,
1564 715 1647 754 quod
1666 725 1724 755 pro
1746 717 1826 744 bona
1847 716 1987 745 custodia
2001 717 2152 746 scolarum
2163 716 2175 735 ³
2193 727 2209 747 a

1302 763 1440 804 qualibet
1463 763 1592 793 nacione
1617 764 1744 794 haberet
1770 765 1848 794 duos
1871 765 2004 799 francos,
2028 766 2073 794 sic
2098 773 2127 795 et
2149 766 2208 796 isto

1301 823 1382 843 anno
1405 813 1465 842 sibi
1489 813 1660 842 concedere
1685 813 1787 843 vellet.
1822 814 1919 851 Quam
1948 814 2207 853 supplicacionem

1303 862 1391 892 nacio
1414 862 1570 891 concessit
1577 874 1584 898 ς
1604 868 1634 891 et
1653 872 1718 891 eam
1738 869 1965 902 consequenter
1983 863 2115 893 facultati
2133 874 2208 903 por-

1302 910 1393 946 rexit,
1410 921 1469 950 que
1483 910 1626 940 similiter
1641 917 1671 940 et
1688 911 1786 950 ipsam
1799 911 1932 941 admisit.

1342 959 1435 989 Facta
1451 960 1697 999 congregacione
1714 959 1851 989 nacionis
1871 970 1965 999 penes
1982 960 2127 990 Sanctum
2141 962 2208 992 Ma-

1302 1009 1437 1038 turinum
1460 1009 1491 1038 in
1512 1009 1603 1038 nonis
1623 1009 1735 1038 Nostre
1755 1009 1896 1043 Domine,
1917 1016 2024 1048 quarta
2046 1011 2096 1039 die
2113 1010 2208 1041 Octo-

1302 1058 1380 1094 bris,
1397 1068 1492 1098 super
1516 1059 1637 1088 duobus
1657 1057 1805 1087 articulis.
1830 1058 1953 1088 Primus
1979 1065 2044 1088 erat
2064 1060 2102 1088 ad
2122 1061 2208 1090 ordi-

1302 1107 1435 1136 nandum
1458 1117 1553 1147 super
1571 1107 1738 1146 aliquibus,
1762 1117 1822 1146 que
1839 1107 1983 1137 dominus
2007 1109 2208 1148 archydiaco-

1302 1165 1360 1185 nus
1388 1155 1550 1185 Scarensis
1574 1156 1713 1185 dicturus
1736 1162 1801 1185 erat
1827 1155 1857 1184 in
1884 1157 2023 1186 nacione.
2046 1157 2207 1188 Secundus

1302 1214 1398 1245 super
1410 1205 1695 1244 supplicacionibus
1710 1211 1741 1234 et
1755 1203 1886 1244 injuriis.
1903 1205 2004 1245 Super
2016 1206 2115 1245 primo
2133 1207 2209 1237 arti-

1302 1253 1371 1283 culo
1393 1254 1564 1293 comparuit
1585 1253 1728 1283 dominus
1749 1253 1994 1293 archydiaconus
2011 1255 2206 1295 prescriptus

1302 1303 1333 1332 in
1355 1303 1500 1338 nacione,
1519 1303 1657 1343 allegans
1675 1303 1798 1332 domum
1817 1313 1907 1342 quam
1930 1303 2079 1333 inhabitat
2096 1305 2206 1345 dispo-

1301 1351 1391 1382 sitam
1406 1352 1506 1387 ruine,
1522 1352 1660 1391 allegans
1675 1352 1769 1381 eciam
1785 1352 1944 1382 nacionem
1963 1353 2022 1382 sibi
2039 1354 2152 1383 debere
2169 1355 2206 1384 de

1301 1401 1486 1436 redditibus,
1501 1411 1580 1440 quos
1596 1401 1683 1430 nacio
1701 1400 1813 1430 levavit
1824 1401 1894 1430 dum
1912 1401 2022 1431 dictam
2039 1403 2160 1432 domum
2174 1403 2205 1432 in

1301 1450 1442 1480 custodia
1462 1450 1582 1486 habuit;
1603 1450 1672 1479 ideo
1692 1450 1856 1489 requisivit
1879 1450 2123 1490 archydiaconus
2146 1452 2205 1482 sibi

1301 1499 1444 1529 satisfieri
1460 1506 1492 1529 ut
1509 1506 1616 1539 posset
1630 1499 1733 1528 domui
1749 1499 1926 1534 subvenire,
1939 1510 2041 1529 casum
2055 1500 2120 1540 ejus
2135 1511 2207 1541 pro-

1300 1548 1447 1578 hibendo.
1467 1548 1569 1588 Super
1588 1558 1650 1587 quo
1671 1548 1871 1577 deliberatum
1890 1549 1955 1584 suit,
1975 1550 2045 1588 quia
2065 1550 2150 1579 multi
2168 1551 2205 1579 de

1301 1597 1478 1627 senioribus
1495 1597 1664 1637 magistris,
1677 1607 1749 1636 ymo
1765 1597 1853 1636 quasi
1866 1607 1973 1627 omnes
1986 1599 2129 1628 absentes
2145 1600 2206 1629 fue-

1300 1652 1380 1682 rant,
1408 1656 1487 1686 quos
1513 1647 1648 1676 debitum
1675 1646 1850 1686 allegatum,
1875 1647 1901 1675 si
1923 1647 2006 1686 quod
2028 1647 2079 1682 sit,
2105 1648 2206 1678 minus

1300 1695 1394 1725 latere
1409 1696 1512 1730 debet,
1530 1695 1613 1735 quod
1630 1695 1717 1725 fieret
1734 1705 1794 1724 una
1808 1695 1866 1724 alia
1881 1696 2087 1736 congregacio
2104 1697 2205 1726 nacio-

1301 1745 1360 1780 nis,
1375 1745 1414 1774 ad
1434 1755 1523 1784 quam
1541 1745 1670 1774 vocandi
1692 1750 1796 1774 essent
1812 1754 1919 1774 omnes
1943 1745 2082 1784 magistri
2100 1746 2205 1775 nacio-

1300 1793 1361 1829 nis,
1377 1793 1475 1824 visuri
1493 1794 1520 1823 si
1539 1793 1628 1823 nacio
1649 1794 1731 1823 dicto
1756 1793 1881 1823 domino
1899 1793 2015 1833 aliquid
2036 1795 2156 1830 debeat,
2176 1802 2205 1824 et

1300 1843 1327 1873 si
1343 1843 1399 1879 sic,
1418 1843 1501 1882 quod
1519 1842 1546 1872 ei
1565 1842 1653 1872 nacio
1675 1842 1840 1872 satisfaciat
1861 1852 1949 1882 quam
1969 1843 2064 1872 cicius
2085 1843 2205 1873 affuerit

1300 1891 1443 1927 facultas,
1465 1892 1523 1921 sub
1547 1891 1602 1921 hac
1624 1891 1805 1921 condicione
1827 1892 1910 1931 quod
1934 1891 2036 1921 dictus
2061 1892 2205 1922 dominus

1299 1941 1460 1981 pecuniam
1477 1950 1536 1980 pro
1553 1940 1673 1980 locagio
1693 1941 1802 1969 domus
1825 1950 1880 1980 per
1903 1940 2003 1980 ipsum
2026 1940 2151 1970 levatam
2170 1952 2204 1971 ac

1300 1990 1395 2020 eciam
1421 1989 1579 2019 levandam
1606 1989 1715 2019 habeat
1739 1999 1894 2029 exponere
1918 1989 1949 2018 in
1974 1990 2203 2029 reparacionem

1300 2039 1410 2068 domus
1431 2039 1469 2068 de
1491 2039 1621 2068 consilio
1644 2038 1794 2073 nacionis,
1816 2037 1958 2078 adjuncta
1981 2039 2070 2068 etiam
2097 2039 2205 2068 condi-

1300 2087 1388 2118 cione
1404 2088 1487 2127 quod
1502 2089 1637 2122 domum,
1650 2088 1688 2116 de
1699 2097 1760 2127 qua
1773 2097 1886 2122 sermo,
1901 2097 1962 2116 non
1978 2087 2122 2117 alienabit
2137 2088 2203 2117 sine

1300 2137 1378 2166 scitu
1396 2147 1430 2166 ac
1448 2136 1589 2176 plenario
1609 2146 1763 2165 consensu
1785 2136 1934 2165 nacionis.
1957 2136 2058 2176 Super
2082 2137 2112 2166 2⁰
2129 2137 2205 2166 arti·

1300 2185 1369 2215 culo
1384 2185 1490 2220 nichil,
1508 2185 1580 2226 quia
1597 2185 1700 2214 nullus
1718 2184 1914 2224 supplicavit.

1340 2234 1475 2264 Nacione
1490 2240 1675 2274 congregata
1694 2235 1757 2272 [10⁸
1773 2234 1929 2272 Octobris]
1947 2244 2041 2273 super
2056 2234 2204 2263 electione

1301 2283 1372 2313 novi
1391 2283 1522 2313 rectoris
1532 2283 1557 2318 ⁴,
1579 2283 1764 2323 supplicavit
1786 2283 1932 2323 magister
1952 2283 2148 2313 Coenrardus
2166 2284 2204 2312 de

1301 2331 1487 2372 Hesselinga
1496 2355 1504 2368 ,
1516 2332 1588 2372 quia
1601 2332 1723 2372 quidam
1739 2342 1830 2361 casus
1843 2332 2036 2361 necessitatis
2049 2332 2077 2361 ei
2093 2342 2204 2372 super-

1300 2380 1394 2416 venit,
1407 2387 1537 2421 propter
1551 2390 1642 2421 quem
1659 2380 1869 2410 verisimiliter
1883 2380 1981 2410 iturus
1999 2387 2064 2410 erat
2080 2381 2117 2410 ad
2136 2390 2203 2420 par-

1300 2436 1358 2465 tes,
1381 2439 1448 2459 cum
1474 2429 1647 2459 intencione
1673 2435 1772 2459 tamen
1797 2429 1957 2464 redeundi,
1977 2430 2059 2469 quod
2082 2429 2203 2458 nacioni

1301 2478 1435 2518 placeret
1450 2478 1533 2518 quod
1546 2478 1693 2518 magister
1709 2478 1902 2508 Hermannus
1920 2479 1957 2507 de
1975 2478 2157 2518 Hesselinga
2173 2478 2203 2507 in

1300 2527 1395 2557 scolis
1412 2527 1477 2557 suis
1494 2527 1612 2567 legeret
1625 2533 1764 2567 tempore
1776 2527 1920 2556 absencic
1938 2537 2003 2556 sue.
2015 2527 2111 2564 Quam
2128 2537 2203 2567 sup-

1301 2647 1346 2675 nl,
1358 2651 1385 2671 n·
1395 2647 1449 2675 1³4,
1461 2645 1507 2670 ube·
1517 2649 1602 2670 tumen
1617 2646 1793 2678 corrigendum
1806 2648 1842 2669 est
1857 2653 1945 2669 nomen
1962 2645 2036 2669 theol.
2050 2645 2204 2677 prosmon'a

1300 2681 1428 2707 Βοηιίιιίεἱ
1444 2682 1528 2707 Proiri
1555 2682 1581 2706 in
1606 2682 1693 2707 Parvi.
1712 2681 1859 2706 flaminicae
1878 2681 1954 2705 Parvi
1976 2680 2008 2704 dc
2030 2681 2150 2704 Vnt-onnia
2170 2682 2204 2705 ab

1300 2726 1343 2741 aa.
1358 2717 1479 2750 messuit
1491 2725 1559 2750 mag.
1573 2717 1600 2742 in
1613 2716 1690 2741 theol.
1708 2717 1761 2741 Vid.
1776 2717 1906 2743 chartul..
1921 2716 1965 2743 lli.
1985 2724 2010 2748 p.
2028 2717 2082 2747 25⁹,
2098 2719 2149 2740 nol.
2163 2717 2201 2740 ss.

1301 2753 1363 2777 Cum
1375 2752 1475 2776 duobus
1485 2752 1541 2777 1‘011'0
1553 2752 1644 2786 legatie
1652 2753 1783 2785 profectur
1797 2755 1834 2776 ent
1843 2752 1920 2776 etium
1934 2751 2063 2775 lohannes
2074 2753 2203 2775 Mercato-

1299 2788 1344 2812 n'e.
1362 2788 1495 2813 Johannes
1515 2788 1656 2820 Euliinger
1671 2788 1703 2812 de
1721 2788 1825 2812 Auntria
1843 2795 1939 2819 semper
1956 2787 2041 2810 adhuc
2058 2787 2203 2812 licentiatus

1299 2823 1380 2848 colum
1391 2823 1417 2848 e'n
1428 2822 1504 2848 theol.
1518 2824 1577 2855 [leit.

1330 2861 1354 2883 ³.
1387 2859 1491 2883 Baliouo
1503 2859 1552 2883 viee·
1560 2859 1703 2884 Strata-inin.
1722 2859 1775 2882 Vid.
1787 2867 1811 2890 p.
1824 2859 1877 2886 787.
1889 2860 1912 2882 ⁹.

1330 2895 1354 2918 ¹0.
1388 2894 1490 2919 Electus
1502 2897 1540 2918 ent
1556 2894 1690 2919 soh-nno·
1705 2893 1736 2918 de
1754 2894 1838 2918 Monte
1857 2893 1958 2921 Leonis,
1972 2893 2005 2916 ab
2019 2893 2106 2917 octob.
2123 2893 2153 2917 10
2167 2894 2204 2917 ud

1300 2930 1415 2954 Dmmb.
1435 2930 1473 2954 10.
1494 2930 1550 2954 ruit
1568 2932 1622 2954 nae.
1646 2929 1748 2957 Gallie..
1769 2934 1792 2953 ut
1809 2929 1891 2953 licent.
1914 2929 1939 2953 in
1957 2929 2033 2953 theol.
2051 2937 2094 2952 an.
2115 2928 2174 2953 141³
2189 2938 2202 2953 e

1300 2966 1384 2991 Cutel.
1397 2966 1484 2990 licent.

2098 3009 2123 3028 Μ
