2632 3464
949 457 1222 487 MEMORABILIA
1240 457 1326 484 NAT.
1342 457 1594 486 'ANGLICANAE
2153 466 2199 485 xix

287 532 659 579 ,MSicutfssononiae
683 531 801 586 natio.
818 531 1044 570 Germanica
1069 532 1109 569 in
1135 531 1308 570 diversas
1334 534 1555 582 provincias
1579 532 1703 569 divisa
1734 535 1854 574 erat¹,
1881 534 1934 570 ita
1966 535 2120 570 Parisiis
2162 535 2200 569 in

268 602 466 652 provincia
483 600 736 647 ALemanniae
754 599 906 642 diversa
923 613 1090 649 corpora
1111 601 1354 651 popularium
1375 603 1828 650 (Landsmannscltaften)
1847 602 2197 652 distinguebantur.

269 673 357 710 Duo.
380 669 644 718 saltemliynfra
672 654 933 712 annotantur:
956 670 1140 707 Rinenses·
1173 678 1212 707 et
1237 671 1411 708 Samones
1439 673 1536 718 (198,
1566 672 1614 707 43
1640 672 1776 721 sqq.)².
1810 673 1924 709 Certe
1947 671 2022 708 alia
2048 685 2201 721 quoque

268 740 545 787 formabantur,
566 737 636 788 sed
658 738 806 777 nullum
826 738 922 776 infra
943 740 1150 789 vestigium
1170 753 1303 777 eorum
1323 742 1530 778 invenitur.
1555 743 1596 777 In
1618 740 1848 790 quibusdam
1878 742 2201 778 Universitatibus

269 810 512 857 Germaniae,
537 815 582 852 ut,
615 809 656 844 in
690 809 882 857 Pragensiv
905 816 944 845 et
976 808 1291 852 vindobonensi,
1320 810 1414 847 haec
1453 823 1614 860 corpora
1650 823 1760 847 veras
1800 811 1976 847 nationes
2011 813 2202 848 constitu-

269 878 398 926 ebant.

318 948 542 990 Provinciae
574 947 724 993 Scotiae
759 947 903 997 ubique
938 948 976 984 in
1007 948 1079 984 hoc
1113 947 1309 985 volumine
1341 951 1485 986 mentio
1514 949 1567 986 fit.
1604 950 1806 987 Nescimus
1839 957 1969 986 tamen
2007 950 2201 999 quomodo

269 1030 370 1057 saec.
392 1030 454 1054 xiv
481 1024 690 1054 constaret.
709 1016 770 1053 Ab
793 1030 854 1053 an.
883 1017 976 1054 1325
1005 1017 1193 1067 quaedam
1226 1018 1365 1056 bursae
1394 1032 1463 1069 pro
1490 1019 1725 1069 pauperibus
1753 1019 1995 1063 scholaribus
2022 1019 2202 1057 fundatae

267 1094 377 1124 erant
392 1088 418 1130 ³,
437 1094 476 1124 et
490 1094 627 1136 postea
643 1085 800 1123 domum
816 1086 1088 1136 possederunt,
1108 1087 1156 1124 de
1175 1101 1249 1137 qua
1266 1097 1402 1139 agetur
1421 1089 1460 1124 in
1479 1089 1667 1131 Charcal„
1686 1095 1779 1125 tom.
1796 1090 1860 1132 VI,
1881 1088 1929 1125 de
1952 1088 2142 1140 Collegiis.

316 1157 540 1195 Provinciae
561 1156 719 1193 sueciae
740 1163 779 1192 et
800 1156 943 1192 Daciae
964 1163 1053 1193 ante
1073 1170 1134 1193 an.
1160 1158 1267 1200 1383,
1286 1170 1354 1194 seu
1370 1159 1500 1207 potius
1518 1165 1606 1194 ante
1624 1157 1726 1195 med.
1749 1170 1851 1194 saec.
1870 1171 1944 1200 xiv,
1962 1157 2062 1194 sarna
2077 1158 2203 1207 aliqua

266 1225 501 1276 gaudebant,
520 1226 709 1275 imprimis
725 1226 923 1275 provincia
944 1227 1104 1263 Sueciae
1122 1226 1211 1273 (vid.
1231 1240 1269 1276 p.
1287 1228 1356 1263 431
1376 1241 1478 1277 sqq.,
1496 1229 1568 1264 438
1590 1240 1693 1277 sqq.,
1709 1227 1795 1270 442,
1811 1230 1916 1274 etc.)‚
1936 1227 2004 1264 sed
2027 1241 2087 1264 an.
2110 1229 2204 1264 1392

266 1296 372 1332 natio
389 1294 606 1345 Anglicana
621 1295 933 1345 conquerebatur
950 1295 1000 1332 de
1017 1310 1035 1331 (ι
1059 1295 1236 1333 absentia
1257 1296 1463 1334 scolarium
1488 1297 1638 1334 illarum
1658 1298 1944 1347 provinciarum
1962 1311 1979 1332 »
2007 1298 2104 1342 (661,
2128 1298 2200 1344 28).

267 1367 389 1403 Immo
402 1366 481 1414 jam
498 1377 559 1400 an.
575 1364 667 1400 1354
684 1372 839 1401 notatur
856 1380 874 1401 c<
892 1365 1067 1402 absentia
1083 1365 1289 1402 scolarium
1307 1368 1480 1410 Sueciae,
1497 1368 1562 1416 qui
1578 1380 1599 1403 a
1617 1366 1735 1416 longo
1747 1374 1924 1416 tempore
1943 1368 2110 1403 Parisius
2125 1381 2202 1404 non

267 1434 500 1472 studuerunt
524 1447 649 1484 neque
679 1434 858 1471 student'*
879 1449 911 1471 n.
940 1435 1039 1472 Sane
1064 1435 1159 1472 haec
1185 1435 1303 1472 verba
1327 1449 1404 1472 non
1429 1437 1564 1473 stricte
1588 1436 1776 1473 sumenda
1803 1444 1906 1481 sunt,
1929 1449 2018 1472 nam
2050 1450 2205 1486 semper

267 1504 423 1554 quidam
447 1503 643 1540 scholares
659 1516 704 1540 ex
720 1505 805 1540 istis
827 1505 1035 1553 provinciis
1057 1506 1213 1541 Parisiis
1234 1505 1542 1549 inveniebantur,
1561 1513 1603 1542 ut
1623 1518 1668 1542 ex
1688 1506 2092 1554 Indicepe1·sona1·um
2107 1506 2204 1542 infra

268 1581 440 1624 apparet.
453 1574 526 1609 An.
546 1573 640 1609 1374
654 1580 854 1622 praeterea
867 1573 1064 1618 scribitur,
1079 1573 1276 1611 scholares
1292 1574 1341 1611 de
1358 1588 1478 1624 regno
1492 1576 1652 1612 Sueciae
1663 1575 1820 1612 Parisiis
1833 1576 1998 1612 existere
2013 1576 2111 1622 (443,
2128 1577 2200 1623 36),

267 1656 328 1680 an.
367 1643 459 1679 1397
493 1643 635 1679 iterum
669 1642 888 1679 indicantur
924 1643 1028 1689 (746,
1057 1644 1105 1680 46
1136 1646 1250 1693 sqq.).
1282 1643 1358 1680 Sed
1389 1644 1528 1680 domus
1557 1644 1708 1680 illarum
1735 1645 2018 1694 provinciarum
2048 1647 2204 1682 Parisiis

267 1712 508 1750 scholaribus
530 1711 727 1756 carebant,
747 1720 863 1762 atque
888 1727 904 1747 α
929 1712 975 1748 ad
997 1712 1114 1749 talem
1134 1715 1283 1750 ruinam
1302 1721 1342 1750 et
1361 1715 1601 1751 eversionem
1621 1713 1868 1757 devenerant,
1887 1722 1930 1751 ut
1945 1714 2063 1750 nichil
2086 1716 2125 1750 in
2147 1717 2204 1751 eis

267 1788 516 1826 remanserat,
536 1782 610 1818 nisi
625 1781 754 1831 platee
768 1795 888 1818 vacue
904 1781 1079 1819 inutiles5
1095 1797 1128 1818 1).
1147 1784 1194 1819 Et
1209 1785 1320 1832 pauci
1341 1785 1453 1820 Sueei
1470 1790 1509 1820 et
1522 1785 1618 1820 Dani
1636 1785 1791 1820 Parisiis
1808 1792 1944 1834 postea
1958 1784 2200 1821 studuerunt.

266 1852 327 1889 Ab
352 1865 413 1888 an.
442 1852 536 1888 1392
563 1850 611 1887 ad
637 1864 698 1887 an.
735 1851 830 1888 1406
855 1864 876 1888 e
902 1852 1036 1888 Suecis
1060 1853 1307 1890 inveniuntur
1327 1860 1477 1890 tantum
1501 1853 1720 1902 Ruthgerus
1745 1861 1784 1890 et
1811 1853 2028 1890 Fridericus
2052 1855 2201 1897 Traest,

267 1923 456 1959 Henricus
489 1920 689 1964 Andreae3
725 1933 748 1957 e
780 1922 899 1957 Danis
927 1920 1103 1958 Andreas
1133 1929 1172 1958 et
1207 1922 1401 1959 Johannes
1435 1923 1655 1967 Gerechini,
1691 1924 1924 1960 Cristiernus
1964 1925 2201 1974 Hemmiugi,

268 1993 523 2034 Hermannus,
542 1992 674 2027 Navno
688 1990 887 2031 Johannis,
905 1990 1098 2035 Nicolaus,
1118 1993 1254 2028 Petrus
1274 1991 1435 2030 Nicolai.

315 2062 373 2098 De
392 2060 572 2097 domibus
592 2061 751 2096 istarum
774 2061 1058 2109 provinciarum
1079 2060 1157 2097 vid.
1185 2061 1282 2098 infra
1304 2074 1389 2111 cap.
1411 2062 1468 2097 15.
1491 2061 1550 2098 Ad
1568 2063 1806 2111 provinciam
1823 2064 1963 2099 Daciae
1984 2063 2204 2112 pertinebat

267 2132 405 2168 domus
423 2130 566 2166 Daciae
580 2129 688 2179 juxta
701 2129 910 2178 collegium
932 2130 1198 2174 Laudunense,
1225 2144 1324 2181 quae
1346 2145 1406 2167 an.
1436 2131 1529 2167 1392
1553 2145 1670 2168 unum
1692 2131 1922 2181 inquilinum
1942 2132 2076 2169 habuit
2097 2140 2136 2169 et
2156 2133 2202 2169 ad

268 2212 403 2236 manus
424 2198 585 2249 Collegii
607 2197 871 2235 Laudunensis
890 2200 1078 2248 pervenit.
1102 2200 1304 2237 Provincia
1324 2202 1484 2238 Sueciae
1501 2201 1727 2251 possidebat
1748 2201 1905 2238 domum
1925 2202 1980 2238 ad
1997 2204 2203 2253 imaginem

267 2278 421 2306 nostrae
441 2268 641 2313 Dominae,
667 2280 735 2304 seu
753 2267 968 2317 Collegium
993 2269 1181 2306 Scarense
1197 2270 1236 2306 in
1256 2271 1342 2307 vico
1365 2270 1548 2312 Brunelli,
1567 2279 1606 2308 et
1626 2271 1782 2308 domum
1802 2272 1856 2308 ad
1874 2285 1995 2308 cornu
2016 2275 2118 2308 cerva*
2135 2285 2202 2308 seu

266 2338 482 2388 Collegium
502 2338 757 2387 Lincopiense
778 2338 818 2373 in
836 2338 922 2374 vieo
941 2339 979 2374 S.
1005 2337 1151 2374 Hilarii.
1174 2338 1323 2377 Ambae
1346 2339 1484 2377 domus
1507 2342 1608 2377 inter
1626 2354 1686 2377 an.
1714 2342 1806 2377 1383
1827 2348 1866 2378 et
1887 2341 1976 2377 1391
1998 2341 2046 2377 ad
2067 2355 2202 2378 manus

268 2409 435 2444 nationis
458 2406 696 2457 Anglicanae
718 2414 877 2456 propter
899 2406 1115 2444 absentiam
1140 2408 1372 2446 scholarium
1397 2409 1557 2460 pacifice
1587 2410 1825 2447 devenerunt
1846 2411 1943 2454 (661,
1972 2411 2045 2457 29).
2079 2412 2202 2447 Antea

267 2478 464 2528 provincia
491 2478 674 2518 Sueciae,
701 2489 769 2513 seu
795 2478 925 2526 potius
949 2476 1140 2514 dioecesis
1167 2478 1391 2527 Upsalensis
1422 2479 1649 2529 possidebat
1680 2480 1775 2516 duas
1798 2480 1935 2516 domus
1963 2481 2202 2516 scholarium

270 2547 550 2596 Upsalensium,
578 2559 692 2583 unam
720 2547 759 2582 in
785 2547 871 2583 vico
899 2547 1111 2596 Serpentis,
1140 2547 1252 2584 aliam
1278 2550 1316 2584 in
1339 2550 1424 2585 vico
1449 2549 1497 2585 ad
1523 2549 1620 2586 duos
1645 2552 1799 2600 pontes,
1825 2549 1892 2587 sed
1914 2551 1991 2599 jani
2016 2563 2076 2586 an.
2109 2551 2201 2585 1354

269 2617 448 2654 Matthias
471 2617 684 2659 Laurentii,
709 2628 846 2653 canon.
879 2615 974 2653 eccl.
1008 2616 1208 2666 Upsalens.
1230 2630 1294 2654 eas
1315 2619 1437 2654 Yvoni
1455 2619 1636 2661 Simonis,
1651 2620 1858 2655 secretario
1879 2619 1981 2668 regis
2003 2620 2197 2663 Franciae‚

310 2802 338 2830 1.
382 2799 452 2830 vid.
480 2800 639 2836 Luscum,
670 2800 838 2839 Vorldufige
859 2800 1085 2839 Mittheilungen
1107 2800 1180 2830 tiber
1328 2805 1358 2834 4.
1402 2803 1473 2833 Vid.
1492 2803 1676 2838 Gnorrnmr,
1698 2806 1755 2832 Les
1770 2803 1920 2831 dtudiams
1935 2803 2060 2832 Suddois
2075 2804 2095 2831 ἀ
2112 2805 2202 2832 Paris

268 2850 318 2879 die
343 2850 450 2879 Gesch.
476 2850 634 2879 deutscher
658 2850 856 2879 Reclushurer
878 2850 909 2878 ιἰι
932 2851 1041 2878 Italian
1064 2849 1177 2890 (1892),
1288 2864 1329 2882 au
1339 2855 1383 2882 XI
1389 2856 1424 2881 V·
1434 2854 1524 2882 siecle
1536 2852 1567 2882 in
1580 2855 1679 2882 Revue
1689 2853 1743 2881 des
1752 2853 1875 2880 societas
1886 2859 2036 2887 savantes,
2050 2851 2075 2881 V
2089 2853 2200 2892 (1858),

269 2908 300 2938 p.
317 2899 367 2929 56.
1289 2910 1320 2940 p.
1337 2900 1407 2930 664.

309 2948 340 2977 2.
382 2946 461 2978 Vide
475 2947 557 2977 infra
572 2957 640 2988 cap.
655 2948 703 2978 14.
1329 2949 1358 2976 5.
1404 2947 1586 2981 Gnorrnor,
1604 2949 1622 2974 l.
1644 2957 1670 2975 c.

309 2997 339 3027 3.
383 2996 453 3027 Una
467 2997 547 3027 infra
563 2997 653 3027 etiam
675 3007 705 3037 p.
726 2997 796 3032 240,
815 2997 851 3026 31
871 3007 943 3037 sqq.
962 2997 1125 3027 indicatur.

2233 960 2371 995 Reliquae

2222 1005 2384 1040 provinciae
