<?xml version="1.0" encoding="UTF-8"?>
<!DOCTYPE html PUBLIC "-//W3C//DTD XHTML 1.0 Transitional//EN"
    "http://www.w3.org/TR/xhtml1/DTD/xhtml1-transitional.dtd">
<html xmlns="http://www.w3.org/1999/xhtml" xml:lang="en" lang="en">
 <head>
  <title>
</title>
<meta http-equiv="Content-Type" content="text/html;charset=utf-8" />
  <meta name='ocr-system' content='tesseract 3.04.00' />
  <meta name='ocr-capabilities' content='ocr_page ocr_carea ocr_par ocr_line ocrx_word'/>
</head>
<body>
  <div class='ocr_page' id='page_1' title='image "auctariumchartul01univuoft_0468.png"; bbox 0 0 2632 3464; ppageno 0'>
   <div class='ocr_carea' id='block_1_1' title="bbox 406 432 2322 462">
    <p class='ocr_par' dir='ltr' id='par_1_1' title="bbox 406 432 2322 462">
     <span class='ocr_line' id='line_1_1' title="bbox 406 432 2322 462; baseline 0 0"><span class='ocrx_word' id='word_1_1' title='bbox 406 437 457 462; x_wconf 88' lang='grc'>759</span> <span class='ocrx_word' id='word_1_2' title='bbox 945 433 1167 460; x_wconf 79' lang='lat' dir='ltr'>AUCTARIUM</span> <span class='ocrx_word' id='word_1_3' title='bbox 1188 432 1447 460; x_wconf 81' lang='lat' dir='ltr'>CHARTULARII</span> <span class='ocrx_word' id='word_1_4' title='bbox 1466 434 1639 461; x_wconf 87' lang='lat' dir='ltr'>UNIVERS.</span> <span class='ocrx_word' id='word_1_5' title='bbox 1661 434 1780 461; x_wconf 83' lang='lat' dir='ltr'>PARIS.</span> <span class='ocrx_word' id='word_1_6' title='bbox 2271 436 2322 462; x_wconf 81' lang='grc'>760</span> 
     </span>
    </p>
   </div>
   <div class='ocr_carea' id='block_1_2' title="bbox 406 509 1318 2654">
    <p class='ocr_par' dir='ltr' id='par_1_2' title="bbox 406 509 1312 747">
     <span class='ocr_line' id='line_1_2' title="bbox 409 509 1312 550; baseline -0.003 -9"><span class='ocrx_word' id='word_1_7' title='bbox 409 512 550 541; x_wconf 91' lang='lat' dir='ltr'>dominus</span> <span class='ocrx_word' id='word_1_8' title='bbox 568 516 750 550; x_wconf 88' lang='lat' dir='ltr'>procurator</span> <span class='ocrx_word' id='word_1_9' title='bbox 763 516 828 539; x_wconf 89' lang='lat' dir='ltr'>erat</span> <span class='ocrx_word' id='word_1_10' title='bbox 842 510 1010 549; x_wconf 89' lang='lat' dir='ltr'>requisitus</span> <span class='ocrx_word' id='word_1_11' title='bbox 1026 519 1082 549; x_wconf 86' lang='lat' dir='ltr'>per</span> <span class='ocrx_word' id='word_1_12' title='bbox 1095 509 1202 549; x_wconf 85' lang='lat' dir='ltr'>plures</span> <span class='ocrx_word' id='word_1_13' title='bbox 1217 509 1312 549; x_wconf 84' lang='lat' dir='ltr'>magi-</span> 
     </span>
     <span class='ocr_line' id='line_1_3' title="bbox 410 558 1311 598; baseline -0.003 -8"><span class='ocrx_word' id='word_1_14' title='bbox 410 568 492 590; x_wconf 90' lang='lat' dir='ltr'>stros</span> <span class='ocrx_word' id='word_1_15' title='bbox 516 560 654 589; x_wconf 87' lang='lat' dir='ltr'>nacionis</span> <span class='ocrx_word' id='word_1_16' title='bbox 672 566 777 588; x_wconf 88' lang='lat' dir='ltr'>nostre</span> <span class='ocrx_word' id='word_1_17' title='bbox 802 560 884 598; x_wconf 91' lang='lat' dir='ltr'>quod</span> <span class='ocrx_word' id='word_1_18' title='bbox 909 560 1022 588; x_wconf 90' lang='lat' dir='ltr'>faceret</span> <span class='ocrx_word' id='word_1_19' title='bbox 1038 568 1132 598; x_wconf 87' lang='lat' dir='ltr'>super</span> <span class='ocrx_word' id='word_1_20' title='bbox 1156 558 1215 588; x_wconf 89' lang='lat' dir='ltr'>isto</span> <span class='ocrx_word' id='word_1_21' title='bbox 1236 568 1311 587; x_wconf 92' lang='lat' dir='ltr'>con-</span> 
     </span>
     <span class='ocr_line' id='line_1_4' title="bbox 407 606 1310 650; baseline -0.003 -11"><span class='ocrx_word' id='word_1_22' title='bbox 407 609 639 650; x_wconf 87' lang='lat' dir='ltr'>gregacionem,</span> <span class='ocrx_word' id='word_1_23' title='bbox 655 615 819 647; x_wconf 90' lang='lat' dir='ltr'>propterea</span> <span class='ocrx_word' id='word_1_24' title='bbox 836 608 906 647; x_wconf 85' lang='lat' dir='ltr'>quia</span> <span class='ocrx_word' id='word_1_25' title='bbox 921 608 979 636; x_wconf 92' lang='lat' dir='ltr'>hoc</span> <span class='ocrx_word' id='word_1_26' title='bbox 996 614 1067 637; x_wconf 88' lang='lat' dir='ltr'>tunc</span> <span class='ocrx_word' id='word_1_27' title='bbox 1085 607 1246 636; x_wconf 86' lang='lat' dir='ltr'>videbatur</span> <span class='ocrx_word' id='word_1_28' title='bbox 1265 606 1310 636; x_wconf 89' lang='lat' dir='ltr'>eis</span> 
     </span>
     <span class='ocr_line' id='line_1_5' title="bbox 406 656 1310 698; baseline -0.003 -11"><span class='ocrx_word' id='word_1_29' title='bbox 406 659 590 698; x_wconf 85' lang='lat' dir='ltr'><strong>expediens,</strong></span> <span class='ocrx_word' id='word_1_30' title='bbox 625 658 712 686; x_wconf 90' lang='lat' dir='ltr'>sicud</span> <span class='ocrx_word' id='word_1_31' title='bbox 746 658 823 686; x_wconf 90' lang='lat' dir='ltr'>bene</span> <span class='ocrx_word' id='word_1_32' title='bbox 851 656 1012 696; x_wconf 82' lang='lat' dir='ltr'>apparebit</span> <span class='ocrx_word' id='word_1_33' title='bbox 1043 666 1079 685; x_wconf 82' lang='lat' dir='ltr'>ex</span> <span class='ocrx_word' id='word_1_34' title='bbox 1113 656 1310 685; x_wconf 82' lang='lat' dir='ltr'>conclusione</span> 
     </span>
     <span class='ocr_line' id='line_1_6' title="bbox 409 706 704 747; baseline -0.01 -10"><span class='ocrx_word' id='word_1_35' title='bbox 409 718 504 747; x_wconf 89' lang='lat' dir='ltr'>super</span> <span class='ocrx_word' id='word_1_36' title='bbox 518 707 575 736; x_wconf 94' lang='lat' dir='ltr'>hoc</span> <span class='ocrx_word' id='word_1_37' title='bbox 591 706 704 735; x_wconf 83' lang='lat' dir='ltr'>habita.</span> 
     </span>
    </p>

    <p class='ocr_par' dir='ltr' id='par_1_3' title="bbox 447 753 1260 794">
     <span class='ocr_line' id='line_1_7' title="bbox 447 753 1260 794; baseline -0.005 -8"><span class='ocrx_word' id='word_1_38' title='bbox 447 758 492 786; x_wconf 72' lang='lat'>4⁰⁸</span> <span class='ocrx_word' id='word_1_39' title='bbox 510 755 657 785; x_wconf 80' lang='lat' dir='ltr'>articulus</span> <span class='ocrx_word' id='word_1_40' title='bbox 675 765 770 794; x_wconf 86' lang='lat' dir='ltr'>super</span> <span class='ocrx_word' id='word_1_41' title='bbox 786 754 1069 794; x_wconf 89' lang='lat' dir='ltr'>supplicacionibus</span> <span class='ocrx_word' id='word_1_42' title='bbox 1083 760 1113 783; x_wconf 90' lang='lat' dir='ltr'>et</span> <span class='ocrx_word' id='word_1_43' title='bbox 1128 753 1260 793; x_wconf 76' lang='lat' dir='ltr'>injuriis.</span> 
     </span>
    </p>

    <p class='ocr_par' dir='ltr' id='par_1_4' title="bbox 407 802 1312 1284">
     <span class='ocr_line' id='line_1_8' title="bbox 448 802 1310 845; baseline -0.003 -11"><span class='ocrx_word' id='word_1_44' title='bbox 448 805 549 845; x_wconf 86' lang='lat' dir='ltr'>Super</span> <span class='ocrx_word' id='word_1_45' title='bbox 571 805 672 844; x_wconf 89' lang='lat' dir='ltr'>primo</span> <span class='ocrx_word' id='word_1_46' title='bbox 697 803 825 832; x_wconf 89' lang='lat' dir='ltr'>articulo</span> <span class='ocrx_word' id='word_1_47' title='bbox 845 803 1045 832; x_wconf 87' lang='lat' dir='ltr'>deliberatum</span> <span class='ocrx_word' id='word_1_48' title='bbox 1068 803 1124 832; x_wconf 83' lang='lat' dir='ltr'>suit</span> <span class='ocrx_word' id='word_1_49' title='bbox 1148 802 1310 831; x_wconf 89' lang='lat' dir='ltr'>concordi-</span> 
     </span>
     <span class='ocr_line' id='line_1_9' title="bbox 407 851 1310 894; baseline -0.006 -10"><span class='ocrx_word' id='word_1_50' title='bbox 407 861 471 890; x_wconf 88' lang='lat' dir='ltr'>ter;</span> <span class='ocrx_word' id='word_1_51' title='bbox 488 854 588 894; x_wconf 91' lang='lat' dir='ltr'>primo</span> <span class='ocrx_word' id='word_1_52' title='bbox 607 863 701 892; x_wconf 86' lang='lat' dir='ltr'>super</span> <span class='ocrx_word' id='word_1_53' title='bbox 719 853 818 891; x_wconf 89' lang='lat' dir='ltr'>primo</span> <span class='ocrx_word' id='word_1_54' title='bbox 835 859 960 891; x_wconf 88' lang='lat' dir='ltr'>puncto,</span> <span class='ocrx_word' id='word_1_55' title='bbox 981 851 1099 881; x_wconf 88' lang='lat' dir='ltr'>scilicet</span> <span class='ocrx_word' id='word_1_56' title='bbox 1113 858 1257 890; x_wconf 91' lang='lat' dir='ltr'>quantum</span> <span class='ocrx_word' id='word_1_57' title='bbox 1273 851 1310 879; x_wconf 88' lang='lat' dir='ltr'>ad</span> 
     </span>
     <span class='ocr_line' id='line_1_10' title="bbox 407 901 1308 939; baseline -0.006 -6"><span class='ocrx_word' id='word_1_58' title='bbox 407 904 566 933; x_wconf 86' lang='lat' dir='ltr'>nacionem</span> <span class='ocrx_word' id='word_1_59' title='bbox 596 901 754 931; x_wconf 88' lang='lat' dir='ltr'>Piccardie</span> <span class='ocrx_word' id='word_1_60' title='bbox 786 901 891 930; x_wconf 91' lang='lat' dir='ltr'>habuit</span> <span class='ocrx_word' id='word_1_61' title='bbox 923 901 1011 930; x_wconf 90' lang='lat' dir='ltr'>nacio</span> <span class='ocrx_word' id='word_1_62' title='bbox 1041 907 1147 929; x_wconf 88' lang='lat' dir='ltr'>nostra</span> <span class='ocrx_word' id='word_1_63' title='bbox 1177 906 1308 939; x_wconf 88' lang='lat' dir='ltr'>gratum,</span> 
     </span>
     <span class='ocr_line' id='line_1_11' title="bbox 409 948 1311 989; baseline -0.006 -7"><span class='ocrx_word' id='word_1_64' title='bbox 409 959 507 982; x_wconf 88' lang='lat' dir='ltr'>ratum</span> <span class='ocrx_word' id='word_1_65' title='bbox 521 958 550 981; x_wconf 90' lang='lat' dir='ltr'>et</span> <span class='ocrx_word' id='word_1_66' title='bbox 562 957 700 980; x_wconf 90' lang='lat' dir='ltr'>avoatum</span> <span class='ocrx_word' id='word_1_67' title='bbox 715 950 791 979; x_wconf 91' lang='lat' dir='ltr'>illud</span> <span class='ocrx_word' id='word_1_68' title='bbox 807 950 889 989; x_wconf 90' lang='lat' dir='ltr'>quod</span> <span class='ocrx_word' id='word_1_69' title='bbox 907 949 1043 989; x_wconf 90' lang='lat' dir='ltr'>deputati</span> <span class='ocrx_word' id='word_1_70' title='bbox 1068 949 1099 978; x_wconf 92' lang='lat' dir='ltr'>in</span> <span class='ocrx_word' id='word_1_71' title='bbox 1114 949 1174 978; x_wconf 83' lang='lat' dir='ltr'>ista</span> <span class='ocrx_word' id='word_1_72' title='bbox 1186 948 1311 977; x_wconf 88' lang='lat' dir='ltr'>materia</span> 
     </span>
     <span class='ocr_line' id='line_1_12' title="bbox 408 998 1309 1038; baseline -0.006 -7"><span class='ocrx_word' id='word_1_73' title='bbox 408 1003 560 1035; x_wconf 81' lang='lat' dir='ltr'>fecerunt,</span> <span class='ocrx_word' id='word_1_74' title='bbox 584 1000 701 1029; x_wconf 89' lang='lat' dir='ltr'>scilicet</span> <span class='ocrx_word' id='word_1_75' title='bbox 725 1000 808 1038; x_wconf 93' lang='lat' dir='ltr'>quod</span> <span class='ocrx_word' id='word_1_76' title='bbox 832 998 990 1028; x_wconf 91' lang='lat' dir='ltr'>Piccardis</span> <span class='ocrx_word' id='word_1_77' title='bbox 1015 999 1140 1027; x_wconf 89' lang='lat' dir='ltr'>daretur</span> <span class='ocrx_word' id='word_1_78' title='bbox 1166 998 1218 1026; x_wconf 89' lang='lat' dir='ltr'>ille</span> <span class='ocrx_word' id='word_1_79' title='bbox 1242 1008 1309 1037; x_wconf 88' lang='lat' dir='ltr'><strong>pes,</strong></span> 
     </span>
     <span class='ocr_line' id='line_1_13' title="bbox 408 1046 1310 1090; baseline -0.006 -10"><span class='ocrx_word' id='word_1_80' title='bbox 408 1061 497 1090; x_wconf 90' lang='lat' dir='ltr'>quem</span> <span class='ocrx_word' id='word_1_81' title='bbox 518 1050 702 1089; x_wconf 83' lang='lat' dir='ltr'>petiverunt.</span> <span class='ocrx_word' id='word_1_82' title='bbox 728 1047 829 1087; x_wconf 80' lang='lat' dir='ltr'>Super</span> <span class='ocrx_word' id='word_1_83' title='bbox 846 1048 876 1077; x_wconf 86' lang='lat'>2⁰</span> <span class='ocrx_word' id='word_1_84' title='bbox 898 1054 1011 1087; x_wconf 92' lang='lat' dir='ltr'>puncto</span> <span class='ocrx_word' id='word_1_85' title='bbox 1034 1046 1170 1086; x_wconf 91' lang='lat' dir='ltr'>ejusdem</span> <span class='ocrx_word' id='word_1_86' title='bbox 1190 1046 1310 1075; x_wconf 76' lang='lat' dir='ltr'>articuli</span> 
     </span>
     <span class='ocr_line' id='line_1_14' title="bbox 408 1096 1311 1136; baseline -0.006 -7"><span class='ocrx_word' id='word_1_87' title='bbox 408 1100 492 1129; x_wconf 88' lang='lat' dir='ltr'>dedit</span> <span class='ocrx_word' id='word_1_88' title='bbox 523 1099 610 1127; x_wconf 86' lang='lat' dir='ltr'>nacio</span> <span class='ocrx_word' id='word_1_89' title='bbox 639 1097 793 1135; x_wconf 88' lang='lat' dir='ltr'>deputatis</span> <span class='ocrx_word' id='word_1_90' title='bbox 825 1107 919 1136; x_wconf 87' lang='lat' dir='ltr'>super</span> <span class='ocrx_word' id='word_1_91' title='bbox 952 1096 1003 1125; x_wconf 89' lang='lat' dir='ltr'>illa</span> <span class='ocrx_word' id='word_1_92' title='bbox 1038 1096 1162 1125; x_wconf 89' lang='lat' dir='ltr'>materia</span> <span class='ocrx_word' id='word_1_93' title='bbox 1193 1096 1311 1135; x_wconf 86' lang='lat' dir='ltr'><strong>plenam</strong></span> 
     </span>
     <span class='ocr_line' id='line_1_15' title="bbox 409 1145 1311 1188; baseline -0.006 -10"><span class='ocrx_word' id='word_1_94' title='bbox 409 1154 588 1188; x_wconf 88' lang='lat' dir='ltr'>potestatem</span> <span class='ocrx_word' id='word_1_95' title='bbox 604 1146 788 1176; x_wconf 89' lang='lat' dir='ltr'>terminandi</span> <span class='ocrx_word' id='word_1_96' title='bbox 805 1146 880 1175; x_wconf 94' lang='lat' dir='ltr'>illud</span> <span class='ocrx_word' id='word_1_97' title='bbox 893 1146 1014 1180; x_wconf 83' lang='lat' dir='ltr'>factum,</span> <span class='ocrx_word' id='word_1_98' title='bbox 1026 1145 1091 1174; x_wconf 91' lang='lat' dir='ltr'>sive</span> <span class='ocrx_word' id='word_1_99' title='bbox 1107 1155 1163 1184; x_wconf 88' lang='lat' dir='ltr'>per</span> <span class='ocrx_word' id='word_1_100' title='bbox 1176 1145 1311 1184; x_wconf 88' lang='lat' dir='ltr'>sigillum</span> 
     </span>
     <span class='ocr_line' id='line_1_16' title="bbox 407 1194 1312 1235; baseline -0.004 -9"><span class='ocrx_word' id='word_1_101' title='bbox 407 1197 556 1230; x_wconf 86' lang='lat' dir='ltr'>nacionis,</span> <span class='ocrx_word' id='word_1_102' title='bbox 583 1197 648 1225; x_wconf 89' lang='lat' dir='ltr'>sive</span> <span class='ocrx_word' id='word_1_103' title='bbox 674 1206 731 1235; x_wconf 89' lang='lat' dir='ltr'>per</span> <span class='ocrx_word' id='word_1_104' title='bbox 755 1195 1013 1235; x_wconf 81' lang='lat' dir='ltr'>procuratorium,</span> <span class='ocrx_word' id='word_1_105' title='bbox 1037 1195 1204 1223; x_wconf 90' lang='lat' dir='ltr'>secundum</span> <span class='ocrx_word' id='word_1_106' title='bbox 1229 1194 1312 1233; x_wconf 92' lang='lat' dir='ltr'>quod</span> 
     </span>
     <span class='ocr_line' id='line_1_17' title="bbox 409 1245 862 1284; baseline -0.004 -9"><span class='ocrx_word' id='word_1_107' title='bbox 409 1247 471 1275; x_wconf 88' lang='lat' dir='ltr'>illis</span> <span class='ocrx_word' id='word_1_108' title='bbox 487 1247 524 1274; x_wconf 91' lang='lat' dir='ltr'>de</span> <span class='ocrx_word' id='word_1_109' title='bbox 539 1245 597 1274; x_wconf 87' lang='lat' dir='ltr'>alia</span> <span class='ocrx_word' id='word_1_110' title='bbox 614 1251 699 1284; x_wconf 86' lang='lat' dir='ltr'>parte</span> <span class='ocrx_word' id='word_1_111' title='bbox 716 1245 862 1284; x_wconf 84' lang='lat' dir='ltr'>placeret.</span> 
     </span>
    </p>

    <p class='ocr_par' dir='ltr' id='par_1_5' title="bbox 407 1292 1315 1873">
     <span class='ocr_line' id='line_1_18' title="bbox 448 1292 1312 1334; baseline -0.005 -10"><span class='ocrx_word' id='word_1_112' title='bbox 448 1295 549 1334; x_wconf 88' lang='lat' dir='ltr'>Super</span> <span class='ocrx_word' id='word_1_113' title='bbox 573 1295 603 1323; x_wconf 86' lang='lat'>2⁰</span> <span class='ocrx_word' id='word_1_114' title='bbox 622 1294 750 1323; x_wconf 90' lang='lat' dir='ltr'>articulo</span> <span class='ocrx_word' id='word_1_115' title='bbox 765 1293 930 1332; x_wconf 89' lang='lat' dir='ltr'>principali</span> <span class='ocrx_word' id='word_1_116' title='bbox 945 1293 1078 1322; x_wconf 89' lang='lat' dir='ltr'>ordinati</span> <span class='ocrx_word' id='word_1_117' title='bbox 1094 1298 1181 1321; x_wconf 88' lang='lat' dir='ltr'>erant</span> <span class='ocrx_word' id='word_1_118' title='bbox 1198 1292 1312 1321; x_wconf 85' lang='lat' dir='ltr'>exami-</span> 
     </span>
     <span class='ocr_line' id='line_1_19' title="bbox 408 1343 1313 1373; baseline -0.003 0"><span class='ocrx_word' id='word_1_119' title='bbox 408 1351 531 1373; x_wconf 86' lang='lat' dir='ltr'>natores</span> <span class='ocrx_word' id='word_1_120' title='bbox 555 1343 798 1372; x_wconf 88' lang='lat' dir='ltr'>bachalariorum</span> <span class='ocrx_word' id='word_1_121' title='bbox 816 1343 984 1371; x_wconf 88' lang='lat' dir='ltr'>secundum</span> <span class='ocrx_word' id='word_1_122' title='bbox 1003 1348 1112 1371; x_wconf 87' lang='lat' dir='ltr'>statum</span> <span class='ocrx_word' id='word_1_123' title='bbox 1134 1348 1163 1370; x_wconf 90' lang='lat' dir='ltr'>et</span> <span class='ocrx_word' id='word_1_124' title='bbox 1181 1351 1313 1370; x_wconf 89' lang='lat' dir='ltr'>consue-</span> 
     </span>
     <span class='ocr_line' id='line_1_20' title="bbox 408 1390 1314 1430; baseline -0.003 -8"><span class='ocrx_word' id='word_1_125' title='bbox 408 1394 544 1423; x_wconf 85' lang='lat' dir='ltr'>tudinem</span> <span class='ocrx_word' id='word_1_126' title='bbox 559 1392 707 1427; x_wconf 79' lang='lat' dir='ltr'>nacionis,</span> <span class='ocrx_word' id='word_1_127' title='bbox 728 1391 845 1420; x_wconf 85' lang='lat' dir='ltr'>scilicet</span> <span class='ocrx_word' id='word_1_128' title='bbox 858 1391 1000 1420; x_wconf 90' lang='lat' dir='ltr'>dominus</span> <span class='ocrx_word' id='word_1_129' title='bbox 1013 1397 1156 1430; x_wconf 89' lang='lat' dir='ltr'>receptor</span> <span class='ocrx_word' id='word_1_130' title='bbox 1169 1397 1199 1419; x_wconf 94' lang='lat' dir='ltr'>et</span> <span class='ocrx_word' id='word_1_131' title='bbox 1209 1390 1314 1419; x_wconf 87' lang='lat' dir='ltr'>senior</span> 
     </span>
     <span class='ocr_line' id='line_1_21' title="bbox 408 1439 1313 1481; baseline -0.003 -10"><span class='ocrx_word' id='word_1_132' title='bbox 408 1443 555 1481; x_wconf 88' lang='lat' dir='ltr'>magister</span> <span class='ocrx_word' id='word_1_133' title='bbox 577 1441 715 1470; x_wconf 85' lang='lat' dir='ltr'>nacionis</span> <span class='ocrx_word' id='word_1_134' title='bbox 743 1451 804 1469; x_wconf 90' lang='lat' dir='ltr'>non</span> <span class='ocrx_word' id='word_1_135' title='bbox 833 1450 956 1480; x_wconf 86' lang='lat' dir='ltr'>regens,</span> <span class='ocrx_word' id='word_1_136' title='bbox 983 1447 1013 1469; x_wconf 91' lang='lat' dir='ltr'>et</span> <span class='ocrx_word' id='word_1_137' title='bbox 1038 1441 1098 1469; x_wconf 93' lang='lat' dir='ltr'>duo</span> <span class='ocrx_word' id='word_1_138' title='bbox 1123 1439 1313 1478; x_wconf 81' lang='lat' dir='ltr'>antiquiores</span> 
     </span>
     <span class='ocr_line' id='line_1_22' title="bbox 408 1488 1313 1531; baseline -0.004 -11"><span class='ocrx_word' id='word_1_139' title='bbox 408 1498 563 1531; x_wconf 84' lang='lat' dir='ltr'>regentes.</span> <span class='ocrx_word' id='word_1_140' title='bbox 576 1493 613 1519; x_wconf 85' lang='lat' dir='ltr'>Et</span> <span class='ocrx_word' id='word_1_141' title='bbox 633 1496 719 1519; x_wconf 90' lang='lat' dir='ltr'>erant</span> <span class='ocrx_word' id='word_1_142' title='bbox 734 1490 784 1518; x_wconf 88' lang='lat' dir='ltr'>isti</span> <span class='ocrx_word' id='word_1_143' title='bbox 799 1496 930 1529; x_wconf 89' lang='lat' dir='ltr'>quatuor</span> <span class='ocrx_word' id='word_1_144' title='bbox 945 1501 951 1518; x_wconf 77' lang='lat' dir='ltr'><em>z</em></span> <span class='ocrx_word' id='word_1_145' title='bbox 967 1489 1114 1528; x_wconf 85' lang='lat' dir='ltr'>magister</span> <span class='ocrx_word' id='word_1_146' title='bbox 1130 1488 1260 1528; x_wconf 86' lang='lat' dir='ltr'>Egidius</span> <span class='ocrx_word' id='word_1_147' title='bbox 1275 1488 1313 1517; x_wconf 88' lang='lat' dir='ltr'>de</span> 
     </span>
     <span class='ocr_line' id='line_1_23' title="bbox 407 1537 1312 1578; baseline -0.004 -9"><span class='ocrx_word' id='word_1_148' title='bbox 407 1541 523 1570; x_wconf 82' lang='lat' dir='ltr'>Jutfaes</span> <span class='ocrx_word' id='word_1_149' title='bbox 536 1547 678 1578; x_wconf 84' lang='lat' dir='ltr'>tanquam</span> <span class='ocrx_word' id='word_1_150' title='bbox 696 1545 847 1578; x_wconf 89' lang='lat' dir='ltr'>receptor,</span> <span class='ocrx_word' id='word_1_151' title='bbox 861 1538 1007 1578; x_wconf 89' lang='lat' dir='ltr'>magister</span> <span class='ocrx_word' id='word_1_152' title='bbox 1019 1537 1236 1567; x_wconf 76' lang='lat' dir='ltr'>Com-ardus...</span> <span class='ocrx_word' id='word_1_153' title='bbox 1251 1537 1312 1576; x_wconf 74' lang='lat' dir='ltr'>(sic)</span> 
     </span>
     <span class='ocr_line' id='line_1_24' title="bbox 409 1586 1313 1628; baseline -0.003 -10"><span class='ocrx_word' id='word_1_154' title='bbox 409 1596 551 1628; x_wconf 87' lang='lat' dir='ltr'>tanquam</span> <span class='ocrx_word' id='word_1_155' title='bbox 574 1588 679 1617; x_wconf 88' lang='lat' dir='ltr'>senior</span> <span class='ocrx_word' id='word_1_156' title='bbox 702 1598 763 1616; x_wconf 91' lang='lat' dir='ltr'>non</span> <span class='ocrx_word' id='word_1_157' title='bbox 789 1597 912 1627; x_wconf 83' lang='lat' dir='ltr'>regens,</span> <span class='ocrx_word' id='word_1_158' title='bbox 936 1587 1082 1627; x_wconf 87' lang='lat' dir='ltr'>magister</span> <span class='ocrx_word' id='word_1_159' title='bbox 1101 1586 1254 1616; x_wconf 88' lang='lat' dir='ltr'>Henricus</span> <span class='ocrx_word' id='word_1_160' title='bbox 1276 1586 1313 1615; x_wconf 86' lang='lat' dir='ltr'>de</span> 
     </span>
     <span class='ocr_line' id='line_1_25' title="bbox 409 1635 1315 1676; baseline -0.003 -9"><span class='ocrx_word' id='word_1_161' title='bbox 409 1638 576 1672; x_wconf 83' lang='lat' dir='ltr'>Aernhem,</span> <span class='ocrx_word' id='word_1_162' title='bbox 610 1637 662 1676; x_wconf 94' lang='lat' dir='ltr'>qui</span> <span class='ocrx_word' id='word_1_163' title='bbox 693 1643 763 1665; x_wconf 88' lang='lat' dir='ltr'>tunc</span> <span class='ocrx_word' id='word_1_164' title='bbox 793 1643 857 1665; x_wconf 87' lang='lat' dir='ltr'>erat</span> <span class='ocrx_word' id='word_1_165' title='bbox 890 1643 992 1665; x_wconf 88' lang='lat' dir='ltr'>rector</span> <span class='ocrx_word' id='word_1_166' title='bbox 1023 1635 1252 1670; x_wconf 82' lang='lat' dir='ltr'>Universitatis,</span> <span class='ocrx_word' id='word_1_167' title='bbox 1285 1641 1315 1664; x_wconf 86' lang='lat' dir='ltr'>et</span> 
     </span>
     <span class='ocr_line' id='line_1_26' title="bbox 410 1684 1314 1726; baseline -0.003 -10"><span class='ocrx_word' id='word_1_168' title='bbox 410 1687 557 1726; x_wconf 87' lang='lat' dir='ltr'>magister</span> <span class='ocrx_word' id='word_1_169' title='bbox 587 1685 732 1715; x_wconf 87' lang='lat' dir='ltr'>Nicolaus</span> <span class='ocrx_word' id='word_1_170' title='bbox 764 1685 915 1714; x_wconf 88' lang='lat' dir='ltr'>Gameren</span> <span class='ocrx_word' id='word_1_171' title='bbox 946 1692 1089 1724; x_wconf 80' lang='lat' dir='ltr'>tanquam</span> <span class='ocrx_word' id='word_1_172' title='bbox 1124 1684 1314 1724; x_wconf 83' lang='lat' dir='ltr'>antiquiores</span> 
     </span>
     <span class='ocr_line' id='line_1_27' title="bbox 411 1734 1315 1775; baseline -0.003 -10"><span class='ocrx_word' id='word_1_173' title='bbox 411 1742 566 1775; x_wconf 87' lang='lat' dir='ltr'>regentes.</span> <span class='ocrx_word' id='word_1_174' title='bbox 586 1735 646 1764; x_wconf 90' lang='lat' dir='ltr'>Sed</span> <span class='ocrx_word' id='word_1_175' title='bbox 662 1735 901 1763; x_wconf 86' lang='lat' dir='ltr'>distribuciones</span> <span class='ocrx_word' id='word_1_176' title='bbox 912 1734 1062 1763; x_wconf 88' lang='lat' dir='ltr'>mensium</span> <span class='ocrx_word' id='word_1_177' title='bbox 1077 1744 1135 1773; x_wconf 89' lang='lat' dir='ltr'>pro</span> <span class='ocrx_word' id='word_1_178' title='bbox 1147 1740 1217 1762; x_wconf 92' lang='lat' dir='ltr'>tunc</span> <span class='ocrx_word' id='word_1_179' title='bbox 1229 1739 1315 1762; x_wconf 88' lang='lat' dir='ltr'>erant</span> 
     </span>
     <span class='ocr_line' id='line_1_28' title="bbox 411 1782 1313 1823; baseline -0.002 -10"><span class='ocrx_word' id='word_1_180' title='bbox 411 1785 503 1814; x_wconf 87' lang='lat' dir='ltr'>dilate</span> <span class='ocrx_word' id='word_1_181' title='bbox 526 1794 623 1823; x_wconf 88' lang='lat' dir='ltr'>usque</span> <span class='ocrx_word' id='word_1_182' title='bbox 647 1785 684 1812; x_wconf 92' lang='lat' dir='ltr'>ad</span> <span class='ocrx_word' id='word_1_183' title='bbox 713 1783 840 1822; x_wconf 83' lang='lat' dir='ltr'>primam</span> <span class='ocrx_word' id='word_1_184' title='bbox 863 1783 1138 1822; x_wconf 87' lang='lat' dir='ltr'>congregacionem</span> <span class='ocrx_word' id='word_1_185' title='bbox 1163 1782 1313 1817; x_wconf 77' lang='lat' dir='ltr'>nacionis,</span> 
     </span>
     <span class='ocr_line' id='line_1_29' title="bbox 412 1833 866 1873; baseline -0.004 -10"><span class='ocrx_word' id='word_1_186' title='bbox 412 1834 483 1873; x_wconf 85' lang='lat' dir='ltr'>quia</span> <span class='ocrx_word' id='word_1_187' title='bbox 498 1833 600 1862; x_wconf 91' lang='lat' dir='ltr'>nullus</span> <span class='ocrx_word' id='word_1_188' title='bbox 617 1843 650 1862; x_wconf 90' lang='lat' dir='ltr'>se</span> <span class='ocrx_word' id='word_1_189' title='bbox 668 1833 866 1872; x_wconf 82' lang='lat' dir='ltr'>presentavit.</span> 
     </span>
    </p>

    <p class='ocr_par' dir='ltr' id='par_1_6' title="bbox 410 1880 1316 2458">
     <span class='ocr_line' id='line_1_30' title="bbox 451 1880 1313 1922; baseline -0.003 -10"><span class='ocrx_word' id='word_1_190' title='bbox 451 1883 551 1922; x_wconf 86' lang='lat' dir='ltr'>Super</span> <span class='ocrx_word' id='word_1_191' title='bbox 562 1883 593 1911; x_wconf 81' lang='grc' dir='ltr'>3ο</span> <span class='ocrx_word' id='word_1_192' title='bbox 603 1881 731 1911; x_wconf 90' lang='lat' dir='ltr'>articulo</span> <span class='ocrx_word' id='word_1_193' title='bbox 742 1881 917 1920; x_wconf 84' lang='lat' dir='ltr'>principali,</span> <span class='ocrx_word' id='word_1_194' title='bbox 927 1880 1014 1920; x_wconf 90' lang='lat' dir='ltr'>cujus</span> <span class='ocrx_word' id='word_1_195' title='bbox 1026 1881 1083 1910; x_wconf 90' lang='lat' dir='ltr'>tria</span> <span class='ocrx_word' id='word_1_196' title='bbox 1094 1887 1181 1910; x_wconf 91' lang='lat' dir='ltr'>erant</span> <span class='ocrx_word' id='word_1_197' title='bbox 1192 1886 1313 1919; x_wconf 88' lang='lat' dir='ltr'>puncta,</span> 
     </span>
     <span class='ocr_line' id='line_1_31' title="bbox 410 1930 1316 1969; baseline -0.002 -9"><span class='ocrx_word' id='word_1_198' title='bbox 410 1932 610 1961; x_wconf 89' lang='lat' dir='ltr'>deliberatum</span> <span class='ocrx_word' id='word_1_199' title='bbox 635 1931 690 1959; x_wconf 86' lang='lat' dir='ltr'>fuit</span> <span class='ocrx_word' id='word_1_200' title='bbox 717 1930 927 1965; x_wconf 86' lang='lat' dir='ltr'>concorditer,</span> <span class='ocrx_word' id='word_1_201' title='bbox 954 1930 1055 1969; x_wconf 90' lang='lat' dir='ltr'>primo</span> <span class='ocrx_word' id='word_1_202' title='bbox 1082 1940 1176 1968; x_wconf 87' lang='lat' dir='ltr'>super</span> <span class='ocrx_word' id='word_1_203' title='bbox 1203 1935 1316 1969; x_wconf 88' lang='lat' dir='ltr'>puncto</span> 
     </span>
     <span class='ocr_line' id='line_1_32' title="bbox 410 1978 1316 2020; baseline -0.002 -11"><span class='ocrx_word' id='word_1_204' title='bbox 410 1981 510 2020; x_wconf 91' lang='lat' dir='ltr'>primo</span> <span class='ocrx_word' id='word_1_205' title='bbox 522 1981 605 2019; x_wconf 94' lang='lat' dir='ltr'>quod</span> <span class='ocrx_word' id='word_1_206' title='bbox 615 1979 876 2018; x_wconf 85' lang='lat' dir='ltr'>fieretdiligencia</span> <span class='ocrx_word' id='word_1_207' title='bbox 886 1989 944 2018; x_wconf 91' lang='lat' dir='ltr'>que</span> <span class='ocrx_word' id='word_1_208' title='bbox 955 1979 1020 2008; x_wconf 87' lang='lat' dir='ltr'>fieri</span> <span class='ocrx_word' id='word_1_209' title='bbox 1032 1979 1146 2018; x_wconf 89' lang='lat' dir='ltr'>poterit</span> <span class='ocrx_word' id='word_1_210' title='bbox 1156 1980 1191 2007; x_wconf 88' lang='lat' dir='ltr'>ad</span> <span class='ocrx_word' id='word_1_211' title='bbox 1204 1978 1316 2007; x_wconf 87' lang='lat' dir='ltr'>haben-</span> 
     </span>
     <span class='ocr_line' id='line_1_33' title="bbox 411 2027 1316 2068; baseline -0.003 -10"><span class='ocrx_word' id='word_1_212' title='bbox 411 2031 481 2058; x_wconf 90' lang='lat' dir='ltr'>dum</span> <span class='ocrx_word' id='word_1_213' title='bbox 496 2029 641 2068; x_wconf 84' lang='lat' dir='ltr'>pecunias</span> <span class='ocrx_word' id='word_1_214' title='bbox 655 2029 692 2057; x_wconf 92' lang='lat' dir='ltr'>de</span> <span class='ocrx_word' id='word_1_215' title='bbox 707 2028 758 2057; x_wconf 86' lang='lat' dir='ltr'>illa</span> <span class='ocrx_word' id='word_1_216' title='bbox 772 2029 861 2057; x_wconf 92' lang='lat' dir='ltr'>domo</span> <span class='ocrx_word' id='word_1_217' title='bbox 876 2029 918 2056; x_wconf 82' lang='lat' dir='ltr'>ad</span> <span class='ocrx_word' id='word_1_218' title='bbox 930 2039 1019 2056; x_wconf 77' lang='lat' dir='ltr'>cornu</span> <span class='ocrx_word' id='word_1_219' title='bbox 1035 2029 1112 2056; x_wconf 77' lang='lat' dir='ltr'>cer-vi</span> <span class='ocrx_word' id='word_1_220' title='bbox 1124 2037 1181 2066; x_wconf 91' lang='lat' dir='ltr'>pro</span> <span class='ocrx_word' id='word_1_221' title='bbox 1197 2027 1316 2056; x_wconf 90' lang='lat' dir='ltr'>edifica-</span> 
     </span>
     <span class='ocr_line' id='line_1_34' title="bbox 412 2077 1316 2116; baseline -0.002 -9"><span class='ocrx_word' id='word_1_222' title='bbox 412 2079 499 2107; x_wconf 88' lang='lat' dir='ltr'>cione</span> <span class='ocrx_word' id='word_1_223' title='bbox 513 2078 663 2108; x_wconf 89' lang='lat' dir='ltr'>scolarum</span> <span class='ocrx_word' id='word_1_224' title='bbox 679 2085 787 2116; x_wconf 81' lang='lat' dir='ltr'>septem</span> <span class='ocrx_word' id='word_1_225' title='bbox 804 2079 930 2110; x_wconf 80' lang='lat' dir='ltr'>arcium,</span> <span class='ocrx_word' id='word_1_226' title='bbox 945 2083 975 2106; x_wconf 92' lang='lat' dir='ltr'>et</span> <span class='ocrx_word' id='word_1_227' title='bbox 990 2077 1047 2106; x_wconf 92' lang='lat' dir='ltr'>hoc</span> <span class='ocrx_word' id='word_1_228' title='bbox 1062 2087 1118 2116; x_wconf 90' lang='lat' dir='ltr'>per</span> <span class='ocrx_word' id='word_1_229' title='bbox 1133 2086 1239 2105; x_wconf 88' lang='lat' dir='ltr'>omnes</span> <span class='ocrx_word' id='word_1_230' title='bbox 1253 2087 1316 2105; x_wconf 88' lang='lat' dir='ltr'>ma-</span> 
     </span>
     <span class='ocr_line' id='line_1_35' title="bbox 411 2125 1316 2168; baseline -0.003 -12"><span class='ocrx_word' id='word_1_231' title='bbox 411 2128 527 2168; x_wconf 86' lang='lat' dir='ltr'>gistros</span> <span class='ocrx_word' id='word_1_232' title='bbox 541 2133 570 2156; x_wconf 85' lang='lat' dir='ltr'>et</span> <span class='ocrx_word' id='word_1_233' title='bbox 585 2137 642 2166; x_wconf 89' lang='lat' dir='ltr'>per</span> <span class='ocrx_word' id='word_1_234' title='bbox 659 2126 826 2165; x_wconf 88' lang='lat' dir='ltr'>quemlibet</span> <span class='ocrx_word' id='word_1_235' title='bbox 841 2126 871 2154; x_wconf 91' lang='lat' dir='ltr'>in</span> <span class='ocrx_word' id='word_1_236' title='bbox 887 2126 1028 2154; x_wconf 87' lang='lat' dir='ltr'>solidum.</span> <span class='ocrx_word' id='word_1_237' title='bbox 1046 2125 1147 2164; x_wconf 89' lang='lat' dir='ltr'>Super</span> <span class='ocrx_word' id='word_1_238' title='bbox 1159 2126 1190 2153; x_wconf 88' lang='lat'>2⁰</span> <span class='ocrx_word' id='word_1_239' title='bbox 1201 2132 1316 2164; x_wconf 88' lang='lat' dir='ltr'>puncto</span> 
     </span>
     <span class='ocr_line' id='line_1_36' title="bbox 412 2175 1316 2215; baseline -0.003 -10"><span class='ocrx_word' id='word_1_240' title='bbox 412 2176 548 2215; x_wconf 87' lang='lat' dir='ltr'>ejusdem</span> <span class='ocrx_word' id='word_1_241' title='bbox 562 2175 682 2204; x_wconf 84' lang='lat' dir='ltr'>articuli</span> <span class='ocrx_word' id='word_1_242' title='bbox 696 2181 840 2214; x_wconf 91' lang='lat' dir='ltr'>quantum</span> <span class='ocrx_word' id='word_1_243' title='bbox 855 2175 891 2203; x_wconf 89' lang='lat' dir='ltr'>ad</span> <span class='ocrx_word' id='word_1_244' title='bbox 907 2175 994 2203; x_wconf 83' lang='lat' dir='ltr'>aliam</span> <span class='ocrx_word' id='word_1_245' title='bbox 1008 2175 1129 2203; x_wconf 90' lang='lat' dir='ltr'>domum</span> <span class='ocrx_word' id='word_1_246' title='bbox 1144 2175 1186 2202; x_wconf 87' lang='lat' dir='ltr'>ad</span> <span class='ocrx_word' id='word_1_247' title='bbox 1196 2176 1316 2213; x_wconf 80' lang='lat' dir='ltr'>ymagi-</span> 
     </span>
     <span class='ocr_line' id='line_1_37' title="bbox 412 2223 1316 2263; baseline -0.003 -9"><span class='ocrx_word' id='word_1_248' title='bbox 412 2236 475 2254; x_wconf 85' lang='lat' dir='ltr'>nem</span> <span class='ocrx_word' id='word_1_249' title='bbox 493 2225 576 2253; x_wconf 79' lang='lat' dir='ltr'>beate</span> <span class='ocrx_word' id='word_1_250' title='bbox 599 2226 724 2263; x_wconf 79' lang='lat' dir='ltr'>Virginis</span> <span class='ocrx_word' id='word_1_251' title='bbox 739 2230 825 2252; x_wconf 90' lang='lat' dir='ltr'>erant</span> <span class='ocrx_word' id='word_1_252' title='bbox 841 2224 977 2262; x_wconf 87' lang='lat' dir='ltr'>deputati</span> <span class='ocrx_word' id='word_1_253' title='bbox 994 2223 1067 2258; x_wconf 82' lang='lat' dir='ltr'>dati,</span> <span class='ocrx_word' id='word_1_254' title='bbox 1085 2223 1202 2252; x_wconf 90' lang='lat' dir='ltr'>scilicet</span> <span class='ocrx_word' id='word_1_255' title='bbox 1217 2223 1316 2252; x_wconf 91' lang='lat' dir='ltr'>domi-</span> 
     </span>
     <span class='ocr_line' id='line_1_38' title="bbox 412 2271 1316 2313; baseline -0.003 -10"><span class='ocrx_word' id='word_1_256' title='bbox 412 2285 469 2303; x_wconf 88' lang='lat' dir='ltr'>nus</span> <span class='ocrx_word' id='word_1_257' title='bbox 486 2280 678 2313; x_wconf 83' lang='lat' dir='ltr'>procurator,</span> <span class='ocrx_word' id='word_1_258' title='bbox 692 2273 838 2312; x_wconf 82' lang='lat' dir='ltr'>magister</span> <span class='ocrx_word' id='word_1_259' title='bbox 852 2273 1008 2301; x_wconf 85' lang='lat' dir='ltr'>Johannes</span> <span class='ocrx_word' id='word_1_260' title='bbox 1024 2273 1061 2301; x_wconf 88' lang='lat' dir='ltr'>de</span> <span class='ocrx_word' id='word_1_261' title='bbox 1077 2271 1234 2306; x_wconf 85' lang='lat' dir='ltr'>Austria⁴‚</span> <span class='ocrx_word' id='word_1_262' title='bbox 1252 2282 1316 2301; x_wconf 87' lang='lat' dir='ltr'>ma-</span> 
     </span>
     <span class='ocr_line' id='line_1_39' title="bbox 412 2321 1316 2363; baseline -0.002 -12"><span class='ocrx_word' id='word_1_263' title='bbox 412 2324 510 2363; x_wconf 86' lang='lat' dir='ltr'>gister</span> <span class='ocrx_word' id='word_1_264' title='bbox 523 2322 651 2362; x_wconf 87' lang='lat' dir='ltr'>Egidius</span> <span class='ocrx_word' id='word_1_265' title='bbox 666 2323 703 2350; x_wconf 91' lang='lat' dir='ltr'>de</span> <span class='ocrx_word' id='word_1_266' title='bbox 720 2322 847 2355; x_wconf 88' lang='lat' dir='ltr'>Jutfaes,</span> <span class='ocrx_word' id='word_1_267' title='bbox 861 2328 889 2350; x_wconf 88' lang='lat' dir='ltr'>et</span> <span class='ocrx_word' id='word_1_268' title='bbox 903 2322 1047 2361; x_wconf 85' lang='lat' dir='ltr'>magister</span> <span class='ocrx_word' id='word_1_269' title='bbox 1063 2321 1205 2350; x_wconf 79' lang='lat' dir='ltr'>Galterus</span> <span class='ocrx_word' id='word_1_270' title='bbox 1225 2321 1316 2350; x_wconf 89' lang='lat' dir='ltr'>Fore-</span> 
     </span>
     <span class='ocr_line' id='line_1_40' title="bbox 413 2370 1316 2410; baseline -0.003 -9"><span class='ocrx_word' id='word_1_271' title='bbox 413 2372 515 2406; x_wconf 88' lang='lat' dir='ltr'>starii,</span> <span class='ocrx_word' id='word_1_272' title='bbox 541 2372 593 2410; x_wconf 89' lang='lat' dir='ltr'>qui</span> <span class='ocrx_word' id='word_1_273' title='bbox 622 2371 769 2399; x_wconf 88' lang='lat' dir='ltr'>haherent</span> <span class='ocrx_word' id='word_1_274' title='bbox 788 2371 974 2398; x_wconf 90' lang='lat' dir='ltr'>concordare</span> <span class='ocrx_word' id='word_1_275' title='bbox 997 2380 1063 2399; x_wconf 90' lang='lat' dir='ltr'>cum</span> <span class='ocrx_word' id='word_1_276' title='bbox 1084 2370 1136 2398; x_wconf 89' lang='lat' dir='ltr'>illo</span> <span class='ocrx_word' id='word_1_277' title='bbox 1156 2370 1316 2409; x_wconf 90' lang='lat' dir='ltr'>preposito</span> 
     </span>
     <span class='ocr_line' id='line_1_41' title="bbox 413 2419 1274 2458; baseline -0.002 -9"><span class='ocrx_word' id='word_1_278' title='bbox 413 2421 542 2450; x_wconf 84' lang='lat' dir='ltr'>ecclesie</span> <span class='ocrx_word' id='word_1_279' title='bbox 561 2419 755 2453; x_wconf 89' lang='lat' dir='ltr'>Scharensis,</span> <span class='ocrx_word' id='word_1_280' title='bbox 771 2419 823 2458; x_wconf 94' lang='lat' dir='ltr'>qui</span> <span class='ocrx_word' id='word_1_281' title='bbox 841 2419 951 2448; x_wconf 87' lang='lat' dir='ltr'>dictam</span> <span class='ocrx_word' id='word_1_282' title='bbox 968 2420 1089 2447; x_wconf 90' lang='lat' dir='ltr'>domum</span> <span class='ocrx_word' id='word_1_283' title='bbox 1107 2420 1274 2458; x_wconf 90' lang='lat' dir='ltr'>repetebat.</span> 
     </span>
    </p>

    <p class='ocr_par' dir='ltr' id='par_1_7' title="bbox 414 2467 1318 2654">
     <span class='ocr_line' id='line_1_42' title="bbox 454 2467 1316 2508; baseline -0.002 -10"><span class='ocrx_word' id='word_1_284' title='bbox 454 2470 554 2508; x_wconf 90' lang='lat' dir='ltr'>Super</span> <span class='ocrx_word' id='word_1_285' title='bbox 569 2470 599 2498; x_wconf 82' lang='lat'>3⁰</span> <span class='ocrx_word' id='word_1_286' title='bbox 617 2475 731 2508; x_wconf 92' lang='lat' dir='ltr'>puncto</span> <span class='ocrx_word' id='word_1_287' title='bbox 747 2474 776 2496; x_wconf 90' lang='lat' dir='ltr'>et</span> <span class='ocrx_word' id='word_1_288' title='bbox 789 2467 951 2507; x_wconf 90' lang='lat' dir='ltr'>principali</span> <span class='ocrx_word' id='word_1_289' title='bbox 964 2467 1098 2507; x_wconf 89' lang='lat' dir='ltr'>ejusdem</span> <span class='ocrx_word' id='word_1_290' title='bbox 1111 2468 1230 2496; x_wconf 83' lang='lat' dir='ltr'>articuli</span> <span class='ocrx_word' id='word_1_291' title='bbox 1242 2467 1316 2496; x_wconf 92' lang='lat' dir='ltr'>deli-</span> 
     </span>
     <span class='ocr_line' id='line_1_43' title="bbox 414 2517 1316 2555; baseline -0.002 -8"><span class='ocrx_word' id='word_1_292' title='bbox 414 2520 550 2547; x_wconf 87' lang='lat' dir='ltr'>beratum</span> <span class='ocrx_word' id='word_1_293' title='bbox 567 2518 622 2547; x_wconf 83' lang='lat' dir='ltr'>suit</span> <span class='ocrx_word' id='word_1_294' title='bbox 639 2517 834 2546; x_wconf 90' lang='lat' dir='ltr'>concorditer</span> <span class='ocrx_word' id='word_1_295' title='bbox 852 2517 934 2545; x_wconf 92' lang='lat' dir='ltr'>nullo</span> <span class='ocrx_word' id='word_1_296' title='bbox 954 2517 1192 2551; x_wconf 90' lang='lat' dir='ltr'>contradicente,</span> <span class='ocrx_word' id='word_1_297' title='bbox 1208 2523 1238 2545; x_wconf 87' lang='lat' dir='ltr'>et</span> <span class='ocrx_word' id='word_1_298' title='bbox 1261 2527 1316 2555; x_wconf 89' lang='lat' dir='ltr'>pro</span> 
     </span>
     <span class='ocr_line' id='line_1_44' title="bbox 414 2564 1318 2604; baseline -0.002 -9"><span class='ocrx_word' id='word_1_299' title='bbox 414 2573 485 2595; x_wconf 89' lang='lat' dir='ltr'>tunc</span> <span class='ocrx_word' id='word_1_300' title='bbox 506 2566 698 2600; x_wconf 85' lang='lat' dir='ltr'>conclusum,</span> <span class='ocrx_word' id='word_1_301' title='bbox 718 2566 800 2604; x_wconf 88' lang='lat' dir='ltr'>quod</span> <span class='ocrx_word' id='word_1_302' title='bbox 821 2565 964 2594; x_wconf 87' lang='lat' dir='ltr'>dominus</span> <span class='ocrx_word' id='word_1_303' title='bbox 989 2571 1172 2603; x_wconf 88' lang='lat' dir='ltr'>procurator</span> <span class='ocrx_word' id='word_1_304' title='bbox 1191 2564 1318 2593; x_wconf 88' lang='lat' dir='ltr'>haberet</span> 
     </span>
     <span class='ocr_line' id='line_1_45' title="bbox 415 2614 1316 2654; baseline -0.003 -10"><span class='ocrx_word' id='word_1_305' title='bbox 415 2616 572 2654; x_wconf 88' lang='lat' dir='ltr'>requirere</span> <span class='ocrx_word' id='word_1_306' title='bbox 584 2615 739 2644; x_wconf 90' lang='lat' dir='ltr'>dominum</span> <span class='ocrx_word' id='word_1_307' title='bbox 754 2620 915 2648; x_wconf 88' lang='lat' dir='ltr'>rectorem,</span> <span class='ocrx_word' id='word_1_308' title='bbox 925 2614 1006 2652; x_wconf 88' lang='lat' dir='ltr'>quod</span> <span class='ocrx_word' id='word_1_309' title='bbox 1019 2614 1130 2642; x_wconf 84' lang='lat' dir='ltr'>faceret</span> <span class='ocrx_word' id='word_1_310' title='bbox 1145 2623 1233 2642; x_wconf 91' lang='lat' dir='ltr'>unam</span> <span class='ocrx_word' id='word_1_311' title='bbox 1247 2623 1316 2642; x_wconf 91' lang='lat' dir='ltr'>con-</span> 
     </span>
    </p>
   </div>
   <div class='ocr_carea' id='block_1_3' title="bbox 415 2715 1318 2996">
    <p class='ocr_par' dir='ltr' id='par_1_8' title="bbox 415 2715 1317 2783">
     <span class='ocr_line' id='line_1_46' title="bbox 446 2715 1317 2748; baseline -0.002 -8"><span class='ocrx_word' id='word_1_312' title='bbox 446 2718 467 2739; x_wconf 92' lang='grc'>1.</span> <span class='ocrx_word' id='word_1_313' title='bbox 502 2718 541 2740; x_wconf 70' lang='lat' dir='ltr'>Ex</span> <span class='ocrx_word' id='word_1_314' title='bbox 560 2725 609 2748; x_wconf 85' lang='lat' dir='ltr'>quo</span> <span class='ocrx_word' id='word_1_315' title='bbox 628 2719 743 2748; x_wconf 78' lang='lat' dir='ltr'>apparel,</span> <span class='ocrx_word' id='word_1_316' title='bbox 759 2716 904 2739; x_wconf 79' lang='lat' dir='ltr'>Johannem</span> <span class='ocrx_word' id='word_1_317' title='bbox 922 2715 1063 2746; x_wconf 81' lang='lat' dir='ltr'>Mullinger</span> <span class='ocrx_word' id='word_1_318' title='bbox 1079 2715 1109 2738; x_wconf 81' lang='lat' dir='ltr'>dc</span> <span class='ocrx_word' id='word_1_319' title='bbox 1130 2715 1234 2738; x_wconf 81' lang='lat' dir='ltr'>Austria</span> <span class='ocrx_word' id='word_1_320' title='bbox 1247 2724 1259 2738; x_wconf 80' lang='lat' dir='ltr'>e</span> <span class='ocrx_word' id='word_1_321' title='bbox 1271 2723 1317 2738; x_wconf 70' lang='lat' dir='ltr'>sua</span> 
     </span>
     <span class='ocr_line' id='line_1_47' title="bbox 415 2750 1165 2783; baseline -0.003 -8"><span class='ocrx_word' id='word_1_322' title='bbox 415 2752 541 2783; x_wconf 76' lang='lat' dir='ltr'>legatione</span> <span class='ocrx_word' id='word_1_323' title='bbox 555 2753 580 2775; x_wconf 84' lang='grc' dir='ltr'>ἰιι</span> <span class='ocrx_word' id='word_1_324' title='bbox 592 2752 769 2775; x_wconf 80' lang='grc' dir='ltr'>Αίειηαιιηίαηι</span> <span class='ocrx_word' id='word_1_325' title='bbox 783 2751 894 2775; x_wconf 69' lang='lat' dir='ltr'>Parisios</span> <span class='ocrx_word' id='word_1_326' title='bbox 900 2750 957 2782; x_wconf 86' lang='lat' dir='ltr'>jam</span> <span class='ocrx_word' id='word_1_327' title='bbox 967 2759 1092 2774; x_wconf 69' lang='lat' dir='ltr'>reversum</span> <span class='ocrx_word' id='word_1_328' title='bbox 1103 2759 1165 2773; x_wconf 67' lang='lat' dir='ltr'>esse.</span> 
     </span>
    </p>

    <p class='ocr_par' dir='ltr' id='par_1_9' title="bbox 416 2786 1318 2996">
     <span class='ocr_line' id='line_1_48' title="bbox 447 2786 1318 2818; baseline 0 -8"><span class='ocrx_word' id='word_1_329' title='bbox 447 2789 468 2812; x_wconf 80' lang='lat'>2.</span> <span class='ocrx_word' id='word_1_330' title='bbox 504 2788 635 2811; x_wconf 76' lang='lat' dir='ltr'>Gerar-dus</span> <span class='ocrx_word' id='word_1_331' title='bbox 655 2788 783 2818; x_wconf 77' lang='lat' dir='ltr'>Meynaldi</span> <span class='ocrx_word' id='word_1_332' title='bbox 802 2787 833 2810; x_wconf 87' lang='lat' dir='ltr'>de</span> <span class='ocrx_word' id='word_1_333' title='bbox 852 2787 1002 2814; x_wconf 82' lang='lat' dir='ltr'>Davuntriu,</span> <span class='ocrx_word' id='word_1_334' title='bbox 1015 2794 1058 2810; x_wconf 84' lang='lat' dir='ltr'>an.</span> <span class='ocrx_word' id='word_1_335' title='bbox 1075 2786 1133 2809; x_wconf 83' lang='lat'>1391</span> <span class='ocrx_word' id='word_1_336' title='bbox 1149 2786 1173 2809; x_wconf 85' lang='lat' dir='ltr'>in</span> <span class='ocrx_word' id='word_1_337' title='bbox 1192 2786 1318 2810; x_wconf 60' lang='lat' dir='ltr'>Universa·-</span> 
     </span>
     <span class='ocr_line' id='line_1_49' title="bbox 416 2822 1318 2849; baseline -0.001 -4"><span class='ocrx_word' id='word_1_338' title='bbox 416 2825 466 2845; x_wconf 74' lang='grc' dir='ltr'>ίηίε</span> <span class='ocrx_word' id='word_1_339' title='bbox 488 2824 575 2847; x_wconf 81' lang='lat' dir='ltr'>Colon.</span> <span class='ocrx_word' id='word_1_340' title='bbox 596 2824 741 2847; x_wconf 73' lang='lat' dir='ltr'>intitulatus</span> <span class='ocrx_word' id='word_1_341' title='bbox 758 2826 803 2846; x_wconf 71' lang='lat' dir='ltr'>eat.</span> <span class='ocrx_word' id='word_1_342' title='bbox 830 2822 883 2846; x_wconf 81' lang='lat' dir='ltr'>Vid.</span> <span class='ocrx_word' id='word_1_343' title='bbox 907 2823 1043 2849; x_wconf 71' lang='lat' dir='ltr'>KEUSSEN,</span> <span class='ocrx_word' id='word_1_344' title='bbox 1065 2822 1110 2845; x_wconf 84' lang='lat' dir='ltr'>Die</span> <span class='ocrx_word' id='word_1_345' title='bbox 1131 2822 1251 2845; x_wconf 82' lang='lat' dir='ltr'>Matrikel</span> <span class='ocrx_word' id='word_1_346' title='bbox 1271 2822 1318 2845; x_wconf 90' lang='lat' dir='ltr'>der</span> 
     </span>
     <span class='ocr_line' id='line_1_50' title="bbox 417 2857 1318 2889; baseline -0.001 -9"><span class='ocrx_word' id='word_1_347' title='bbox 417 2859 578 2881; x_wconf 75' lang='lat' dir='ltr'>Universimt</span> <span class='ocrx_word' id='word_1_348' title='bbox 596 2859 669 2888; x_wconf 77' lang='grc' dir='ltr'>ΚϋῙη,</span> <span class='ocrx_word' id='word_1_349' title='bbox 688 2859 707 2886; x_wconf 81' lang='grc' dir='ltr'>Ι,</span> <span class='ocrx_word' id='word_1_350' title='bbox 722 2860 760 2881; x_wconf 83' lang='lat'>50.</span> <span class='ocrx_word' id='word_1_351' title='bbox 778 2860 806 2881; x_wconf 86' lang='lat' dir='ltr'>In</span> <span class='ocrx_word' id='word_1_352' title='bbox 826 2860 886 2881; x_wconf 83' lang='lat' dir='ltr'>nota</span> <span class='ocrx_word' id='word_1_353' title='bbox 906 2860 990 2880; x_wconf 81' lang='lat' dir='ltr'>tamen</span> <span class='ocrx_word' id='word_1_354' title='bbox 1006 2857 1173 2889; x_wconf 82' lang='lat' dir='ltr'>confunditur</span> <span class='ocrx_word' id='word_1_355' title='bbox 1190 2866 1244 2879; x_wconf 85' lang='lat' dir='ltr'>cum</span> <span class='ocrx_word' id='word_1_356' title='bbox 1266 2857 1318 2880; x_wconf 82' lang='lat' dir='ltr'>alio</span> 
     </span>
     <span class='ocr_line' id='line_1_51' title="bbox 416 2892 1317 2925; baseline -0.002 -8"><span class='ocrx_word' id='word_1_357' title='bbox 416 2893 532 2917; x_wconf 69' lang='lat' dir='ltr'>Germ—do</span> <span class='ocrx_word' id='word_1_358' title='bbox 542 2894 732 2925; x_wconf 78' lang='lat' dir='ltr'>Brant.q11i11n.</span> <span class='ocrx_word' id='word_1_359' title='bbox 743 2894 802 2918; x_wconf 82' lang='lat'>1383</span> <span class='ocrx_word' id='word_1_360' title='bbox 810 2894 895 2924; x_wconf 66' lang='lat' dir='ltr'>sactus</span> <span class='ocrx_word' id='word_1_361' title='bbox 905 2895 943 2915; x_wconf 74' lang='lat' dir='ltr'>est</span> <span class='ocrx_word' id='word_1_362' title='bbox 951 2892 1115 2916; x_wconf 71' lang='lat' dir='ltr'>baccalareus</span> <span class='ocrx_word' id='word_1_363' title='bbox 1124 2892 1266 2923; x_wconf 71' lang='lat' dir='ltr'>Progensis,</span> <span class='ocrx_word' id='word_1_364' title='bbox 1274 2900 1317 2915; x_wconf 86' lang='lat' dir='ltr'>an.</span> 
     </span>
     <span class='ocr_line' id='line_1_52' title="bbox 417 2928 1318 2960; baseline -0.001 -9"><span class='ocrx_word' id='word_1_365' title='bbox 417 2929 476 2951; x_wconf 80' lang='lat'><strong>1387</strong></span> <span class='ocrx_word' id='word_1_366' title='bbox 488 2929 568 2960; x_wconf 77' lang='grc'><strong>(1388)</strong></span> <span class='ocrx_word' id='word_1_367' title='bbox 581 2930 700 2960; x_wconf 68' lang='lat' dir='ltr'>magister·</span> <span class='ocrx_word' id='word_1_368' title='bbox 711 2930 803 2952; x_wconf 79' lang='lat' dir='ltr'>artium</span> <span class='ocrx_word' id='word_1_369' title='bbox 817 2928 951 2959; x_wconf 73' lang='lat' dir='ltr'>Pragemls</span> <span class='ocrx_word' id='word_1_370' title='bbox 962 2929 1040 2957; x_wconf 78' lang='lat' dir='ltr'>(Mon.</span> <span class='ocrx_word' id='word_1_371' title='bbox 1052 2928 1110 2951; x_wconf 78' lang='lat' dir='ltr'>flist</span> <span class='ocrx_word' id='word_1_372' title='bbox 1128 2928 1246 2951; x_wconf 84' lang='lat' dir='ltr'>Univers.</span> <span class='ocrx_word' id='word_1_373' title='bbox 1256 2929 1318 2951; x_wconf 78' lang='lat' dir='ltr'>Pra-</span> 
     </span>
     <span class='ocr_line' id='line_1_53' title="bbox 417 2963 1318 2996; baseline -0.001 -9"><span class='ocrx_word' id='word_1_374' title='bbox 417 2972 501 2994; x_wconf 74' lang='lat' dir='ltr'>gens.,</span> <span class='ocrx_word' id='word_1_375' title='bbox 512 2965 531 2992; x_wconf 84' lang='lat'>1,</span> <span class='ocrx_word' id='word_1_376' title='bbox 541 2965 594 2993; x_wconf 81' lang='lat'>215,</span> <span class='ocrx_word' id='word_1_377' title='bbox 605 2965 668 2996; x_wconf 78' lang='lat'>256).</span> <span class='ocrx_word' id='word_1_378' title='bbox 677 2965 727 2987; x_wconf 82' lang='lat' dir='ltr'>Sed</span> <span class='ocrx_word' id='word_1_379' title='bbox 737 2965 869 2988; x_wconf 81' lang='lat' dir='ltr'>Gerurdus</span> <span class='ocrx_word' id='word_1_380' title='bbox 882 2964 963 2987; x_wconf 80' lang='lat' dir='ltr'>Erant</span> <span class='ocrx_word' id='word_1_381' title='bbox 974 2964 1063 2987; x_wconf 78' lang='lat' dir='ltr'>Calon.</span> <span class='ocrx_word' id='word_1_382' title='bbox 1077 2971 1118 2987; x_wconf 84' lang='lat' dir='ltr'>an.</span> <span class='ocrx_word' id='word_1_383' title='bbox 1135 2964 1194 2986; x_wconf 81' lang='lat'><strong>1398</strong></span> <span class='ocrx_word' id='word_1_384' title='bbox 1207 2963 1318 2986; x_wconf 84' lang='lat' dir='ltr'>nondum</span> 
     </span>
    </p>
   </div>
   <div class='ocr_carea' id='block_1_4' title="bbox 1349 951 1382 976">
    <p class='ocr_par' dir='ltr' id='par_1_10' title="bbox 1349 951 1382 976">
     <span class='ocr_line' id='line_1_54' title="bbox 1349 951 1382 976; baseline 0 0"><span class='ocrx_word' id='word_1_385' title='bbox 1349 951 1382 976; x_wconf 93' lang='grc'>10</span> 
     </span>
    </p>
   </div>
   <div class='ocr_carea' id='block_1_5' title="bbox 1350 1196 1382 1222">
    <p class='ocr_par' dir='ltr' id='par_1_11' title="bbox 1350 1196 1382 1222">
     <span class='ocr_line' id='line_1_55' title="bbox 1350 1196 1382 1222; baseline 0 0"><span class='ocrx_word' id='word_1_386' title='bbox 1350 1196 1382 1222; x_wconf 89' lang='grc'>15</span> 
     </span>
    </p>
   </div>
   <div class='ocr_carea' id='block_1_6' title="bbox 1350 1442 1384 1467">
    <p class='ocr_par' dir='ltr' id='par_1_12' title="bbox 1350 1442 1384 1467">
     <span class='ocr_line' id='line_1_56' title="bbox 1350 1442 1384 1467; baseline 0.029 -1"><span class='ocrx_word' id='word_1_387' title='bbox 1350 1442 1384 1467; x_wconf 85' lang='lat'>20</span> 
     </span>
    </p>
   </div>
   <div class='ocr_carea' id='block_1_7' title="bbox 1352 1686 1385 1712">
    <p class='ocr_par' dir='ltr' id='par_1_13' title="bbox 1352 1686 1385 1712">
     <span class='ocr_line' id='line_1_57' title="bbox 1352 1686 1385 1712; baseline 0 0"><span class='ocrx_word' id='word_1_388' title='bbox 1352 1686 1385 1712; x_wconf 83' lang='lat'>25</span> 
     </span>
    </p>
   </div>
   <div class='ocr_carea' id='block_1_8' title="bbox 1353 1932 1386 1958">
    <p class='ocr_par' dir='ltr' id='par_1_14' title="bbox 1353 1932 1386 1958">
     <span class='ocr_line' id='line_1_58' title="bbox 1353 1932 1386 1958; baseline 0.03 -1"><span class='ocrx_word' id='word_1_389' title='bbox 1353 1932 1386 1958; x_wconf 90' lang='lat'>30</span> 
     </span>
    </p>
   </div>
   <div class='ocr_carea' id='block_1_9' title="bbox 1354 2178 1386 2203">
    <p class='ocr_par' dir='ltr' id='par_1_15' title="bbox 1354 2178 1386 2203">
     <span class='ocr_line' id='line_1_59' title="bbox 1354 2178 1386 2203; baseline 0.031 -1"><span class='ocrx_word' id='word_1_390' title='bbox 1354 2178 1386 2203; x_wconf 89' lang='lat'>35</span> 
     </span>
    </p>
   </div>
   <div class='ocr_carea' id='block_1_10' title="bbox 1418 510 2325 1429">
    <p class='ocr_par' dir='ltr' id='par_1_16' title="bbox 1418 510 2324 1088">
     <span class='ocr_line' id='line_1_60' title="bbox 1419 510 2323 551; baseline 0.003 -13"><span class='ocrx_word' id='word_1_391' title='bbox 1419 510 1635 550; x_wconf 83' lang='lat' dir='ltr'>gregacionem</span> <span class='ocrx_word' id='word_1_392' title='bbox 1651 510 1826 549; x_wconf 86' lang='lat' dir='ltr'>generalem</span> <span class='ocrx_word' id='word_1_393' title='bbox 1840 510 2074 547; x_wconf 82' lang='lat' dir='ltr'>Universitatis‚</span> <span class='ocrx_word' id='word_1_394' title='bbox 2089 511 2120 540; x_wconf 89' lang='lat' dir='ltr'>in</span> <span class='ocrx_word' id='word_1_395' title='bbox 2136 521 2197 551; x_wconf 89' lang='lat' dir='ltr'>qua</span> <span class='ocrx_word' id='word_1_396' title='bbox 2213 512 2323 541; x_wconf 85' lang='lat' dir='ltr'>faceret</span> 
     </span>
     <span class='ocr_line' id='line_1_61' title="bbox 1419 558 2323 600; baseline 0.003 -13"><span class='ocrx_word' id='word_1_397' title='bbox 1419 569 1511 588; x_wconf 91' lang='lat' dir='ltr'>unum</span> <span class='ocrx_word' id='word_1_398' title='bbox 1541 558 1702 588; x_wconf 89' lang='lat' dir='ltr'>articulum</span> <span class='ocrx_word' id='word_1_399' title='bbox 1734 559 1899 598; x_wconf 87' lang='lat' dir='ltr'>specialem</span> <span class='ocrx_word' id='word_1_400' title='bbox 1930 566 1960 589; x_wconf 90' lang='lat' dir='ltr'>et</span> <span class='ocrx_word' id='word_1_401' title='bbox 1995 560 2195 600; x_wconf 87' lang='lat' dir='ltr'>principalem</span> <span class='ocrx_word' id='word_1_402' title='bbox 2228 570 2323 600; x_wconf 87' lang='lat' dir='ltr'>super</span> 
     </span>
     <span class='ocr_line' id='line_1_62' title="bbox 1418 607 2323 649; baseline 0.004 -14"><span class='ocrx_word' id='word_1_403' title='bbox 1418 607 1543 636; x_wconf 86' lang='lat' dir='ltr'>materia</span> <span class='ocrx_word' id='word_1_404' title='bbox 1561 608 1797 637; x_wconf 82' lang='lat' dir='ltr'>substractionis</span> <span class='ocrx_word' id='word_1_405' title='bbox 1819 609 2049 644; x_wconf 86' lang='lat' dir='ltr'>beneficiorum,</span> <span class='ocrx_word' id='word_1_406' title='bbox 2068 616 2098 639; x_wconf 88' lang='lat' dir='ltr'>et</span> <span class='ocrx_word' id='word_1_407' title='bbox 2116 610 2199 649; x_wconf 89' lang='lat' dir='ltr'>quod</span> <span class='ocrx_word' id='word_1_408' title='bbox 2216 609 2323 649; x_wconf 87' lang='lat' dir='ltr'>requi-</span> 
     </span>
     <span class='ocr_line' id='line_1_63' title="bbox 1418 656 2323 696; baseline 0.003 -12"><span class='ocrx_word' id='word_1_409' title='bbox 1418 662 1500 684; x_wconf 84' lang='lat' dir='ltr'>reret</span> <span class='ocrx_word' id='word_1_410' title='bbox 1518 656 1688 685; x_wconf 85' lang='lat' dir='ltr'>facultatem</span> <span class='ocrx_word' id='word_1_411' title='bbox 1706 656 1872 696; x_wconf 83' lang='lat' dir='ltr'>theologie,</span> <span class='ocrx_word' id='word_1_412' title='bbox 1887 664 2038 696; x_wconf 86' lang='lat' dir='ltr'>quatenus</span> <span class='ocrx_word' id='word_1_413' title='bbox 2053 659 2140 687; x_wconf 88' lang='lat' dir='ltr'>daret</span> <span class='ocrx_word' id='word_1_414' title='bbox 2154 658 2214 687; x_wconf 90' lang='lat' dir='ltr'>sibi</span> <span class='ocrx_word' id='word_1_415' title='bbox 2229 668 2323 687; x_wconf 92' lang='lat' dir='ltr'>unum</span> 
     </span>
     <span class='ocr_line' id='line_1_64' title="bbox 1418 704 2324 746; baseline 0.004 -14"><span class='ocrx_word' id='word_1_416' title='bbox 1418 704 1664 743; x_wconf 67' lang='lat' dir='ltr'>proponentem⁸</span> <span class='ocrx_word' id='word_1_417' title='bbox 1682 715 1740 745; x_wconf 89' lang='lat' dir='ltr'>pro</span> <span class='ocrx_word' id='word_1_418' title='bbox 1760 706 1820 735; x_wconf 90' lang='lat' dir='ltr'>isto</span> <span class='ocrx_word' id='word_1_419' title='bbox 1843 706 1932 741; x_wconf 74' lang='lat' dir='ltr'>sacto,</span> <span class='ocrx_word' id='word_1_420' title='bbox 1950 706 2022 746; x_wconf 88' lang='lat' dir='ltr'>quia</span> <span class='ocrx_word' id='word_1_421' title='bbox 2035 706 2092 736; x_wconf 90' lang='lat' dir='ltr'>hoc</span> <span class='ocrx_word' id='word_1_422' title='bbox 2107 707 2160 736; x_wconf 90' lang='lat' dir='ltr'>diu</span> <span class='ocrx_word' id='word_1_423' title='bbox 2178 707 2233 736; x_wconf 83' lang='lat' dir='ltr'>fuit</span> <span class='ocrx_word' id='word_1_424' title='bbox 2247 717 2324 736; x_wconf 90' lang='lat' dir='ltr'>con-</span> 
     </span>
     <span class='ocr_line' id='line_1_65' title="bbox 1418 753 2323 796; baseline 0.004 -14"><span class='ocrx_word' id='word_1_425' title='bbox 1418 753 1536 782; x_wconf 90' lang='lat' dir='ltr'>clusum</span> <span class='ocrx_word' id='word_1_426' title='bbox 1552 764 1608 792; x_wconf 86' lang='lat' dir='ltr'>per</span> <span class='ocrx_word' id='word_1_427' title='bbox 1625 753 1880 790; x_wconf 82' lang='lat' dir='ltr'>Universitatem3</span> <span class='ocrx_word' id='word_1_428' title='bbox 1898 761 1960 784; x_wconf 91' lang='lat' dir='ltr'>tum</span> <span class='ocrx_word' id='word_1_429' title='bbox 1978 755 2072 784; x_wconf 88' lang='lat' dir='ltr'>eciam</span> <span class='ocrx_word' id='word_1_430' title='bbox 2093 756 2164 796; x_wconf 90' lang='lat' dir='ltr'>quia</span> <span class='ocrx_word' id='word_1_431' title='bbox 2180 756 2323 786; x_wconf 82' lang='lat' dir='ltr'>dominus</span> 
     </span>
     <span class='ocr_line' id='line_1_66' title="bbox 1418 803 2323 844; baseline 0.004 -13"><span class='ocrx_word' id='word_1_432' title='bbox 1418 808 1521 831; x_wconf 86' lang='lat' dir='ltr'>rector</span> <span class='ocrx_word' id='word_1_433' title='bbox 1538 813 1633 841; x_wconf 86' lang='lat' dir='ltr'>super</span> <span class='ocrx_word' id='word_1_434' title='bbox 1651 803 1704 832; x_wconf 90' lang='lat' dir='ltr'>illo</span> <span class='ocrx_word' id='word_1_435' title='bbox 1725 803 1781 832; x_wconf 85' lang='lat' dir='ltr'>suit</span> <span class='ocrx_word' id='word_1_436' title='bbox 1796 803 1915 843; x_wconf 90' lang='lat' dir='ltr'>pluries</span> <span class='ocrx_word' id='word_1_437' title='bbox 1931 804 2112 844; x_wconf 85' lang='lat' dir='ltr'>requisitus.</span> <span class='ocrx_word' id='word_1_438' title='bbox 2128 804 2167 834; x_wconf 91' lang='lat' dir='ltr'>Et</span> <span class='ocrx_word' id='word_1_439' title='bbox 2182 814 2248 834; x_wconf 90' lang='lat' dir='ltr'>cum</span> <span class='ocrx_word' id='word_1_440' title='bbox 2264 805 2323 835; x_wconf 87' lang='lat' dir='ltr'>hoc</span> 
     </span>
     <span class='ocr_line' id='line_1_67' title="bbox 1419 851 2322 892; baseline 0.004 -13"><span class='ocrx_word' id='word_1_441' title='bbox 1419 851 1474 880; x_wconf 85' lang='lat' dir='ltr'>fuit</span> <span class='ocrx_word' id='word_1_442' title='bbox 1485 851 1663 881; x_wconf 90' lang='lat' dir='ltr'>conclusum</span> <span class='ocrx_word' id='word_1_443' title='bbox 1677 862 1734 891; x_wconf 87' lang='lat' dir='ltr'>pro</span> <span class='ocrx_word' id='word_1_444' title='bbox 1747 852 1800 882; x_wconf 92' lang='lat' dir='ltr'>illo</span> <span class='ocrx_word' id='word_1_445' title='bbox 1813 859 1896 888; x_wconf 90' lang='lat' dir='ltr'>tunc,</span> <span class='ocrx_word' id='word_1_446' title='bbox 1915 854 1998 892; x_wconf 91' lang='lat' dir='ltr'>quod</span> <span class='ocrx_word' id='word_1_447' title='bbox 2012 853 2095 883; x_wconf 90' lang='lat' dir='ltr'>istud</span> <span class='ocrx_word' id='word_1_448' title='bbox 2106 855 2246 883; x_wconf 91' lang='lat' dir='ltr'>ammodo</span> <span class='ocrx_word' id='word_1_449' title='bbox 2260 863 2322 883; x_wconf 87' lang='lat' dir='ltr'>non</span> 
     </span>
     <span class='ocr_line' id='line_1_68' title="bbox 1418 901 2324 941; baseline 0.003 -12"><span class='ocrx_word' id='word_1_450' title='bbox 1418 907 1616 930; x_wconf 89' lang='lat' dir='ltr'>revocaretur</span> <span class='ocrx_word' id='word_1_451' title='bbox 1639 901 1671 930; x_wconf 88' lang='lat' dir='ltr'>in</span> <span class='ocrx_word' id='word_1_452' title='bbox 1693 901 1837 936; x_wconf 84' lang='lat' dir='ltr'>dubium,</span> <span class='ocrx_word' id='word_1_453' title='bbox 1861 902 1935 941; x_wconf 88' lang='lat' dir='ltr'>quin</span> <span class='ocrx_word' id='word_1_454' title='bbox 1962 903 2044 932; x_wconf 86' lang='lat' dir='ltr'>istud</span> <span class='ocrx_word' id='word_1_455' title='bbox 2071 909 2174 932; x_wconf 86' lang='lat' dir='ltr'>rector</span> <span class='ocrx_word' id='word_1_456' title='bbox 2197 903 2324 932; x_wconf 85' lang='lat' dir='ltr'>deberet</span> 
     </span>
     <span class='ocr_line' id='line_1_69' title="bbox 1418 950 2322 991; baseline 0.003 -13"><span class='ocrx_word' id='word_1_457' title='bbox 1418 950 1585 989; x_wconf 90' lang='lat' dir='ltr'>prosequi,</span> <span class='ocrx_word' id='word_1_458' title='bbox 1609 956 1639 979; x_wconf 92' lang='lat' dir='ltr'>et</span> <span class='ocrx_word' id='word_1_459' title='bbox 1666 950 1761 979; x_wconf 89' lang='lat' dir='ltr'>eciam</span> <span class='ocrx_word' id='word_1_460' title='bbox 1793 952 1876 990; x_wconf 88' lang='lat' dir='ltr'>quod</span> <span class='ocrx_word' id='word_1_461' title='bbox 1903 951 2047 981; x_wconf 89' lang='lat' dir='ltr'>dominus</span> <span class='ocrx_word' id='word_1_462' title='bbox 2070 958 2255 991; x_wconf 83' lang='lat' dir='ltr'>procurator</span> <span class='ocrx_word' id='word_1_463' title='bbox 2284 952 2322 981; x_wconf 88' lang='lat' dir='ltr'>de</span> 
     </span>
     <span class='ocr_line' id='line_1_70' title="bbox 1419 999 2323 1040; baseline 0.003 -13"><span class='ocrx_word' id='word_1_464' title='bbox 1419 1004 1522 1027; x_wconf 86' lang='lat' dir='ltr'>cetero</span> <span class='ocrx_word' id='word_1_465' title='bbox 1544 1009 1606 1027; x_wconf 89' lang='lat' dir='ltr'>non</span> <span class='ocrx_word' id='word_1_466' title='bbox 1629 999 1741 1028; x_wconf 83' lang='lat' dir='ltr'>faceret</span> <span class='ocrx_word' id='word_1_467' title='bbox 1762 999 1952 1029; x_wconf 87' lang='lat' dir='ltr'>mensionem</span> <span class='ocrx_word' id='word_1_468' title='bbox 1976 1001 2014 1029; x_wconf 93' lang='lat' dir='ltr'>de</span> <span class='ocrx_word' id='word_1_469' title='bbox 2038 1000 2110 1035; x_wconf 89' lang='lat' dir='ltr'>isto,</span> <span class='ocrx_word' id='word_1_470' title='bbox 2137 1000 2196 1030; x_wconf 88' lang='lat' dir='ltr'>nisi</span> <span class='ocrx_word' id='word_1_471' title='bbox 2216 1000 2323 1040; x_wconf 89' lang='lat' dir='ltr'>requi-</span> 
     </span>
     <span class='ocr_line' id='line_1_71' title="bbox 1418 1047 2320 1088; baseline 0.004 -13"><span class='ocrx_word' id='word_1_472' title='bbox 1418 1047 1515 1076; x_wconf 86' lang='lat' dir='ltr'>rendo</span> <span class='ocrx_word' id='word_1_473' title='bbox 1533 1047 1688 1076; x_wconf 88' lang='lat' dir='ltr'>dominum</span> <span class='ocrx_word' id='word_1_474' title='bbox 1709 1054 1872 1083; x_wconf 80' lang='lat' dir='ltr'>rectorem,</span> <span class='ocrx_word' id='word_1_475' title='bbox 1888 1049 1970 1088; x_wconf 92' lang='lat' dir='ltr'>quod</span> <span class='ocrx_word' id='word_1_476' title='bbox 1988 1049 2070 1078; x_wconf 82' lang='lat' dir='ltr'>istud</span> <span class='ocrx_word' id='word_1_477' title='bbox 2088 1055 2320 1088; x_wconf 84' lang='lat' dir='ltr'>exsequeretur.</span> 
     </span>
    </p>

    <p class='ocr_par' dir='ltr' id='par_1_17' title="bbox 1420 1095 2325 1429">
     <span class='ocr_line' id='line_1_72' title="bbox 1460 1095 2322 1137; baseline 0.003 -13"><span class='ocrx_word' id='word_1_478' title='bbox 1460 1095 1560 1135; x_wconf 90' lang='lat' dir='ltr'>Super</span> <span class='ocrx_word' id='word_1_479' title='bbox 1578 1097 1608 1125; x_wconf 82' lang='lat'>4⁰</span> <span class='ocrx_word' id='word_1_480' title='bbox 1630 1096 1758 1125; x_wconf 91' lang='lat' dir='ltr'>articulo</span> <span class='ocrx_word' id='word_1_481' title='bbox 1786 1097 1949 1137; x_wconf 88' lang='lat' dir='ltr'>principali</span> <span class='ocrx_word' id='word_1_482' title='bbox 1970 1098 2156 1137; x_wconf 87' lang='lat' dir='ltr'>supplicavit</span> <span class='ocrx_word' id='word_1_483' title='bbox 2180 1098 2322 1128; x_wconf 87' lang='lat' dir='ltr'>dominus</span> 
     </span>
     <span class='ocr_line' id='line_1_73' title="bbox 1420 1144 2322 1186; baseline 0.003 -13"><span class='ocrx_word' id='word_1_484' title='bbox 1420 1144 1599 1174; x_wconf 88' lang='lat' dir='ltr'>Gherardus</span> <span class='ocrx_word' id='word_1_485' title='bbox 1617 1145 1714 1174; x_wconf 89' lang='lat' dir='ltr'>Brant</span> <span class='ocrx_word' id='word_1_486' title='bbox 1731 1146 1769 1174; x_wconf 92' lang='lat' dir='ltr'>de</span> <span class='ocrx_word' id='word_1_487' title='bbox 1788 1146 1963 1181; x_wconf 84' lang='lat' dir='ltr'>Davantria,</span> <span class='ocrx_word' id='word_1_488' title='bbox 1983 1146 2035 1186; x_wconf 92' lang='lat' dir='ltr'>qui</span> <span class='ocrx_word' id='word_1_489' title='bbox 2050 1153 2116 1176; x_wconf 91' lang='lat' dir='ltr'>erat</span> <span class='ocrx_word' id='word_1_490' title='bbox 2129 1146 2322 1177; x_wconf 86' lang='lat' dir='ltr'>hachalarius</span> 
     </span>
     <span class='ocr_line' id='line_1_74' title="bbox 1421 1193 2323 1235; baseline 0.003 -13"><span class='ocrx_word' id='word_1_491' title='bbox 1421 1193 1618 1223; x_wconf 89' lang='lat' dir='ltr'>Coloniensis</span> <span class='ocrx_word' id='word_1_492' title='bbox 1630 1193 1654 1229; x_wconf 82' lang='lat'>²,</span> <span class='ocrx_word' id='word_1_493' title='bbox 1680 1201 1830 1233; x_wconf 88' lang='lat' dir='ltr'>quatenus</span> <span class='ocrx_word' id='word_1_494' title='bbox 1855 1195 1991 1233; x_wconf 89' lang='lat' dir='ltr'>placeret</span> <span class='ocrx_word' id='word_1_495' title='bbox 2009 1195 2130 1225; x_wconf 90' lang='lat' dir='ltr'>nacioni</span> <span class='ocrx_word' id='word_1_496' title='bbox 2151 1195 2251 1235; x_wconf 90' lang='lat' dir='ltr'>ipsum</span> <span class='ocrx_word' id='word_1_497' title='bbox 2274 1195 2323 1225; x_wconf 88' lang='lat' dir='ltr'>hic</span> 
     </span>
     <span class='ocr_line' id='line_1_75' title="bbox 1420 1243 2324 1283; baseline 0.003 -12"><span class='ocrx_word' id='word_1_498' title='bbox 1420 1243 1580 1272; x_wconf 86' lang='lat' dir='ltr'>admittere</span> <span class='ocrx_word' id='word_1_499' title='bbox 1595 1249 1738 1282; x_wconf 90' lang='lat' dir='ltr'>tanquam</span> <span class='ocrx_word' id='word_1_500' title='bbox 1751 1243 1968 1279; x_wconf 84' lang='lat' dir='ltr'>bachalarium,</span> <span class='ocrx_word' id='word_1_501' title='bbox 1986 1244 2057 1283; x_wconf 89' lang='lat' dir='ltr'>quia</span> <span class='ocrx_word' id='word_1_502' title='bbox 2070 1244 2128 1273; x_wconf 91' lang='lat' dir='ltr'>hoc</span> <span class='ocrx_word' id='word_1_503' title='bbox 2142 1244 2258 1283; x_wconf 85' lang='lat' dir='ltr'>pluries</span> <span class='ocrx_word' id='word_1_504' title='bbox 2267 1244 2324 1274; x_wconf 87' lang='lat' dir='ltr'>fuit</span> 
     </span>
     <span class='ocr_line' id='line_1_76' title="bbox 1420 1291 2325 1332; baseline 0.002 -12"><span class='ocrx_word' id='word_1_505' title='bbox 1420 1292 1519 1321; x_wconf 88' lang='lat' dir='ltr'>visum</span> <span class='ocrx_word' id='word_1_506' title='bbox 1536 1292 1568 1320; x_wconf 90' lang='lat' dir='ltr'>in</span> <span class='ocrx_word' id='word_1_507' title='bbox 1587 1292 1725 1320; x_wconf 89' lang='lat' dir='ltr'>nacione.</span> <span class='ocrx_word' id='word_1_508' title='bbox 1747 1291 1843 1332; x_wconf 91' lang='lat' dir='ltr'>Cujus</span> <span class='ocrx_word' id='word_1_509' title='bbox 1866 1292 2090 1331; x_wconf 88' lang='lat' dir='ltr'>supplicacioni</span> <span class='ocrx_word' id='word_1_510' title='bbox 2110 1293 2198 1322; x_wconf 87' lang='lat' dir='ltr'>nacio</span> <span class='ocrx_word' id='word_1_511' title='bbox 2217 1292 2325 1322; x_wconf 84' lang='lat' dir='ltr'>annuit</span> 
     </span>
     <span class='ocr_line' id='line_1_77' title="bbox 1421 1340 2324 1376; baseline 0.002 -7"><span class='ocrx_word' id='word_1_512' title='bbox 1421 1347 1451 1370; x_wconf 90' lang='lat' dir='ltr'>et</span> <span class='ocrx_word' id='word_1_513' title='bbox 1472 1350 1536 1369; x_wconf 89' lang='lat' dir='ltr'>eam</span> <span class='ocrx_word' id='word_1_514' title='bbox 1561 1341 1656 1369; x_wconf 87' lang='lat' dir='ltr'>eciam</span> <span class='ocrx_word' id='word_1_515' title='bbox 1679 1340 1844 1376; x_wconf 84' lang='lat' dir='ltr'>concessit,</span> <span class='ocrx_word' id='word_1_516' title='bbox 1865 1347 1922 1370; x_wconf 86' lang='lat' dir='ltr'>etc.</span> <span class='ocrx_word' id='word_1_517' title='bbox 1943 1341 1983 1370; x_wconf 83' lang='lat' dir='ltr'>Et</span> <span class='ocrx_word' id='word_1_518' title='bbox 2001 1341 2061 1371; x_wconf 91' lang='lat' dir='ltr'>ista</span> <span class='ocrx_word' id='word_1_519' title='bbox 2085 1348 2155 1371; x_wconf 91' lang='lat' dir='ltr'>sunt</span> <span class='ocrx_word' id='word_1_520' title='bbox 2179 1341 2324 1371; x_wconf 78' lang='lat' dir='ltr'>conclusa</span> 
     </span>
     <span class='ocr_line' id='line_1_78' title="bbox 1421 1389 2321 1429; baseline 0.002 -11"><span class='ocrx_word' id='word_1_521' title='bbox 1421 1400 1482 1418; x_wconf 89' lang='lat' dir='ltr'>non</span> <span class='ocrx_word' id='word_1_522' title='bbox 1500 1390 1694 1418; x_wconf 86' lang='lat' dir='ltr'>retractando</span> <span class='ocrx_word' id='word_1_523' title='bbox 1707 1389 1876 1419; x_wconf 85' lang='lat' dir='ltr'>deliberata</span> <span class='ocrx_word' id='word_1_524' title='bbox 1888 1400 1947 1429; x_wconf 90' lang='lat' dir='ltr'>que</span> <span class='ocrx_word' id='word_1_525' title='bbox 1963 1396 2145 1429; x_wconf 90' lang='lat' dir='ltr'>procurator</span> <span class='ocrx_word' id='word_1_526' title='bbox 2160 1390 2321 1420; x_wconf 87' lang='lat' dir='ltr'>conclusit.</span> 
     </span>
    </p>
   </div>
   <div class='ocr_carea' id='block_1_11' title="bbox 1826 1483 1923 1513">
    <p class='ocr_par' dir='ltr' id='par_1_18' title="bbox 1826 1483 1923 1513">
     <span class='ocr_line' id='line_1_79' title="bbox 1826 1483 1923 1513; baseline 0 -1"><span class='ocrx_word' id='word_1_527' title='bbox 1826 1483 1923 1513; x_wconf 83' lang='lat'>1398</span> 
     </span>
    </p>
   </div>
   <div class='ocr_carea' id='block_1_12' title="bbox 1443 1554 2304 1644">
    <p class='ocr_par' dir='ltr' id='par_1_19' title="bbox 1443 1554 2304 1644">
     <span class='ocr_line' id='line_1_80' title="bbox 1443 1554 2304 1596; baseline 0.002 -12"><span class='ocrx_word' id='word_1_528' title='bbox 1443 1555 1512 1595; x_wconf 75' lang='lat' dir='ltr'>(Fal.</span> <span class='ocrx_word' id='word_1_529' title='bbox 1547 1554 1621 1593; x_wconf 81' lang='lat'>36¹²)</span> <span class='ocrx_word' id='word_1_530' title='bbox 1659 1554 1750 1584; x_wconf 91' lang='lat' dir='ltr'>Acta</span> <span class='ocrx_word' id='word_1_531' title='bbox 1780 1555 1816 1584; x_wconf 92' lang='lat' dir='ltr'>in</span> <span class='ocrx_word' id='word_1_532' title='bbox 1846 1555 2108 1594; x_wconf 87' lang='lat' dir='ltr'>procuratoria</span> <span class='ocrx_word' id='word_1_533' title='bbox 2132 1556 2304 1596; x_wconf 82' lang='lat' dir='ltr'>magistri</span> 
     </span>
     <span class='ocr_line' id='line_1_81' title="bbox 1465 1603 2277 1644; baseline 0 -10"><span class='ocrx_word' id='word_1_534' title='bbox 1465 1604 1642 1634; x_wconf 88' lang='lat' dir='ltr'>Johannis</span> <span class='ocrx_word' id='word_1_535' title='bbox 1678 1605 1720 1633; x_wconf 88' lang='lat' dir='ltr'>de</span> <span class='ocrx_word' id='word_1_536' title='bbox 1750 1604 1881 1639; x_wconf 83' lang='lat' dir='ltr'>Zande,</span> <span class='ocrx_word' id='word_1_537' title='bbox 1909 1603 2001 1633; x_wconf 89' lang='lat' dir='ltr'>alias</span> <span class='ocrx_word' id='word_1_538' title='bbox 2033 1605 2074 1633; x_wconf 93' lang='lat' dir='ltr'>de</span> <span class='ocrx_word' id='word_1_539' title='bbox 2104 1604 2277 1644; x_wconf 88' lang='lat' dir='ltr'>Campen.</span> 
     </span>
    </p>
   </div>
   <div class='ocr_carea' id='block_1_13' title="bbox 1423 1684 2331 2652">
    <p class='ocr_par' dir='ltr' id='par_1_20' title="bbox 1423 1684 2331 2454">
     <span class='ocr_line' id='line_1_82' title="bbox 1463 1684 2324 1724; baseline 0 -10"><span class='ocrx_word' id='word_1_540' title='bbox 1463 1685 1537 1714; x_wconf 86' lang='lat' dir='ltr'>Item</span> <span class='ocrx_word' id='word_1_541' title='bbox 1555 1685 1631 1713; x_wconf 87' lang='lat' dir='ltr'>facta</span> <span class='ocrx_word' id='word_1_542' title='bbox 1647 1684 1892 1724; x_wconf 82' lang='lat' dir='ltr'>congregacione</span> <span class='ocrx_word' id='word_1_543' title='bbox 1908 1684 2047 1714; x_wconf 87' lang='lat' dir='ltr'>nacionis</span> <span class='ocrx_word' id='word_1_544' title='bbox 2059 1684 2230 1724; x_wconf 86' lang='lat' dir='ltr'>Anglicane</span> <span class='ocrx_word' id='word_1_545' title='bbox 2245 1695 2324 1715; x_wconf 88' lang='lat' dir='ltr'>anno</span> 
     </span>
     <span class='ocr_line' id='line_1_83' title="bbox 1424 1733 2326 1774; baseline 0.001 -11"><span class='ocrx_word' id='word_1_546' title='bbox 1424 1734 1548 1764; x_wconf 91' lang='lat' dir='ltr'>Domini</span> <span class='ocrx_word' id='word_1_547' title='bbox 1570 1744 1631 1772; x_wconf 90' lang='lat' dir='ltr'>quo</span> <span class='ocrx_word' id='word_1_548' title='bbox 1655 1743 1759 1773; x_wconf 89' lang='lat' dir='ltr'>supra,</span> <span class='ocrx_word' id='word_1_549' title='bbox 1775 1733 1832 1762; x_wconf 85' lang='lat' dir='ltr'>XI·</span> <span class='ocrx_word' id='word_1_550' title='bbox 1848 1733 1898 1762; x_wconf 91' lang='lat' dir='ltr'>die</span> <span class='ocrx_word' id='word_1_551' title='bbox 1918 1734 2032 1763; x_wconf 89' lang='lat' dir='ltr'>mensis</span> <span class='ocrx_word' id='word_1_552' title='bbox 2055 1733 2226 1768; x_wconf 83' lang='lat' dir='ltr'>Februarii,</span> <span class='ocrx_word' id='word_1_553' title='bbox 2243 1735 2326 1774; x_wconf 85' lang='lat' dir='ltr'>apud</span> 
     </span>
     <span class='ocr_line' id='line_1_84' title="bbox 1424 1782 2326 1822; baseline 0.001 -10"><span class='ocrx_word' id='word_1_554' title='bbox 1424 1783 1567 1812; x_wconf 89' lang='lat' dir='ltr'>Sanctum</span> <span class='ocrx_word' id='word_1_555' title='bbox 1598 1782 1751 1812; x_wconf 70' lang='lat' dir='ltr'>sulianum</span> <span class='ocrx_word' id='word_1_556' title='bbox 1781 1792 1947 1822; x_wconf 88' lang='lat' dir='ltr'>pauperem</span> <span class='ocrx_word' id='word_1_557' title='bbox 1978 1782 2055 1812; x_wconf 87' lang='lat' dir='ltr'>hora</span> <span class='ocrx_word' id='word_1_558' title='bbox 2085 1783 2183 1822; x_wconf 87' lang='lat' dir='ltr'>prima</span> <span class='ocrx_word' id='word_1_559' title='bbox 2213 1783 2326 1813; x_wconf 85' lang='lat' dir='ltr'>Nostre</span> 
     </span>
     <span class='ocr_line' id='line_1_85' title="bbox 1424 1831 2327 1872; baseline 0 -11"><span class='ocrx_word' id='word_1_560' title='bbox 1424 1832 1556 1861; x_wconf 89' lang='lat' dir='ltr'>Domine</span> <span class='ocrx_word' id='word_1_561' title='bbox 1575 1842 1669 1871; x_wconf 90' lang='lat' dir='ltr'>super</span> <span class='ocrx_word' id='word_1_562' title='bbox 1692 1832 1735 1860; x_wconf 73' lang='lat'>4⁰¹·</span> <span class='ocrx_word' id='word_1_563' title='bbox 1757 1831 1905 1861; x_wconf 83' lang='lat' dir='ltr'>articulis.</span> <span class='ocrx_word' id='word_1_564' title='bbox 1926 1831 2050 1861; x_wconf 89' lang='lat' dir='ltr'>Primus</span> <span class='ocrx_word' id='word_1_565' title='bbox 2070 1838 2135 1861; x_wconf 88' lang='lat' dir='ltr'>erat</span> <span class='ocrx_word' id='word_1_566' title='bbox 2153 1833 2191 1861; x_wconf 85' lang='lat' dir='ltr'>ad</span> <span class='ocrx_word' id='word_1_567' title='bbox 2207 1832 2327 1872; x_wconf 84' lang='lat' dir='ltr'>eligen-</span> 
     </span>
     <span class='ocr_line' id='line_1_86' title="bbox 1423 1879 2331 1920; baseline 0 -10"><span class='ocrx_word' id='word_1_568' title='bbox 1423 1882 1495 1910; x_wconf 91' lang='lat' dir='ltr'>dum</span> <span class='ocrx_word' id='word_1_569' title='bbox 1521 1887 1752 1920; x_wconf 85' lang='lat' dir='ltr'>procuratorem</span> <span class='ocrx_word' id='word_1_570' title='bbox 1775 1879 1824 1910; x_wconf 87' lang='lat' dir='ltr'>vel</span> <span class='ocrx_word' id='word_1_571' title='bbox 1850 1881 1887 1909; x_wconf 87' lang='lat' dir='ltr'>ad</span> <span class='ocrx_word' id='word_1_572' title='bbox 1919 1881 2168 1910; x_wconf 87' lang='lat' dir='ltr'>continuandum.</span> <span class='ocrx_word' id='word_1_573' title='bbox 2193 1881 2238 1910; x_wconf 69' lang='lat'>2⁰·</span> <span class='ocrx_word' id='word_1_574' title='bbox 2262 1888 2331 1911; x_wconf 86' lang='lat' dir='ltr'>erat</span> 
     </span>
     <span class='ocr_line' id='line_1_87' title="bbox 1424 1929 2326 1969; baseline 0 -10"><span class='ocrx_word' id='word_1_575' title='bbox 1424 1940 1518 1969; x_wconf 90' lang='lat' dir='ltr'>super</span> <span class='ocrx_word' id='word_1_576' title='bbox 1535 1935 1677 1969; x_wconf 92' lang='lat' dir='ltr'>compoto</span> <span class='ocrx_word' id='word_1_577' title='bbox 1693 1929 1808 1958; x_wconf 91' lang='lat' dir='ltr'>domini</span> <span class='ocrx_word' id='word_1_578' title='bbox 1823 1929 2004 1968; x_wconf 85' lang='lat' dir='ltr'>receptoris.</span> <span class='ocrx_word' id='word_1_579' title='bbox 2022 1930 2068 1958; x_wconf 83' lang='lat'><strong>3¹¹·</strong></span> <span class='ocrx_word' id='word_1_580' title='bbox 2084 1936 2149 1959; x_wconf 82' lang='lat' dir='ltr'>erat</span> <span class='ocrx_word' id='word_1_581' title='bbox 2165 1931 2202 1958; x_wconf 89' lang='lat' dir='ltr'>ad</span> <span class='ocrx_word' id='word_1_582' title='bbox 2218 1930 2326 1960; x_wconf 83' lang='lat' dir='ltr'>distri-</span> 
     </span>
     <span class='ocr_line' id='line_1_88' title="bbox 1423 1977 2326 2018; baseline 0 -10"><span class='ocrx_word' id='word_1_583' title='bbox 1423 1980 1577 2008; x_wconf 90' lang='lat' dir='ltr'>buendum</span> <span class='ocrx_word' id='word_1_584' title='bbox 1599 1988 1722 2007; x_wconf 89' lang='lat' dir='ltr'>menses</span> <span class='ocrx_word' id='word_1_585' title='bbox 1745 1988 1804 2018; x_wconf 91' lang='lat' dir='ltr'>pro</span> <span class='ocrx_word' id='word_1_586' title='bbox 1828 1977 2014 2007; x_wconf 87' lang='lat' dir='ltr'>bachulariis</span> <span class='ocrx_word' id='word_1_587' title='bbox 2036 1978 2067 2007; x_wconf 92' lang='lat' dir='ltr'>in</span> <span class='ocrx_word' id='word_1_588' title='bbox 2091 1978 2202 2008; x_wconf 88' lang='lat' dir='ltr'>Sancta</span> <span class='ocrx_word' id='word_1_589' title='bbox 2221 1978 2326 2008; x_wconf 85' lang='lat' dir='ltr'>Geno-</span> 
     </span>
     <span class='ocr_line' id='line_1_89' title="bbox 1423 2026 2323 2067; baseline -0.001 -10"><span class='ocrx_word' id='word_1_590' title='bbox 1423 2029 1500 2057; x_wconf 83' lang='lat' dir='ltr'>vefa.</span> <span class='ocrx_word' id='word_1_591' title='bbox 1533 2029 1579 2057; x_wconf 71' lang='lat'>4¹¹·</span> <span class='ocrx_word' id='word_1_592' title='bbox 1605 2034 1669 2057; x_wconf 87' lang='lat' dir='ltr'>erat</span> <span class='ocrx_word' id='word_1_593' title='bbox 1701 2037 1794 2066; x_wconf 91' lang='lat' dir='ltr'>super</span> <span class='ocrx_word' id='word_1_594' title='bbox 1817 2026 2099 2066; x_wconf 87' lang='lat' dir='ltr'>supplicacionibus</span> <span class='ocrx_word' id='word_1_595' title='bbox 2129 2033 2158 2056; x_wconf 84' lang='lat' dir='ltr'>et</span> <span class='ocrx_word' id='word_1_596' title='bbox 2190 2026 2323 2067; x_wconf 85' lang='lat' dir='ltr'>injuriis.</span> 
     </span>
     <span class='ocr_line' id='line_1_90' title="bbox 1425 2076 2326 2116; baseline 0 -10"><span class='ocrx_word' id='word_1_597' title='bbox 1425 2077 1526 2116; x_wconf 89' lang='lat' dir='ltr'>Super</span> <span class='ocrx_word' id='word_1_598' title='bbox 1543 2077 1642 2116; x_wconf 91' lang='lat' dir='ltr'>primo</span> <span class='ocrx_word' id='word_1_599' title='bbox 1656 2076 1850 2105; x_wconf 87' lang='lat' dir='ltr'>continuatus</span> <span class='ocrx_word' id='word_1_600' title='bbox 1868 2076 1923 2105; x_wconf 87' lang='lat' dir='ltr'>fuit</span> <span class='ocrx_word' id='word_1_601' title='bbox 1938 2076 2132 2105; x_wconf 88' lang='lat' dir='ltr'>concorditer</span> <span class='ocrx_word' id='word_1_602' title='bbox 2148 2086 2205 2115; x_wconf 90' lang='lat' dir='ltr'>per</span> <span class='ocrx_word' id='word_1_603' title='bbox 2219 2086 2326 2106; x_wconf 87' lang='lat' dir='ltr'>omnes</span> 
     </span>
     <span class='ocr_line' id='line_1_91' title="bbox 1424 2125 2326 2166; baseline -0.001 -11"><span class='ocrx_word' id='word_1_604' title='bbox 1424 2126 1589 2166; x_wconf 86' lang='lat' dir='ltr'>magistros</span> <span class='ocrx_word' id='word_1_605' title='bbox 1607 2126 1638 2154; x_wconf 90' lang='lat' dir='ltr'>in</span> <span class='ocrx_word' id='word_1_606' title='bbox 1655 2131 1884 2164; x_wconf 87' lang='lat' dir='ltr'>procuratorem</span> <span class='ocrx_word' id='word_1_607' title='bbox 1899 2131 2081 2163; x_wconf 87' lang='lat' dir='ltr'>procurator</span> <span class='ocrx_word' id='word_1_608' title='bbox 2097 2125 2253 2164; x_wconf 87' lang='lat' dir='ltr'>antiquus,</span> <span class='ocrx_word' id='word_1_609' title='bbox 2269 2125 2326 2154; x_wconf 88' lang='lat' dir='ltr'>sci-</span> 
     </span>
     <span class='ocr_line' id='line_1_92' title="bbox 1424 2173 2324 2214; baseline -0.002 -10"><span class='ocrx_word' id='word_1_610' title='bbox 1424 2175 1496 2204; x_wconf 90' lang='lat' dir='ltr'>licet</span> <span class='ocrx_word' id='word_1_611' title='bbox 1510 2175 1657 2214; x_wconf 86' lang='lat' dir='ltr'>magister</span> <span class='ocrx_word' id='word_1_612' title='bbox 1673 2174 1829 2203; x_wconf 89' lang='lat' dir='ltr'>Johannes</span> <span class='ocrx_word' id='word_1_613' title='bbox 1849 2174 1885 2202; x_wconf 89' lang='lat' dir='ltr'>de</span> <span class='ocrx_word' id='word_1_614' title='bbox 1902 2174 2015 2208; x_wconf 90' lang='lat' dir='ltr'>Zande,</span> <span class='ocrx_word' id='word_1_615' title='bbox 2032 2173 2106 2203; x_wconf 87' lang='lat' dir='ltr'>alias</span> <span class='ocrx_word' id='word_1_616' title='bbox 2121 2174 2159 2202; x_wconf 90' lang='lat' dir='ltr'>de</span> <span class='ocrx_word' id='word_1_617' title='bbox 2177 2173 2324 2212; x_wconf 87' lang='lat' dir='ltr'>Campen.</span> 
     </span>
     <span class='ocr_line' id='line_1_93' title="bbox 1425 2223 2327 2261; baseline -0.003 -8"><span class='ocrx_word' id='word_1_618' title='bbox 1425 2224 1464 2253; x_wconf 88' lang='lat' dir='ltr'>Et</span> <span class='ocrx_word' id='word_1_619' title='bbox 1485 2230 1556 2253; x_wconf 92' lang='lat' dir='ltr'>tunc</span> <span class='ocrx_word' id='word_1_620' title='bbox 1575 2223 1662 2252; x_wconf 88' lang='lat' dir='ltr'>nacio</span> <span class='ocrx_word' id='word_1_621' title='bbox 1684 2229 1791 2252; x_wconf 89' lang='lat' dir='ltr'>nostra</span> <span class='ocrx_word' id='word_1_622' title='bbox 1813 2223 1936 2251; x_wconf 87' lang='lat' dir='ltr'>intravit</span> <span class='ocrx_word' id='word_1_623' title='bbox 1960 2223 2116 2252; x_wconf 84' lang='lat' dir='ltr'>tabernam</span> <span class='ocrx_word' id='word_1_624' title='bbox 2137 2223 2179 2250; x_wconf 85' lang='lat' dir='ltr'>ad</span> <span class='ocrx_word' id='word_1_625' title='bbox 2196 2224 2327 2261; x_wconf 74' lang='lat' dir='ltr'>sapletos</span> 
     </span>
     <span class='ocr_line' id='line_1_94' title="bbox 1424 2270 2325 2307; baseline -0.002 -5"><span class='ocrx_word' id='word_1_626' title='bbox 1424 2283 1483 2302; x_wconf 88' lang='lat' dir='ltr'>una</span> <span class='ocrx_word' id='word_1_627' title='bbox 1501 2282 1567 2302; x_wconf 90' lang='lat' dir='ltr'>cum</span> <span class='ocrx_word' id='word_1_628' title='bbox 1585 2272 1713 2301; x_wconf 88' lang='lat' dir='ltr'>nacione</span> <span class='ocrx_word' id='word_1_629' title='bbox 1732 2271 1888 2300; x_wconf 86' lang='lat' dir='ltr'>Gallicana</span> <span class='ocrx_word' id='word_1_630' title='bbox 1903 2277 1933 2300; x_wconf 90' lang='lat' dir='ltr'>et</span> <span class='ocrx_word' id='word_1_631' title='bbox 1949 2271 2076 2300; x_wconf 91' lang='lat' dir='ltr'>nacione</span> <span class='ocrx_word' id='word_1_632' title='bbox 2095 2270 2325 2307; x_wconf 88' lang='lat' dir='ltr'>Piccardorum,</span> 
     </span>
     <span class='ocr_line' id='line_1_95' title="bbox 1425 2319 2327 2361; baseline -0.002 -11"><span class='ocrx_word' id='word_1_633' title='bbox 1425 2322 1495 2361; x_wconf 88' lang='lat' dir='ltr'>quia</span> <span class='ocrx_word' id='word_1_634' title='bbox 1508 2328 1579 2351; x_wconf 87' lang='lat' dir='ltr'>tunc</span> <span class='ocrx_word' id='word_1_635' title='bbox 1593 2321 1704 2350; x_wconf 81' lang='lat' dir='ltr'>fuimus</span> <span class='ocrx_word' id='word_1_636' title='bbox 1719 2321 1889 2349; x_wconf 87' lang='lat' dir='ltr'>concordes</span> <span class='ocrx_word' id='word_1_637' title='bbox 1903 2330 1970 2349; x_wconf 91' lang='lat' dir='ltr'>cum</span> <span class='ocrx_word' id='word_1_638' title='bbox 1983 2319 2131 2359; x_wconf 88' lang='lat' dir='ltr'>predictis</span> <span class='ocrx_word' id='word_1_639' title='bbox 2147 2319 2327 2349; x_wconf 89' lang='lat' dir='ltr'>nacionibus</span> 
     </span>
     <span class='ocr_line' id='line_1_96' title="bbox 1425 2368 2326 2410; baseline -0.002 -11"><span class='ocrx_word' id='word_1_640' title='bbox 1425 2380 1518 2410; x_wconf 90' lang='lat' dir='ltr'>super</span> <span class='ocrx_word' id='word_1_641' title='bbox 1531 2370 1757 2409; x_wconf 88' lang='lat' dir='ltr'>permutacione</span> <span class='ocrx_word' id='word_1_642' title='bbox 1772 2379 1882 2398; x_wconf 91' lang='lat' dir='ltr'>usuum</span> <span class='ocrx_word' id='word_1_643' title='bbox 1896 2368 2047 2398; x_wconf 89' lang='lat' dir='ltr'>scolarum</span> <span class='ocrx_word' id='word_1_644' title='bbox 2059 2374 2089 2397; x_wconf 89' lang='lat' dir='ltr'>et</span> <span class='ocrx_word' id='word_1_645' title='bbox 2100 2368 2193 2397; x_wconf 91' lang='lat' dir='ltr'>eciam</span> <span class='ocrx_word' id='word_1_646' title='bbox 2205 2368 2326 2398; x_wconf 88' lang='lat' dir='ltr'>Piccar-</span> 
     </span>
     <span class='ocr_line' id='line_1_97' title="bbox 1424 2417 2084 2454; baseline -0.003 -6"><span class='ocrx_word' id='word_1_647' title='bbox 1424 2420 1455 2448; x_wconf 90' lang='lat' dir='ltr'>di</span> <span class='ocrx_word' id='word_1_648' title='bbox 1471 2430 1538 2448; x_wconf 92' lang='lat' dir='ltr'>cum</span> <span class='ocrx_word' id='word_1_649' title='bbox 1555 2418 1694 2454; x_wconf 86' lang='lat' dir='ltr'>Gallicis,</span> <span class='ocrx_word' id='word_1_650' title='bbox 1709 2425 1740 2447; x_wconf 90' lang='lat' dir='ltr'>et</span> <span class='ocrx_word' id='word_1_651' title='bbox 1754 2428 1811 2447; x_wconf 92' lang='lat' dir='ltr'>nos</span> <span class='ocrx_word' id='word_1_652' title='bbox 1830 2428 1896 2446; x_wconf 91' lang='lat' dir='ltr'>cum</span> <span class='ocrx_word' id='word_1_653' title='bbox 1916 2417 2084 2446; x_wconf 88' lang='lat' dir='ltr'>Piccardis.</span> 
     </span>
    </p>

    <p class='ocr_par' dir='ltr' id='par_1_21' title="bbox 1425 2465 2327 2652">
     <span class='ocr_line' id='line_1_98' title="bbox 1466 2465 2327 2507; baseline -0.003 -10"><span class='ocrx_word' id='word_1_654' title='bbox 1466 2468 1566 2507; x_wconf 89' lang='lat' dir='ltr'>Super</span> <span class='ocrx_word' id='word_1_655' title='bbox 1585 2469 1616 2496; x_wconf 89' lang='lat'>2⁰</span> <span class='ocrx_word' id='word_1_656' title='bbox 1636 2467 1748 2496; x_wconf 84' lang='lat' dir='ltr'>dilatus</span> <span class='ocrx_word' id='word_1_657' title='bbox 1770 2467 1826 2495; x_wconf 82' lang='lat' dir='ltr'>fuit</span> <span class='ocrx_word' id='word_1_658' title='bbox 1844 2472 2004 2505; x_wconf 90' lang='lat' dir='ltr'>compotus</span> <span class='ocrx_word' id='word_1_659' title='bbox 2023 2465 2138 2494; x_wconf 87' lang='lat' dir='ltr'>domini</span> <span class='ocrx_word' id='word_1_660' title='bbox 2156 2466 2327 2505; x_wconf 88' lang='lat' dir='ltr'>receptoris</span> 
     </span>
     <span class='ocr_line' id='line_1_99' title="bbox 1427 2514 2327 2556; baseline -0.001 -11"><span class='ocrx_word' id='word_1_661' title='bbox 1427 2523 1565 2556; x_wconf 85' lang='lat' dir='ltr'>protunc.</span> <span class='ocrx_word' id='word_1_662' title='bbox 1583 2516 1683 2555; x_wconf 88' lang='lat' dir='ltr'>Super</span> <span class='ocrx_word' id='word_1_663' title='bbox 1698 2517 1728 2545; x_wconf 82' lang='lat'>3⁰</span> <span class='ocrx_word' id='word_1_664' title='bbox 1746 2515 1838 2544; x_wconf 86' lang='lat' dir='ltr'>dilate</span> <span class='ocrx_word' id='word_1_665' title='bbox 1852 2515 1974 2544; x_wconf 85' lang='lat' dir='ltr'>suerunt</span> <span class='ocrx_word' id='word_1_666' title='bbox 1986 2514 2225 2544; x_wconf 80' lang='lat' dir='ltr'>distribuciones</span> <span class='ocrx_word' id='word_1_667' title='bbox 2245 2525 2327 2544; x_wconf 89' lang='lat' dir='ltr'>men-</span> 
     </span>
     <span class='ocr_line' id='line_1_100' title="bbox 1425 2563 2327 2604; baseline -0.001 -10"><span class='ocrx_word' id='word_1_668' title='bbox 1425 2566 1503 2594; x_wconf 88' lang='lat' dir='ltr'>sium</span> <span class='ocrx_word' id='word_1_669' title='bbox 1524 2571 1666 2604; x_wconf 87' lang='lat' dir='ltr'>protunc,</span> <span class='ocrx_word' id='word_1_670' title='bbox 1684 2564 1755 2603; x_wconf 89' lang='lat' dir='ltr'>quia</span> <span class='ocrx_word' id='word_1_671' title='bbox 1776 2563 1851 2593; x_wconf 93' lang='lat' dir='ltr'>nulli</span> <span class='ocrx_word' id='word_1_672' title='bbox 1869 2574 1901 2593; x_wconf 86' lang='lat' dir='ltr'>se</span> <span class='ocrx_word' id='word_1_673' title='bbox 1917 2569 2173 2603; x_wconf 86' lang='lat' dir='ltr'>presentaverunt</span> <span class='ocrx_word' id='word_1_674' title='bbox 2184 2573 2242 2603; x_wconf 90' lang='lat' dir='ltr'>pro</span> <span class='ocrx_word' id='word_1_675' title='bbox 2257 2564 2327 2593; x_wconf 84' lang='lat' dir='ltr'>istis</span> 
     </span>
     <span class='ocr_line' id='line_1_101' title="bbox 1426 2611 2327 2652; baseline 0 -10"><span class='ocrx_word' id='word_1_676' title='bbox 1426 2614 1598 2648; x_wconf 86' lang='lat' dir='ltr'>mensibus,</span> <span class='ocrx_word' id='word_1_677' title='bbox 1625 2619 1752 2652; x_wconf 86' lang='lat' dir='ltr'>excepto</span> <span class='ocrx_word' id='word_1_678' title='bbox 1775 2613 1922 2652; x_wconf 86' lang='lat' dir='ltr'>magistro</span> <span class='ocrx_word' id='word_1_679' title='bbox 1945 2611 2083 2641; x_wconf 89' lang='lat' dir='ltr'>Arnaldo</span> <span class='ocrx_word' id='word_1_680' title='bbox 2111 2612 2250 2651; x_wconf 87' lang='lat' dir='ltr'>Wtwyc,</span> <span class='ocrx_word' id='word_1_681' title='bbox 2275 2612 2327 2651; x_wconf 90' lang='lat' dir='ltr'>qui</span> 
     </span>
    </p>
   </div>
   <div class='ocr_carea' id='block_1_14' title="bbox 1426 2713 2329 2958">
    <p class='ocr_par' dir='ltr' id='par_1_22' title="bbox 1426 2713 2329 2888">
     <span class='ocr_line' id='line_1_102' title="bbox 1426 2713 2325 2746; baseline -0.002 -8"><span class='ocrx_word' id='word_1_682' title='bbox 1426 2718 1480 2738; x_wconf 77' lang='lat' dir='ltr'>erat</span> <span class='ocrx_word' id='word_1_683' title='bbox 1491 2715 1611 2746; x_wconf 70' lang='lat' dir='ltr'>magister</span> <span class='ocrx_word' id='word_1_684' title='bbox 1619 2715 1722 2738; x_wconf 70' lang='lat' dir='ltr'>artium.</span> <span class='ocrx_word' id='word_1_685' title='bbox 1731 2716 1855 2738; x_wconf 79' lang='lat' dir='ltr'>Incertum</span> <span class='ocrx_word' id='word_1_686' title='bbox 1863 2713 1940 2736; x_wconf 79' lang='lat' dir='ltr'>etiam</span> <span class='ocrx_word' id='word_1_687' title='bbox 1949 2713 2005 2744; x_wconf 76' lang='lat' dir='ltr'>quie</span> <span class='ocrx_word' id='word_1_688' title='bbox 2014 2713 2047 2736; x_wconf 70' lang='lat' dir='ltr'>sit</span> <span class='ocrx_word' id='word_1_689' title='bbox 2056 2713 2185 2736; x_wconf 75' lang='lat' dir='ltr'>Gerardus</span> <span class='ocrx_word' id='word_1_690' title='bbox 2193 2714 2275 2737; x_wconf 83' lang='lat' dir='ltr'>Brant</span> <span class='ocrx_word' id='word_1_691' title='bbox 2283 2721 2325 2737; x_wconf 85' lang='lat' dir='ltr'>an.</span> 
     </span>
     <span class='ocr_line' id='line_1_103' title="bbox 1427 2748 2327 2779; baseline -0.002 -5"><span class='ocrx_word' id='word_1_692' title='bbox 1427 2752 1485 2774; x_wconf 73' lang='lat'><strong>1387</strong></span> <span class='ocrx_word' id='word_1_693' title='bbox 1502 2751 1527 2774; x_wconf 82' lang='lat' dir='ltr'>in</span> <span class='ocrx_word' id='word_1_694' title='bbox 1543 2753 1596 2774; x_wconf 82' lang='lat' dir='ltr'>nat.</span> <span class='ocrx_word' id='word_1_695' title='bbox 1615 2752 1697 2774; x_wconf 78' lang='lat' dir='ltr'>Germ.</span> <span class='ocrx_word' id='word_1_696' title='bbox 1713 2751 1810 2773; x_wconf 80' lang='lat' dir='ltr'>Bonon.</span> <span class='ocrx_word' id='word_1_697' title='bbox 1827 2748 1972 2772; x_wconf 68' lang='lat' dir='ltr'>intitulatus</span> <span class='ocrx_word' id='word_1_698' title='bbox 1987 2748 2062 2779; x_wconf 77' lang='lat' dir='ltr'>(Acta</span> <span class='ocrx_word' id='word_1_699' title='bbox 2079 2751 2131 2772; x_wconf 76' lang='lat' dir='ltr'>nat.</span> <span class='ocrx_word' id='word_1_700' title='bbox 2150 2748 2236 2772; x_wconf 84' lang='lat' dir='ltr'>Germ.</span> <span class='ocrx_word' id='word_1_701' title='bbox 2249 2748 2327 2772; x_wconf 77' lang='lat' dir='ltr'>Univ-</span> 
     </span>
     <span class='ocr_line' id='line_1_104' title="bbox 1426 2783 2329 2816; baseline -0.003 -6"><span class='ocrx_word' id='word_1_702' title='bbox 1426 2787 1535 2814; x_wconf 74' lang='lat' dir='ltr'>Bonon.,</span> <span class='ocrx_word' id='word_1_703' title='bbox 1548 2787 1600 2814; x_wconf 70' lang='lat'>149,</span> <span class='ocrx_word' id='word_1_704' title='bbox 1616 2786 1652 2814; x_wconf 85' lang='grc'>16,</span> <span class='ocrx_word' id='word_1_705' title='bbox 1665 2786 1713 2814; x_wconf 78' lang='lat'>47).</span> <span class='ocrx_word' id='word_1_706' title='bbox 1730 2787 1776 2808; x_wconf 83' lang='lat' dir='ltr'>An.</span> <span class='ocrx_word' id='word_1_707' title='bbox 1788 2785 1848 2808; x_wconf 69' lang='lat'>1400</span> <span class='ocrx_word' id='word_1_708' title='bbox 1860 2786 1945 2807; x_wconf 72' lang='lat' dir='ltr'>noster</span> <span class='ocrx_word' id='word_1_709' title='bbox 1959 2783 1985 2806; x_wconf 85' lang='lat' dir='ltr'>in</span> <span class='ocrx_word' id='word_1_710' title='bbox 1998 2784 2107 2807; x_wconf 74' lang='lat' dir='ltr'>Uniuers.</span> <span class='ocrx_word' id='word_1_711' title='bbox 2121 2783 2329 2816; x_wconf 75' lang='lat' dir='ltr'>Heidelbergemi</span> 
     </span>
     <span class='ocr_line' id='line_1_105' title="bbox 1426 2819 2326 2853; baseline -0.002 -9"><span class='ocrx_word' id='word_1_712' title='bbox 1426 2822 1486 2853; x_wconf 79' lang='lat' dir='ltr'>(vid.</span> <span class='ocrx_word' id='word_1_713' title='bbox 1497 2822 1614 2849; x_wconf 69' lang='grc' dir='ltr'>ΤοΕνιςΕ,</span> <span class='ocrx_word' id='word_1_714' title='bbox 1626 2821 1641 2844; x_wconf 85' lang='grc' dir='ltr'>ί.</span> <span class='ocrx_word' id='word_1_715' title='bbox 1652 2830 1683 2848; x_wconf 60' lang='lat' dir='ltr'>cu,</span> <span class='ocrx_word' id='word_1_716' title='bbox 1695 2821 1714 2849; x_wconf 78' lang='lat' dir='ltr'>l,</span> <span class='ocrx_word' id='word_1_717' title='bbox 1723 2829 1748 2852; x_wconf 81' lang='lat' dir='ltr'>p.</span> <span class='ocrx_word' id='word_1_718' title='bbox 1759 2820 1807 2852; x_wconf 88' lang='grc'>76).</span> <span class='ocrx_word' id='word_1_719' title='bbox 1816 2819 1957 2844; x_wconf 80' lang='grc' dir='ltr'>Αη.εοάεηι</span> <span class='ocrx_word' id='word_1_720' title='bbox 1966 2819 2163 2843; x_wconf 60' lang='lat' dir='ltr'>adhuc-Parisiis</span> <span class='ocrx_word' id='word_1_721' title='bbox 2169 2819 2326 2843; x_wconf 77' lang='lat' dir='ltr'>morabatur.</span> 
     </span>
     <span class='ocr_line' id='line_1_106' title="bbox 1430 2856 1713 2888; baseline -0.007 -7"><span class='ocrx_word' id='word_1_722' title='bbox 1430 2858 1482 2881; x_wconf 75' lang='lat' dir='ltr'>Vid.</span> <span class='ocrx_word' id='word_1_723' title='bbox 1497 2858 1575 2888; x_wconf 70' lang='lat' dir='ltr'>infra,</span> <span class='ocrx_word' id='word_1_724' title='bbox 1589 2865 1614 2887; x_wconf 90' lang='lat' dir='ltr'>p.</span> <span class='ocrx_word' id='word_1_725' title='bbox 1626 2856 1713 2884; x_wconf 80' lang='lat'>810,1.</span> 
     </span>
    </p>

    <p class='ocr_par' dir='ltr' id='par_1_23' title="bbox 1428 2889 2326 2958">
     <span class='ocr_line' id='line_1_107' title="bbox 1457 2889 2326 2922; baseline -0.001 -7"><span class='ocrx_word' id='word_1_726' title='bbox 1457 2894 1479 2915; x_wconf 88' lang='grc'>3.</span> <span class='ocrx_word' id='word_1_727' title='bbox 1515 2892 1685 2916; x_wconf 86' lang='lat' dir='ltr'>Guillelmum</span> <span class='ocrx_word' id='word_1_728' title='bbox 1707 2891 1738 2914; x_wconf 84' lang='lat' dir='ltr'>de</span> <span class='ocrx_word' id='word_1_729' title='bbox 1763 2890 1877 2915; x_wconf 77' lang='lat' dir='ltr'>Gurdino</span> <span class='ocrx_word' id='word_1_730' title='bbox 1902 2889 1940 2913; x_wconf 76' lang='lat' dir='ltr'>vel</span> <span class='ocrx_word' id='word_1_731' title='bbox 1959 2890 2104 2914; x_wconf 76' lang='lat' dir='ltr'>Johannem</span> <span class='ocrx_word' id='word_1_732' title='bbox 2126 2890 2244 2922; x_wconf 78' lang='lat' dir='ltr'>Luqueti.</span> <span class='ocrx_word' id='word_1_733' title='bbox 2272 2890 2326 2914; x_wconf 71' lang='lat' dir='ltr'>Vid-</span> 
     </span>
     <span class='ocr_line' id='line_1_108' title="bbox 1428 2928 1679 2958; baseline 0 -8"><span class='ocrx_word' id='word_1_734' title='bbox 1428 2936 1452 2958; x_wconf 84' lang='lat' dir='ltr'>p.</span> <span class='ocrx_word' id='word_1_735' title='bbox 1466 2929 1519 2955; x_wconf 74' lang='lat'>765,</span> <span class='ocrx_word' id='word_1_736' title='bbox 1532 2929 1576 2955; x_wconf 77' lang='lat'>30;</span> <span class='ocrx_word' id='word_1_737' title='bbox 1591 2928 1644 2955; x_wconf 81' lang='lat'>766,</span> <span class='ocrx_word' id='word_1_738' title='bbox 1656 2928 1679 2950; x_wconf 83' lang='lat'>6.</span> 
     </span>
    </p>
   </div>
   <div class='ocr_carea' id='block_1_15' title="bbox 1946 0 2632 179">
    <p class='ocr_par' dir='ltr' id='par_1_24' title="bbox 1946 0 2632 179">
     <span class='ocr_line' id='line_1_109' title="bbox 1946 0 2632 179; baseline 0 3285"><span class='ocrx_word' id='word_1_739' title='bbox 1946 0 2632 179; x_wconf 95' lang='lat' dir='ltr'> </span> 
     </span>
    </p>
   </div>
   <div class='ocr_carea' id='block_1_16' title="bbox 2619 487 2632 613">
    <p class='ocr_par' dir='ltr' id='par_1_25' title="bbox 2619 487 2632 613">
     <span class='ocr_line' id='line_1_110' title="bbox 2619 487 2632 613; textangle 90"><span class='ocrx_word' id='word_1_740' title='bbox 2619 546 2632 613; x_wconf 40' lang='lat' dir='ltr'>..aa</span> <span class='ocrx_word' id='word_1_741' title='bbox 2626 514 2628 526; x_wconf 42' lang='grc' dir='ltr'>η</span> <span class='ocrx_word' id='word_1_742' title='bbox 2620 487 2625 493; x_wconf 73' lang='lat'>=</span> 
     </span>
    </p>
   </div>
   <div class='ocr_carea' id='block_1_17' title="bbox 2620 1157 2632 1221">
    <p class='ocr_par' dir='ltr' id='par_1_26' title="bbox 2620 1157 2632 1221">
     <span class='ocr_line' id='line_1_111' title="bbox 2620 1157 2632 1221; textangle 90"><span class='ocrx_word' id='word_1_743' title='bbox 2620 1157 2632 1221; x_wconf 50' lang='lat' dir='ltr'>sauz-2</span> 
     </span>
    </p>
   </div>
  </div>
 </body>
</html>
