2632 3464
435 455 485 480 543

433 529 634 558 deliberatum
659 527 739 557 sicut
762 528 799 556 de
820 525 977 565 magistris
1000 524 1114 564 Egidio
1136 530 1166 552 et
1183 522 1336 552 Arnoldo.

434 579 494 607 Sed
510 578 653 606 dicebant
672 583 771 606 tamen
788 575 883 614 aliqui
901 575 984 614 quod
1000 573 1026 602 si
1043 573 1119 602 illud
1138 571 1225 611 cujus
1240 571 1340 611 magi-

434 634 497 656 ster
513 626 644 666 Egidius
660 625 768 664 petivit
782 624 1035 657 declaracionem,
1054 627 1137 651 esset
1151 620 1340 660 graciosum,

434 676 494 716 ipsi
511 675 733 704 interimerent.

475 725 635 754 Secundus
646 723 793 752 articulus
807 728 872 751 erat
885 731 979 760 super
995 719 1291 759 supplicacionibus‚
1311 724 1341 747 et

435 773 649 813 supplicarunt
670 772 701 801 in
717 781 844 800 numero
859 770 886 799 V
901 769 1019 799 scilicet
1033 775 1097 798 tres
1113 767 1265 807 magistri,
1279 767 1341 796 duo

434 822 595 857 bacalarii;
608 820 748 860 magistri
760 820 858 859 primo
872 831 878 848 z
890 818 1037 858 magISter
1047 817 1206 846 Gerardus
1214 816 1339 851 Visker‚

434 871 590 900 Johannes
602 869 684 898 Gout
699 875 728 898 et
743 868 897 897 Henricus
910 868 947 896 de
963 867 1075 901 Lecka,
1092 865 1236 905 quatinus
1252 865 1341 894 nacio

435 920 608 949 admitteret
626 928 678 947 eos
696 923 857 957 presentes
872 923 901 945 et
916 916 998 955 quod
1012 921 1202 954 ponerentur
1217 914 1248 942 in
1262 914 1340 943 locis

436 969 501 998 suis
525 969 692 997 secundum
720 965 931 1005 antiquitatem
960 965 1040 994 inter
1071 963 1338 1003 supervenientes.

437 1018 572 1054 Quorum
591 1016 838 1055 supplicaciones
855 1016 978 1044 fuerunt
997 1023 1157 1048 concesse,
1173 1012 1232 1041 isto
1248 1013 1340 1041 modo

435 1067 516 1105 quod
531 1076 591 1094 non
607 1064 835 1104 p1·ejudicarent
847 1063 937 1092 alicui
952 1062 1129 1102 precedenti
1139 1063 1239 1090 datam
1250 1062 1340 1090 istam

435 1115 552 1144 scilicet
571 1125 626 1143 nec
646 1114 726 1147 loco,
748 1123 804 1141 nec
825 1112 1054 1146 reformatione,
1074 1117 1145 1146 etc.,
1171 1111 1250 1140 sicut
1270 1110 1339 1140 aliis

434 1170 498 1192 erat
514 1173 705 1192 concessum.
730 1162 849 1191 Deinde
867 1160 1056 1195 bachallarii‚
1077 1160 1177 1199 primo
1196 1160 1339 1189 dominus

434 1212 525 1252 Hugo
550 1213 587 1240 de
607 1211 689 1240 Delft
710 1217 861 1250 quatenus
883 1210 972 1238 nacio
992 1210 1104 1238 faceret
1125 1209 1185 1237 sibi
1205 1209 1339 1248 graciam

433 1262 470 1290 de
488 1261 591 1290 bursis
606 1260 733 1289 licencie
747 1266 775 1288 et
791 1258 973 1299 magisterii,
991 1258 1102 1297 positis
1118 1264 1218 1287 tamen
1229 1258 1339 1297 pigno-

432 1311 529 1339 ribus.
555 1309 650 1348 Cujus
681 1308 872 1348 supplicacio
904 1308 960 1337 fuit
986 1317 1133 1336 concessa
1170 1307 1338 1336 secundum

433 1359 684 1388 consuetudinem
707 1358 858 1386 nacionis.
883 1357 957 1386 Item
983 1356 1170 1396 supplicavit
1194 1356 1338 1385 dominus

431 1408 588 1437 Johannes
612 1409 649 1436 de
675 1407 815 1436 Hoeklem
846 1412 997 1445 quatenus
1024 1406 1111 1434 nacio
1139 1406 1251 1434 faceret
1279 1405 1338 1434 sibi

432 1457 578 1496 graciam,
591 1456 662 1495 quia
673 1462 755 1484 esset
766 1455 973 1484 determinans
983 1461 1011 1483 et
1024 1465 1085 1483 non
1096 1454 1298 1494 disputasset,
1306 1461 1339 1484 ut

432 1506 499 1544 ipse
515 1511 710 1544 reputaretur
728 1504 899 1533 bacalarius
923 1504 1032 1533 solutis
1054 1503 1223 1533 solvendi&
1242 1502 1338 1543 Cujus

432 1554 622 1594 supplicacio
648 1554 701 1583 fuit
724 1563 873 1582 concessa
893 1553 923 1581 in
946 1559 1092 1592 quantum
1114 1552 1203 1581 nacio
1226 1553 1336 1591 potuit.

433 1603 507 1632 Item
529 1604 560 1632 in
582 1603 674 1642 plena
694 1601 940 1642 congregacione
959 1601 1074 1640 juravit
1099 1607 1243 1630 statutum
1265 1612 1338 1641 pau-

433 1653 571 1691 pertatis.

472 1702 546 1731 Item
558 1700 704 1740 magister
716 1701 910 1730 Hermannus
925 1700 1125 1729 Sconenbeke
1136 1710 1194 1739 pro
1200 1699 1337 1739 jocundo

432 1750 558 1779 introitu
574 1750 665 1779 solvit
682 1752 697 1778 1
717 1751 864 1778 francum.

472 1799 546 1828 Item
580 1799 727 1838 magister
748 1798 904 1827 Johannes
920 1797 1070 1837 Nycholai
1089 1798 1126 1826 de
1153 1797 1262 1827 Gouda
1278 1807 1337 1837 pro

426 1847 562 1887 jocundo
581 1848 707 1876 introitu
724 1847 818 1876 solvit
831 1849 845 1876 1
865 1848 1011 1876 francum.

470 1896 561 1926 Anno
579 1897 703 1926 Domini
718 1907 779 1936 quo
792 1906 897 1935 supra,
909 1896 1005 1925 ΧΧΧ3
1021 1895 1070 1924 die
1079 1896 1195 1925 mensis
1203 1895 1335 1935 Aprilis,

431 1946 507 1976 facta
535 1946 780 1985 congregacione
810 1945 962 1984 solempni
989 1944 1128 1974 nacionis
1163 1944 1336 1984 Anglicane

431 1995 507 2024 hora
536 2005 684 2024 nonarum
702 1994 806 2023 Sancti
827 1994 934 2023 Jacobi
958 1995 1040 2033 apud
1068 1993 1211 2023 Sanctum
1236 1994 1338 2023 Matu-

432 2044 531 2073 rinum
552 2054 646 2083 super
667 2044 788 2073 duobus
811 2043 961 2078 articulis,
985 2053 1115 2082 quorum
1133 2043 1252 2082 primus
1273 2049 1338 2072 erat

431 2094 467 2121 ad
480 2093 684 2121 ordinandum
698 2093 772 2132 quid
783 2099 866 2121 esset
876 2093 1046 2121 faciendum
1058 2093 1095 2121 de
1107 2092 1168 2121 illis
1179 2092 1336 2132 magistris

431 2142 483 2181 qui
501 2141 683 2180 juraverunt
705 2148 849 2170 statutum
873 2141 1062 2180 paupertatis
1088 2147 1117 2170 et
1141 2142 1232 2170 modo
1259 2142 1337 2170 bene

431 2197 560 2230 possent
591 2190 712 2219 nacioni
744 2191 933 2225 satisfacere,
968 2200 1005 2219 an
1039 2191 1188 2219 deberent
1219 2190 1336 2229 imponi

431 2239 531 2268 rotulo
554 2246 623 2268 ante
644 2239 887 2268 satisfaccionem
910 2239 959 2268 vel
976 2249 1049 2268 non.
1077 2239 1178 2278 Super
1199 2249 1259 2278 quo
1282 2240 1337 2268 fuit

431 2288 631 2317 deliberatum
668 2289 750 2326 quod
781 2287 999 2316 inrotulatores
1036 2288 1185 2317 deberent
1223 2287 1336 2317 habere

430 2337 553 2365 nomina
570 2337 674 2365 talium
690 2336 908 2376 magistrorum
927 2337 979 2375 qui
995 2335 1336 2376 taliajuramentajura-

431 2392 510 2421 rent,
523 2392 552 2415 et
570 2386 652 2424 quod
664 2386 724 2424 ipsi
735 2385 876 2424 jurarent
890 2386 973 2424 quod
987 2385 1085 2414 adhuc
1101 2395 1163 2414 non
1176 2392 1281 2415 essent
1298 2386 1336 2414 ad

430 2435 624 2474 pinguiorem
641 2435 791 2463 fortunam
809 2444 899 2473 quam
915 2440 1001 2463 erant
1022 2440 1160 2473 tempore
1181 2445 1241 2474 quo
1255 2435 1335 2463 idem

426 2482 796 2522 juramentumjurarunt,
809 2483 857 2512 vel
871 2484 953 2522 quod
969 2483 1090 2512 nacioni
1106 2483 1333 2518 satisfacerent;

432 2533 457 2560 si
474 2532 549 2561 illud
566 2543 627 2561 non
640 2532 753 2562 vellent
766 2531 883 2571 jurare,
897 2538 926 2560 et
941 2533 1022 2571 quod
1038 2532 1255 2561 inrotulatores
1274 2543 1335 2561 non

432 2588 577 2620 caperent
592 2581 840 2620 supplicaciones
856 2580 960 2610 talium
979 2581 1039 2610 nisi
1058 2581 1271 2610 satisfacerent
1286 2581 1335 2610 vel

432 2630 461 2657 in
479 2630 636 2658 solucione
651 2630 698 2659 vel
710 2629 883 2668 juramento
898 2629 1031 2658 nacioni.
1175 2629 1178 2634 ”

472 2680 542 2717 (Fol.
564 2680 607 2717 14)
630 2679 789 2708 Secundus
813 2679 959 2707 articulus
978 2685 1042 2707 erat
1059 2680 1156 2718 ‘super
1175 2679 1333 2718 supplica-

431 2727 582 2756 cionibus.
610 2728 647 2756 Et
668 2728 919 2766 supplicaverunt
942 2727 1000 2756 llll
1022 2728 1052 2756 in
1072 2738 1211 2762 numero,
1234 2728 1332 2766 primo

430 2776 568 2814 magistri
592 2776 768 2815 Alphardus
791 2778 828 2805 de
856 2776 916 2810 Aa,
941 2776 1074 2805 Thomas
1098 2777 1178 2815 Wys
1207 2776 1330 2812 Scotus,

430 2824 623 2853 Hermannus
640 2826 676 2853 de
694 2825 871 2854 Aldenrode
888 2824 988 2854 et...⁴.

470 2873 603 2907 Primus,
626 2874 768 2912 quatinus
786 2874 872 2902 nacio
889 2880 1045 2912 reputaret
1061 2884 1127 2902 eurn
1143 2880 1329 2912 presentem,

461 2968 482 2991 1.
516 2970 588 2991 Deest
598 2976 696 2998 nomen,
710 2969 793 3000 spatio
805 2978 883 2992 vacuo
897 2970 932 2992 ad
945 2969 972 2992 id
987 2969 1083 2993 relicto.

1378 967 1412 992 10

1378 1212 1410 1238 15

1376 1459 1409 1484 20

1375 1702 1408 1729 25

1375 1950 1408 1976 30

1375 2195 1408 2222 35

1373 2440 1408 2466 40

983 447 1206 475 AUCTARIUM
1226 445 1485 473 CHARTULARII
1506 446 1678 472 UNIVERS.
1700 445 1816 472 PARIS.
2300 446 2353 472 544

1449 527 1479 551 et
1503 523 1586 562 quod
1606 528 1773 561 poneretur
1797 521 1865 551 loco
1885 532 1939 551 sue
1958 521 2165 562 antiquitatis;
2184 522 2236 551 atii
2254 529 2354 552 autem

1449 577 1513 600 tres
1533 571 1677 610 quatinus
1697 571 1785 600 nacio
1805 577 1963 610 reputaret
1981 580 2035 600 eos
2053 576 2215 610 presentes
2237 571 2352 609 nemini

1450 618 1670 659 prejudicando
1689 620 1838 659 presenti.
1863 619 2060 659 Supplicacio
2084 629 2158 649 vero
2181 620 2272 658 primi
2290 630 2354 650 non

1450 669 1676 698 concedebatur
1690 675 1724 698 ut
1733 669 1852 708 petivit,
1866 669 1921 698 sed
1935 669 2016 698 sicut
2030 668 2098 698 aliis
2115 669 2352 708 precedentibus

1450 727 1631 747 concessum
1650 724 1697 747 est
1713 718 1940 747 concedebatur
1956 718 1995 746 ei.
2014 717 2269 757 Supplicaciones
2281 718 2354 748 alio-

1449 776 1517 796 rum
1532 766 1624 796 trium
1637 767 1885 796 concedebantur
1895 767 1987 796 modo
2003 772 2033 796 et
2047 767 2144 796 forma
2156 766 2269 806 quibus
2283 777 2354 806 pre-

1450 815 1630 845 cedentibus
1655 816 1914 850 concedebantur,
1941 815 2087 845 videlicet
2108 816 2192 855 quod
2210 825 2265 844 nec
2285 815 2353 846 loco

1449 874 1506 893 nec
1519 864 1699 900 collacione,
1714 870 1772 893 etc.

1490 913 1565 942 Item
1584 913 1616 942 in
1635 914 1741 942 eadem
1761 914 2007 953 congregacione
2027 913 2175 953 magister
2193 913 2350 944 Johannes

1449 963 1487 991 de
1514 961 1648 1002 Ynghen
1677 961 1787 1001 petivit
1815 972 1872 1002 per
1897 962 2057 992 nacionem
2083 972 2152 992 eum
2178 962 2353 992 declarari²

1449 1017 1624 1050 presentem
1641 1011 1822 1050 simpliciter
1837 1011 1915 1051 (sine
1925 1017 2026 1041 tamen
2037 1010 2208 1051 prejudicio
2223 1011 2354 1052 alicujus

1449 1060 1605 1099 presentis
1628 1060 1768 1100 magistri
1787 1060 1819 1089 in
1843 1059 2022 1095 collacione,
2049 1061 2121 1099 quia
2148 1060 2241 1090 vellet
2266 1068 2354 1091 extra

1449 1109 1607 1148 dyocesim
1620 1109 1748 1148 petere),
1765 1108 1838 1148 quia
1850 1119 1917 1138 cum
1934 1116 2107 1138 recesserat
2122 1109 2310 1149 supplicavit
2321 1110 2352 1140 in

1448 1157 1577 1187 nacione
1591 1158 1675 1197 quod
1687 1158 1714 1187 si
1729 1158 1924 1197 contingeret
1940 1158 2073 1187 rotulum
2091 1159 2168 1194 fieri,
2186 1160 2270 1198 quod
2285 1159 2353 1198 ipse

1449 1213 1644 1246 reputaretur
1658 1217 1800 1246 presens.
1817 1206 1913 1246 Cujus
1927 1206 2117 1246 supplicacio
2133 1207 2189 1237 fuit
2205 1218 2353 1237 concessa

1449 1266 1505 1295 per
1515 1256 1674 1285 nacionem
1683 1255 1715 1285 in
1728 1262 1874 1295 quantum
1891 1256 1959 1295 ipsa
1972 1256 2081 1295 potuit.
2093 1256 2163 1286 Fuit
2172 1266 2247 1296 ergo
2257 1267 2352 1296 super

1449 1304 1499 1334 illa
1525 1304 1672 1344 petitione
1696 1304 1797 1334 dictus
1819 1305 1968 1344 magister
1988 1304 2145 1334 «Iohannes
2176 1305 2355 1345 declaratus,

1448 1364 1504 1393 per
1527 1352 1673 1393 majorem
1698 1360 1815 1393 partem
1836 1353 2055 1393 magistrorum
2081 1364 2212 1394 presens
2221 1366 2228 1390 ;
2257 1355 2352 1394 aliqui

1447 1409 1547 1432 autem
1564 1403 1751 1432 remiserunt
1770 1412 1838 1432 eum
1853 1403 1891 1432 ad
1907 1402 2159 1439 Universitatem,
2176 1403 2248 1442 quia
2267 1404 2353 1434 dice-

1447 1453 1520 1481 bant
1530 1452 1613 1491 quod
1622 1452 1710 1481 nacio
1721 1462 1783 1480 non
1793 1458 1902 1491 posset
1912 1461 1980 1481 eum
1991 1451 2148 1481 declarare
2158 1459 2351 1491 presentem,

1447 1502 1502 1530 sed
1530 1501 1726 1530 Universitas
1749 1507 1880 1536 tantum,
1909 1507 1939 1530 et
1965 1501 2044 1530 idem
2072 1501 2283 1531 intenderetur
2313 1502 2352 1533 de

1447 1550 1604 1590 magistris
1624 1549 1767 1579 Woltero
1787 1551 1825 1579 de
1848 1549 1942 1585 Delft,
1964 1549 2100 1579 Arnoldo
2121 1551 2158 1579 de
2182 1550 2308 1580 Triecht
2322 1556 2354 1581 et

1447 1599 1561 1639 Egidio
1579 1599 1755 1639 Brfine,qui
1771 1609 1828 1638 per
1840 1598 1985 1638 majorem
2000 1605 2118 1638 partem
2133 1599 2351 1639 magistrorum

1445 1649 1667 1688 reputabantur
1685 1654 1848 1687 presentes
1868 1647 2061 1687 simpliciter,
2085 1654 2114 1677 et
2135 1648 2279 1678 dicebaut
2303 1649 2348 1678 illi

1446 1698 1530 1737 quod
1542 1697 1600 1726 hoc
1614 1697 1712 1726 solum
1726 1703 1822 1726 staret
1833 1696 1865 1726 in
1881 1696 2086 1726 conscienciis
2102 1697 2179 1732 suis,
2190 1697 2241 1726 alii
2250 1703 2350 1727 autem

1445 1746 1632 1776 remiserunt
1645 1756 1699 1775 eos
1715 1747 1753 1775 ad
1766 1745 2005 1776 Universitatem
2020 1745 2092 1775 licet
2104 1746 2204 1785 pauci.

1486 1795 1576 1824 Anno
1595 1795 1719 1824 Domini
1730 1805 1791 1834 quo
1803 1805 1908 1834 supra,
1922 1795 2058 1824 secunda
2073 1794 2122 1824 die
2137 1795 2253 1824 mensis
2264 1795 2349 1835 Maij,

1446 1845 1524 1874 facta
1545 1844 1791 1884 congregacione
1807 1843 2026 1873 Universitatis
2044 1843 2223 1883 regencium
2243 1851 2274 1874 et
2287 1854 2351 1874 non

1446 1894 1623 1934 regencium
1642 1894 1723 1932 apud
1739 1893 1882 1922 Sanctum
1898 1892 2096 1928 Maturinum,
2111 1899 2208 1922 tracta
2218 1903 2352 1933 congre-

1446 1943 1574 1983 gacione
1591 1948 1698 1971 nostra
1716 1941 1861 1972 videlicet
1880 1940 2051 1981 Anglicana
2069 1942 2107 1970 ad
2125 1948 2254 1981 partem,
2274 1952 2351 1982 sup-

1446 1992 1638 2032 plicaverunt
1657 1991 1808 2031 magistri,
1831 1990 1931 2030 primo
1952 1990 2153 2020 Thilmannus
2173 1990 2348 2021 Thilmanni

1447 2040 1603 2071 Balistarii
1619 2041 1657 2069 de
1675 2039 1905 2070 Luczemhfirch
1921 2046 1951 2069 et
1970 2039 2117 2069 Albertus
2137 2039 2256 2069 Bestun
2273 2050 2351 2080 qua-

1446 2091 1529 2120 tinus
1546 2090 1608 2130 ipsi
1627 2094 1846 2128 reputarentur
1859 2095 2023 2128 presentes
2040 2098 2096 2128 per
2110 2089 2271 2118 nacionem
2282 2089 2349 2119 sine

1445 2138 1629 2179 prejudicio,
1652 2145 1724 2174 etc.,
1748 2138 1828 2167 sicut
1849 2137 2125 2177 predecessoribus
2148 2147 2255 2167 eorum
2273 2148 2350 2167 cou-

1445 2198 1567 2218 cessum
1595 2188 1703 2217 fuerat.
1733 2187 1870 2224 Quorum
1900 2186 2090 2226 supplicacio
2118 2186 2174 2215 fuit
2202 2196 2350 2216 concessa

1446 2238 1553 2267 eodem
1566 2237 1657 2266 modo
1674 2236 1754 2265 sicut
1768 2235 2017 2275 supplicaciones
2028 2235 2275 2274 precedencium,
2288 2242 2347 2265 etc.

1486 2286 1561 2316 Item
1577 2296 1656 2314 anno
1673 2295 1734 2324 quo
1753 2294 1846 2324 supra
1865 2285 1942 2313 facta
1957 2284 2203 2324 congregacione
2223 2284 2351 2314 faculta-

1446 2336 1485 2365 tis
1499 2335 1613 2364 arcium
1633 2334 1690 2363 1112
1709 2334 1759 2363 die
1775 2333 1890 2362 mensis
1907 2332 1980 2372 Maij
1996 2333 2077 2372 apud
2092 2333 2236 2363 Sanctum
2252 2333 2349 2362 Matu-

1446 2385 1546 2414 rinum
1562 2390 1592 2413 et
1604 2383 1731 2412 nacione
1745 2389 1851 2412 nostra
1863 2388 1959 2411 tracta
1972 2382 2009 2411 ad
2019 2387 2149 2421 partem,
2164 2381 2350 2420 supplicavit

1444 2443 1503 2473 pro
1518 2433 1670 2462 dilacione
1685 2433 1847 2461 bursarum
1865 2431 1992 2460 licencie
2011 2436 2041 2460 et
2055 2430 2226 2470 magisterii
2244 2430 2350 2460 Gode-

1445 2482 1543 2511 fridus
1559 2483 1596 2510 de
1614 2481 1727 2510 Kalker
1742 2487 1772 2509 et
1790 2480 1968 2509 Bernardus
1981 2480 2019 2508 de
2037 2479 2191 2508 Embrica.
2210 2479 2348 2516 Quorum

1445 2530 1636 2570 supplicacio
1660 2529 1714 2559 fuit
1736 2539 1885 2559 concessa
1906 2528 2074 2557 secundum
2094 2528 2348 2557 consuetudinem

1444 2580 1594 2614 nacionis,
1613 2578 1726 2618 positis
1743 2585 1844 2607 tamen
1858 2577 1948 2606 etiam
1966 2577 2164 2617 pignoribus.

1483 2628 1574 2658 Anno
1598 2628 1722 2657 Domini
1746 2637 1807 2666 quo
1834 2636 1947 2666 supra,
1963 2625 2037 2654 llll*
2061 2626 2110 2654 die
2134 2626 2249 2654 mensis
2275 2624 2348 2666 Maij

1444 2678 1521 2707 facta
1538 2676 1784 2716 congregacione
1799 2675 1937 2704 nacionis
1955 2674 2126 2714 Anglicane
2147 2681 2216 2703 ante
2231 2675 2348 2713 primas

1444 2726 1548 2755 Sancti
1567 2725 1672 2755 Jacobi
1690 2726 1771 2764 apud
1792 2724 1935 2753 Sanctum
1956 2723 2143 2752 Maturinum
2162 2724 2200 2751 ad
2217 2733 2349 2762 presen-

1442 2775 1565 2803 tandum
1586 2774 1704 2813 virgam
1733 2778 1908 2812 argenteam
1929 2772 2049 2800 nacioni
2075 2781 2132 2810 per
2160 2771 2347 2801 aurifabrum

1442 2830 1471 2852 et
1485 2824 1522 2852 ad
1537 2822 1783 2862 supplicandum,
1795 2827 1971 2861 presentata
1988 2821 2043 2849 fuit
2058 2821 2156 2860 virga,
2169 2826 2199 2850 et
2212 2826 2347 2860 protunc

1440 2872 1549 2911 petivit
1574 2871 1728 2900 aurifaber
1751 2870 1928 2910 pecuniam,
1955 2870 2010 2898 sed
2037 2879 2073 2898 ex
2108 2879 2169 2908 quo
2199 2869 2347 2909 magister

1472 2970 1494 2992 2.
1527 2971 1574 2992 Με,
1590 2968 1734 2992 declarare.
