2632 3464
456 414 503 439 311

498 490 569 518 Item
584 487 794 517 determinavit
813 486 955 516 dominus
971 486 1082 515 Petrus

455 539 535 567 filius
545 537 712 567 Franconis
721 537 777 565 sub
788 535 935 575 magistro
944 534 1081 563 Johanne

457 587 569 626 Proys,
589 585 673 626 cujus
686 587 779 614 bursa
794 584 819 612 V
835 583 938 613 solidi.

497 636 570 665 Item
584 634 796 664 determinavit
808 632 962 662 Johannes
977 631 1096 660 Grecus
1109 632 1165 660 sub
1182 629 1280 669 magi—

458 692 522 714 stro
534 683 706 713 Guilhelmo
719 683 829 716 Buzer,
847 680 932 720 cujus
945 682 1038 709 bursa
1050 680 1077 708 V
1090 679 1192 708 solidi.

497 734 570 763 Item
583 731 796 761 determinavit
805 730 960 759 Johannes
975 729 1077 758 Bosch
1089 729 1126 757 de
1138 727 1278 766 Trajecto

457 782 610 822 superiori
629 782 686 810 sub
702 780 848 819 magistro
869 778 1042 807 Guilhelmo
1061 778 1172 811 Buzer,
1193 775 1278 815 cujus

456 833 550 861 bursa
561 830 587 859 V
603 829 704 859 solidi.

496 881 570 909 ltem
608 877 821 907 determinavit
861 876 1003 905 dominus
1046 874 1202 904 Johannes
1241 875 1278 902 de

454 929 595 958 Ammers
624 929 680 956 sub
711 926 857 965 magistro
887 925 1025 954 ,Iohanne
1052 924 1163 962 Proys,
1191 922 1277 963 cujus

454 979 547 1007 bursa
563 977 589 1006 V
607 975 708 1005 solidi.

496 1027 569 1055 Item
598 1024 811 1054 determinavit
848 1022 990 1051 dominus
1026 1021 1214 1050 VVilhelmus
1241 1021 1277 1050 de

453 1075 645 1104 Amsterdam
665 1074 722 1102 sub
741 1073 887 1112 magistro
907 1071 1044 1100 Johanne
1063 1070 1175 1109 Proys,
1191 1069 1277 1109 cujus

458 1125 551 1153 bursa
566 1123 591 1151 V
605 1122 707 1151 solidi.

494 1173 566 1201 Item
605 1170 819 1200 determinavit
850 1169 992 1198 dominus
1032 1168 1184 1197 Rodolfus
1220 1169 1277 1197 sub

452 1222 599 1260 magistro
615 1219 788 1248 Guilhelmo
805 1218 916 1252 Buser,
932 1216 1019 1256 cujus
1035 1218 1127 1246 bursa
1140 1218 1158 1245 9
1177 1217 1234 1246 sol.

492 1270 545 1299 Isti
565 1270 616 1308 qui
633 1278 711 1297 nunc
731 1273 875 1296 secuntur
892 1272 1063 1305 posuerunt
1083 1266 1213 1305 pignora
1231 1266 1262 1294 in
1281 1276 1357 1305 pro-

452 1319 593 1358 portione
605 1328 716 1356 sesque
729 1316 790 1355 (sic)
804 1316 898 1344 altera
908 1315 978 1354 plus
994 1314 1126 1343 valentia
1138 1325 1227 1353 quam
1240 1325 1357 1343 summa

1125 532 1357 562 Penthecostes.

1328 1044 1357 1142 usque
1318 993 1347 1030 ad
1318 883 1347 974 alium
1329 744 1349 868 annum.

450 1367 640 1408 principalis.

491 1417 524 1445 ln
536 1417 635 1456 primo
648 1414 859 1444 determinavit
870 1413 1012 1442 dominus
1025 1412 1136 1441 Johan-

453 1477 508 1494 nes
540 1466 576 1494 de
613 1464 857 1502 Luczellenburg
894 1463 950 1491 sub
986 1461 1135 1501 magistro

451 1515 566 1544 Thoma
587 1515 623 1542 de
646 1514 743 1547 Dons,
765 1511 851 1551 cujus
873 1513 967 1540 bursa
986 1511 1012 1539 X
1031 1510 1132 1539 solidi.

491 1564 564 1592 Item
583 1561 798 1591 determinavit
817 1561 958 1589 dominus
980 1559 1135 1588 Johannes

452 1614 489 1642 de
502 1612 600 1651 Aquis
611 1612 667 1640 sub
680 1611 826 1650 magistro
839 1609 1012 1638 Guilhelmo
1022 1608 1133 1644 Buzer,

453 1661 538 1701 cujus
558 1662 649 1689 bursa
665 1660 691 1688 X
705 1659 806 1688 solidi.

490 1711 564 1739 Item
573 1706 1073 1738 determinavitdominusTbomas

451 1759 537 1798 Lang
555 1760 611 1787 sub
630 1757 778 1797 magistro
792 1757 907 1785 Thoma
921 1757 957 1785 de
972 1756 1070 1792 Dons,

450 1807 535 1848 eujus
550 1809 641 1836 bursa
656 1809 674 1836 9
690 1806 791 1835 solidi.

490 1857 564 1886 Item
586 1858 661 1885 sacta
674 1856 777 1884 eadem
794 1855 1044 1894 congregatione,
1064 1857 1116 1885 ubi
1134 1855 1276 1885 omnibus
1290 1861 1355 1884 erat

452 1906 549 1946 gratia
575 1906 662 1938 sacta,
686 1904 799 1943 singuli
819 1904 959 1943 magistri
982 1904 1173 1934 intraverunt
1197 1906 1353 1933 tabernam

450 1965 506 1994 pro
528 1954 716 1983 recreatione
738 1953 886 1988 habenda,
908 1959 937 1982 et
961 1960 1220 1993 consumpserunt
1240 1953 1352 1983 ibidem

452 2003 551 2032 XXIII
571 2002 698 2031 solidos.

492 2052 554 2090 (Fol
568 2055 604 2081 55
620 2051 642 2090 b)
656 2052 729 2080 Item
749 2051 777 2079 in
789 2052 893 2079 eadem
907 2051 1085 2080 licensiatus
1099 2052 1155 2081 fuit
1168 2052 1198 2080 in
1215 2051 1352 2080 examine

450 2101 602 2139 superiori
638 2100 779 2128 dominus
811 2100 985 2138 Heynricus
1021 2100 1263 2129 Brandenborch
1296 2101 1352 2129 sub

451 2150 599 2188 magistro
616 2148 788 2177 Guilhelmo
803 2149 914 2183 Buzer,
932 2148 1018 2188 cujus
1036 2151 1130 2178 bursa
1144 2150 1171 2178 X
1188 2150 1290 2179 solidi.

490 2199 563 2227 Item
582 2198 758 2226 licenciatus
775 2198 829 2226 suit
844 2198 986 2227 dominus
998 2199 1173 2233 Linfardus,
1191 2199 1352 2238 gallicatus

449 2247 478 2275 in
499 2247 604 2275 eodem
621 2246 768 2279 examine,
789 2247 845 2274 sub
859 2246 1007 2286 magistro
1025 2247 1163 2276 Johanne
1179 2248 1216 2276 de
1236 2247 1350 2282 Platea,

450 2294 537 2333 eujus
556 2296 649 2323 bursa
662 2294 687 2322 X
706 2294 807 2322 solidi.

491 2344 563 2372 Item
584 2343 760 2372 licensiatus
779 2343 834 2372 fuit
856 2344 885 2372 in
907 2345 1013 2373 eodem
1035 2345 1172 2374 examine
1198 2345 1352 2384 superiori

449 2393 602 2421 Rohcrtus
629 2392 728 2420 dictus
751 2392 838 2427 Boel,
856 2394 1105 2422 normannizatus
1128 2395 1184 2423 sub
1205 2394 1352 2434 magistro

450 2442 588 2470 ,Iohanne
602 2442 639 2469 de
656 2441 806 2470 Boddinis
820 2441 842 2476 ⁴,
860 2441 945 2480 cujus
964 2443 1057 2471 bursa
1073 2444 1091 2471 9
1107 2443 1209 2472 solidi,

490 2491 563 2519 Item
589 2490 765 2519 licensiatus
789 2491 843 2519 fuit
865 2491 894 2519 in
920 2492 1026 2520 eodem
1046 2492 1184 2520 examine
1210 2493 1352 2521 dominus

1151 1415 1163 1539 .)
1178 1511 1216 1539 ad
1245 1511 1355 1539 festum

1203 1560 1333 1589 Pasche.

1152 1731 1189 1758 ad
1208 1730 1317 1758 festum

1116 1779 1337 1808 Penthecostes
1344 1801 1350 1807 .

480 2578 501 2601 1.
536 2580 583 2601 Seu
598 2578 710 2601 Boutini.

480 2614 501 2636 2.
536 2616 607 2636 Nunc
619 2617 759 2645 sequuntur
770 2614 824 2645 (sol.
836 2614 922 2646 56-59)
935 2615 1095 2644 Juramenta,
1112 2625 1177 2647 quae
1190 2617 1317 2640 edidimus
1327 2618 1352 2641 in

450 2649 566 2671 Chnrtul.
582 2649 703 2672 Univers.
719 2650 812 2678 Paris..
827 2651 858 2678 11,
874 2659 899 2681 p.
913 2651 967 2678 672,
983 2659 1037 2682 sqq.

481 2686 503 2707 3.
537 2684 612 2707 Atell.
632 2684 742 2708 L'niiters.
762 2686 843 2708 Paris.
863 2687 923 2718 Reg.
946 2686 977 2709 de
994 2686 1159 2715 ΖἬιιίνενθίίέ,
1175 2692 1202 2710 n‘·
1219 2689 1241 2711 [4.
1262 2688 1352 2711 Omnia

451 2720 540 2742 desunt
551 2720 592 2742 ab.
608 2728 650 2742 an-
663 2721 730 2750 1365,
747 2721 816 2744 Febr.
830 2721 859 2744 10
872 2730 950 2752 usque
963 2722 1031 2750 1368,
1042 2724 1100 2745 Iun.
1114 2723 1135 2746 1.
1149 2723 1220 2754 Infra
1234 2723 1281 2746 hoc
1292 2732 1352 2755 spa-

449 2755 511 2777 tium
524 2754 647 2785 reperitur
659 2755 850 2779 instrumentum
861 2756 990 2788 quoddam
1002 2757 1027 2780 in
1040 2757 1116 2780 Are-ln.
1132 2758 1243 2782 Univers.
1259 2759 1351 2788 Paris.,

452 2790 516 2812 ther.
527 2790 589 2817 XIV,
602 2791 635 2812 1³⁶
646 2790 733 2817 linsso,
749 2792 856 2818 n⁰12.1‘n
866 2800 914 2823 quo
924 2792 1029 2823 legimus
1039 2801 1044 2816 ·,
1055 2793 1183 2817 officialis
1197 2794 1352 2818 Parisiensis

451 2825 570 2847 omnibus
582 2826 742 2856 presbyteris
755 2827 866 2850 salutem
876 2827 901 2850 in
913 2828 1029 2851 Domino.
1043 2829 1097 2852 Nisi
1109 2829 1183 2852 vobis
1196 2830 1351 2859 constiterit,

451 2860 518 2891 quod
533 2861 685 2883 Franciscus
697 2862 726 2884 dc
741 2864 840 2892 Stcttyn
853 2863 995 2886 reddiderit
1006 2867 1030 2886 et
1039 2864 1148 2887 solverit
1159 2865 1256 2888 nationi
1265 2866 1353 2896 Angli-

451 2904 512 2917 cane
531 2904 575 2918 sou
597 2896 711 2926 ejusdem
734 2898 846 2920 untionis
863 2899 990 2926 receptori
1006 2899 1122 2922 Purisius
1139 2899 1227 2923 decem
1247 2900 1350 2928 bursas,

452 2930 475 2952 in
498 2930 591 2960 quihus
613 2931 695 2954 eidem
716 2932 813 2955 nationi
834 2936 934 2956 tenetur
954 2933 1054 2957 ratione
1075 2934 1276 2958 determinancie
1296 2943 1350 2963 sue,

991 408 1212 435 AUCTARIUM
1234 405 1487 433 CHARTUSARII
1508 406 1681 433 UNIVERS.
1704 406 1822 433 PARIS.

1395 924 1428 949 10

1394 1169 1427 1194 15

1394 1414 1427 1439 20

1393 1659 1426 1685 25

1391 1905 1424 1931 30

1390 2151 1424 2177 35

1390 2396 1423 2422 40

2323 410 2376 437 312

1470 482 1646 521 Heynricus
1663 483 1875 519 Zwalewaert‚
1893 485 2143 514 normannizatus
2158 486 2215 515 sub
2226 486 2375 526 magistro

1468 530 1607 560 ,Iohanne
1624 531 1788 567 Boddinis,
1807 532 1894 572 cujus
1912 533 2007 562 bursa
2022 534 2040 563 3
2056 533 2158 563 solidi.

1510 579 1584 608 Item
1611 580 1727 620 incepit
1751 581 1894 611 dominus
1922 581 2098 621 Heynricus
2131 583 2375 613 Brandenborch

1468 628 1525 657 sub
1543 628 1691 668 magistro
1707 629 1882 660 Guilhelmo
1898 630 2010 666 Buzer,
2023 630 2110 670 cujus
2120 631 2214 661 bursa
2229 632 2255 662 X
2269 632 2372 662 solidi.

1509 677 1583 706 Item
1610 677 1727 717 incepit
1763 679 1907 709 dominus
1943 680 2107 710 Linfardus
2141 682 2198 710 sub
2227 681 2374 721 magistro

1466 725 1606 755 Johanne
1624 727 1661 756 de
1677 727 1797 764 Platea,
1815 728 1886 768 quia
1902 729 2063 769 gallicatus
2082 736 2161 765 erat,
2179 730 2265 770 cujus
2282 731 2376 760 bursa

1466 775 1493 804 X
1508 775 1600 804 solidi
1610 774 1633 805 ².

1869 830 1967 860 1368

1507 895 1578 935 (Fol.
1607 895 1656 936 1)³
1693 897 1916 927 Procuratio
1950 898 2122 938 magistri
2152 898 2334 928 Johannis

1801 947 1843 975 de
1874 947 2043 976 Polonia.

1507 1019 1570 1049 Sub
1595 1030 1675 1049 anno
1702 1021 1928 1051 incarnacionis
1954 1021 2078 1051 Domini
2106 1023 2152 1052 Μο
2177 1023 2297 1053 C⁰C⁰C⁰
2321 1023 2374 1053 LX

1465 1076 1584 1104 octavo,
1626 1070 1702 1099 sacta
1738 1071 1985 1110 congregacione
2022 1071 2162 1101 nacionis
2203 1071 2375 1112 Anglicane

1465 1118 1565 1157 prima
1580 1118 1630 1147 die
1645 1119 1761 1148 mensis
1783 1119 1867 1148 Junii
1888 1121 1926 1149 ad
1946 1119 2122 1160 eligendum
2141 1127 2375 1160 procuratorem

1465 1173 1495 1196 et
1521 1167 1558 1196 ad
1585 1174 1758 1207 compotum
1788 1168 1971 1204 faciendum,
2004 1169 2120 1198 electus
2149 1169 2205 1199 suit
2227 1169 2376 1210 magister

1464 1215 1621 1245 Johannes
1645 1217 1682 1245 de
1710 1216 1851 1252 Polonia,
1876 1217 1977 1246 dictus
1997 1217 2153 1253 Nadlicza,
2176 1218 2207 1247 in
2229 1228 2375 1257 procura-

1465 1270 1562 1293 torem
1582 1265 1722 1294 nacionis
1741 1265 1891 1304 predicte.
1916 1266 1950 1295 In
1971 1265 2058 1306 cujus
2077 1267 2303 1306 procuracione
2317 1267 2374 1297 hec

1465 1321 1530 1343 acta
1548 1314 1784 1354 dignoscuntur.

1506 1363 1580 1392 ltem
1607 1374 1664 1403 pro
1694 1365 1798 1393 eadem
1831 1364 1986 1394 eleccione
2020 1364 2106 1394 nullo
2144 1365 2374 1395 contradicente

1465 1412 1667 1442 deliberatum
1699 1413 1755 1442 suit
1781 1413 1825 1442 ire
1852 1414 1890 1442 ad
1917 1415 2086 1449 tabernam,
2114 1414 2167 1442 ubi
2185 1413 2247 1453 jam
2271 1414 2374 1444 dietus

1464 1461 1479 1490 J
1484 1461 1621 1491 ohannes
1636 1462 1727 1492 solvit
1742 1472 1835 1491 unum
1852 1463 2000 1498 francum,
2015 1463 2174 1492 residuum
2190 1473 2276 1499 vero,
2290 1463 2373 1493 vide-

1465 1510 1536 1539 licet
1550 1510 1652 1540 XXIII
1672 1510 1802 1546 solidos,
1819 1511 1902 1541 natio
1918 1511 2022 1541 solvit.

1505 1559 1579 1588 Item
1592 1559 1647 1588 VI³¹
1660 1560 1709 1589 die
1725 1560 1842 1590 mensis
1857 1559 1996 1600 ejusdem
2009 1560 2190 1590 licenciatus
2208 1561 2265 1590 sub
2278 1560 2372 1601 magi-

1465 1615 1530 1638 stro
1565 1609 1705 1638 Mai-silio
1738 1609 1831 1638 solvit
1856 1610 1967 1638 bursas
1995 1620 2049 1639 sue
2075 1609 2205 1638 licencie
2229 1609 2372 1639 dominus

1462 1657 1619 1687 Johannes
1637 1659 1674 1687 de
1690 1657 1788 1687 Venlo
1799 1657 1823 1694 ⁴,
1844 1658 1930 1698 cujus
1948 1665 2017 1688 taxa
2033 1659 2074 1688 IX
2092 1658 2195 1688 solidi.

1504 1706 1579 1735 Item
1594 1706 1644 1736 die
1655 1707 1794 1746 predicta
1803 1707 1906 1737 habita
1915 1707 2162 1747 congregacione
2175 1707 2213 1736 ad
2227 1707 2372 1737 Sanctum

1462 1755 1615 1784 Julianum
1653 1755 1802 1795 magister
1834 1756 1992 1785 Hubertus
2022 1756 2218 1785 continuatus
2257 1756 2312 1786 fuit
2339 1756 2372 1785 in

1462 1805 1701 1844 te[m]ptat0rem
1718 1804 1829 1834 Sancte
1845 1804 2000 1834 Genovefe
2011 1815 2070 1844 pro
2081 1804 2188 1844 quinta
2197 1804 2369 1835 audicione.

1503 1854 1577 1883 Item
1600 1854 1631 1883 in
1658 1854 1786 1883 octava⁵
1819 1853 1970 1894 Corporis
1999 1853 2118 1884 Christi
2149 1854 2291 1883 dominus

1462 1903 1618 1932 Johannes
1648 1904 1685 1932 de
1715 1903 1846 1933 Woerst
1877 1904 1933 1932 sub
1963 1903 2112 1942 magistro
2138 1903 2290 1938 Huberto,

1462 1951 1548 1991 cujus
1562 1953 1657 1982 bursa
1671 1952 1743 1981 VIII
1756 1952 1861 1987 solidi,
1876 1953 1913 1981 de
1927 1962 1987 1992 qua
1999 1952 2087 1981 litera
2103 1958 2133 1981 et
2145 1952 2291 1981 caucione

1460 2001 1655 2041 fidejussoria
1671 2001 1829 2031 satisfecit.

1503 2050 1577 2079 Item
1591 2051 1733 2079 dominus
1749 2050 1906 2079 Johannes
1921 2051 1959 2080 de
1972 2050 2083 2085 Venlo‚
2095 2048 2183 2089 cujus
2196 2050 2291 2079 bursa

1462 2099 1601 2128 exsoluta
1615 2099 1703 2138 prius
1717 2105 1764 2128 est
1782 2099 1874 2134 dicta,
1893 2100 1950 2128 sub
1961 2098 2111 2139 magistro
2126 2098 2288 2137 Marcilyo.

1502 2148 1577 2177 Item
1601 2148 1745 2177 dominus
1771 2147 1932 2177 Gotfridus
1956 2149 1994 2177 de
2018 2146 2097 2187 Tijla
2123 2148 2180 2176 sub
2208 2147 2290 2176 dicto

1462 2197 1610 2237 magistro
1634 2197 1795 2236 Marsilyo,
1818 2196 1904 2237 cujus
1923 2199 2018 2227 bursa
2034 2197 2107 2226 VIII
2129 2195 2232 2231 solidi,
2252 2197 2290 2225 de

1462 2256 1522 2285 qua
1553 2246 1647 2275 eciam
1670 2247 1817 2275 caucione
1842 2245 2039 2286 fidejussoria
2063 2252 2092 2275 et
2118 2245 2207 2274 litera
2229 2255 2289 2274 me-

1461 2295 1564 2324 diante
1583 2295 1742 2324 satisfecit.

1503 2344 1576 2373 Item
1592 2344 1838 2384 congregacione
1850 2345 1888 2373 ad
1898 2344 2078 2373 Carmelitas
2088 2343 2174 2378 facta,
2185 2342 2371 2382 supplicavit

1461 2393 1603 2422 dominus
1622 2393 1767 2422 Nicolaus
1782 2394 1882 2422 dictus
1901 2393 2122 2432 Scynvenberk
2139 2402 2198 2431 pro
2217 2391 2369 2420 dilacione

1461 2443 1623 2471 bursarum
1640 2452 1694 2471 sue
1710 2442 1849 2477 licencie‚
1873 2448 1903 2471 et
1922 2442 1981 2471 sibi
1999 2441 2054 2470 suit
2072 2450 2266 2475 concessum,
2282 2439 2368 2469 salvo

1462 2497 1575 2520 statuto
1591 2491 1729 2520 nacionis
1748 2497 1908 2526 consueto,
1927 2491 2008 2520 dicta
2020 2489 2083 2530 jam
2099 2490 2158 2531 die.

2330 2246 2360 2281 ln
2331 2112 2361 2231 artibus
2331 1899 2372 2095 inceperunt.

1461 2587 1526 2611 quas
1546 2579 1669 2610 promisit
1686 2580 1787 2603 solvere
1804 2579 1946 2603 secundum
1965 2586 2043 2602 nosse
2055 2581 2080 2601 et
2095 2585 2172 2609 posse
2186 2585 2271 2605 suum,
2289 2584 2369 2608 quam

1461 2616 1541 2639 cicius
1556 2615 1679 2639 habuerit
1690 2615 1799 2646 triginta
1816 2616 1920 2638 francos
1935 2614 1993 2638 auri
2006 2613 2123 2638 Pax-isius
2138 2613 2180 2636 vel
2197 2613 2224 2636 in
2237 2612 2367 2644 partibus,

1461 2653 1576 2683 exceptis
1595 2651 1691 2675 debitis
1711 2651 1787 2674 libris
1805 2653 1830 2673 et
1850 2650 2007 2682 pignoribus
2030 2657 2035 2673 ι
2058 2649 2118 2672 hinc
2143 2652 2183 2672 est
2204 2648 2273 2680 quod
2294 2647 2368 2671 vobis

1461 2688 1617 2711 mandamus
1631 2686 1754 2718 quatinus
1768 2686 1856 2717 ipsum
1871 2685 2049 2713 Franciscum,
2065 2693 2141 2716 quem
2158 2684 2179 2708 si
2194 2684 2220 2707 in
2238 2684 2287 2707 hoc
2301 2683 2370 2707 defe-

1461 2723 1526 2746 cerit
1546 2722 1672 2746 canonica
1691 2721 1833 2745 monitione
1855 2721 1985 2752 premissa
2002 2720 2256 2744 excommunicamus
2273 2719 2300 2742 in
2320 2719 2370 2742 hoc

1461 2758 1568 2789 scripto,
1584 2757 1860 2790 exe[ommunicatum]
1877 2765 1892 2780 a
1906 2756 1981 2780 nobis
1994 2756 2064 2780 dicta
2078 2756 2223 2780 municione
2238 2754 2369 2786 premissa

1461 2794 1598 2817 nuncietis.
1617 2794 1712 2817 Datum
1732 2801 1800 2816 anno
1818 2792 1919 2816 Domini
1938 2792 2079 2815 millesimo
2098 2791 2159 2815 CCC
2175 2789 2369 2819 LXV111v0,die

1461 2830 1563 2852 veneris
1584 2833 1643 2860 post
1662 2828 1820 2852 dominicum
1842 2836 1894 2859 qua
1912 2831 2047 2851 cantatum
2071 2827 2119 2851 fuit
2138 2827 2163 2850 in
2186 2826 2297 2850 ecclesia
2322 2824 2369 2849 Dei

1460 2864 1637 2888 Misericordia
1649 2864 1751 2888 Domini
1762 2864 1815 2895 (an.
1827 2864 1896 2895 1368,
1915 2864 1944 2887 28
1956 2862 2070 2895 Aprilis).

1490 2901 1513 2924 4.
1548 2900 1704 2924 M³.Welno.

1490 2938 1514 2959 5.
1548 2937 1576 2959 15
1591 2935 1669 2959 lunii.
