2632 3464
428 435 479 460 659

429 511 504 539 alias
517 496 770 538 in'Universitate
785 517 943 542 concessa,
959 517 1048 546 quam
1065 506 1188 535 nolebat
1202 506 1334 535 transire

431 560 564 588 decanus
595 559 788 587 decretorum
819 562 948 596 propter
979 556 1109 595 aliquam
1138 555 1186 584 vel
1217 555 1334 593 aliquas

429 607 581 637 clausulas
599 607 711 636 ibidem
730 612 900 635 contentas.
915 604 1104 634 Deliberavit
1121 604 1208 633 nacio
1224 603 1335 642 Angli-

433 667 508 686 cana
523 657 605 696 quod
621 655 757 695 deputati
772 655 913 684 viderent
928 654 1009 683 illam
1023 653 1152 687 literam,
1170 653 1200 681 in
1217 662 1288 681 casu
1304 652 1334 680 in

433 716 494 745 quo
511 712 616 735 essent
637 705 821 734 removende
840 704 941 742 alique
963 702 1114 737 clausule,
1132 703 1214 740 quod
1232 711 1334 730 remo—

430 761 577 785 verentur
590 761 619 783 et
632 755 714 793 quod
733 753 922 792 sigillaretur
934 752 1022 780 litera
1036 750 1112 790 ejus.
1131 751 1247 779 Omnes
1260 750 1334 779 alias

430 804 678 844 supplicaciones
694 809 765 831 tunc
779 803 871 831 factas
884 801 952 830 illas
968 800 1121 829 concessit
1134 799 1232 828 nacio.

472 853 546 882 Item
557 853 587 881 in
599 853 702 881 eadem
715 851 763 880 die
773 857 802 880 et
811 851 885 879 hora
895 851 970 878 sacta
981 849 1225 888 congregacione
1234 848 1334 877 nacio-

434 903 482 931 nis
498 902 667 941 Anglicane
682 901 713 929 in
731 901 837 929 eodem
856 900 923 928 loco
939 908 1033 937 super
1048 899 1168 927 duobus
1184 898 1333 933 articulis,

431 951 551 991 primus
570 951 624 979 fuit
643 960 737 988 super
754 949 852 977 literis
872 947 1066 986 obligatoriis
1082 947 1286 976 existentibus
1303 947 1335 976 in

432 1000 510 1030 cista
524 999 673 1033 nacionis,
689 999 771 1037 quod
789 997 840 1026 ille
852 997 940 1026 litere
953 996 1195 1035 registrarentur
1212 1002 1241 1025 et
1251 997 1332 1035 quod

430 1049 570 1088 pedellus
580 1049 746 1087 registrum
754 1047 890 1081 haberet,
902 1046 932 1074 in
942 1056 1012 1074 casu
1021 1046 1052 1074 in
1061 1055 1122 1084 quo
1129 1045 1223 1085 aliqui
1232 1055 1334 1075 rever-

430 1105 543 1132 tantur,
562 1098 644 1136 quod
662 1096 802 1125 hedellus
816 1095 943 1124 haberet
957 1095 1080 1123 nomina
1092 1101 1122 1123 et
1136 1095 1219 1133 quod
1237 1095 1334 1124 solve-

431 1154 508 1176 rent.
520 1145 801 1176 Deliberavitnacio
809 1145 890 1183 quod
898 1145 984 1172 fieret
990 1150 1020 1172 et
1026 1144 1107 1183 quod
1118 1144 1230 1173 bonum
1239 1150 1332 1173 esset.

469 1197 515 1225 2¹¹⁸
543 1195 690 1224 articulus
718 1194 773 1223 suit
800 1194 837 1222 ad
867 1193 1113 1232 supplicandum.
1144 1192 1336 1232 Supplicavit

435 1246 581 1285 magister
593 1244 726 1273 Jacohus
742 1244 779 1272 de
794 1242 911 1272 Patella
928 1243 1010 1281 quod
1031 1242 1098 1282 ipse
1118 1248 1201 1271 esset
1220 1242 1335 1271 exami-

432 1301 520 1323 nator
540 1304 598 1333 pro
624 1293 718 1322 tercio
739 1302 844 1321 mense
858 1291 864 1309 ¹
896 1292 927 1320 in
953 1291 1063 1320 Sancta
1087 1290 1279 1327 Ghenovefa,
1305 1298 1335 1321 et

430 1343 526 1383 major
543 1353 615 1382 pars
631 1342 769 1371 nacionis
784 1342 885 1380 ipsum
903 1341 997 1380 elegit
1017 1351 1073 1379 pro
1085 1341 1182 1369 tercio
1194 1339 1206 1358 ²
1228 1351 1333 1370 mense

433 1393 464 1422 in
483 1403 566 1427 casu,
586 1392 615 1420 in
632 1402 693 1430 quo
709 1391 844 1420 solveret
860 1396 976 1419 tantum
996 1396 1141 1429 quantum
1160 1389 1211 1418 alii
1229 1390 1333 1419 solve-

430 1448 502 1471 runt
516 1452 573 1481 pro
590 1451 650 1470 uno
666 1450 781 1469 mense.

469 1491 542 1520 Item
560 1491 637 1519 facta
650 1489 895 1529 congregacione
911 1488 1060 1517 facultatis
1075 1488 1222 1517 vicesima
1235 1489 1334 1528 prima

429 1541 478 1569 die
507 1540 622 1568 mensis
646 1538 765 1578 Aprilis
795 1538 876 1577 apud
907 1537 1050 1566 Sanctum
1077 1537 1231 1567 Julianum
1257 1537 1334 1567 hora

426 1589 524 1628 prime
540 1589 652 1617 Nostre
667 1588 796 1616 Domine
810 1597 904 1625 super
917 1588 1038 1616 duobus
1051 1587 1200 1622 articulis,
1213 1587 1331 1626 primus

429 1639 483 1668 fuit
509 1639 545 1666 ad
565 1637 748 1666 audiendum
763 1635 968 1676 juramentum
991 1636 1216 1665 baculariorum
1240 1637 1280 1665 5‘0
1303 1642 1333 1665 et

426 1688 469 1716 6τε
484 1686 688 1716 audicionum.
707 1685 896 1714 Deliberavit
906 1685 993 1714 nacio
1005 1686 1087 1724 quod
1101 1685 1160 1714 sibi
1176 1686 1253 1714 bene
1265 1685 1333 1725 pla-

430 1742 512 1765 ceret
529 1736 610 1774 quod
632 1735 811 1764 audirentur
827 1733 1001 1774 juramenta
1023 1734 1172 1773 ipsorum.
1194 1734 1240 1762 2¹¹⁸
1257 1734 1333 1763 arti-

432 1785 518 1814 culus
542 1785 597 1813 fuit
618 1785 654 1812 ad
676 1783 920 1823 supplicandum.
944 1783 1203 1822 Supplicaverunt
1220 1784 1333 1813 bedelli

428 1834 576 1863 facultatis
590 1834 702 1862 arcium
718 1833 800 1872 quod
815 1833 940 1861 facultas
956 1832 1033 1871 ipsis
1044 1833 1202 1862 assisteret
1217 1832 1248 1861 in
1261 1833 1330 1868 hoc,

429 1884 510 1922 quod
523 1894 539 1912 a
554 1883 692 1922 quolibet
705 1883 742 1911 de
754 1892 834 1911 novo
843 1882 1021 1921 magistrato
1037 1882 1067 1910 in
1077 1881 1233 1921 theologia
1243 1882 1332 1921 quili-

429 1934 481 1962 bet
500 1933 638 1972 ipsorum
653 1931 779 1960 haberet
794 1933 824 1960 5Ε
842 1931 972 1965 solidos,
990 1931 1069 1960 sicut
1086 1932 1147 1970 ipsi
1165 1931 1239 1960 alias
1257 1942 1333 1961 con-

430 1987 595 2011 sueverunt
623 1976 746 2015 habere,
774 1980 843 2019 quia
865 1979 927 2019 jam
958 1990 1019 2009 non
1050 1987 1181 2019 possunt
1206 1981 1331 2010 habere.

429 2030 617 2060 Deliberavit
632 2030 719 2058 nacio
734 2031 816 2068 quod
833 2036 935 2058 rector
950 2036 1140 2069 proponeret
1152 2030 1182 2058 in
1199 2030 1333 2059 Univer-

428 2080 517 2109 sitate
537 2079 628 2113 illud,
652 2079 700 2107 vel
722 2079 803 2117 quod
826 2078 938 2107 bedelli
960 2079 1047 2117 prius
1070 2079 1281 2118 supplicarent
1302 2080 1333 2108 in

429 2129 637 2157 Universitate
653 2138 711 2167 pro
725 2128 776 2156 illo
791 2129 878 2157 facto.
895 2128 999 2156 Eciam
1013 2127 1265 2167 supplicaverunt
1277 2129 1333 2157 ali-

429 2178 480 2217 qui
503 2178 641 2216 magistri
662 2187 719 2216 pro
740 2177 922 2216 quibusdam
941 2177 1116 2206 bacullariis
1131 2178 1258 2212 vocatis,
1281 2178 1333 2217 qui

428 2225 693 2265 debebantjurare
707 2226 737 2254 in
751 2226 902 2260 facultate,
916 2226 967 2264 qui
981 2232 1068 2254 erant
1079 2227 1234 2261 absentes,
1250 2228 1332 2266 quod

428 2276 454 2304 si
470 2275 663 2314 contingeret
678 2275 764 2314 ipsos
781 2275 886 2303 venire
902 2275 979 2303 infra
991 2275 1137 2310 triduum,
1152 2276 1234 2314 quod
1245 2274 1333 2315 jura-

458 2391 480 2414 1.
514 2392 561 2413 Ms.
573 2390 601 2413 X.

458 2427 480 2449 2.
515 2428 561 2449 Me.
574 2426 659 2457 primo
673 2425 712 2448 vel
721 2426 760 2448 Χ·.

459 2463 481 2485 3.
521 2461 575 2484 Vid.
589 2469 666 2493 supra
679 2469 705 2492 p.
716 2462 770 2489 653,
785 2461 826 2490 15;
840 2461 879 2484 31.

458 2499 480 2520 [ι.
515 2499 561 2521 Me.
576 2497 617 2520 hic
626 2500 650 2520 et
661 2500 751 2528 postea
761 2498 792 2520 4⁹.

943 431 1056 457 LIBER
1082 429 1394 457 PROCURATORUM
1421 429 1601 455 NATIONIS
1621 429 1866 456 ANGLICANAE

1372 950 1406 976 10

1372 1196 1406 1222 15

1370 1442 1404 1468 20

1370 1689 1403 1715 25

1370 1935 1404 1961 30

1370 2181 1404 2206 35

459 2536 481 2556 5.
517 2533 562 2556 Hic
574 2533 668 2556 desinit
680 2533 744 2556 liber
760 2533 807 2556 iste
820 2533 866 2564 qui
878 2535 915 2556 est
927 2541 935 2556 .·
954 2542 965 2555 ι(
981 2533 1110 2561 Quartum
1122 2533 1263 2564 registrum
1278 2537 1331 2558 nat.
1376 2555 1379 2559 ,

429 2569 529 2600 Anglic.
551 2577 572 2596 »,
592 2571 615 2591 et
627 2568 742 2600 sequitur
755 2570 814 2600 Reg.
835 2568 1041 2595 det’lsniversite‘
1059 2574 1085 2592 π’
1101 2570 1115 2591 6
1132 2577 1187 2592 curn
1201 2577 1245 2592 an.
1262 2570 1331 2599 1392,

427 2603 507 2635 April.
521 2606 543 2627 5.
558 2604 638 2632 Liber,
651 2604 697 2635 qui
709 2604 854 2627 continebat
866 2612 926 2628 ann.
942 2605 1010 2633 1383,
1027 2604 1100 2633 Maii,
1118 2613 1196 2636 usque
1206 2613 1247 2628 an.
1262 2605 1331 2633 1392,

429 2640 506 2667 deest,
521 2642 544 2662 et
561 2640 663 2671 quidem
674 2640 731 2671 jam
748 2648 814 2663 saec.
829 2645 895 2663 xvu·
913 2648 970 2663 nam
989 2643 1048 2663 tunc
1060 2640 1085 2663 in
1097 2641 1180 2671 primo
1193 2640 1256 2671 solio
1271 2642 1331 2672 Reg.

428 2681 454 2698 u*
473 2678 487 2698 6
504 2675 623 2706 scriptum
640 2679 687 2698 est:
705 2675 829 2703 Quintum
852 2675 994 2707 registrum
1016 2675 1139 2699 nationis.
1164 2675 1219 2699 Vid.
1239 2677 1271 2699 de
1287 2677 1333 2699 hoc

428 2719 453 2741 p.
467 2712 520 2738 661,
535 2714 587 2734 not.
600 2711 622 2734 1.

462 2747 537 2770 Natio
561 2747 707 2777 Anglicana
725 2746 770 2769 illo
794 2749 904 2778 tempore
921 2746 1027 2770 viduata
1048 2747 1177 2779 magistris
1191 2746 1253 2779 suit,
1273 2755 1332 2771 nam

426 2781 513 2812 plures
524 2790 565 2805 an.
582 2783 641 2805 1382
658 2782 768 2813 profecti
781 2785 848 2810 eunt,
863 2791 884 2806 ν.
896 2791 922 2814 g.
937 2782 1069 2806 Gernrdus
1082 2783 1113 2806 de
1128 2783 1233 2811 Kulkar,
1252 2782 1333 2806 Hein-

429 2817 498 2839 ricus
519 2818 550 2840 de
566 2818 715 2849 Odendorp,
734 2818 850 2841 Andreas
863 2818 894 2841 de
911 2818 1100 2849 Langenstein‚
1118 2819 1283 2841 Hermannus
1301 2818 1333 2842 de

430 2852 537 2882 Treysa,
558 2853 711 2876 Lambertus
732 2856 757 2876 et
776 2854 872 2877 Paulus
889 2853 920 2877 de
939 2853 1034 2881 Gelria,
1052 2853 1163 2877 michael
1182 2853 1213 2877 de
1235 2854 1332 2877 Franc-

431 2888 529 2915 [οι-(118,
561 2889 693 2911 ,Iohannes
719 2889 857 2912 Bersword
868 2908 873 2918 ,
904 2890 996 2913 Petrus
1029 2889 1189 2920 Engelhardi
1223 2889 1254 2912 de
1279 2890 1332 2913 Au-

432 2923 504 2951 stris,
526 2924 690 2947 Christianus
711 2925 741 2948 de
768 2925 893 2956 Ungaria‚
911 2924 1008 2956 aliique
1029 2933 1078 2948 non
1100 2925 1186 2956 pauci.
1206 2925 1260 2948 Alii
1277 2925 1332 2957 jam

432 2962 509 2982 antea
528 2960 640 2982 Parisios
662 2960 831 2991 reliquerant,
853 2963 879 2984 ut
895 2961 1029 2984 Mamilius
1045 2961 1077 2984 de
1098 2961 1198 2992 Inghen
1216 2964 1239 2985 et
1254 2960 1332 2985 Colo-

2297 433 2350 459 66⁰

1443 511 1512 534 rent
1527 505 1558 534 in
1573 515 1662 535 manu
1677 507 1808 536 rectoris
1831 513 1860 536 et
1876 507 2108 546 deputatorum,
2123 514 2154 537 et
2170 508 2350 548 reciperen-

1443 561 1493 583 tur
1510 554 1542 583 in
1557 554 1634 584 locis
1653 555 1728 584 suis.
1747 555 1787 584 Et
1802 556 1890 584 nacio
1906 555 2077 595 Anglicana
2098 556 2179 586 illam
2197 557 2350 597 supplica-

1443 603 1562 632 cionem
1577 603 1742 643 interemyt
1752 603 1825 644 (sic).

1484 652 1559 682 Item
1575 653 1606 682 in
1621 653 1726 682 eadem
1740 653 1788 682 die
1805 659 1836 682 et
1849 653 1925 683 hora
1937 653 1968 683 in
1982 653 2051 683 loco
2064 655 2172 684 eodem
2189 656 2264 684 facta
2279 665 2351 685 con-

1445 701 1631 740 gregacione
1646 702 1785 731 nacionis
1800 701 1970 742 Anglicane
1988 713 2082 742 super
2097 704 2218 736 duobus
2235 704 2350 735 articu-

1443 751 1493 780 lis.
1517 749 1639 780 Primus
1659 751 1806 781 articulus
1828 752 1883 780 suit
1902 762 1997 790 super
2021 751 2078 782 hoc
2098 753 2182 792 quod
2204 753 2351 793 magister

1442 800 1620 830 Willelmus
1641 801 1690 838 [de
1715 800 1855 839 Camera]
1868 800 1880 819 ³
1908 801 1986 830 dixit
2007 811 2041 836 se
2065 801 2140 831 alias
2166 802 2298 831 solvisse
2318 802 2350 832 in

1444 850 1571 879 nacione
1591 859 1650 889 pro
1672 849 1725 878 3⁰⁴
1744 859 1851 879 mense
1867 856 1898 879 et
1918 850 2001 889 quod
2015 850 2063 879 3¹·-
2082 851 2197 880 mensis
2217 851 2277 880 sibi
2295 851 2352 881 fuit

1443 908 1611 928 concessus
1627 899 1658 927 in
1674 908 1757 934 casu,
1775 899 1805 928 in
1822 909 1883 938 quo
1899 899 2012 928 habere
2023 899 2126 929 vellet.
2143 899 2190 928 2⁸¹·
2202 899 2350 930 articulus

1444 948 1500 977 suit
1512 949 1550 977 ad
1569 948 1814 987 supplicandum.
1832 947 1933 987 Super
1950 948 2050 987 primo
2065 948 2248 978 deliberavit
2261 949 2350 978 nacio

1443 998 1527 1037 quod
1549 1007 1610 1026 non
1631 997 1724 1027 solvit
1740 1007 1798 1036 pro
1815 997 1846 1026 3⁰
1863 1007 1984 1032 mense,
1998 1007 2056 1033 nec
2071 998 2127 1027 fuit
2140 997 2200 1027 sihi
2220 1007 2350 1027 conces-

1444 1057 1509 1077 sus.
1529 1046 1630 1086 Super
1642 1046 1673 1075 2⁰
1687 1046 1870 1076 deliberavit
1880 1046 1969 1075 nacio
1985 1047 2183 1076 concedendo
2197 1046 2350 1086 supplica-

1446 1097 1565 1125 cionem
1593 1094 1750 1135 cujusdam
1771 1094 1930 1124 bacullarii
1949 1095 2153 1134 supplicantis
2176 1106 2235 1136 pro
2261 1095 2351 1125 litera

1445 1144 1741 1181 recommendatoria
1764 1150 1794 1173 et
1816 1144 2015 1174 testimoniali
2046 1145 2268 1180 baculariatus,
2296 1145 2350 1184 qui

1444 1193 1619 1224 bacularius
1633 1199 1760 1223 vocatur
1774 1193 1789 1222 J
1793 1193 1930 1223 ohannes
1945 1194 1983 1223 de
1987 1215 2048 1223 .....
2063 1194 2140 1233 (sic).

1485 1243 1560 1273 Item
1592 1243 1624 1272 in
1652 1243 1756 1271 eadem
1785 1243 2032 1282 congregacione
2063 1243 2264 1272 deliberatum
2294 1243 2351 1273 fuit

1443 1293 1526 1332 quod
1554 1292 1702 1332 magister
1725 1292 1888 1323 Conradus
1910 1291 2108 1331 Muntzinger
2129 1292 2167 1322 de
2194 1291 2349 1332 Friburgo

1445 1342 1581 1372 solveret
1597 1342 1734 1370 francum
1750 1350 1809 1380 pro
1826 1350 1907 1370 novo
1925 1339 1991 1380 ejus
2009 1341 2135 1370 introitu
2152 1341 2302 1376 nacionis,
2319 1347 2350 1371 et

1444 1391 1592 1431 magister
1610 1390 1744 1419 Jacobus
1764 1389 1899 1419 solveret
1915 1389 2073 1419 dimidium
2091 1390 2227 1420 francum
2245 1399 2302 1429 pro
2317 1390 2350 1420 3⁰

1444 1450 1562 1475 mense,
1586 1446 1616 1468 et
1642 1439 1703 1479 ipsi
1725 1439 1756 1470 in
1783 1439 1888 1468 eadem
1912 1439 1962 1468 die
1986 1439 2146 1469 solverunt
2166 1439 2198 1468 in
2222 1440 2350 1469 taberna

1441 1489 1563 1519 nacioni
1577 1489 1746 1528 predictam
1761 1488 1933 1528 pecuniam.

1483 1539 1559 1568 Item
1578 1539 1654 1567 facta
1676 1537 1923 1577 congregacione
1947 1537 2086 1566 nacionis
2106 1536 2276 1578 Anglicane
2298 1537 2348 1568 die

1440 1588 1588 1619 vicesima
1610 1587 1683 1616 11112
1702 1586 1817 1616 mensis
1839 1586 1957 1625 Aprilis
1979 1587 2061 1626 apud
2085 1586 2230 1616 Sanctum
2251 1586 2348 1616 Julia-

1441 1648 1514 1667 num
1530 1637 1606 1666 hora
1623 1636 1722 1676 prime
1742 1636 1855 1665 Nostre
1871 1635 2002 1665 Domine
2020 1645 2115 1674 super
2128 1646 2190 1665 uno
2205 1635 2346 1672 articulo,

1442 1687 1560 1717 scilicet
1570 1686 1606 1715 ad
1616 1685 1863 1725 supplicandum,
1872 1684 2057 1724 supplicavit
2064 1685 2211 1724 magister
2217 1685 2348 1715 Alexan-

1446 1737 1502 1765 der
1524 1736 1561 1764 de
1587 1735 1700 1764 Sancto
1720 1734 1791 1763 Vito
1809 1739 1941 1773 protunc
1960 1739 2154 1773 procurator,
2180 1740 2214 1763 ut
2235 1734 2348 1764 substi-

1442 1792 1527 1814 tuere
1546 1784 1646 1823 possit
1663 1784 1954 1822 subprocuratorem
1970 1793 2028 1822 pro
2046 1793 2082 1812 eo
2101 1793 2200 1822 usque
2217 1784 2255 1812 ad
2274 1789 2348 1813 tem-

1442 1844 1511 1874 pus,
1541 1843 1602 1873 quo
1623 1832 1729 1862 debuit
1753 1842 1823 1861 esse
1844 1838 2036 1871 procurator.
2059 1831 2099 1861 Et
2117 1832 2172 1861 fuit
2189 1832 2249 1861 sibi
2272 1842 2348 1862 con-

1442 1893 1575 1918 cessum,
1590 1888 1620 1911 et
1639 1881 1746 1921 posuit
1763 1882 2055 1920 subprocuratorem
2071 1881 2252 1921 magistrum
2265 1881 2348 1911 Hen-

1442 1933 1537 1962 ricum
1554 1930 1720 1961 Crowelle.

1483 1982 1558 2011 Item
1574 1980 1690 2020 incepit
1707 1980 1850 2009 dominus
1868 1980 2024 2009 Robertus
2039 1980 2076 2009 de
2093 1979 2220 2009 Caveris
2235 1979 2346 2010 Scotus

1442 2033 1499 2061 sub
1522 2030 1670 2070 magistro
1694 2029 1830 2058 Henrico
1859 2030 1896 2058 de
1920 2029 2069 2064 Arnhem,
2091 2027 2177 2068 cujus
2199 2029 2295 2058 bursa
2320 2028 2348 2058 V

1442 2081 1545 2116 solidi,
1559 2079 1612 2118 qui
1627 2079 1698 2108 fecit
1710 2079 1886 2108 caucionem
1900 2078 2065 2117 receptori.

1482 2130 1557 2159 Item
1580 2128 1758 2157 licenciatus
1783 2128 1839 2157 fuit
1862 2127 2039 2158 Winandus
2067 2127 2104 2156 de
2130 2127 2238 2162 Ghise,
2259 2125 2346 2166 cujus

1441 2180 1536 2208 bursa
1551 2177 1637 2207 1111⁰r
1652 2177 1754 2206 solidi.
1771 2177 1926 2206 Satisfecit
1937 2176 2091 2216 receptori
2107 2182 2137 2205 et
2144 2175 2259 2215 juravit
2274 2185 2346 2215 pro-

1443 2227 1588 2262 curatori,
1614 2233 1643 2255 et
1674 2226 1854 2255 licenciatus
1883 2231 1930 2255 est
1956 2226 2013 2255 sub
2039 2225 2189 2265 magistro
2207 2224 2346 2254 Johanne

1442 2277 1593 2306 Hokelem
1605 2275 1628 2304 ⁵.

1443 2400 1556 2416 mannus
1565 2390 1658 2419 Cholb,
1668 2390 1714 2422 qui
1720 2398 1763 2414 an.
1773 2390 1834 2413 1378
1847 2389 2022 2413 Vindobonam
2027 2389 2157 2420 profectus
2165 2391 2209 2412 eut.
2219 2388 2300 2421 Cujus
2310 2387 2350 2413 rei

1442 2428 1534 2460 triplex
1549 2435 1629 2450 causa
1638 2429 1722 2458 potest
1738 2425 1871 2458 assignari
1886 2432 1895 2449 :
1911 2425 1936 2448 1·
1952 2425 2069 2458 quoe-vtio
2084 2423 2210 2451 examinis
2223 2426 2248 2448 S.
2263 2425 2347 2448 Geno-

1442 2465 1513 2496 vesae
1525 2471 1568 2486 an.
1581 2463 1641 2486 1382
1651 2471 1666 2485 a
1680 2461 1806 2486 Clemente
1819 2460 2080 2492 Vllparlamentoque
2090 2461 2178 2491 contra
2192 2459 2347 2484 voluntatem

1440 2499 1554 2523 nationis
1564 2497 1723 2530 Anglicanae
1735 2499 1759 2520 et
1765 2505 1814 2528 pro
1824 2496 1928 2520 natione
1941 2495 2077 2519 Gallicana
2090 2495 2191 2525 deciea;
2203 2495 2228 2518 2⁰
2233 2502 2347 2527 persona

1442 2543 1519 2567 quam
1534 2533 1614 2567 gessit
1628 2533 1653 2557 in
1669 2532 1809 2556 Schismate
1825 2535 1886 2556 tune
1901 2531 2021 2563 temporit
2034 2531 2107 2555 natio
2120 2530 2276 2562 Angla-ana,
2289 2539 2347 2555 cum

1441 2569 1580 2594 Alemanni
1595 2568 1717 2600 majorem
1738 2567 1852 2592 nationis
1867 2569 1970 2599 partem
1989 2567 2168 2590 constituentes
2189 2566 2291 2590 Urbano
2317 2568 2350 2591 Vt

1441 2605 1620 2632 adhaererent,
1634 2603 1801 2628 Universitate
1810 2603 1887 2634 fidem
1897 2602 2032 2626 Clementis
2044 2603 2088 2625 Vll
2095 2604 2228 2633 sequente,·
2241 2603 2266 2626 3·
2275 2610 2347 2626 reno-

1441 2641 1509 2665 vatio
1527 2639 1726 2664 Vindoboneneis
1739 2637 1914 2662 vuinter-vitatis
1927 2638 1963 2661 ad
1972 2646 2049 2669 quam
2063 2638 2117 2661 dux
2128 2637 2248 2661 Aucti-iae
2262 2637 2346 2671 magi·-

1439 2679 1505 2701 stros
1518 2676 1551 2699 ab
1564 2675 1680 2699 omnibus
1686 2675 1813 2706 partibus,
1825 2674 1978 2705 praesertim
1989 2681 2046 2697 vero
2061 2682 2078 2696 α,
2089 2673 2197 2697 Parisiis
2209 2673 2325 2698 vocabat.

1470 2712 1512 2735 Ad
1530 2719 1603 2742 quem
1627 2714 1721 2734 statum
1738 2708 1904 2733 declinaverit
1923 2709 2004 2737 natio,
2020 2711 2080 2740 poet
2097 2708 2282 2740 prosectionem
2309 2710 2348 2732 tot

1440 2747 1632 2780 magistrorum,
1654 2745 1766 2769 ostendit
1783 2745 1871 2768 electio
1893 2746 1917 2767 et
1935 2743 2094 2768 continuatio
2112 2743 2137 2767 in
2153 2746 2347 2776 procuratorem

1439 2783 1574 2814 cujusdam
1603 2781 1703 2810 tironis,
1728 2783 1813 2812 utpote
1832 2781 1947 2804 Thomae
1964 2779 1996 2803 de
2015 2780 2131 2808 Fon-esta,
2154 2779 2201 2811 qui
2220 2788 2250 2803 ne
2269 2788 2347 2803 unam

1440 2818 1543 2850 quidem
1550 2817 1704 2841 sententiam
1714 2816 1926 2839 latineneribebat
1931 2823 1939 2845 ,·
1945 2818 1969 2839 et
1977 2815 2083 2839 Henrici
2090 2815 2213 2839 Poelmsn
2222 2823 2235 2838 e
2241 2815 2346 2839 natione

1439 2857 1499 2878 ante
1506 2862 1603 2885 paucos
1613 2861 1709 2876 menaea
1719 2852 1801 2884 ejecti,
1812 2851 1882 2883 quod
1893 2854 1970 2875 antea
1982 2852 2090 2883 florente
2101 2850 2205 2874 natione
2214 2858 2346 2882 nunquam

1438 2890 1534 2920 sactum
1544 2889 1644 2920 suimet*

1471 2926 1599 2948 Damnum
1623 2923 1721 2947 illatum
1739 2922 1840 2947 nationi
1851 2922 2011 2954 Anglicanae
2025 2930 2075 2945 non
2093 2925 2147 2945 tam
2159 2922 2209 2946 cito
2225 2920 2348 2945 resarciri

1435 2960 1521 2992 potuit
1530 2979 1536 2988 .
1557 2959 1711 2991 prae-sertim
1733 2967 1788 2982 cum
1814 2967 1857 2981 an.
1884 2958 1945 2982 1386
1969 2957 2125 2981 Universum
2148 2957 2345 2990 Heidelbergen-
