2632 3464
684 4 703 17 ν
841 0 1609 38 ‘wwfflvww-Wwwwae

274 433 309 459 81

274 507 444 547 obprobria
475 513 506 537 et
535 507 685 548 injuriosa
711 507 779 537 sine
809 516 917 541 causa,
950 506 1003 545 qui
1036 505 1184 545 magister

272 555 431 586 Johannes
446 556 610 596 respondit
624 556 727 596 aliqua
743 556 954 589 concedendo,
971 555 1073 594 aliqua
1087 554 1183 584 eciam

271 605 466 645 denegando.
486 605 610 635 Auditis
633 604 895 644 replicacionibus
914 610 944 633 et
965 604 1183 643 responsioni-

272 654 333 683 bus
361 654 432 683 hinc
455 654 539 690 inde,
565 653 670 694 posuit
692 659 878 693 procurator
897 653 928 682 in
954 653 1183 682 deliberacione

272 703 348 743 quid
363 709 448 733 esset
463 713 559 743 super
575 703 637 732 hiis
655 703 823 743 agendum,
843 702 922 742 ipsis
938 702 1132 732 trahentibus
1148 713 1183 732 se

272 752 311 781 ad
323 758 454 792 partem,
464 751 610 782 videlicet
621 751 746 781 domino
759 758 880 781 rectore
894 758 924 781 et
936 752 1018 780 dicto
1031 751 1182 791 magistro

271 800 412 831 Johanne
434 802 472 830 de
494 800 665 841 Sarburgo.
684 801 780 830 Nacio
796 811 891 840 super
911 800 1083 840 propositis
1102 801 1182 830 deli-

270 850 390 880 beravit
414 850 445 879 in
474 850 555 880 hunc
583 850 718 884 modum,
749 850 833 889 quod
859 849 890 878 in
922 849 1031 889 primis
1056 856 1086 879 et
1111 856 1181 879 ante

271 899 373 929 omnia
394 900 534 939 prefatus
555 899 704 939 magister
727 898 884 928 Johannes
906 909 923 928 a
947 898 1031 928 dicto
1055 899 1181 928 domino

269 954 391 978 rectore
403 947 523 978 veniam
538 954 568 978 et
582 947 827 978 misericordiam
844 954 964 987 peteret
981 948 1019 977 de
1035 948 1181 977 commis-

241 1032 247 1039 .
270 995 316 1026 sis
323 1008 331 1032 ;
347 997 420 1026 dein
437 997 496 1026 sub
512 1007 594 1037 pena
607 997 798 1036 privacionis
813 1007 870 1037 per
886 997 1047 1026 dimidium
1067 1007 1180 1026 annum

269 1055 287 1075 a
304 1045 387 1075 dicta
402 1045 532 1075 nacione
548 1052 579 1075 et
590 1046 628 1075 ab
646 1046 790 1075 omnibus
807 1046 1034 1080 emolumentis,
1050 1046 1180 1076 honori-

268 1095 338 1129 bus,
362 1094 471 1124 officiis
493 1105 548 1124 seu
570 1095 815 1125 obvencionibus
840 1095 970 1124 mediate
995 1105 1049 1124 seu
1074 1095 1178 1125 imme-

267 1142 349 1173 diate
373 1143 486 1173 dictam
508 1144 668 1173 nacionem
693 1144 816 1174 interim
841 1144 1040 1184 tangentibus
1069 1150 1099 1173 et
1121 1145 1179 1174 sub

267 1192 349 1222 bona
368 1193 428 1222 fide
447 1192 479 1222 in
501 1203 592 1222 manu
610 1194 823 1233 procuratoris
841 1194 1007 1233 prestanda
1025 1203 1058 1223 se
1081 1203 1179 1233 spon-

267 1246 356 1271 tanee
384 1241 548 1282 obligaret,
581 1243 665 1282 quod
694 1253 851 1282 nunquam
882 1244 920 1272 de
950 1249 1053 1272 cetero
1088 1243 1179 1272 alicui

267 1290 416 1330 magistro
437 1291 518 1320 dicte
537 1291 677 1320 nacionis
697 1292 791 1321 verba
813 1291 963 1332 injuriosa
985 1302 1039 1321 seu
1060 1302 1179 1332 oppro-

267 1339 336 1369 bria
354 1339 387 1369 in
404 1339 534 1369 nacione
555 1350 610 1370 seu
630 1346 717 1370 extra
734 1341 894 1370 nacionem
913 1341 1027 1370 inferre
1047 1347 1178 1381 tempta-

266 1394 326 1424 ret,
354 1399 411 1418 nec
435 1389 568 1429 aliquem
596 1390 810 1430 supradictum
831 1391 938 1420 verbis
964 1401 1021 1420 nec
1047 1390 1178 1430 quibus-

267 1447 389 1478 cunque
405 1437 476 1468 aliis
501 1438 601 1478 signis
625 1439 707 1478 apud
729 1439 861 1478 aliquam
882 1449 1047 1479 personam
1072 1440 1178 1469 mundi

266 1485 451 1523 diffamati-eu
473 1493 503 1516 et
515 1487 542 1517 si
560 1498 616 1527 per
629 1489 707 1517 duos
728 1494 823 1518 testes
840 1489 900 1517 fide
915 1489 1029 1528 dignos
1047 1489 1178 1528 opposi-

265 1541 328 1565 tum
347 1536 473 1576 probari
498 1543 622 1576 posset,
645 1537 756 1566 dictam
781 1547 891 1577 penam
916 1538 1089 1567 incurreret
1107 1538 1177 1578 ipso

265 1585 356 1614 facto.
378 1585 439 1623 Qui
458 1585 607 1626 magister
620 1586 779 1616 Johannes
797 1587 835 1616 ad
855 1586 1016 1616 nacionem
1031 1594 1175 1623 vocatus,

265 1639 296 1663 et
319 1633 578 1664 deliberacionem
602 1635 771 1674 predictam
796 1636 925 1666 audiens
947 1637 1049 1666 omnia
1069 1647 1176 1677 supra-

263 1682 347 1713 dicta
360 1684 452 1713 modo
467 1689 499 1713 et
513 1684 610 1713 forma
626 1684 740 1724 quibus
761 1695 856 1725 supra
873 1692 1044 1725 spontanee
1061 1687 1176 1716 confir-

264 1732 371 1767 mavit,
398 1733 458 1762 fide
489 1733 520 1762 in
549 1743 639 1763 manu
675 1733 825 1773 sepedicti
858 1735 1071 1774 procuratoris
1102 1745 1176 1775 pre-

264 1781 336 1811 stita
352 1782 523 1822 corporali,
541 1782 742 1822 presentibus
758 1783 916 1823 magistris
934 1784 1078 1814 videlicet
1091 1785 1174 1814 dicto

263 1830 389 1860 domino
423 1837 560 1866 rectore,
600 1832 749 1872 magistro
782 1833 994 1868 Theodorico,
1025 1834 1174 1863 canonico

263 1879 415 1919 Aquensi,
427 1881 577 1920 magistro
589 1881 716 1911 Galtero
736 1881 888 1911 Vardelau
907 1882 1012 1917 scoto,
1025 1884 1174 1923 magistro

263 1928 400 1959 Henrico
419 1930 458 1959 de
477 1930 620 1966 Colonia,
644 1931 792 1971 magistro
818 1931 935 1961 Thomu
961 1933 999 1961 de
1020 1932 1174 1972 Wedaylc

263 1977 368 2014 Scoto,
389 1978 418 2009 11
442 1979 573 2009 bedeIIis
595 1985 626 2009 et
650 1980 794 2020 pluribus
817 1980 887 2010 aliis
909 1981 1067 2021 magistris
1092 1982 1173 2011 dicte

262 2027 402 2058 nacionis
423 2038 518 2068 super
538 2029 824 2069 supplicacionibus
842 2036 872 2060 et
892 2029 1015 2070 injuriis
1031 2031 1172 2071 speciali-

260 2082 309 2106 ter
324 2078 363 2106 ad
380 2077 660 2118 congregacionem
676 2078 816 2108 nacionis
830 2079 1020 2109 convocatis.

669 2192 768 2223 1345

298 2275 456 2316 Tempus
482 2277 772 2316 procuracionis
798 2278 969 2318 magistri
997 2279 1132 2309 Thome

521 2327 564 2355 de
596 2325 755 2366 Wedayl
789 2326 907 2357 Scoti.

299 2418 391 2448 Anno
416 2417 541 2448 Domini
565 2418 814 2454 M⁰CCC⁰XLV⁰‚
837 2420 856 2449 4
874 2420 924 2450 die
948 2421 1064 2451 mensis
1082 2421 1168 2458 Maii,

259 2473 426 2497 convocata
447 2467 576 2497 nacione
599 2467 771 2508 Anglicana
795 2470 877 2508 apud
905 2469 1049 2500 Sanctum
1071 2470 1170 2501 Julia-

259 2526 331 2546 num
345 2525 511 2556 pauperem
526 2517 564 2546 ad
579 2516 756 2557 eligendum
773 2518 854 2548 dicte
870 2518 1010 2548 nacionis
1024 2530 1168 2559 procura-

259 2571 368 2600 torem,
385 2564 502 2595 electus
514 2565 570 2596 fuit
583 2566 734 2606 magister
746 2566 880 2597 Thomas
896 2568 934 2598 de
948 2567 1082 2609 Wedayl
1095 2569 1168 2599 Sco-

258 2620 307 2644 tus
325 2614 356 2644 in
372 2620 604 2654 procuratorem
620 2614 757 2655 ejusdem
774 2616 926 2652 nacionis,
942 2617 972 2646 in
988 2617 1075 2658 cujus
1092 2629 1169 2658 pro-

256 2663 404 2694 curatorii
420 2669 560 2704 tempore
575 2671 642 2694 acta
655 2665 778 2695 suerunt
792 2665 849 2695 hec
862 2676 921 2705 que
936 2673 1093 2697 secuntur.

298 2711 404 2742 Primo
415 2712 596 2743 licenciatus
609 2713 666 2744 fuit
676 2713 834 2744 Johannes
847 2715 884 2744 de
901 2714 1043 2755 Lythona
1055 2716 1167 2747 Scotus

257 2762 339 2802 apud
364 2761 508 2792 Nostram
532 2762 695 2792 Dominam
722 2764 780 2793 snb
808 2764 957 2804 magistro
982 2765 1108 2795 Galtero
1129 2767 1167 2796 de

254 2809 418 2840 Wardlaw
434 2809 540 2846 Scoto,
557 2810 644 2852 cujus
658 2812 753 2842 bursa
765 2817 820 2842 sex
835 2813 927 2843 solidi
941 2823 1009 2843 cum
1025 2814 1164 2845 dimidio.

298 2858 373 2889 Item
392 2858 572 2890 licenciatus
592 2860 647 2890 fuit
664 2861 808 2892 dominus
822 2861 1000 2893 Alexander
1016 2864 1054 2893 de
1072 2863 1167 2894 Abir-

286 2960 309 2984 1.
344 2962 416 2992 Quae
427 2963 569 2994 sequuntur
581 2969 660 2995 euque
671 2962 704 2987 de
717 2963 783 2991 Dun,
797 2963 850 2988 alio
863 2963 1023 2990 charactere.

334 3006 449 3026 Auca-riun-
461 3006 584 3028 chanan-ru
595 3006 683 3029 onim.
690 3008 757 3029 Paria.
766 3019 794 3025 —
803 3008 820 3030 1.

1238 705 1254 731 5

1218 951 1252 977 10

1218 1197 1250 1223 15

1215 1444 1249 1470 20

1214 1690 1248 1716 25

1211 1937 1246 1963 30

1209 2184 1244 2210 35

1207 2431 1242 2458 40

1205 2676 1239 2703 45

778 431 892 458 LIBER
918 429 1232 457 PROCURATORUM
1259 429 1439 456 NATIONIS
1458 430 1703 456 ANGLICANAE
2169 433 2203 459 82

1292 506 1422 544 crumby
1443 504 1555 534 Scotus
1573 506 1652 545 apud
1669 506 1813 535 Nostram
1836 507 1995 535 Dominam
2018 509 2074 536 sub
2099 508 2200 548 magi-

1292 560 1358 583 stro
1372 553 1499 583 Galtero
1511 555 1549 583 de
1560 554 1722 583 WVardlaw
1734 555 1838 589 Semo,
1852 555 1938 594 cujus
1953 557 2045 585 bursa
2058 557 2084 585 V
2098 558 2200 587 solidi.

1334 603 1407 632 Item
1432 603 1612 632 licenciatus
1639 604 1695 633 fuit
1718 604 1862 633 dominus
1884 605 2039 634 Robertus
2066 606 2202 646 Crispyn

1292 651 1404 681 Scotus
1417 653 1497 691 apud
1511 653 1653 682 Nostram
1669 653 1829 682 Dominam
1844 654 1901 682 sub
1913 654 2062 693 magistro
2077 655 2203 684 Galtero

1291 701 1329 730 de
1343 701 1506 731 Wardlaw
1523 702 1628 736 Scoto,
1643 701 1730 740 cujus
1746 703 1839 731 bursa
1855 702 1881 731 V
1895 703 1998 731 solidi.

1333 750 1407 779 Item
1436 750 1616 780 licenciatus
1648 750 1704 780 fuit
1737 751 1880 780 dominus
1910 751 2043 781 Thomas
2075 753 2199 783 Semere

1290 799 1443 839 Anglicus
1476 801 1557 839 apud
1589 800 1732 829 Nostram
1769 800 1929 829 Dominam
1961 802 2018 830 sub
2049 802 2199 841 magistro

1291 847 1418 878 Galtero
1433 849 1471 877 de
1489 849 1649 878 Wardlaw
1666 849 1771 883 Scoto‚
1790 849 1878 889 cujus
1894 850 1987 878 bursa
2004 850 2029 878 X
2045 851 2147 880 solidi.

1331 897 1407 927 Item
1431 897 1611 927 licenciatus
1635 898 1689 927 fuit
1711 899 1854 927 dominus
1877 899 2033 928 Robertus
2053 899 2201 929 Garnovn

1289 946 1441 986 Anglicus
1474 948 1555 986 apud
1589 947 1732 976 Nostram
1766 947 1927 976 Dominam
1960 949 2017 977 sub
2052 949 2200 988 magistro

1290 995 1416 1025 Galtero
1431 997 1469 1025 de
1484 996 1645 1025 Wardlaw
1661 996 1770 1030 Scoto‚
1785 995 1872 1035 cujus
1889 997 1982 1026 bursa
1999 997 2025 1026 X
2040 997 2142 1026 solidi.

1330 1044 1405 1074 Item
1430 1045 1608 1074 licenciatus
1635 1045 1691 1074 suit
1717 1046 1860 1075 dominus
1889 1046 2045 1075 Robertus
2073 1047 2197 1076 Semere

1288 1093 1440 1133 Anglicus
1473 1095 1554 1134 apud
1589 1095 1732 1124 Nostram
1767 1095 1928 1124 Dominam
1961 1097 2018 1125 sub
2052 1096 2201 1135 magistro

1289 1142 1415 1172 Galtero
1433 1144 1470 1172 de
1488 1143 1649 1173 Wardlaw
1667 1143 1770 1178 scoto,
1788 1143 1875 1183 cujus
1892 1145 1984 1173 bursa
2002 1144 2027 1173 X
2044 1145 2148 1174 solidi.

1330 1192 1422 1222 Item⁴
1456 1192 1637 1222 licenciatus
1661 1193 1717 1222 fuit
1738 1193 1820 1232 apud
1844 1193 1985 1222 Sanctam
2012 1193 2200 1223 Genovesam

1287 1241 1431 1270 dominus
1457 1241 1591 1270 Alardus
1616 1241 1787 1271 Almannus
1808 1243 1845 1271 de
1868 1243 1959 1271 domo
1978 1242 2200 1273 Almannorum

1289 1300 1457 1330 pauperum
1472 1290 1647 1325 scolarium,
1663 1292 1720 1320 sub
1730 1291 1879 1331 magistro
1888 1291 2038 1320 Nicholao
2052 1293 2090 1321 de
2103 1293 2199 1322 Dacia

1286 1346 1320 1369 ut
1333 1350 1438 1380 spero,
1460 1346 1490 1369 et
1510 1350 1572 1369 non
1590 1340 1782 1379 presentavit
1790 1350 1823 1369 se
1836 1341 2029 1380 procuratori
2044 1342 2081 1370 ad
2091 1341 2197 1380 juran-

1287 1390 1358 1418 dum
1369 1395 1439 1418 ante
1448 1389 1600 1418 licentiam
1611 1400 1708 1424 suam,
1719 1396 1748 1419 et
1757 1389 1827 1418 ideo
1841 1389 1898 1418 hoc
1910 1401 1971 1419 non
1983 1391 2111 1430 scripsit
2125 1401 2200 1430 pro-

1287 1445 1410 1467 curator
1425 1449 1483 1478 pro
1499 1438 1552 1468 illo
1569 1444 1720 1478 tempore,
1738 1439 1792 1468 sed
1810 1449 1866 1478 pro
1882 1446 2021 1479 tempore
2036 1447 2196 1479 sequente.

1288 1487 1334 1516 De
1363 1487 1413 1516 illa
1437 1494 1537 1516 tamen
1568 1487 1674 1527 ignota
1701 1488 1895 1527 dispensavit
1921 1498 2024 1517 secum
2055 1489 2142 1517 nacio
2166 1489 2196 1518 in

1286 1543 1424 1576 tempore
1441 1536 1675 1576 procuracionis
1691 1537 1831 1576 magistri
1849 1536 1966 1566 Galteri
1983 1538 2021 1566 de
2041 1538 2122 1566 Dun.

1326 1585 1399 1626 (lv'ol.
1424 1586 1498 1625 51¹²)
1523 1586 1598 1615 Item
1621 1585 1735 1625 incepit
1753 1586 1896 1615 dominus
1918 1586 2053 1615 Thomas
2071 1587 2196 1616 Semere

1285 1634 1437 1674 Anglicus
1458 1636 1516 1664 sub
1534 1635 1682 1675 magistro
1703 1635 1828 1664 Galtero
1848 1636 1886 1664 de
1903 1635 2065 1664 Wardlaw
2088 1635 2192 1671 Scoto,

1285 1682 1372 1723 cujus
1388 1685 1481 1713 bursa
1497 1685 1602 1713 decem
1620 1684 1713 1713 solidi
1727 1690 1847 1713 monete
1863 1691 1935 1714 tunc
1950 1685 2116 1714 currentis.

1326 1733 1400 1762 Item
1410 1733 1526 1772 incepit
1536 1733 1679 1762 dominus
1692 1731 1873 1773 Robe[r]tus
1886 1733 2033 1762 Garnovn
2046 1733 2196 1773 Anglicus

1284 1783 1342 1811 sub
1358 1782 1507 1821 magistro
1520 1781 1646 1812 Galtero
1657 1783 1694 1811 de
1708 1782 1869 1811 Wardlaw
1884 1782 1988 1817 scoto,
2002 1781 2088 1822 cujus
2102 1784 2196 1812 bursa

1284 1831 1389 1860 decem
1409 1830 1512 1860 solidi.

1325 1880 1399 1910 Item
1420 1880 1536 1920 incepit
1557 1881 1700 1910 dominus
1721 1881 1877 1910 Robertus
1898 1880 2024 1910 Semere
2043 1881 2196 1920 Anglicus

1283 1930 1340 1959 sub
1362 1930 1512 1969 magistro
1534 1929 1705 1959 Guillermo
1728 1931 1766 1959 de
1791 1930 1931 1959 Grinlaw
1951 1930 2017 1960 sive
2038 1931 2076 1959 de
2095 1930 2195 1959 Viridi

1282 1978 1388 2008 Monte
1420 1978 1525 2014 Scoto,
1552 1985 1624 2008 tunc
1654 1985 1793 2019 tempore
1821 1986 1953 2014 rectore,
1984 1978 2071 2018 cujus
2101 1980 2196 2008 bursa

1281 2027 1308 2057 X
1325 2028 1429 2057 solidi.

1322 2077 1397 2107 Item
1410 2077 1589 2107 licenciatus
1601 2077 1658 2107 fuit
1670 2077 1813 2107 dominus
1830 2077 2019 2107 Laurencius
2030 2078 2068 2106 de
2084 2077 2194 2107 Suecia

1281 2127 1339 2156 sub
1361 2127 1510 2167 magistro
1530 2126 1699 2157 Godefrido
1722 2127 1759 2156 de
1780 2127 1976 2167 Silvagrefis‚
1996 2125 2083 2166 cujus
2102 2128 2195 2156 bursa

1280 2175 1321 2205 Vl
1340 2176 1445 2206 solidi.

1322 2225 1396 2255 Item
1414 2225 1543 2255 XXVIII
1560 2226 1610 2254 die
1629 2225 1703 2255 Maii
1719 2225 1906 2265 computavit
1921 2225 2071 2265 magister
2086 2225 2191 2254 Theo-

1280 2275 1405 2304 doricus
1427 2275 1509 2304 dicte
1531 2274 1672 2304 nacionis
1693 2281 1766 2304 tunc
1783 2281 1922 2314 tempore
1946 2282 2100 2314 receptor,
2120 2274 2192 2303 licet
2214 2292 2225 2297 -

1280 2323 1367 2363 prius
1381 2324 1417 2353 ad
1429 2325 1667 2363 computandum
1680 2330 1818 2359 vocatus,
1832 2330 1862 2354 et
1874 2324 2032 2353 defalcatis
2046 2324 2191 2353 omnibus

1279 2373 1468 2403 desalcandis
1486 2379 1516 2403 et
1533 2373 1643 2402 solutis
1662 2373 1819 2403 solvendis
1838 2373 1987 2402 remansit
2004 2373 2085 2402 dieta
2100 2373 2189 2402 nacio

1279 2422 1339 2452 sibi
1353 2422 1490 2462 obligata
1507 2422 1539 2451 in
1553 2422 1650 2452 XXVI
1670 2422 1795 2458 solidis,
1814 2428 1843 2451 et
1861 2422 1928 2462 ipse
1945 2423 2106 2452 tenebatur
2124 2421 2189 2451 sol-

1277 2481 1350 2501 vere
1374 2471 1518 2507 bedellis,
1551 2471 1646 2501 scolis
1671 2472 1810 2501 nacionis
1842 2478 1872 2501 et
1898 2482 1956 2511 pro
1986 2471 2191 2501 luminaribus

1277 2521 1365 2550 beate
1380 2520 1478 2550 Marie
1493 2521 1626 2560 virginis
1641 2527 1672 2550 et
1689 2521 1832 2550 omnibus
1850 2521 1919 2550 aliis
1936 2531 2034 2560 usque
2050 2521 2087 2549 ad
2105 2519 2189 2549 illum

1277 2569 1369 2599 diem.

1318 2618 1393 2648 Item
1418 2618 1499 2648 idem
1525 2625 1669 2658 receptor
1695 2619 1856 2648 tenebatur
1880 2618 2037 2648 effundere
2065 2618 2189 2647 nacioni

1276 2668 1415 2708 predicte
1434 2667 1475 2697 IX
1493 2667 1628 2697 florenos
1644 2668 1682 2697 de
1701 2667 1872 2702 Floreneia,
1890 2667 1938 2696 vel
1954 2667 2042 2696 vadia
2061 2667 2141 2696 bona
2160 2673 2191 2696 et

1276 2716 1458 2747 sufficientia
1476 2727 1533 2756 pro
1551 2717 1691 2746 eiisdem.

1318 2765 1392 2796 Item
1426 2766 1475 2795 die
1512 2766 1636 2795 veneris
1673 2766 1814 2805 sequenti
1826 2765 1838 2783 ²
1876 2765 1906 2794 in
1938 2765 2188 2804 congregacione

1275 2814 1416 2844 nacionis
1439 2815 1516 2844 sacta
1535 2815 1615 2854 apud
1640 2814 1784 2843 Sanctum
1807 2813 1993 2843 Maturinum
2011 2814 2186 2843 ordinatum

1275 2864 1332 2894 fuit
1348 2863 1546 2893 concorditer
1561 2863 1644 2902 quod
1663 2862 1876 2892 Theodericus
1894 2869 2036 2902 receptor
2051 2862 2189 2892 solveret

1306 2967 1328 2991 2.
1363 2967 1392 2990 27
1403 2966 1476 2990 Maii.
1487 2968 1544 2990 lam
1563 2966 1574 2989 1
1589 2965 1699 2996 Juniis-'t
1713 2973 1792 2989 novun
1801 2968 1962 2997 procurator.
