2632 3464
706 510 803 541 1872

335 582 516 623 Magister
549 581 729 612 Galterus
761 580 954 611 Wenedou
995 579 1064 610 fuit
1099 579 1157 609 hic

630 635 863 671 procurator.

334 706 426 736 Anno
438 706 562 737 Domini
573 705 738 736 millesimo
748 704 843 735 CCC⁰
851 704 988 740 Lxxw,
999 704 1115 734 mensis
1124 704 1198 734 Maii

290 755 345 784 die
365 755 450 790 1111·,
469 755 547 785 facta
567 754 814 794 congregacione
841 753 981 783 nacionis
1002 754 1083 793 apud
1106 752 1199 782 Sanc—

293 809 358 834 tum
373 803 528 834 Julianum
540 812 708 844 pauperem
722 803 760 832 ad
775 802 950 842 eligendum
968 809 1198 842 procuratorem

290 858 326 882 et
345 851 528 882 audiendum
547 857 723 892 compotum
741 851 925 891 receptor-is,
945 851 1061 880 electus
1088 851 1145 880 fuit
1167 851 1199 880 in

294 907 526 941 procuratorem
533 899 671 942 ejusdem
679 900 818 931 nacionis
828 899 987 930 Walterus
996 899 1197 935 Ghiselberfi,

295 949 328 979 in
341 948 430 990 cujus
443 949 666 989 procuracione
683 954 750 979 acta
764 949 887 979 fuerunt
901 959 961 988 que
974 955 1156 988 sequuntur.

335 997 442 1028 Primo
453 997 571 1038 incepit
583 997 718 1028 Thomas
729 997 872 1028 Etinhem
893 997 1004 1028 Scotus
1025 999 1082 1027 sub
1101 997 1199 1038 magi-

292 1053 362 1077 stro
374 1046 515 1077 Gen-ardo
529 1046 654 1082 Calker,
673 1045 760 1087 cujus
775 1047 869 1076 bursa
884 1046 955 1076 Vlll
973 1046 1077 1076 solidi.

334 1095 409 1126 Item
424 1095 605 1126 licenciatus
623 1095 679 1126 suit
692 1095 836 1125 dominus
850 1095 1007 1125 Amoldus
1023 1096 1061 1125 de
1077 1095 1200 1135 Nussya

289 1145 352 1175 sub
367 1144 515 1184 magistro
529 1144 705 1174 Hermanno
721 1145 759 1174 de
771 1144 989 1179 Bottenhroec,
1005 1143 1092 1184 cujus
1106 1145 1200 1174 bursa

295 1193 337 1224 lx
360 1193 464 1229 solidi,
480 1203 539 1234 pro
558 1193 672 1233 quibus
695 1193 853 1223 solvendis
875 1200 905 1223 et
929 1194 1064 1223 nondum
1089 1193 1199 1223 solutis

293 1241 399 1282 posuit
410 1242 553 1282 pignora,
570 1241 689 1272 scilicet
702 1242 878 1282 Naturalem
891 1242 1120 1282 philosophiam
1131 1252 1199 1272 cum

291 1290 376 1321 libro
394 1291 583 1331 Ethycorum
596 1297 627 1321 et
641 1290 807 1321 Rethorice
819 1291 851 1320 in
861 1291 982 1321 duobus
991 1291 1199 1321 voluminibus

295 1340 354 1370 sub
364 1346 538 1381 receptore,
549 1345 693 1380 tanquam
701 1350 760 1380 pro
770 1339 922 1370 dilacione
932 1340 1071 1370 nacionis
1083 1340 1200 1380 suppli-

291 1395 430 1419 catur-us.

337 1437 411 1468 ltem
429 1437 608 1468 licentiatus
629 1437 685 1468 suit
705 1438 848 1467 dominus
870 1437 1002 1477 Egidius
1022 1437 1127 1468 Brune
1142 1439 1200 1468 sub

294 1487 443 1527 magistro
461 1486 598 1516 Jordano
612 1487 650 1516 de
670 1486 780 1522 Clivis,
795 1486 882 1526 cujus
897 1487 991 1516 bursa
1004 1486 1075 1517 VIII
1094 1487 1198 1517 solidi.

337 1535 411 1566 Item
424 1535 540 1576 incepit
554 1535 698 1566 dominus
711 1535 844 1576 Egidius
857 1535 960 1565 Brune
976 1536 1033 1565 sub
1051 1536 1200 1576 magistro

293 1583 474 1614 Hermanno
492 1585 531 1614 de
551 1583 771 1620 Bottenbroec‚
790 1583 877 1624 cujus
894 1585 989 1614 bursa
1004 1584 1075 1614 Vlll
1094 1585 1197 1614 solidi.

700 1676 798 1707 18⁷2

315 1747 547 1778 Procuracio
582 1748 756 1788 magistri
793 1747 951 1778 Henrici
981 1749 1177 1789 Langhals.

333 1827 425 1859 Anno
442 1828 566 1858 Domini
582 1838 644 1869 quo
663 1837 768 1868 supra.
790 1829 907 1859 mensis
921 1829 1004 1859 Junii
1023 1829 1072 1859 die
1088 1829 1198 1869 prima,

291 1877 374 1908 sacta
388 1877 635 1917 congregacione
647 1877 786 1907 nacionis
795 1878 877 1917 apud
891 1877 1034 1908 Sanctum
1046 1879 1061 1908 J
1066 1878 1199 1908 alianum

294 1935 460 1966 pauperem
476 1926 514 1956 ad
529 1925 705 1966 eligendum
724 1933 954 1966 procuratorem
976 1933 1007 1956 et
1019 1928 1059 1957 ad
1072 1928 1200 1957 audien-

294 1975 367 2005 dum
382 1980 558 2014 computum
580 1975 765 2015 receptoris,
783 1975 899 2005 electus
922 1976 977 2005 fuit
1000 1976 1031 2005 in
1051 1986 1201 2015 procura-

295 2029 392 2054 torem
415 2023 565 2064 magister
585 2023 740 2054 Hem-icus
764 2024 920 2064 Langhals
944 2035 1000 2065 per
1019 2026 1201 2056 vacaciones

293 2072 472 2107 duraturus,
490 2071 521 2101 in
537 2082 598 2112 qua
612 2073 834 2112 procuracione
846 2079 912 2103 acta
925 2073 975 2103 hic
990 2081 1172 2114 sequuntur.

336 2121 442 2152 Primo
464 2121 495 2150 in
513 2121 618 2151 eadem
636 2121 883 2162 congregacione
907 2129 1070 2162 computus
1091 2133 1201 2163 recep-

293 2170 374 2200 toris
404 2176 470 2200 erat
499 2169 612 2200 dilatus
640 2180 739 2210 usque
766 2171 804 2200 ad
824 2171 995 2211 proximam
1026 2182 1201 2212 congrega-

294 2218 426 2249 cionem.

337 2268 411 2298 ltem
427 2268 534 2298 eodem
548 2274 687 2307 tempore
700 2268 840 2308 magistri
856 2268 995 2299 nacionis
1010 2269 1202 2300 intraverunt

296 2317 453 2347 tabernam
465 2317 509 2346 ad
526 2316 671 2346 turbatum
683 2316 707 2352 ‘,
726 2323 757 2347 et
766 2317 860 2347 solvit
874 2317 917 2348 ibi
932 2318 1080 2358 magister
1089 2319 1201 2349 Johan-

296 2375 352 2396 nes
375 2364 560 2396 Priswalich
575 2375 633 2405 pro
645 2364 782 2405 jocundo
803 2376 860 2396 suo
875 2366 1002 2397 introitu
1019 2369 1034 2397 1
1051 2368 1197 2398 francum.

337 2414 411 2444 Item
428 2413 488 2444 alia
498 2414 566 2444 vice
577 2415 652 2444 sacta
666 2415 911 2455 congregacione
924 2416 1063 2447 nacionis
1076 2418 1114 2446 ad
1129 2427 1201 2458 sup-

294 2462 470 2503 plicandum
489 2462 520 2492 in
539 2462 652 2493 Sancto
668 2463 834 2500 Matutino,
851 2464 1037 2504 supplicavit
1054 2465 1202 2506 magister

296 2510 501 2542 Gotechalcus
516 2512 553 2542 de
564 2511 703 2552 Lyvonia
715 2522 897 2543 recessurus
910 2514 947 2543 ad
961 2513 1075 2543 curiam
1091 2513 1202 2544 Roma—

295 2569 377 2597 nam,
395 2566 547 2601 quatenus
563 2561 591 2591 si
613 2567 752 2601 tempore
776 2562 919 2591 absencie
937 2572 992 2592 sue
1009 2562 1203 2603 contingeret

327 2670 350 2696 1.
382 2672 433 2695 Seu
449 2670 486 2695 ed
496 2670 683 2703 inter-ignium
697 2671 810 2699 turbati,
823 2679 903 2704 prope
914 2674 940 2696 S.
956 2672 1086 2696 lulianum
1100 2681 1202 2705 paupe-

292 2714 357 2735 rm,
368 2708 396 2730 nl
407 2706 433 2730 in
446 2706 575 2735 Cin-ml..
593 2707 638 2736 ΙΙΙ,
654 2707 709 2736 879,
724 2707 829 2731 dicacur.

327 2741 351 2766 ².
384 2741 414 2766 2⁶
423 2741 541 2775 Aug-uei.

328 2777 351 2801 8.
384 2775 503 2802 ”Iunil-

327 2812 352 2836 Ιι.
384 2813 440 2836 lent
465 2811 518 2837 duo
539 2815 649 2837 neum
670 2813 847 2838 aeneades-ua
870 2822 884 2838 e
904 2813 1010 2839 nacione
1035 2814 1202 2839 Picardorun·

296 2847 408 2879 sitorum.
427 2846 482 2871 rid.
490 2847 608 2873 Chartnl.
618 2847 664 2876 ΙΙΙ,
674 2851 727 2873 not.
741 2849 762 2877 1.
772 2857 798 2881 p.
810 2849 863 2873 206.
874 2849 925 2873 Sed
933 2849 1010 2873 eliam
1020 2858 1128 2882 nequem
1142 2850 1202 2876 Joh.

297 2882 330 2906 de
339 2882 506 2911 uon-curto.
519 2882 643 2907 rohardu-
653 2883 706 2915 liii!

329 2919 353 2942 b.
385 2917 445 2942 Seii·
461 2918 595 2943 'ohannes
613 2918 646 2943 de
663 2918 831 2948 Uononen-io,
849 2927 893 2943 eeu
909 2919 942 2944 de
958 2920 1124 2945 nonasterii·
1140 2921 1202 2953 (oid,

294 2952 427 2982 chartul„
448 2953 494 2978 III.
509 2956 563 2978 nat.
581 2953 592 2978 1
611 2958 636 2978 n’
652 2954 723 2983 13⁸2,
742 2961 770 2987 p.
785 2955 850 2987 209).
868 2956 988 2987 Tempore
1001 2964 1064 2980 uuae
1080 2956 1204 2980 rectoriae

798 435 910 462 LIBER
930 433 1243 461 PROCURATORUM
1263 433 1444 460 NATIONIS
1461 434 1706 460 ANGLICANAE

1235 954 1270 980 10

1236 1197 1270 1224 15

1237 1442 1271 1468 20

1236 1685 1270 1711 25

1237 1930 1271 1956 30

1237 2175 1271 2201 35

1238 2419 1272 2446 40

2157 434 2207 460 414

1305 508 1371 538 fieri
1379 509 1512 538 rotulum
1521 510 1559 538 ad
1568 519 1689 549 papam,
1700 510 1767 548 ipse
1777 510 1986 549 imponeretur
1995 510 2088 539 eciam
2099 511 2129 539 in
2141 511 2209 540 loco

1305 558 1496 597 antiquitatis
1512 568 1577 587 sue.
1596 557 1692 597 Cujus
1708 558 1899 598 supplicacio
1918 559 1973 588 suit
1983 569 2130 589 concessa
2141 570 2208 588 cuin

1305 607 1520 636 moderacione
1536 613 1566 636 et
1584 607 1765 636 condicione
1784 607 1888 642 simili,
1908 617 1967 646 qua
1983 607 2040 637 hoc
2062 608 2130 637 aliis
2146 615 2211 637 erat

1305 665 1499 690 concessum,
1514 655 1567 695 qui
1582 656 1688 685 ultimo
1705 662 1774 685 ante
1790 666 1858 685 eum
1871 657 2095 695 supplicarunt.

1346 703 1421 734 Item
1437 705 1552 744 incepit
1565 705 1709 734 dominus
1724 704 1937 734 Theodericus
1948 706 1985 734 de
2001 705 2137 745 Kempen
2154 707 2210 735 sub

1306 753 1455 793 magistro
1469 753 1645 783 Hermanno
1657 754 1878 793 Bottenbroyc,
1895 753 1982 794 cujus
1999 755 2093 783 bursa
2109 755 2168 786 llll
2183 766 2208 784 s.

1347 802 1420 831 ltem
1432 813 1512 831 anno
1528 803 1653 832 Domini
1664 813 1725 842 quo
1737 813 1831 842 supra
1843 803 1875 832 in
1893 803 2027 832 crastino
2039 802 2051 821 ²
2064 804 2211 833 Ludovici

1307 851 1383 880 sacta
1409 851 1657 891 congregacione
1679 851 1819 881 nacionis
1843 852 1924 892 apud
1947 851 2091 882 Sanctum
2113 853 2211 882 Julia-

1306 910 1378 929 num
1397 900 1436 929 ad
1455 900 1638 930 audiendum
1659 907 1835 940 computum
1857 901 2045 940 recepturis,
2068 901 2211 931 omnibus

1307 949 1490 988 computatis
1510 956 1540 979 et
1553 949 1723 985 defalcatis,
1746 950 1918 989 permansit
1936 956 2080 990 receptor
2094 951 2212 980 debens

1306 997 1428 1027 nacioni
1443 997 1484 1028 Vl
1501 998 1608 1033 libras,
1625 998 1726 1028 XVIII
1745 998 1874 1034 solidos,
1893 998 1965 1028 Vlll
1982 1000 2139 1034 denarios,
2152 1010 2211 1039 que

1307 1047 1438 1086 pecunia
1451 1047 1563 1077 tradita
1584 1047 1640 1077 suit
1658 1047 1801 1083 bedellis,
1821 1048 1975 1087 superiori
1994 1048 2116 1078 bedello
2136 1049 2212 1078 duas

1307 1102 1423 1134 partes,
1442 1095 1581 1126 inferiori
1595 1106 1670 1126 vero
1683 1096 1808 1126 terciam
1822 1103 1951 1136 partem.

1346 1144 1520 1174 Notandum
1545 1146 1627 1185 quod
1649 1145 1679 1174 in
1697 1144 1827 1185 vigilia³
1852 1146 1932 1175 beati
1952 1145 2102 1176 Johannis
2122 1146 2212 1186 hujus

1307 1193 1379 1222 anni
1409 1193 1525 1224 electus
1551 1200 1616 1224 erat
1646 1204 1725 1224 unus
1748 1194 1899 1224 Picardus
1919 1195 1950 1224 in
1974 1202 2136 1231 rectorem,
2159 1196 2213 1235 qui

1307 1251 1369 1271 non
1395 1242 1598 1272 consenciens
1623 1253 1657 1272 se
1681 1243 1873 1279 excusavit⁴,
1892 1250 1922 1274 et
1942 1254 2124 1284 processum
2148 1251 2214 1274 erat

1307 1291 1345 1320 ad
1360 1301 1469 1321 novam
1480 1291 1671 1328 electionem,
1686 1298 1716 1322 et
1726 1302 1784 1332 pro
1795 1299 1867 1322 tunc
1878 1293 1994 1323 electus
2005 1293 2017 1312 ⁸
2031 1293 2211 1333 acceptavit.

1715 1385 1812 1414 1372

1309 1453 1381 1494 (Fol.
1416 1454 1491 1494 31¹³)
1529 1454 1619 1484 Acta
1656 1455 1691 1484 in
1730 1457 2003 1495 procuracione
2043 1457 2212 1497 magistri

1468 1503 1671 1533 Hermanni
1696 1504 1734 1534 de
1763 1505 2051 1535 Bottenbroich.

1348 1582 1438 1612 Anno
1464 1583 1588 1613 Domini
1609 1583 1654 1613 M⁰
1672 1584 1766 1615 CCC⁰
1786 1585 1922 1621 Lxxw,
1944 1586 2019 1615 saeta
2047 1596 2215 1626 congrega-

1308 1632 1396 1662 cione
1426 1632 1566 1663 nacionis
1592 1633 1764 1674 Anglicane
1790 1634 1902 1664 xxvi·
1931 1635 2047 1664 mensis
2069 1634 2214 1674 Augusti,

1308 1681 1389 1720 apud
1420 1688 1542 1711 anctum
1558 1681 1713 1712 lulianum
1729 1683 1766 1712 ad
1782 1682 1958 1723 eligendum
1982 1690 2214 1723 procuratorem

1308 1736 1338 1760 et
1358 1731 1542 1760 audiendum
1563 1738 1738 1771 compotum
1761 1733 1945 1772 receptoris,
1969 1732 2084 1763 electus
2107 1733 2162 1762 suit
2185 1733 2215 1762 in

1308 1786 1538 1819 procuratorem
1555 1780 1635 1810 dicte
1650 1781 1789 1810 nacionis
1806 1782 1953 1821 magister
1969 1781 2164 1811 Hermannus
2177 1783 2215 1811 de

1308 1827 1541 1858 Bottenbroich.
1560 1828 1599 1858 Et
1615 1829 1693 1859 facta
1703 1830 1936 1870 computacione
1947 1831 2060 1860 mansit
2074 1837 2216 1870 receptor

1307 1877 1425 1907 debens
1442 1877 1564 1907 nacioni
1579 1877 1611 1907 in
1629 1878 1669 1908 Vl
1681 1878 1781 1915 libris,
1796 1879 1896 1909 XVlll
1912 1879 2032 1914 solidis,
2050 1890 2108 1919 que
2125 1890 2215 1919 pecu-

1308 1926 1359 1956 nia
1383 1926 1496 1956 tradita
1524 1927 1580 1957 suit
1605 1927 1735 1957 bedellis
1760 1929 1796 1957 ad
1823 1928 2083 1968 supplicacionem
2109 1939 2214 1958 eorum

1308 1975 1491 2005 multociens
1516 1976 1634 2012 factam,
1656 1976 1728 2016 quia
1754 1977 1906 2006 modicum
1932 1978 2048 2007 lucrum
2072 1978 2216 2007 dixerunt

1309 2033 1342 2054 se
1369 2024 1464 2054 fuisse
1487 2031 1671 2055 consecutos
1697 2025 1750 2055 illo
1774 2036 1854 2055 anno
1879 2027 1916 2056 de
1939 2026 2079 2056 nacione.
2108 2026 2146 2056 Et
2171 2027 2215 2056 sic

1309 2073 1346 2103 de
1361 2073 1496 2102 unanimi
1512 2083 1667 2104 consensu
1678 2075 1895 2114 magistrorum
1913 2075 2113 2115 optinuerunt
2127 2075 2214 2106 istam

1309 2131 1468 2158 summam,
1487 2128 1546 2152 etc.
1565 2122 1604 2152 Et
1622 2133 1660 2152 ex
1679 2123 1906 2154 deliberacione
1924 2124 2103 2154 racionabili
2120 2125 2216 2154 intra-

1307 2177 1419 2201 verunt
1431 2171 1571 2211 magistri
1587 2173 1744 2202 tabernam
1760 2173 1803 2201 ad
1817 2174 1889 2202 duos
1902 2174 2034 2213 gladios,
2051 2180 2081 2203 et
2102 2184 2216 2213 perpo-

1308 2226 1450 2250 taverunt
1470 2220 1539 2250 xvl
1559 2220 1677 2251 solidos
1702 2228 1731 2251 et
1755 2221 1823 2251 XVI
1851 2222 2007 2258 denarios,
2031 2233 2109 2263 quos
2137 2223 2215 2252 idem

1309 2268 1457 2309 magister
1473 2269 1669 2300 Hermannus
1687 2270 1782 2300 solvit
1794 2281 1852 2311 pro
1871 2272 2093 2311 procuracione
2109 2282 2174 2301 sua.

1350 2317 1424 2347 Item
1440 2317 1512 2348 Xll⁸
1528 2318 1578 2348 die
1596 2319 1712 2349 mensis
1736 2319 1928 2359 Septembris
1947 2321 2023 2350 sacta
2045 2330 2216 2360 congrega-

1309 2365 1397 2396 cione
1421 2366 1560 2397 nacionis
1587 2367 1663 2398 hora
1688 2368 1786 2407 prime
1818 2375 1889 2408 post
1914 2368 2110 2398 sermonem⁶
2135 2369 2215 2408 apud

1310 2415 1455 2445 Sanctum
1472 2415 1659 2446 Maturinum
1673 2427 1768 2457 super
1783 2417 1981 2447 ordinacione
1995 2418 2147 2447 scolarum
2159 2428 2215 2457 pro

1309 2464 1490 2505 regentibus
1506 2471 1536 2495 et
1550 2466 1750 2505 rector[ibus]
1762 2466 1792 2495 in
1808 2466 1966 2496 ordinario
1984 2467 2120 2501 instanti,
2134 2484 2174 2489 —
2186 2474 2216 2496 et

1309 2513 1382 2553 quia
1395 2513 1422 2543 V
1433 2520 1521 2544 erant
1537 2514 1688 2544 instantes
1701 2525 1757 2555 pro
1771 2515 1877 2550 scolis,
1891 2515 1942 2555 qui
1961 2526 1994 2545 se
2010 2516 2216 2555 promiserant

1309 2561 1456 2598 lecturos,
1473 2569 1503 2592 et
1517 2562 1543 2592 V
1557 2569 1630 2593 sunt
1646 2563 1729 2594 scole
1747 2570 1922 2604 spectantes
1935 2565 1972 2593 ad
1990 2565 2160 2600 nacionem,
2177 2582 2217 2588 -

1311 2681 1323 2696 ι
1336 2673 1434 2697 multos
1446 2677 1472 2698 et
1488 2681 1599 2706 magnos
1617 2674 1722 2699 labores
1734 2683 1782 2707 pro
1796 2675 1846 2699 fide
1863 2675 1996 2703 sustinuit.
2011 2675 2215 2700 universitatem

1309 2709 1496 2741 congregando
1517 2713 1543 2734 et
1557 2710 1819 2742 condempnationem
1841 2710 2019 2742 Begerdorum
2042 2711 2217 2742 procur-ndo,

1310 2747 1390 2775 prout
1406 2744 1433 2768 in
1447 2744 1540 2769 endem
1555 2746 1667 2770 rectoria
1685 2746 1789 2769 fuerunt
1805 2746 1990 2778 condempnati
2009 2755 2021 2769 s
2041 2746 2128 2778 (Arcti.
2152 2748 2217 2776 Vnt,

1311 2779 1374 2811 neg.
1388 2780 1484 2812 Suppl.
1494 2780 1576 2804 Clem.
1588 2780 1643 2809 vn,
1658 2789 1700 2804 an.
1711 2782 1735 2809 9,
1743 2790 1769 2812 p.
1784 2782 1807 2809 2,
1819 2781 1864 2812 sol.
1877 2782 1910 2810 3).
1922 2783 1970 2805 An.
1981 2781 2036 2805 m'l.
2049 2782 2118 2809 1:372.
2129 2782 2180 2806 lul.
2194 2783 2217 2810 (ι,

1310 2814 1448 2847 Turlepini
1462 2815 1568 2839 Pari-iis
1577 2815 1603 2840 in
1613 2815 1717 2847 publico
1727 2817 1890 2841 condemnati
1902 2816 2031 2848 uun1(vi'd.
2046 2816 2093 2841 Le·
2104 2818 2218 2849 grandes

1310 2849 1402 2875 chron.
1428 2851 1460 2875 de
1481 2851 1586 2881 Franco,
1616 2852 1657 2875 ed.
1682 2851 1709 2875 Ρ.
1731 2852 1820 2880 ranis.
1848 2852 1888 2879 Vl,
1906 2853 1971 2883 3³4).
1988 2852 2084 2876 Eodem
2105 2861 2174 2877 anno
2194 2856 2219 2878 el

1311 2886 1426 2917 aequanti
1437 2887 1572 2918 Gregorian
1580 2888 1616 2910 ΧΙ
1624 2895 1684 2910 auae
1694 2887 1815 2919 epistolae
1823 2890 1911 2911 contra
1922 2888 2061 2918 Begaerdoe,
2075 2897 2087 2911 e
2097 2887 2141 2920 qui
2153 2888 2220 2913 alin·

1311 2921 1450 2953 Turlupini
1462 2921 1594 2949 dicuntur.
1607 2931 1618 2945 ν
1629 2922 1733 2947 direxit.

1342 2958 1365 2980 6.
1401 2956 1467 2988 Quia
1479 2957 1608 2981 dominica
1621 2957 1680 2989 suit.
