2632 3464
305 442 362 470 653

307 525 360 549 tur
373 518 476 558 alique
494 518 637 548 raciones
655 526 750 557 quare
769 516 931 556 expediret
951 515 1012 545 sibi
1032 517 1106 546 dare
1122 526 1219 556 pecu-

308 568 401 603 niam,
427 573 486 597 etc.
513 566 675 596 Secundus
697 565 846 597 articulus
870 571 935 594 erat
954 566 992 594 ad
1012 565 1218 594 ordinandum

307 617 441 647 finaliter
462 618 501 646 de
523 614 785 645 examinatoribus
805 614 917 644 Sancte
939 614 1107 643 Genoseve.
1132 614 1219 644 Con-

306 673 429 697 suetum
441 665 497 695 fuit
509 665 593 705 quod
603 664 656 694 isti
666 663 891 694 examinatores
904 664 978 693 dare
989 669 1218 693 consueverunt

305 716 347 745 ad
361 715 588 756 perpotandum
599 713 732 753 aliquam
746 719 860 742 certam
875 713 1054 752 porcionem
1071 712 1215 752 pecunie,

308 771 339 794 et
352 764 477 804 quando
494 763 598 794 nullus
611 762 710 792 voluit
723 762 808 797 dare,
825 761 914 791 nacio
929 761 1024 802 elegit
1038 762 1106 791 sine
1121 772 1217 801 pecu-

307 813 369 844 nia.
388 813 427 843 Et
437 813 510 853 quia
523 811 627 842 nullus
641 811 730 852 prius
745 821 802 840 nec
817 811 916 840 adhuc
928 810 1026 840 voluit
1035 811 1109 840 dare
1125 820 1215 850 pecu-

308 862 387 898 nias,
414 867 600 902 procurator
624 860 731 901 posuit
761 861 792 890 in
822 859 1104 890 deliberacionibus
1133 860 1217 899 quod

305 911 508 951 eligerentur.
529 910 570 940 Et
587 920 646 950 pro
665 915 738 940 tunc
757 909 906 950 magister
927 909 1082 938 Henricus
1102 919 1217 948 procu-

308 966 392 990 rator
403 970 460 1000 pro
476 966 615 999 tempore
623 958 763 989 exhibuit
777 968 810 988 se
822 968 880 998 pro
894 959 1031 988 secundo
1042 968 1147 987 mense
1159 958 1216 987 sub

307 1009 367 1039 ista
392 1010 500 1043 forma,
519 1009 603 1048 quod
625 1007 652 1038 si
673 1007 785 1047 aliquis
803 1007 897 1038 vellet
914 1008 1036 1036 tradere
1056 1007 1217 1047 pecuniam

307 1068 365 1098 pro
383 1057 487 1097 aliquo
505 1067 621 1093 mense,
643 1057 727 1097 quod
746 1057 814 1096 ipse
834 1057 970 1086 traderet
991 1057 1086 1086 eciam
1105 1066 1218 1086 secun—
1240 1079 1243 1081 -

304 1107 378 1137 dum
407 1106 599 1146 exigenciam
628 1106 677 1135 sui
710 1105 838 1135 mensis.
868 1106 907 1135 Et
939 1106 1041 1135 statim
1069 1105 1219 1145 magister

307 1156 471 1196 Reynerus
491 1156 530 1185 de
546 1155 708 1185 Dordraco
726 1155 784 1184 sub
799 1155 905 1184 eadem
925 1155 1020 1183 forma
1037 1165 1070 1184 se
1085 1164 1218 1194 presen-

304 1205 383 1236 tavit
399 1205 438 1234 ad
454 1205 587 1244 primum
605 1213 754 1241 mensem,
774 1210 804 1233 et
822 1204 970 1244 magister
984 1203 1162 1234 Willelmus
1179 1203 1217 1233 de

305 1253 437 1284 Camera
455 1263 513 1294 pro
535 1253 632 1284 tercio
652 1263 775 1289 mense;
798 1253 853 1282 sed
874 1259 1006 1292 protunc
1027 1252 1125 1282 noluit
1143 1253 1217 1282 dare

305 1303 479 1344 pecuniam.

348 1351 450 1392 Super
471 1352 573 1392 primo
593 1357 739 1392 tangente
759 1351 1039 1392 congregacionem
1052 1350 1218 1381 Universi-

306 1401 378 1432 tatis
393 1401 578 1431 deliberavit
597 1400 697 1436 nacio,
717 1401 911 1430 concordans
927 1410 960 1430 se
978 1401 1016 1430 de
1034 1399 1093 1429 hoc
1107 1398 1217 1440 majori

304 1450 399 1491 parti.
423 1449 525 1490 Super
547 1450 684 1479 secundo
707 1449 928 1480 Universitatis
955 1455 985 1479 et
1014 1449 1114 1488 primo
1140 1449 1217 1478 arti-

304 1499 376 1529 culo
392 1498 532 1529 nacionis
550 1498 733 1528 deliberavit
747 1498 836 1528 nacio
851 1498 934 1538 quod
950 1499 1076 1528 daretur
1094 1497 1216 1527 bedello

306 1548 449 1588 pecunia,
471 1554 501 1577 et
521 1547 730 1577 deliberantes
750 1547 835 1587 quod
851 1548 979 1576 deberet
1000 1547 1066 1576 dari
1087 1546 1218 1587 pecunia

304 1597 567 1632 deliberaverunt,
596 1597 680 1637 quod
701 1597 850 1626 darentur
873 1596 933 1626 sibi
957 1597 1094 1636 quinque
1120 1596 1216 1625 franci

291 1641 344 1676 'ex
366 1652 453 1686 parte
475 1645 627 1681 nacionis,
653 1651 684 1675 et
707 1645 765 1675 hoc
785 1655 843 1685 pro
862 1644 969 1684 majori
990 1651 1089 1685 parte.
1115 1644 1217 1685 Super

306 1695 444 1725 secundo
454 1694 584 1724 articulo
596 1694 748 1729 nacionis,
761 1694 881 1724 scilicet
891 1695 930 1724 de
941 1694 1214 1730 examinatoribus,

303 1743 430 1774 admisit
450 1743 565 1783 [nscio]
586 1743 766 1784 magistrum
786 1742 955 1773 Henricum
973 1743 1120 1773 Poelman
1140 1753 1216 1783 pro-

304 1799 479 1823 curatorem
493 1802 551 1832 pro
565 1793 703 1822 secundo
719 1802 836 1827 mense,
851 1798 881 1822 et
896 1792 954 1822 hoc
968 1793 1137 1822 secundum
1151 1793 1216 1822 for-

306 1851 384 1871 mam
404 1842 491 1882 prius
508 1847 630 1877 tactam,
649 1841 770 1871 scilicet
786 1842 870 1881 quod
886 1841 913 1871 si
925 1841 1038 1881 aliquis
1056 1842 1094 1871 de
1112 1841 1216 1881 aliquo

303 1890 367 1920 alio
384 1900 490 1920 mense
508 1891 596 1920 daret
611 1890 785 1930 pecuniam,
807 1891 891 1930 quod
909 1890 976 1930 ipse
996 1891 1084 1920 daret
1103 1900 1216 1920 secun-

305 1939 379 1970 dum
394 1939 584 1980 exigenciam
606 1939 723 1969 mensis
745 1940 805 1969 sui.
829 1938 980 1969 Similiter
999 1939 1217 1969 admittebatur

306 1989 454 2029 magister
473 1987 637 2028 Reynerus
659 1989 698 2018 ad
716 1988 850 2028 primum
868 1999 1016 2018 mensem.
1034 1989 1096 2018 Sed
1117 1989 1216 2029 magi-

304 2043 371 2068 ster
384 2037 563 2068 Willelmus
582 2047 645 2067 non
662 2038 880 2068 admittebatur
896 2048 954 2078 pro
977 2037 1074 2067 tercio
1097 2048 1214 2073 mense,

306 2087 367 2117 nisi
382 2087 470 2116 daret
487 2086 661 2127 pecuniam,
680 2093 711 2117 et
727 2087 754 2117 si
774 2087 872 2122 daret,
893 2087 1117 2117 admitteretur.
1140 2087 1215 2117 ltem

305 2135 338 2166 in
365 2135 424 2165 fine
457 2135 716 2175 congregacionis
748 2135 936 2175 supplicavit
964 2142 1037 2165 tunc
1072 2135 1216 2166 dominus

306 2184 432 2215 Blasius
460 2184 586 2214 Martini
615 2183 695 2214 sicut
723 2184 873 2224 scriptum
906 2190 954 2214 est
988 2184 1019 2214 in
1047 2185 1125 2214 actis
1154 2185 1216 2214 diei

306 2233 463 2264 hesterne.
484 2233 524 2263 Et
538 2233 610 2273 quia
625 2233 712 2263 tarde
729 2239 796 2263 erat
807 2239 838 2263 et
852 2243 914 2263 non
930 2240 1049 2273 poterat
1066 2244 1217 2274 procura-

305 2289 357 2313 tor
372 2282 495 2312 diucius
513 2288 689 2322 expectare,
708 2281 958 2312 deliberaverunt
976 2282 1117 2323 magistri
1133 2284 1216 2323 quod

291 2358 296 2361 .
300 2330 422 2372 juraret
441 2331 472 2360 in
490 2331 652 2371 presencia
674 2330 887 2371 procuratoris
907 2331 939 2360 in
958 2332 1050 2361 domo
1070 2342 1216 2372 procura-

291 2381 384 2411 .toris
407 2386 553 2410 statutum
574 2380 776 2420 paupertatis.
806 2379 846 2410 Et
865 2380 911 2410 sic
934 2381 1151 2411 admittebatur
1177 2382 1215 2411 ad

306 2429 591 2459 determinanciam.

348 2478 423 2509 ltem
450 2478 666 2508 determinavit
688 2477 832 2508 dominus
857 2477 980 2508 Blasius
1007 2478 1132 2508 Martini
1157 2479 1215 2508 sub

307 2526 456 2568 magistro
472 2526 660 2563 Stennislao,
677 2526 764 2567 cujus
779 2527 875 2557 bursa
891 2526 995 2557 nichil.
1015 2527 1134 2558 Juravit
1151 2534 1216 2557 sta-

306 2581 403 2607 tutum
419 2576 610 2616 paupertatis
623 2575 645 2605 ⁴.

349 2624 423 2655 ltem
437 2626 514 2655 facta
526 2624 773 2665 congregacione
784 2623 1005 2655 Universitatis
1020 2623 1152 2654 xxml·
1165 2625 1215 2655 die

307 2673 424 2704 mensis
456 2673 616 2704 Februarii
645 2674 726 2714 apud
751 2673 896 2703 Sanctum
921 2673 1109 2703 Maturinum
1139 2673 1216 2704 hora

308 2730 457 2753 nonarum
470 2722 584 2752 Nostro
601 2722 745 2758 Domine,
760 2722 880 2752 scilicet
897 2722 928 2751 in
943 2722 1037 2752 tercia
1055 2721 1130 2752 hora
1145 2729 1216 2762 post

302 2770 483 2812 prandium,
506 2781 601 2812 super
624 2772 746 2802 duobus
769 2771 918 2807 articulis,
950 2771 1069 2811 primus
1092 2771 1148 2802 suit
1177 2772 1215 2802 ad

339 2859 362 2883 1.
397 2859 474 2891 Quod
483 2858 606 2892 repetunt
622 2859 648 2884 in
659 2860 776 2893 margine
790 2859 918 2893 interiori.

339 2895 363 2919 2.
396 2896 432 2919 Dc
447 2902 500 2927 qu
511 2902 590 2927 cupra
600 2894 767 2920 ''obruat-1⁴18.
784 2895 839 2920 rid.
851 2903 877 2927 p.
891 2895 948 2923 ⁶147.
959 2895 982 2919 11.

339 2931 364 2955 8.
396 2930 448 2954 Sed
456 2930 489 2954 de
503 2930 620 2955 omibus
630 2931 769 2963 supponitis
780 2931 817 2955 ad
825 2930 937 2955 cludim-
953 2930 1120 2956 venientibus.
1135 2932 1217 2964 Saepo

307 2965 399 2990 luorum
408 2965 599 2998 privilegiorum
613 2965 764 2991 montionem
776 2964 890 2998 fecimus.
1072 2963 1077 2970 ⁸

822 440 935 467 LIBER
957 439 1270 467 PROCURATORUM
1290 439 1471 467 NATIONIS
1490 439 1735 466 ANGLICANAE

1255 961 1289 987 10

1255 1208 1289 1234 15

1254 1454 1288 1480 20

1254 1698 1288 1724 25

1253 1944 1288 1970 30

1254 2190 1288 2216 35

1254 2434 1287 2461 40

1253 2678 1287 2705 45

1311 614 1393 653 ‘cios
1422 613 1642 644 Universitatis
1669 614 1773 646 rotuli.

2182 441 2235 468 654

1328 516 1514 545 audiendum
1530 516 1634 555 legere
1652 516 1757 545 literas
1775 517 1812 545 de
1828 517 2088 546 determinacione
2104 517 2235 547 Univer-

1327 564 1428 595 sitatis
1447 566 1485 594 ad
1499 564 1688 594 Clementem
1700 564 1724 600 ²,
1745 571 1774 594 et
1789 566 1826 594 ad
1841 566 2025 595 audiendum
2035 565 2140 604 jurare
2155 577 2236 595 nun-

1807 614 1968 644 Secundus
1999 614 2147 644 articulus
2182 615 2237 644 suit

1326 664 1410 702 quod
1433 662 1518 692 multi
1542 662 1679 692 scolares
1704 663 1867 702 capiuntur
1889 663 1920 692 in
1940 664 2080 692 adeundo
2102 665 2235 694 studium

1327 711 1477 751 Parysius
1502 718 1532 741 et
1559 712 1719 741 redeundo
1745 712 1784 741 ad
1811 718 1931 751 partes,
1962 719 1992 741 et
2022 713 2101 741 bona
2130 723 2235 742 eorum

1326 767 1519 790 arrestantur
1539 761 1703 790 occasione
1721 761 1887 790 scismatis.
1911 760 2012 800 Super
2034 762 2136 800 primo
2157 762 2236 791 deli-

1325 810 1445 840 beravit
1459 810 1548 839 nacio
1563 810 1647 849 quod
1666 809 1736 839 illas
1750 809 1856 839 literas
1873 810 2000 839 haberet
2015 820 2072 849 pro
2088 810 2187 845 lectis,
2207 817 2237 840 et

1326 860 1408 899 quod
1427 869 1489 888 non
1506 859 1600 888 vellet
1619 859 1842 894 contradicere,
1865 869 1920 888 nec
1941 859 2178 889 contradiceret.
2198 860 2236 889 Et

1325 907 1443 948 placuit
1463 908 1586 938 nacioni
1609 909 1692 948 quod
1712 908 1817 937 nuncii
1832 907 1974 948 jurarent
1992 909 2072 938 sicut
2091 915 2139 938 est
2161 920 2236 938 con-

1327 963 1459 992 suetum,
1483 963 1514 987 et
1534 958 1615 996 quod
1636 959 1762 986 rotulum
1783 968 1882 986 secum
1905 965 2109 996 apportarent.
2135 958 2236 997 Super

1327 1007 1464 1036 secundo
1483 1006 1613 1036 articulo
1638 1006 1821 1036 deliberavit
1844 1007 1933 1035 nacio
1953 1008 2035 1046 quod
2057 1017 2151 1046 super
2175 1007 2235 1036 isto

1327 1055 1464 1085 adiretur
1494 1066 1550 1095 per
1578 1055 1818 1085 Universitatem
1848 1056 1991 1085 dominus
2025 1066 2090 1090 rex,
2117 1063 2147 1085 et
2175 1057 2235 1085 sihi

1327 1111 1536 1144 exponeretur
1551 1104 1729 1144 specialiter
1739 1105 1894 1144 quomodo
1911 1104 2047 1134 scolares
2059 1106 2096 1134 de
2108 1105 2235 1134 nacione

1326 1160 1434 1183 nostra
1454 1160 1526 1183 sunt
1545 1154 1582 1182 de
1602 1153 1736 1183 diversis
1758 1154 1864 1183 mundi
1887 1154 2038 1193 partibus,
2059 1161 2088 1183 et
2108 1155 2190 1193 quod
2209 1155 2235 1183 si

1327 1203 1463 1243 placeret
1477 1203 1603 1232 domino
1620 1203 1688 1243 regi
1709 1203 1794 1242 quod
1811 1209 1928 1232 starent
1947 1203 1977 1232 in
1998 1203 2055 1232 ista
2077 1203 2236 1232 Universi-

1326 1258 1386 1282 tate
1414 1252 1446 1281 in
1472 1251 1587 1287 studio,
1614 1253 1698 1291 quod
1719 1258 1850 1292 possent
1880 1262 1950 1282 esse
1979 1253 2010 1281 in
2045 1253 2237 1292 salvagardia

1326 1301 1444 1331 domini
1467 1301 1571 1340 regis;
1599 1307 1629 1330 et
1655 1301 1681 1330 si
1709 1307 1816 1331 essent
1837 1301 1939 1340 aliqua
1959 1311 1975 1330 a
1998 1302 2110 1340 quibus
2135 1301 2237 1340 aliqua

1327 1356 1399 1380 sunt
1413 1357 1537 1389 arrepta
1548 1350 1598 1380 vel
1614 1351 1695 1380 bona
1713 1361 1768 1380 sua
1785 1357 1950 1384 arrestata,
1969 1352 2051 1390 quod
2070 1351 2238 1380 restituan-

1326 1405 1393 1435 tur‚·
1420 1406 1450 1429 et
1478 1399 1573 1428 eciam
1606 1399 1632 1428 si
1661 1399 1753 1429 alicui
1785 1400 1910 1429 domino
1937 1400 1978 1428 sit
2011 1401 2080 1429 data
2111 1400 2237 1429 facultas

1327 1449 1468 1488 capiendi
1487 1448 1537 1478 vel
1556 1449 1730 1478 arrestandi
1753 1448 1830 1478 tales
1848 1449 1895 1478 vel
1918 1450 1998 1478 bona
2018 1459 2135 1483 eorum,
2153 1450 2235 1488 quod

1326 1496 1502 1538 hujusmodi
1516 1497 1642 1527 facultas
1657 1508 1711 1527 seu
1730 1504 1867 1537 potestas
1886 1498 2052 1527 auferatur.
2074 1498 2178 1527 Eciam
2197 1499 2235 1527 de

1310 1578 1313 1580 ,
1326 1546 1384 1576 hoc
1400 1553 1448 1576 est
1462 1553 1607 1576 statutum
1623 1547 1729 1586 regale
1740 1546 1752 1565 ³
1764 1547 1847 1586 quod
1861 1546 1919 1576 hoc
1936 1553 2088 1588 servetur,
2104 1554 2133 1576 et
2153 1548 2234 1586 quod

1325 1595 1386 1626 ista
1400 1602 1594 1635 exponantur
1607 1602 1637 1625 et
1647 1595 1706 1625 alia
1718 1595 1844 1625 domino
1860 1596 1927 1636 regi
1943 1596 2034 1625 modo
2050 1607 2111 1636 quo
2123 1596 2237 1636 poterit

1325 1645 1444 1674 ciciori.

1366 1694 1441 1724 ltem
1457 1694 1516 1723 alia
1531 1694 1581 1723 die
1592 1693 1603 1712 ⁴
1630 1694 1707 1724 sacta
1722 1694 1777 1724 fuit
1792 1694 1999 1734 congregacio
2015 1695 2052 1723 de
2068 1694 2234 1734 aliquibus,

1326 1744 1407 1773 inter
1428 1753 1488 1783 que
1512 1744 1718 1783 tangebantur
1737 1743 1797 1772 ista
1813 1744 1874 1773 duo
1899 1749 2022 1783 puncta.
2045 1743 2084 1772 Et
2103 1749 2234 1783 protunc

1325 1792 1414 1822 nacio
1429 1793 1467 1822 de
1485 1793 1586 1832 primo
1604 1799 1718 1832 puncto
1737 1792 1920 1822 deliberavit
1947 1793 2031 1832 quod
2053 1792 2103 1821 illa
2123 1792 2211 1821 litera
2223 1792 2235 1809 ⁵

1325 1851 1387 1871 non
1410 1842 1584 1871 traderetur
1606 1841 1698 1871 alicui
1721 1842 1781 1871 nisi
1804 1842 1842 1871 ad
1864 1841 1965 1871 minus
1990 1842 2185 1881 redigeretur
2205 1841 2235 1870 in

1326 1891 1423 1921 forma
1457 1890 1613 1920 meliori⁶.
1646 1891 1692 1920 De
1725 1891 1861 1920 secundo
1893 1891 2000 1920 eodem
2035 1891 2124 1919 modo
2156 1890 2236 1920 sicut

1325 1940 1426 1980 prius,
1447 1946 1478 1969 et
1494 1940 1664 1979 requisitus
1681 1946 1865 1979 procurator
1879 1950 1974 1979 super
1992 1939 2050 1968 hoc
2071 1939 2235 1979 requisivit

1325 1989 1482 2019 dominum
1504 1995 1669 2025 rectorem,
1689 1989 1834 2029 quatinus
1855 1989 1946 2018 istum
1967 1989 2135 2017 secundum
2160 1988 2235 2017 arti-

1325 2038 1427 2068 culum
1444 2048 1503 2068 una
1517 2048 1585 2068 cum
1599 2038 1669 2068 aliis
1686 2039 1798 2068 faceret
1813 2037 1965 2077 expediri.

1711 2126 1714 2130 ’
1734 2131 1831 2161 1383

1327 2203 1365 2233 ln
1396 2203 1659 2243 procuratoria
1689 2203 1859 2242 magistri
1885 2202 2037 2231 Henrici
2062 2201 2234 2232 Crouwel

1507 2259 1586 2282 acta
1619 2258 1705 2282 sunt
1733 2262 1801 2292 que
1832 2258 2049 2291 sequuntur.

1365 2331 1456 2362 Anno
1473 2332 1597 2362 Domini
1619 2332 1664 2361 M⁰
1684 2332 1778 2362 CCC⁰
1798 2331 1965 2366 LXXXllL
1990 2331 2105 2360 mensis
2126 2330 2234 2360 Marcii

1325 2381 1375 2411 die
1392 2381 1432 2412 X*
1457 2382 1534 2411 facta
1558 2381 1807 2421 congregacione
1832 2380 2050 2410 Universitatis
2073 2390 2129 2419 per
2145 2379 2233 2419 jura-

1325 2436 1458 2460 mentum
1484 2431 1566 2470 apud
1592 2430 1736 2459 Sanctum
1763 2429 1949 2459 Maturinum
1977 2439 2071 2469 super
2095 2428 2233 2458 articulis

1325 2479 1379 2519 qui
1402 2486 1584 2519 sequuntur.
1613 2479 1736 2509 Primus
1760 2479 1798 2508 ad
1823 2478 2052 2508 remediandum
2077 2476 2232 2516 magistris

1324 2528 1436 2558 taxatis
1451 2538 1518 2557 cum
1539 2527 1600 2557 illis
1618 2528 1656 2557 de
1674 2527 1746 2557 villa
1759 2528 1796 2556 de
1809 2527 1886 2557 facto
1903 2537 1960 2566 per
1973 2527 2092 2566 aliquos
2104 2526 2233 2555 clientes

1310 2576 1473 2609 vadianos.
1495 2577 1656 2606 Secundus
1674 2575 1822 2605 articulus
1840 2576 1876 2604 ad
1895 2575 2060 2604 videndum
2079 2575 2233 2614 quomodo

1324 2632 1409 2655 esset
1427 2626 1557 2655 ulterius
1578 2625 1820 2665 procedendum,
1843 2624 1869 2653 si
1892 2634 1953 2653 non
1975 2623 2138 2653 haberetur
2154 2624 2233 2652 bona

1324 2675 1490 2715 responsio
1510 2675 1548 2704 de
1567 2674 1629 2703 illis
1650 2684 1709 2713 que
1725 2673 1800 2702 alias
1820 2673 1979 2713 proposita
1998 2678 2084 2701 crant
2104 2672 2234 2702 ducibus

1325 2723 1356 2753 in
1379 2723 1512 2763 Lupara.
1541 2723 1661 2761 Quibus
1683 2722 1822 2752 articulis
1843 2721 1996 2761 expeditis
2019 2721 2049 2749 in
2071 2720 2235 2751 Universi-

1325 2778 1397 2808 tate,
1425 2773 1501 2802 sacta
1527 2770 1581 2801 fuit
1604 2770 1810 2810 congregacio
1836 2770 1975 2799 nacionis
2001 2769 2172 2808 Anglicane
2196 2770 2233 2798 ad

1311 2849 1315 2853 >
1355 2861 1379 2885 ΙΔ,
1413 2860 1442 2884 25
1454 2859 1595 2883 Februarii.

1355 2897 1379 2919 δ.
1414 2894 1515 2919 Scilicet
1529 2893 1710 2918 determinatio
1723 2893 1899 2917 L'm'veruicatie
1918 2892 2050 2917 Februarii
2062 2894 2085 2916 3.

1355 2932 1380 2955 6.
1412 2931 1444 2954 26
1455 2930 1590 2954 Februarii
1606 2930 1632 2953 ia
1647 2930 1782 2953 breviorem
1798 2930 1907 2960 sormam
1926 2928 2031 2952 redacta
2049 2931 2095 2958 eet,
2111 2930 2136 2951 et
2149 2931 2234 2952 etsta!

1325 2965 1351 2991 t'n
1364 2966 1494 2994 Chartul.,
1510 2965 1554 2995 ΙΙΙ,
1567 2966 1601 2989 De
1611 2965 1762 2990 Schinmate.
