2632 3464
908 402 1179 430 MEMORABILIA
1198 401 1274 427 NAT
1282 421 1288 428 .
1308 400 1554 427 ANGLICANAE
2159 409 2187 425 u

265 482 463 520 Conradus
485 481 534 518 de
553 482 701 523 Suecia,
721 492 782 516 an.
806 479 912 522 1348,
931 479 1100 528 quinque
1118 476 1235 513 libras
1250 478 1391 526 repetit
1410 490 1427 511 ct
1450 488 1520 525 pro
1535 487 1612 511 uno
1630 474 1848 510 bachelario
1868 474 1941 510 sibi
1963 474 2056 510 alias
2076 474 2122 511 ad
2144 476 2182 511 S.

267 550 498 588 Genovefam
513 561 714 592 concesso,
732 561 820 584 cum
835 548 940 583 natio
955 546 1134 583 habuerit
1146 546 1347 595 pecuniam
1367 559 1384 580 »
1409 545 1508 592 (121,
1531 545 1579 590 8).
1598 542 1836 593 Quandoque
1850 551 2075 593 procurator
2090 543 2187 580 libe-

265 620 396 658 raliter
409 617 715 670 praebendaeilli
730 616 989 659 renuntiabat,
1007 623 1050 652 ut
1060 615 1250 652 Gerardus
1263 614 1312 651 de
1325 615 1502 656 Dulmen,
1520 626 1578 650 an.
1605 614 1695 649 1352
1715 627 1722 648 :
1739 627 1756 648 «
1770 614 1962 650 Concessa
1970 621 2029 649 est
2042 614 2187 649 nationi

265 689 424 726 cuilibet
443 700 541 725 unus
561 686 816 723 bachellarius
841 688 880 721 in
902 686 1076 722 examine
1097 686 1134 721 S.
1158 683 1400 733 Genovephe,
1424 690 1462 719 et
1482 682 1572 719 licet
1597 689 1865 732 procuratores
1890 682 2048 718 aliarum
2069 683 2189 718 natio-

267 771 359 795 num
384 757 589 794 habuerint
613 769 687 804 pro
708 768 748 791 se
771 754 1031 791 medietatem¹
1055 753 1262 802 cujuslibet
1286 754 1340 789 sic
1369 751 1549 801 expediti,
1577 759 1724 801 partem
1749 759 1878 788 tamen
1899 750 2016 787 talem
2043 752 2189 787 nationi

268 827 498 865 renuntio.»
516 826 613 871 (163,
636 825 712 871 33.)

316 896 354 932 3⁰
375 893 572 932 Jucundus
593 894 773 930 introitus
801 894 1070 943 magistrorum
1097 891 1163 939 (de
1183 904 1259 941 quo
1282 893 1414 940 supra)
1439 891 1503 940 qui
1528 889 1683 939 quidem
1707 889 1934 939 plerumque
1958 890 1997 924 in
2019 889 2189 926 tabernis

267 964 396 1001 subito
412 962 724 1005 consumebatur,
743 963 816 998 nisi
837 962 964 1012 aliqua
981 961 1183 1010 urgebant,
1202 968 1244 997 ut
1258 962 1366 1010 virga
1385 961 1552 996 nationis
1572 959 1667 1006 (526,
1690 959 1744 1005 12)
1764 958 1824 995 vel
1845 958 2064 995 scholarum
2085 959 2191 995 aedi-

265 1032 409 1075 ficatio,
430 1039 506 1069 etc.

315 1102 354 1138 4⁰
371 1101 537 1138 Pecunia
551 1100 682 1141 oblata
697 1099 745 1136 ab
764 1099 1088 1136 examinatoribus
1103 1100 1141 1136 S.
1165 1099 1392 1142 Genovefae‚
1414 1111 1484 1148 pro
1498 1099 1621 1147 primo
1639 1105 1678 1133 et
1694 1095 1864 1133 secundo
1880 1109 2011 1133 mense
2029 1110 2192 1145 genera-

266 1168 355 1206 liter
369 1181 446 1205 uno
465 1168 596 1204 franco
612 1167 827 1210 constabat,
847 1179 917 1216 pro
933 1168 1048 1204 tertio
1063 1166 1198 1203 decem
1213 1174 1362 1204 tantum
1383 1167 1517 1204 solidis
1532 1167 1593 1204 vel
1614 1167 1752 1203 minus.
1777 1168 1849 1203 Pro
1870 1173 2020 1216 quarto,
2038 1168 2188 1216 quinto,

267 1245 391 1282 sexto,
409 1237 563 1288 quando
583 1238 609 1273 ii
625 1249 776 1274 menses
790 1236 1114 1273 examinatoribus
1130 1236 1309 1285 egebant,
1327 1238 1582 1274 communiter
1596 1237 1618 1272 2
1633 1235 1703 1272 sol.
1720 1236 1818 1283 (777,
1834 1236 1901 1279 263
1920 1237 2002 1278 778,
2019 1237 2085 1279 243
2104 1237 2189 1279 792,

268 1308 340 1355 36).
364 1308 436 1344 An.
464 1307 557 1343 1393
573 1318 708 1344 omnes
729 1318 882 1343 menses
905 1305 1074 1342 obtinuit
1096 1318 1166 1355 pro
1189 1306 1236 1342 20
1255 1306 1391 1343 solidis
1410 1307 1509 1354 (687,
1532 1307 1611 1353 32);
1633 1318 1693 1342 an.
1719 1305 1811 1341 1398
1833 1306 1997 1355 primum
2019 1318 2189 1345 mensem

265 1378 290 1415 4
309 1375 445 1419 solidis
458 1375 604 1418 habuit,
623 1375 730 1412 nullo
748 1375 918 1424 reliquos
936 1387 1088 1411 menses
1105 1382 1264 1424 petente
1279 1375 1381 1423 (770,
1403 1375 1474 1422 39).

319 1447 355 1482 5⁰
375 1446 541 1482 Pecunia
556 1452 713 1494 recepta
729 1457 750 1480 a
766 1452 967 1494 receptore
986 1452 1161 1494 tempore
1179 1457 1272 1481 suae
1290 1445 1558 1481 institutionis.

318 1516 357 1552 6⁰
368 1515 445 1551 Aes
462 1514 740 1552 mulctaticium
761 1513 863 1563 quod
886 1514 991 1550 natio
1011 1527 1032 1549 a
1052 1515 1264 1563 suppositis
1285 1521 1429 1551 statuta
1449 1513 1683 1550 violantibus
1704 1514 1857 1563 exigere
1880 1520 2052 1563 poterat;
2073 1513 2191 1551 veluti

272 1586 302 1621 si
322 1585 387 1634 qui
404 1583 708 1622 determinantes
728 1590 794 1619 aut
811 1583 1005 1619 licenciati
1021 1585 1059 1618 in
1075 1584 1247 1632 vesperis
1264 1583 1324 1620 vel
1342 1585 1457 1620 missa
1473 1582 1716 1626 deficiebant,
1730 1590 1911 1633 quattuor
1924 1582 1984 1619 vel
2001 1595 2067 1619 sex
2080 1582 2195 1620 dena-

270 1655 348 1691 rios
364 1653 412 1690 ab
428 1654 475 1690 iis
494 1652 670 1690 bedellus
689 1652 908 1702 requirebat
924 1653 997 1699 (16,
1018 1654 1089 1700 11),
1107 1652 1210 1702 quod
1227 1654 1259 1689 si
1275 1665 1352 1689 non
1366 1652 1585 1696 solvissent,
1604 1666 1677 1689 una
1693 1652 1791 1689 libra
1810 1665 1922 1689 cerae
1941 1665 2010 1702 pro
2031 1652 2194 1688 lumina—

270 1723 377 1760 ribus
392 1724 562 1772 Virginis
583 1735 707 1772 poena
727 1730 821 1759 erat.
845 1722 1007 1770 Quando
1023 1722 1216 1759 discordia
1234 1723 1334 1758 inter
1351 1721 1447 1759 duos
1465 1723 1670 1772 magistros
1691 1729 1774 1758 orta
1796 1722 1932 1764 fuerat,
1954 1722 1985 1758 is
2004 1723 2069 1771 qui
2095 1721 2197 1758 arbi-

272 1794 387 1830 trium
408 1794 575 1830 nationis
590 1791 793 1829 recusabat
813 1793 1072 1841 pecuniariam
1086 1804 1239 1841 quoque
1254 1791 1623 1829 animadversionem
1640 1791 1871 1828 incurrebat.

320 1863 357 1899 7⁰
369 1863 524 1898 Locatio
540 1861 722 1898 domuum
739 1874 833 1910 quas
857 1862 960 1898 natio
978 1861 1138 1910 gerebat
1157 1862 1212 1897 ad
1229 1874 1349 1897 corna
1365 1863 1465 1897 cervi
1477 1869 1516 1899 et
1530 1862 1584 1898 ad
1601 1862 1806 1911 imaginem
1819 1861 1981 1898 Nostrae
1996 1861 2194 1904 Dominae,

275 1930 323 1967 de
339 1930 479 1980 quibus
498 1932 612 1967 toties
635 1931 780 1966 mentio
801 1930 890 1976 (vid.
908 1930 1004 1966 infra
1025 1943 1110 1979 cap.
1136 1931 1205 1976 15).

322 2001 358 2037 8⁰
381 2000 623 2037 Contributio
646 2013 759 2050 quam
788 2001 970 2049 magister
991 1999 1129 2036 domus
1150 1999 1449 2036 Alemannorum
1471 2012 1517 2037 ex
1537 2007 1645 2050 parte
1671 2001 1890 2049 provinciae
1922 1999 2023 2036 illius
2052 2001 2198 2037 nationi

273 2069 512 2107 refundebat.

324 2193 358 2228 1ο
385 2193 527 2229 Bursae
541 2199 619 2228 tam
635 2191 788 2228 bedello
802 2193 978 2241 (integra)
994 2205 1106 2241 quam
1125 2192 1353 2231 subbedello
1370 2193 1551 2241 (dimidia)
1569 2193 1723 2230 debitae
1735 2193 1784 2230 de
1800 2193 1973 2243 quolibet
1984 2193 2198 2231 baccalario

274 2261 486 2304 licentiato,
505 2262 725 2312 incipiente.

323 2331 360 2367 2⁰
389 2332 603 2367 Luminaria
633 2333 795 2367 Nostrae
818 2332 1015 2375 Dominae,
1035 2343 1145 2380 quae,
1176 2330 1313 2368 saltem
1337 2331 1463 2369 medio
1497 2336 1572 2368 x1v⁰
1600 2331 1768 2376 saeculo,
1789 2331 1986 2368 dimidiam
2014 2333 2199 2382 cujusque

277 2399 432 2436 bursam
455 2400 678 2437 sorbebant.

324 2470 361 2505 3⁰
387 2468 686 2506 Distributiones
708 2470 901 2518 magistris
915 2482 936 2506 e
951 2476 1096 2506 statuto
1118 2482 1178 2504 an.
1207 2470 1298 2506 1333
1326 2469 1524 2507 faciendae
1543 2472 1615 2517 (15,
1639 2471 1711 2518 32),
1728 2484 1803 2520 quo
1827 2472 1863 2506 in
1881 2478 1969 2507 octo
1985 2471 2093 2507 festis
2112 2473 2198 2507 anni

275 2537 551 2588 principalibus
567 2537 770 2575 duodecim
793 2539 964 2587 magistri
981 2540 1003 2574 8
1019 2537 1090 2574 sol.
1112 2551 1181 2588 pro
1191 2540 1317 2579 missa,
1338 2540 1361 2574 4
1382 2539 1453 2576 sol.
1475 2553 1544 2590 pro
1557 2541 1742 2589 vesperis,
1759 2541 1797 2576 in
1811 2541 1979 2589 quinque
1997 2540 2200 2577 dominicis

275 2606 592 2657 quadragesimae
606 2608 629 2642 6
649 2607 720 2644 sol.
738 2620 807 2657 pro
824 2609 953 2650 missa,
972 2608 993 2643 3
1010 2607 1081 2643 sol.
1105 2620 1174 2656 pro
1189 2610 1379 2658 vesperis,
1398 2608 1539 2645 bedelli
1556 2609 1632 2645 duo
1648 2616 1793 2658 partem
1810 2609 1922 2645 simul
1940 2611 2053 2645 unius
2064 2611 2201 2659 magis-

276 2677 324 2712 tri
345 2676 596 2726 recipiebant.
622 2678 662 2712 In
685 2689 729 2713 ea
753 2689 899 2713 summa
926 2676 1035 2713 totali
1054 2677 1074 2712 7
1100 2676 1165 2712 lib.
1193 2677 1236 2712 12
1257 2676 1343 2714 den.
1369 2677 1634 2714 distribuenda
1657 2680 1927 2728 parsimoniam
1951 2679 2197 2728 ignorabant;

277 2757 363 2780 nam
384 2746 414 2781 si
437 2758 506 2795 pro
531 2745 733 2782 duodecim
753 2753 933 2795 quattuor
948 2753 1095 2782 tantum
1118 2747 1288 2795 magistri
1308 2747 1435 2783 officio
1457 2760 1565 2784 sacro
1582 2747 1752 2791 aderant,
1771 2748 1961 2797 triplicem
1985 2749 2200 2797 portionem

278 2814 496 2863 capiebant,
519 2828 667 2851 summa
687 2814 971 2852 distributionis
988 2828 1181 2865 nunquam
1203 2815 1466 2853 decrescente.

323 2933 348 2960 1.
393 2931 499 2961 Altera
518 2932 666 2962 medietas
680 2932 801 2971 (bursae
818 2933 1028 2963 verisimiliter
1045 2934 1131 2972 tres),
1149 2933 1290 2968 bedellisv
1308 2933 1510 2963 luminaribus
1519 2936 1555 2964 N.
1574 2934 1733 2969 Dominae,
1748 2940 1777 2963 et
1793 2934 1925 2963 facultati
1943 2934 2051 2964 artium
2069 2934 2201 2966 redibat.

2219 2201 2350 2237 Impeusa
