2632 3464
440 467 489 492 547

439 542 551 571 ratoris
582 547 611 570 et
633 541 727 570 eciam
753 539 935 578 receptoris,
954 545 983 568 et
1011 539 1194 567 invenerunt
1220 538 1257 566 de
1283 547 1344 566 uno

441 592 588 630 magistro
616 590 664 619 vel
700 589 854 629 pluribus,
892 589 974 627 quod
1012 588 1043 616 in
1079 587 1153 615 libro
1186 588 1346 625 receptoris

442 640 590 678 scriptum
617 639 672 668 fuit
696 639 778 678 quod
803 638 903 667 dictus
925 637 1072 676 magister
1093 635 1223 675 juravit,
1254 635 1345 664 immo

441 689 536 718 eciam
556 688 698 727 promisit
718 687 811 726 quod,
831 696 899 715 cum
920 686 957 714 ad
979 685 1172 724 pinguiorem
1195 685 1346 713 fortunam

446 737 633 777 pervenerit,
649 736 769 765 nacioni
785 736 822 764 de
838 735 942 764 bursis
960 734 1019 763 sibi
1038 740 1166 773 propter
1180 739 1346 772 pauperta-

446 793 505 815 tem
521 793 593 815 tunc
605 784 746 814 remissis
758 784 959 819 satisfaceret,
975 789 1005 811 et
1017 783 1047 811 in
1059 783 1348 821 libroproeuratoris

442 836 479 864 de
503 836 609 864 eodem
636 834 752 872 reperit
785 845 798 860 «
822 831 908 871 cujus
935 833 1029 861 bursa
1049 831 1122 860 VIII
1150 831 1288 866 solidi»,
1319 836 1349 859 et

443 884 501 913 hoc
519 884 549 912 in
564 883 632 912 loco
648 893 718 911 raso
735 892 788 911 seu
808 882 918 910 abraso
936 881 1034 920 prius,
1053 880 1096 909 sic
1113 880 1195 919 quod
1213 879 1348 908 habeba-

444 940 492 962 tur
509 933 546 961 de
565 932 616 961 illo
633 931 768 970 suspicio
787 942 792 959 :
813 929 1014 958 deliberatum
1031 929 1086 958 suit
1099 929 1144 957 sic
1161 929 1243 968 quod
1255 938 1350 967 super

450 982 510 1011 isto
534 981 595 1010 dati
618 982 739 1009 suerunt
765 978 903 1018 deputati
927 978 979 1017 qui
1002 977 1150 1006 haberent
1177 977 1349 1006 examinare

443 1031 542 1059 dictos
561 1030 668 1064 libros,
692 1035 720 1058 et
737 1029 882 1057 ordinare
900 1027 982 1056 circa
999 1027 1057 1056 hoc
1079 1027 1152 1065 quid
1169 1026 1348 1065 expediens.

485 1079 585 1118 Super
602 1078 632 1106 4⁰
656 1077 785 1106 articulo
810 1076 916 1111 nichil,
934 1075 1005 1114 quia
1027 1075 1131 1104 nullus
1152 1075 1348 1114 supplicavit.

452 1128 552 1166 Super
569 1128 600 1155 3⁰
617 1127 775 1155 dicebatur
793 1126 875 1165 quod
891 1125 922 1153 in
940 1124 992 1153 illo
1011 1134 1083 1153 casu
1098 1130 1242 1163 receptor
1257 1125 1351 1153 debe-

442 1179 493 1206 bat
522 1183 602 1205 stare
629 1175 803 1214 juramento
837 1174 977 1213 magistri
1013 1173 1146 1212 petentis
1185 1173 1350 1212 signetum.

449 1226 549 1265 Super
570 1225 601 1253 2⁰
621 1225 742 1253 videtur
762 1224 928 1252 notandum
955 1224 1038 1263 quod
1068 1223 1174 1252 sanior
1204 1232 1278 1261 pars
1304 1215 1353 1252 vel

451 1276 544 1304 eciam
556 1273 651 1313 major
662 1273 844 1302 deliberavit
859 1273 942 1312 quod
956 1282 1049 1311 super
1062 1272 1120 1301 hoc
1133 1272 1261 1300 deberet
1275 1264 1354 1301 adiri

446 1331 548 1354 rector
561 1330 589 1352 et
603 1322 803 1361 interrogari,
820 1322 894 1361 quid
912 1323 950 1350 de
965 1321 1023 1350 hoc
1037 1321 1112 1350 alias
1128 1321 1218 1350 fuerit
1233 1320 1352 1350 delibe-

451 1379 547 1402 ratum
575 1373 605 1400 in
629 1370 836 1401 Universitate
859 1377 888 1399 et
907 1370 965 1399 hoc
987 1371 1069 1409 quod
1089 1370 1120 1399 in
1142 1369 1352 1399 Universitate

450 1431 544 1461 super
572 1421 630 1450 hoc
660 1420 715 1449 fuit
743 1419 959 1454 deliberatum,
988 1420 1076 1448 nario
1104 1425 1212 1448 nostra
1231 1425 1350 1458 gratum

446 1471 571 1500 haberet
585 1477 613 1499 et
626 1469 838 1498 deliberatum.

489 1520 589 1558 Super
616 1519 716 1558 primo
748 1518 877 1547 articulo
908 1528 1027 1547 annexo
1062 1517 1119 1547 fuit
1148 1517 1351 1547 deliberatum

448 1570 614 1598 secundum
630 1569 754 1597 sormam
771 1578 829 1606 qua
844 1568 1038 1607 propositum
1054 1567 1118 1596 fuit.
1135 1567 1236 1606 Super
1249 1567 1350 1606 primo

446 1625 475 1647 et
490 1618 653 1657 principali
671 1627 727 1655 per
745 1615 889 1656 majorem
904 1623 1022 1656 partem
1038 1617 1075 1645 de
1088 1616 1183 1645 multo
1200 1615 1256 1645 suit
1272 1616 1351 1645 deli-

446 1668 594 1701 beratum,
625 1667 707 1705 quod
745 1676 806 1694 non
842 1666 983 1694 obstante
1010 1675 1162 1704 processu
1192 1665 1295 1694 habito
1323 1672 1352 1694 et

449 1717 629 1745 inconsueto
645 1725 706 1744 non
724 1715 811 1744 fieret
832 1715 1016 1754 prorogacio
1034 1725 1090 1743 nec
1105 1714 1164 1742 alia
1179 1724 1352 1754 congrega-

448 1765 495 1794 cio
515 1766 552 1793 ad
572 1765 745 1804 eligendum
764 1765 930 1793 secundum
949 1763 1100 1798 ordinem,
1119 1774 1135 1792 a
1155 1773 1216 1803 qua
1233 1763 1352 1792 delibe-

447 1814 569 1843 racione
594 1813 749 1842 Johannes
775 1814 812 1842 de
838 1813 959 1842 Stralen
984 1813 1160 1852 appellavit.
1194 1812 1254 1841 Sed
1281 1813 1353 1851 quia

449 1873 514 1892 eam
536 1868 719 1901 prosecutus
737 1872 798 1891 non
823 1861 893 1897 fuit,
922 1871 1103 1900 processum
1129 1871 1223 1901 super
1247 1862 1351 1890 eadem

448 1923 509 1941 non
527 1911 654 1950 scripsit
666 1911 687 1940 ⁴.

493 1960 563 2000 (Fol.
586 1960 631 2000 15)
651 1960 750 1989 Solvit
762 1959 930 1999 jocundum
949 1960 1106 1989 introitum
1125 1959 1272 1999 magister
1287 1959 1353 1988 Til-

451 2020 579 2039 mannus
598 2006 750 2038 Tilmanni
769 2009 932 2038 Balestarii
952 2010 989 2038 de
1009 2008 1217 2048 Luzenburgh
1237 2010 1251 2037 1
1271 2009 1353 2038 fran-

450 2069 527 2087 cum.

494 2107 593 2136 Solvit
617 2107 711 2136 eciam
734 2107 882 2146 magister
898 2106 1054 2136 Johannes
1074 2107 1155 2136 Kare
1177 2117 1234 2146 pro
1256 2107 1354 2146 prima

457 2156 666 2195 procuratoria
680 2166 733 2185 sua
748 2156 895 2195 preterita
912 2158 926 2184 1
946 2157 1092 2185 francum.

493 2205 565 2234 Item
583 2205 725 2234 dominus
742 2204 897 2234 Johannes
912 2206 948 2234 de
964 2205 1139 2244 Yselsteyn.

494 2254 611 2293 Incepit
626 2254 768 2283 dominus
785 2253 980 2283 Hermannus
1001 2255 1038 2283 de
1056 2254 1166 2293 Rynen
1185 2254 1242 2283 sub
1259 2254 1356 2293 magi-

454 2310 518 2332 stro
552 2303 733 2341 Meynardo,
764 2302 850 2342 cujus
879 2303 973 2332 bursa
996 2302 1021 2331 V
1040 2303 1142 2338 solidi,
1163 2303 1204 2332 Vl
1225 2303 1354 2331 denarii.

452 2352 558 2381 Solvit.

492 2401 566 2430 Item
581 2400 696 2439 incepit
711 2401 853 2429 dominus
867 2400 999 2429 Thomas
1011 2401 1152 2440 Kingorn
1169 2401 1226 2430 sub
1237 2402 1355 2435 eodem,

452 2449 538 2489 cujus
556 2450 649 2478 bursa
664 2449 690 2477 V
705 2449 808 2478 solidi.
827 2449 934 2478 Solvit.

493 2499 566 2527 Item
590 2498 704 2536 incepit
722 2498 864 2527 dominus
887 2497 1034 2527 Hinricus
1057 2498 1165 2527 Selder
1182 2499 1239 2527 sub
1259 2499 1358 2538 magi-

455 2554 519 2575 stro
537 2547 674 2576 Johanne
693 2546 934 2586 Levenhaghen‚
952 2546 1037 2586 cujus
1055 2548 1149 2576 bursa
1167 2547 1226 2576 1111
1248 2547 1356 2585 solidi,

460 2596 518 2624 llll
536 2596 664 2624 denarii.
683 2596 791 2625 Solvit.

496 2645 568 2673 Item
589 2646 664 2673 sacta
682 2645 927 2683 congregacione
946 2645 1084 2674 nacionis
1104 2645 1151 2674 die
1169 2645 1254 2674 Vllla
1273 2656 1359 2674 men—

455 2693 498 2721 sis
523 2693 595 2721 Maii
629 2695 708 2732 apud
738 2693 880 2722 Sanctum
905 2694 1057 2722 ¹lulianum
1090 2693 1164 2723 hora
1194 2695 1359 2733 primarum

457 2742 600 2771 translata
623 2743 658 2770 ad
681 2742 823 2771 Sanctum
844 2742 1030 2771 Maturinum
1051 2744 1155 2771 eadem
1175 2743 1250 2772 hora
1267 2753 1360 2783 super

457 2790 556 2819 tribus
573 2791 722 2826 articulis,
740 2801 868 2830 quorum
883 2791 1001 2830 primus
1017 2792 1054 2819 ad
1068 2792 1279 2831 prefigendum
1297 2799 1360 2821 ter-

489 2914 511 2936 1.
545 2916 635 2937 Postea
647 2915 760 2946 sequitur
772 2923 776 2937 :
790 2916 830 2937 ‘211⁸
843 2915 875 2938 nd
889 2915 1087 2938 deliberandum
1100 2914 1210 2938 nuncios
1220 2915 1276 2946 (sic)
1285 2923 1363 2946 pecu-

459 2948 516 2971 nias
530 2953 647 2980 receptas
665 2958 711 2980 per
728 2950 927 2978 inrotulatores,
944 2958 1023 2981 super
1038 2950 1106 2981 quod
1124 2950 1298 2974 deliberatum
1315 2950 1363 2974 fuit

461 2984 529 3014 quod
552 2984 735 3008 inrotulntorcs
755 2988 905 3009 tenerentur
926 2985 989 3009 dare
1010 2986 1105 3009 nuncio
1124 2989 1214 3009 nostro
1237 2986 1362 3017 pecunias

980 462 1202 488 AUCTARIUM
1228 461 1487 487 CHARTULARII
1511 461 1685 488 UN1VERS.
1707 461 1825 489 PARIS.

1387 983 1421 1009 10

1391 1230 1424 1255 15

1389 1476 1422 1501 20

1389 1722 1422 1747 25

1390 1967 1424 1992 30

1393 2212 1426 2238 35

1396 2457 1429 2483 40

1397 2702 1430 2728 45

2308 464 2361 491 548

1455 537 1570 567 minum
1597 538 1889 577 supervenientibus
1904 538 1984 568 infra
2000 549 2091 578 quem
2105 549 2177 569 suas
2201 540 2360 580 supplica-

1458 586 1564 615 ciones
1575 587 1737 627 porrigere
1751 594 1894 627 possent;
1907 588 1954 616 2¹²⁵
1961 588 2000 617 ad
2013 588 2238 627 expediendum
2249 589 2360 619 sactum

1455 635 1689 665 inrotulacionis
1705 637 1806 676 quoad
1819 637 2071 666 concurrencias.
2083 636 2141 667 Cui
2152 647 2290 668 annexus
2306 638 2362 668 suit

1455 685 1564 714 modus
1590 685 1682 714 dandi
1705 686 1851 724 pecunias
1873 686 1987 715 nuncio
2006 692 2148 725 receptas
2166 697 2224 726 per
2246 687 2362 717 inrotu-

1455 733 1582 764 latores.
1599 735 1645 763 3¹¹³
1663 743 1758 774 super
1774 734 2059 774 supplicacionibus
2075 741 2105 764 et
2121 734 2254 775 injuriis.
2274 735 2362 765 Deli-

1456 783 1595 812 beratum
1610 782 1666 812 fuit
1683 793 1776 823 super
1791 783 1892 823 primo
1908 794 1966 823 pro
1982 782 2090 823 majori
2105 790 2203 823 parte,
2220 791 2254 814 ut
2269 784 2363 814 michi

1456 831 1590 868 videtur,
1603 833 1687 872 quod
1699 832 1779 862 infra
1794 839 1969 872 presentem
1981 833 2062 862 diem
2071 839 2251 863 tenerentur
2264 834 2363 873 porri-

1457 891 1531 920 gere
1551 891 1658 910 omnes
1675 891 1747 911 suas
1765 881 2032 921 supplicaciones,
2048 882 2124 911 alias
2135 881 2242 922 junior
2257 881 2363 922 preju-

1458 929 1562 959 dicare
1575 937 1685 970 posset
1699 930 1816 960 seniori
1829 931 1861 960 in
1877 931 1936 960 isto
1947 943 1955 967 ς
1972 938 2073 960 tamen
2086 941 2148 960 non
2164 931 2220 961 fuit
2236 941 2363 961 concor·

1459 979 1509 1008 dia
1521 979 1592 1018 quia
1607 979 1730 1009 diverse
1746 985 1850 1019 partes
1865 979 2073 1009 diversimode
2091 980 2245 1010 dixerunt.

1501 1027 1602 1067 Super
1623 1038 1742 1058 annexo
1762 1038 1824 1058 uno
1843 1028 1922 1058 dixit
1940 1027 2037 1068 major
2056 1039 2129 1068 pars
2150 1030 2234 1068 quod
2261 1029 2288 1059 si
2307 1029 2364 1058 ali-

1460 1077 1513 1116 qui
1538 1077 1756 1116 superventuri
1778 1077 1919 1106 seniores
1938 1077 2176 1117 supervenerint
2200 1084 2364 1118 postquam

1462 1132 1606 1165 presente
1626 1126 1863 1165 superveniente
1878 1125 2004 1166 juniore
2023 1126 2271 1166 supplicaciones
2294 1136 2365 1156 suas

1460 1174 1669 1214 porrexerint,
1690 1176 1774 1214 quod
1799 1174 1855 1210 illi,
1888 1175 1960 1204 licet
1985 1175 2143 1215 potuerint
2172 1175 2366 1215 prejudicare

1460 1223 1620 1263 prioribus
1635 1224 1943 1263 supervenientibus,
1960 1224 2014 1264 qui
2028 1224 2276 1264 supplicaciones
2294 1234 2366 1254 suas

1461 1279 1668 1312 porrexerunt
1689 1273 1768 1302 infra
1785 1273 1949 1302 terminum
1969 1273 2130 1312 prefixum,
2150 1274 2182 1303 in
2198 1274 2267 1303 loco
2285 1272 2367 1314 (quia

1461 1332 1568 1351 omnes
1589 1322 1757 1351 secundum
1775 1322 1915 1352 ordinem
1934 1322 2124 1362 antiquitatis
2142 1322 2173 1352 in
2188 1322 2367 1362 magisterio

1461 1371 1575 1400 debent
1601 1370 1719 1411 imponi
1748 1381 1786 1400 ex
1811 1370 1871 1400 alia
1895 1371 2122 1401 deliberacione
2148 1371 2278 1412 habita),
2305 1381 2368 1401 non

1461 1420 1493 1449 in
1522 1420 1705 1456 collacione;
1734 1426 1965 1460 verumptamen
1993 1420 2079 1450 multi
2113 1420 2257 1450 dixerunt
2284 1420 2368 1460 quod

1461 1469 1550 1499 nacio
1568 1479 1630 1498 non
1644 1475 1754 1508 posset
1768 1475 2012 1508 superventuros
2033 1469 2206 1510 astringere
2224 1469 2262 1498 ad
2283 1469 2368 1499 istud

1459 1518 1509 1548 vel
1540 1518 1585 1548 eis
1617 1518 1649 1547 in
1674 1518 1777 1558 aliquo
1798 1517 2008 1558 prejudicare,
2034 1519 2199 1547 dummodo
2227 1518 2369 1548 venerint

1462 1574 1530 1597 ante
1546 1568 1710 1597 terminum
1726 1567 1894 1597 clausionis
1909 1567 2002 1596 rotuli
2018 1567 2168 1607 prefixum
2184 1568 2221 1596 ab
2237 1567 2368 1597 Univer-

1460 1617 1559 1646 sitate.

1501 1665 1602 1705 Super
1618 1666 1649 1694 2⁰
1665 1665 1720 1695 suit
1737 1665 1938 1694 deliberatum
1955 1666 2035 1704 quod
2054 1665 2141 1694 fieret
2160 1664 2368 1705 congregacio

1462 1725 1518 1754 per
1530 1713 1737 1754 juramentum
1760 1714 1977 1754 magistrorum
1998 1720 2027 1743 et
2051 1713 2228 1753 specialiter
2247 1714 2368 1743 inrotu-

1460 1763 1591 1793 latorum
1607 1764 1639 1792 in
1655 1763 1745 1792 nonis
1763 1763 1876 1792 Nostre
1895 1763 2026 1792 Domine
2047 1763 2096 1804 vel
2112 1763 2143 1792 in
2161 1763 2192 1791 2⁸
2209 1762 2285 1792 hora
2296 1768 2371 1802 post

1460 1812 1624 1852 prandium
1638 1811 1775 1852 ejusdem
1789 1811 1866 1847 diei,
1884 1818 1916 1842 et
1931 1812 2014 1851 quod
2029 1811 2248 1841 inrotulatores
2262 1817 2370 1850 porta-

1460 1868 1531 1891 rent
1554 1862 1597 1891 ibi
1624 1871 1731 1891 omnes
1750 1861 1998 1901 supplicaciones
2019 1870 2076 1900 per
2099 1870 2152 1890 eos
2176 1866 2318 1900 receptas
2340 1866 2371 1890 et

1461 1911 1576 1940 ibidem
1601 1911 1760 1940 videretur
1781 1917 1853 1940 tunc
1882 1911 1919 1939 de
1942 1909 2186 1940 concurrenciis.
2212 1909 2370 1939 Consimi-

1461 1960 1534 1989 liter
1557 1970 1652 1999 super
1672 1970 1791 1989 annexo
1811 1960 1902 1989 modo
1922 1959 1979 1988 fuit
1997 1958 2211 1994 deliberatum,
2233 1958 2317 1998 quod
2337 1958 2371 1988 in

1462 2010 1567 2038 eadem
1592 2009 1838 2049 congregacione
1865 2008 2084 2037 inrotulatores
2114 2008 2264 2036 deberent
2296 2007 2369 2036 dare

1462 2058 1610 2098 pecunias
1634 2068 1690 2097 per
1716 2068 1770 2087 eos
1794 2063 1935 2097 receptas
1963 2057 2076 2086 nuncio
2102 2062 2222 2092 nostro,
2253 2056 2372 2086 scilicet

1463 2107 1611 2147 magistro
1630 2106 1770 2136 Gerardo
1784 2107 1821 2136 de
1838 2106 1961 2136 Calker.

1506 2156 1607 2196 Super
1624 2157 1656 2185 3⁰
1675 2156 1781 2191 nichil,
1801 2155 1873 2195 quia
1894 2155 1966 2184 licet
1986 2154 2082 2194 aliqui
2102 2154 2369 2194 supplicaverunt,

1463 2212 1565 2235 tamen
1584 2205 1657 2245 quia
1676 2205 1839 2235 videbatur
1857 2203 2016 2244 magistris
2039 2204 2122 2243 quod
2142 2203 2194 2232 ille
2214 2202 2372 2243 supplica-

1466 2255 1571 2284 ciones
1603 2264 1664 2284 non
1698 2259 1841 2293 poterant
1874 2253 2011 2282 breviter
2039 2252 2179 2292 expediri
2210 2258 2372 2291 antequam

1465 2309 1549 2332 esset
1579 2303 1756 2343 expeditum
1781 2303 1819 2332 de
1845 2301 2088 2336 coneum-euciis,
2118 2301 2305 2330 distulerunt
2333 2300 2372 2329 ad

1465 2353 1552 2381 aliam
1571 2352 1677 2381 horam
1694 2352 1934 2381 convenientem.

1509 2401 1583 2430 Item
1599 2401 1730 2430 redemit
1749 2401 1881 2440 pignora
1899 2410 1953 2430 sue
1970 2399 2209 2430 determinancie
2229 2404 2259 2427 et
2274 2397 2372 2428 licen-

1467 2451 1512 2479 cie
1530 2450 1673 2480 dominus
1690 2449 1837 2479 Hinricus
1854 2449 1963 2478 Selder
1982 2448 2175 2488 prescriptus
2195 2447 2275 2476 inter
2294 2446 2373 2476 inci-

1466 2500 1588 2539 pientes
1606 2499 1696 2528 istius
1711 2498 1827 2527 lateris.

1508 2548 1583 2577 ltem
1613 2547 1729 2587 incepit
1752 2547 1894 2576 dominus
1925 2546 2077 2576 Martinus
2102 2544 2286 2574 Theoderici
2315 2545 2372 2574 sub

1468 2598 1618 2637 magistro
1636 2596 1774 2626 Johanne
1796 2597 1834 2625 de
1857 2595 2000 2630 saxonia,
2023 2594 2109 2634 cujus
2132 2595 2226 2623 bursa
2250 2593 2276 2622 V
2299 2593 2371 2628 sol.,

1469 2646 1529 2675 1111
1545 2645 1673 2675 denarii.
1693 2645 1802 2674 Solvit.

1508 2695 1583 2724 Item
1598 2695 1674 2723 sacta
1683 2692 1928 2732 congregacione
1942 2691 2080 2721 nacionis
2092 2691 2141 2720 die
2157 2691 2244 2720 V1112
2257 2691 2374 2720 mensis

1469 2743 1542 2772 Maii
1563 2744 1636 2772 hora
1659 2752 1807 2772 nonarum
1833 2741 1945 2770 Nostre
1966 2740 2097 2769 Domine
2125 2741 2206 2779 apud
2229 2739 2374 2769 Sanctum

1469 2792 1656 2821 Maturinum
1675 2792 1712 2820 ad
1732 2790 1897 2819 videndum
1919 2788 2156 2818 concurrencias
2176 2795 2207 2817 et
2229 2789 2268 2817 ad
2289 2788 2374 2828 regi-

1470 2923 1560 2938 omnes
1573 2922 1638 2946 quas
1651 2914 1682 2938 de
1694 2915 1762 2937 sacto
1775 2916 1927 2944 receperant
1939 2920 1969 2936 ex
1982 2911 2224 2943 supplicacionibus
2236 2910 2375 2943 porrectis.

1470 2950 1521 2974 Sed
1535 2958 1667 2981 perperam
1682 2949 1723 2972 laic
1735 2948 1859 2972 articulus
1872 2948 1992 2980 ponitur7·
2004 2956 2063 2971 nam
2080 2947 2112 2971 de
2129 2947 2174 2970 illo
2187 2946 2254 2970 Maii
2267 2948 2280 2970 8
2293 2946 2376 2970 solum

1471 2986 1607 3018 agebatur.
1621 2985 1671 3008 vid.
1686 2993 1713 3016 p.
1725 2985 1779 3012 548,
1793 2985 1820 3012 3;
1837 2984 1875 3007 30.
