2632 3464
418 435 470 461 867

419 511 586 540 haberetur
601 515 708 549 gratus
718 509 757 537 de
772 508 848 537 actis
865 507 1024 547 preteritis
1041 506 1072 535 in
1085 505 1259 545 receptoria
1273 515 1328 534 sua

419 570 476 599 per
494 561 512 589 3
530 565 581 588 aut
595 559 613 587 4
629 567 726 587 annos
741 557 956 597 precedentes.
973 558 1012 585 Et
1028 555 1116 584 nacio
1130 554 1328 584 concorditer

417 609 526 639 annuit
554 606 778 647 supplicacioni
805 616 871 641 sue,
901 605 973 645 quia
995 605 1113 644 reperit
1137 614 1204 633 eum
1227 603 1327 632 virum

421 659 554 698 probum
583 663 613 686 et
641 662 757 685 rectum
788 656 819 684 in
843 655 905 684 illis
927 664 987 694 que
1012 655 1124 683 fecerat
1149 663 1207 692 pro
1228 652 1327 682 officio

418 706 603 746 receptorie.
633 706 672 734 Et
705 710 931 743 consequenter
959 703 1015 732 suit
1037 702 1153 731 electus
1179 701 1327 741 magister

415 756 574 786 Johannes
605 755 692 794 Dorp
722 754 753 782 in
779 763 892 782 novum
918 758 1127 791 receptorem,
1153 750 1206 790 qui
1234 750 1327 780 solvit

415 805 528 845 viginti
543 804 662 834 solidos
678 808 843 832 consuetos
862 801 951 836 solvi,
969 807 1000 830 et
1014 800 1112 829 adhuc
1127 800 1232 829 decem
1249 799 1326 828 soli-

417 855 475 884 dos
495 865 532 883 ex
551 859 638 893 parte
654 852 805 881 nacionis.
824 851 936 880 Verum
953 857 1000 879 est
1016 856 1127 885 tamen,
1146 849 1226 878 sicut
1236 848 1325 888 pauci

417 903 557 943 magistri
573 903 728 936 dixerunt,
745 901 828 940 quod
845 901 928 929 istud
944 906 1089 929 statutum
1107 904 1190 927 esset
1204 898 1326 927 illiber-

416 959 482 982 tare
494 952 502 970 ⁴
521 952 679 981 nacionem
694 950 725 979 in
745 950 888 989 eligendo
902 955 953 978 aut
966 948 1173 977 continuando
1186 953 1325 986 recepto-

417 1012 482 1031 rem
500 1013 506 1030 :
528 1010 713 1040 responsum
736 999 792 1028 fuit
815 999 899 1038 quod
923 999 1010 1026 navio
1032 1005 1077 1025 est
1095 1007 1188 1035 supra
1212 1003 1325 1024 statuta

414 1061 473 1079 non
487 1051 630 1089 papalia,
648 1049 717 1078 ideo
735 1048 767 1077 in
787 1057 859 1076 casu
872 1047 925 1076 ubi
940 1046 1135 1086 contingeret
1150 1045 1233 1084 quod
1246 1044 1326 1074 mul-

415 1106 478 1129 tum
495 1099 656 1138 expediret
672 1098 850 1127 continuare
867 1096 1025 1135 antiquum
1040 1101 1242 1134 receptorem,
1253 1100 1324 1123 tunc

416 1148 580 1188 prudentis
608 1154 656 1176 est
680 1153 796 1176 mutare
819 1145 994 1175 consilium.
1018 1145 1125 1173 Eciam
1149 1143 1241 1182 justis
1263 1153 1325 1172 non

418 1198 544 1237 ponitur
562 1197 622 1231 lex,
646 1197 701 1225 sed
717 1196 766 1225 lex
787 1195 914 1234 ponitur
931 1195 968 1223 ad
987 1194 1160 1223 evitandum
1179 1193 1323 1228 invidias,

415 1247 502 1281 lites,
518 1246 691 1275 discordias
709 1245 872 1279 mentales,
889 1244 1058 1283 profundas
1077 1249 1107 1272 et
1121 1242 1324 1271 destructivas

414 1295 570 1330 nacionis;
596 1295 665 1323 ideo
684 1294 777 1323 evitet
794 1293 924 1333 quilibet
940 1293 1022 1327 lites,
1041 1298 1136 1331 ponat
1150 1291 1249 1331 legem
1267 1301 1324 1330 pro

417 1346 498 1374 bono
513 1344 665 1373 communi
683 1344 720 1372 ad
739 1342 948 1383 generandum
964 1351 1081 1380 pacem.

456 1395 502 1423 3¹¹⁵
517 1393 664 1422 articulus
681 1393 737 1422 fuit
754 1393 791 1421 ad
814 1391 999 1421 audiendum
1013 1396 1187 1430 compotum
1207 1390 1324 1429 antiqui

416 1443 600 1482 receptoris,
621 1442 674 1481 qui
687 1442 799 1470 dilatus
821 1441 876 1470 suit
890 1441 928 1469 ad
942 1440 1023 1469 diem
1039 1446 1234 1479 oportunam,
1254 1439 1325 1478 quia

415 1492 561 1521 dominus
578 1497 720 1530 receptor
734 1491 879 1529 antiquus
892 1490 1022 1518 debebat
1033 1489 1065 1518 in
1076 1489 1212 1518 crastino
1225 1489 1324 1517 facere

416 1551 504 1570 suum
513 1541 699 1580 principium
708 1540 738 1568 in
745 1539 899 1578 theologia
909 1549 967 1578 pro
976 1539 1108 1578 legendo
1116 1536 1322 1567 Sentencias².

456 1591 502 1618 4¹¹⁸
516 1589 664 1618 articulus
681 1589 736 1618 suit
744 1598 839 1628 super
851 1588 1137 1628 supplicacionibus
1149 1593 1178 1616 et
1188 1586 1323 1626 injuriis,

416 1639 468 1668 ubi
489 1639 742 1678 supplicaverunt
758 1643 914 1677 regentes,
934 1637 1018 1676 quod
1041 1637 1209 1666 secundum
1228 1642 1325 1665 statu-

417 1695 480 1717 tum
499 1694 529 1717 et
542 1687 795 1716 consuetudinem
814 1687 859 1715 eis
877 1687 1024 1715 darentur
1044 1686 1139 1721 scole,
1156 1685 1324 1725 resignatis
1341 1721 1343 1723 .

418 1737 579 1776 prioribus
602 1737 695 1765 scolis
718 1736 749 1764 in
767 1746 857 1764 manu
879 1735 1030 1764 nacionis.
1052 1735 1147 1764 Nacio
1169 1734 1326 1764 concessit

414 1796 522 1815 eorum
543 1785 792 1825 supplicaciones
814 1784 899 1824 juxta
928 1785 1054 1813 sormam
1077 1785 1168 1824 primi
1190 1784 1322 1814 articuli.

415 1836 489 1864 Item
509 1845 566 1874 ego
585 1841 770 1874 procurator
786 1834 956 1873 requisitus
972 1834 1029 1863 feci
1042 1834 1130 1863 aliam
1143 1844 1199 1873 pro
1215 1835 1324 1864 subve-

413 1885 527 1913 niendo
551 1884 680 1913 ecclesie
700 1884 881 1912 Sanctorum
905 1883 1017 1913 Cosme
1041 1889 1070 1912 et
1090 1883 1242 1918 Damiani‚
1265 1895 1324 1923 que

414 1941 485 1963 tunc
497 1934 696 1962 edificabatur·
709 1943 765 1972 per
776 1932 1014 1962 marticularium
1027 1932 1110 1962 illius
1122 1933 1252 1962 ecclesie
1266 1944 1324 1972 pro

414 1994 474 2012 una
498 1989 595 2022 parte.
623 1982 718 2011 Nacio
744 1982 947 2011 considerans
971 1983 1054 2021 quod
1078 1982 1170 2011 multa
1193 1983 1325 2012 debebat

413 2032 552 2066 solvere,
581 2032 675 2060 eciam
706 2032 788 2070 quod
817 2031 847 2059 in
879 2041 959 2059 anno
990 2032 1170 2070 precedenti
1197 2032 1324 2061 dederat

412 2081 544 2110 ecclesie
585 2081 794 2119 predictorum
831 2086 1007 2109 sanctorum
1045 2091 1134 2109 unam
1175 2091 1322 2110 summam

417 2130 628 2169 pecuniarum,
646 2130 744 2158 adhuc
757 2139 819 2158 non
836 2129 935 2159 voluit
950 2129 1112 2165 desistere,
1133 2130 1207 2169 quin
1225 2130 1322 2160 inten-

414 2180 503 2208 deret
533 2179 632 2207 eidem
664 2178 794 2207 ecclesie
830 2179 961 2217 aliquam
998 2189 1145 2207 summam
1174 2179 1320 2218 pecunie,

417 2228 536 2257 scilicet
556 2229 574 2256 8
593 2228 642 2257 vel
664 2229 768 2256 decern
793 2234 948 2256 scutorum
971 2228 1122 2263 tribuere,
1142 2229 1214 2257 dum
1236 2228 1321 2258 locus

413 2284 444 2306 et
452 2284 572 2316 tempus
582 2277 676 2305 eciam
687 2277 812 2306 facultas
822 2284 1032 2312 occurrerent,
1046 2278 1111 2306 sine
1128 2278 1321 2307 incommodo

412 2327 552 2355 nacionis
569 2332 599 2355 et
617 2326 683 2354 sine
702 2325 873 2364 prejudicio
891 2326 1003 2355 bedelli
1021 2327 1131 2362 nostri,
1153 2328 1205 2366 qui
1222 2327 1321 2366 primo

410 2376 544 2404 debebat
557 2375 647 2410 solvi,
665 2381 697 2404 ut
715 2382 796 2413 patet
807 2386 843 2404 ex
857 2375 1002 2414 superius
1014 2376 1152 2415 scriptis.

540 2456 757 2495 Sequuntur
797 2456 941 2484 nomina
984 2457 1196 2496 regencium

713 2504 877 2544 ejusdem
921 2505 1021 2534 anni.

455 2571 577 2601 Primus
594 2573 741 2611 magister
755 2572 942 2602 Wilhelmus
955 2573 1042 2609 Bloc,
1055 2573 1141 2613 cujus
1157 2573 1322 2614 fidejussor

412 2621 565 2659 magister
581 2621 755 2660 Heynricus
772 2623 808 2650 de
826 2622 955 2651 Bercka.

446 2737 465 2759 1.
502 2737 653 2760 Libertatem
669 2739 779 2767 auferre.
803 2737 857 2761 Vid.
879 2738 1172 2773 pucANGE-HENSCHEL,
1196 2741 1240 2769 111,
1267 2742 1319 2765 761.

444 2772 466 2795 2.
503 2773 632 2796 Arnaldus
647 2773 742 2796 Utwiic
757 2777 814 2804 post
831 2782 876 2797 ,vex
888 2782 978 2802 anno-5,
995 2774 1022 2797 id
1038 2778 1076 2798 est
1093 2775 1161 2804 1409,
1176 2775 1321 2801 licentiatus

411 2810 449 2829 est
463 2807 487 2830 in
499 2807 575 2832 theol.
590 2817 603 2830 e
614 2808 696 2832 Catul.
709 2809 807 2836 licent..
820 2809 863 2832 ubi
875 2809 978 2838 Welbit,
989 2810 1105 2834 Vutuvit.
1118 2812 1186 2834 Tunc
1194 2812 1229 2835 ad
1241 2813 1322 2836 conci-

414 2842 475 2864 lium
489 2843 609 2866 Pisanum
624 2844 677 2867 ivit.
694 2845 746 2868 Vid.
762 2845 886 2873 DELISLE,
896 2845 960 2869 Cub.
974 2845 1020 2869 des
1033 2854 1106 2874 mss..
1119 2847 1151 2874 Il,
1165 2847 1215 2870 144.

443 2879 466 2900 3.
501 2879 551 2901 Sed
561 2882 614 2903 tota
628 2880 731 2903 rubrica
738 2883 830 2911 postea
841 2880 925 2904 deleta
938 2884 983 2905 eet.
1000 2881 1053 2905 Vid.
1082 2891 1108 2913 p.
1125 2884 1178 2910 870,
1192 2884 1230 2906 24.

443 2914 466 2936 4.
504 2916 570 2937 llaec
581 2916 683 2939 rubrica
694 2916 720 2939 in
733 2916 849 2948 margine
859 2917 954 2948 scripta
967 2920 1012 2941 est.
1025 2918 1079 2942 Vid,
1091 2918 1159 2949 infra
1171 2919 1207 2941 ad
1218 2920 1232 2942 8
1245 2920 1320 2943 Octo-

412 2949 472 2972 bris.

959 429 1182 456 AUCTARIUM
1202 427 1463 455 CHARTULARH
1482 429 1655 457 UNIVERS.
1677 429 1796 456 PARIS.

1382 704 1399 730 5

1363 948 1396 975 10

1364 1194 1396 1221 15

1363 1440 1396 1466 20

1362 1685 1396 1711 25

1362 1931 1396 1957 30

1361 2176 1394 2202 35

1360 2421 1393 2447 40

2293 430 2346 459 868

1477 506 1523 534 2¹¹⁸
1541 506 1690 546 magister
1709 506 1919 536 Goedscalcus
1939 505 2051 542 Vreze,
2070 505 2158 547 cujus
2179 505 2347 547 fideiussor

1436 555 1585 595 magister
1599 555 1787 584 Wilhelmus
1803 555 1890 584 Bloc.

1476 604 1521 633 3¹¹·
1550 604 1698 644 magister
1715 604 1912 634 Hermannus
1932 605 1970 633 de
1991 603 2132 640 Ommen,
2161 604 2248 645 cujus
2267 605 2346 635 fide-

1431 651 1540 692 jussor
1557 653 1705 693 magister
1721 653 1878 683 Johannes
1894 654 1931 682 de
1949 652 2088 684 Xanctis.

1475 702 1521 730 4¹¹⁵
1538 702 1686 742 magister
1699 702 1895 732 Hermannus
1911 703 1949 732 de
1965 701 2148 742 Heslingha,
2163 701 2250 742 eujus
2267 703 2346 733 fide-

1431 749 1539 789 jussor
1555 751 1703 791 magister
1717 751 1917 781 Coenrardus
1928 752 1966 781 de
1979 751 2162 791 Heslingha.

1475 799 1626 839 Magister
1636 800 1651 830 J
1655 800 1793 830 ohannes
1805 801 1914 840 Reyst,
1926 799 2012 840 cujus
2022 801 2188 839 fidejussor
2198 800 2346 841 magister

1435 846 1616 878 Gherardus
1629 849 1703 879 Dell'
1710 848 1734 879 ³.

1474 898 1520 927 5¹¹⁶
1536 897 1685 937 magister
1701 898 1888 928 Goezwinus
1902 899 1939 928 de
1955 898 2102 934 Aernem,
2119 897 2206 938 cujus
2218 897 2346 939 fidejus-

1434 955 1487 974 sor
1505 946 1689 986 magister...
1714 946 1788 987 (sic).

1474 995 1647 1034 Magister⁴
1679 996 1879 1027 Coenrardus
1909 997 2018 1027 Lubek
2053 997 2092 1026 de
2119 996 2342 1037 Wolfhaghen,

1435 1043 1522 1083 cujus
1537 1043 1702 1084 fidejussor
1718 1046 1868 1085 magister
1882 1045 2059 1086 Heynricus
2075 1047 2113 1076 de
2128 1045 2267 1076 Xanctis.

1475 1093 1626 1133 Magister
1645 1094 1821 1133 Heynricus
1847 1095 1885 1124 de
1906 1095 2051 1131 Xanctis,
2072 1093 2159 1135 cujus
2179 1094 2345 1134 fidejussor

1435 1152 1515 1181 mag.
1533 1142 1709 1182 Heynricus
1723 1143 1761 1172 de
1774 1143 1905 1173 Bercka.

1474 1191 1626 1231 Magister
1645 1192 1825 1222 Bernardus
1848 1193 1885 1222 de
1905 1192 2044 1228 Lubeke,
2068 1191 2156 1233 cujus
2177 1191 2345 1233 fidejussor

1434 1250 1514 1280 mag.
1530 1240 1710 1271 Bernardus
1725 1242 1763 1272 de
1782 1241 1924 1271 Sorbona
1934 1241 1958 1272 ⁵.

1475 1289 1626 1329 Magister
1643 1290 1832 1320 VVilhelmus
1855 1292 1893 1320 de
1914 1290 2142 1327 Aemsterdam,
2161 1290 2247 1331 cujus
2266 1291 2344 1321 fide-

1430 1337 1538 1377 jussor
1557 1339 1705 1378 magister
1718 1339 1876 1369 Johannes
1893 1341 1931 1370 de
1948 1340 2118 1370 Woerden.

1474 1387 1626 1427 Magister
1662 1388 1819 1419 Johannes
1858 1389 2014 1429 Spenlyn,
2050 1388 2137 1429 cujus
2176 1387 2344 1429 fidejussor

1434 1437 1583 1476 magister
1599 1437 1756 1467 ‚Iohannes
1774 1438 1984 1478 Maezingher.

1474 1486 1626 1526 Magister
1647 1486 1804 1516 Johannes
1824 1488 1861 1516 de
1883 1487 2049 1523 Alcmaria,
2072 1486 2159 1527 cujus
2177 1486 2344 1527 fidejussor

1433 1535 1582 1574 magister
1595 1535 1752 1565 Johannes
1768 1537 1869 1576 Dorp,
1881 1537 2024 1566 dominus
2036 1543 2190 1576 receptor.

1475 1584 1628 1624 Magister
1651 1584 1778 1615 Ulricus
1801 1586 1838 1614 de
1843 1607 1904 1615 .....
1916 1585 1940 1621 ⁶,
1963 1585 2049 1626 cujus
2074 1584 2240 1626 fidejussor
2261 1594 2341 1626 mag.

1437 1632 1636 1663 Coenrardus
1650 1634 1688 1663 de
1701 1634 1884 1674 Heslingha.

1475 1682 1625 1722 Magister
1640 1682 1850 1713 Wilhelmus⁷
1867 1684 1904 1712 de
1919 1683 2024 1713 Monte
2041 1683 2151 1713 Sancte
2170 1683 2343 1715 Gheertru-
2383 1693 2391 1703 ¹

1435 1730 1495 1767 dis,
1509 1730 1594 1771 cujus
1609 1731 1774 1772 fidejussor
1792 1732 1940 1772 magister
1955 1732 2159 1762 Godscalcus.

1844 1825 1942 1855 1403

1564 1896 1638 1935 (Fol.
1674 1896 1721 1937 72)
1752 1896 2000 1927 Continuacio
2030 1896 2210 1937 ejusdem.

1474 1977 1565 2006 Facta
1593 1977 1840 2017 congregacione
1871 1978 1952 2017 apud
1983 1977 2127 2007 Sanctum
2154 1978 2341 2008 Maturinum

1433 2036 1512 2055 anno
1530 2036 1592 2065 quo
1615 2036 1720 2066 supra,
1742 2027 1794 2056 242
1815 2026 1865 2055 die
1888 2026 2003 2056 mensis
2025 2027 2229 2067 Septembris,
2247 2037 2342 2068 super

1432 2075 1553 2104 duobus
1569 2075 1718 2104 articulis.
1737 2075 1862 2104 Primus
1882 2075 1940 2104 fuit
1955 2076 1993 2105 ad
2009 2075 2185 2116 eligendum
2200 2076 2250 2106 vel
2264 2086 2341 2106 con-

1432 2124 1612 2153 tinuandum
1629 2130 1874 2164 procuratorem.
1898 2125 1944 2153 2¹¹⁵
1966 2124 2113 2154 articulus
2131 2125 2188 2155 suit
2206 2126 2244 2156 ad
2264 2135 2342 2165 sup-

1432 2173 1618 2212 plicandum.
1641 2173 1702 2203 Ubi
1718 2183 1775 2213 ego
1797 2179 1982 2213 procurator
2000 2174 2174 2213 supplicavi
2193 2174 2339 2214 quatinus

1432 2222 1463 2251 in
1488 2222 1564 2251 actis
1591 2232 1648 2262 per
1676 2233 1723 2251 me
1753 2223 1842 2252 nacio
1870 2222 1963 2252 vellet
1987 2233 2034 2252 me
2064 2223 2177 2252 habere
2202 2229 2338 2263 gratum,

1433 2277 1573 2300 avoatum
1597 2277 1627 2300 et
1650 2272 1942 2301 recommendatum.
1969 2271 2071 2311 Super
2089 2271 2189 2311 primo
2210 2281 2342 2302 concor-

1433 2319 1514 2348 diter
1528 2320 1644 2359 placuit
1651 2319 1810 2360 magistris
1821 2330 1869 2349 me
1880 2320 2060 2349 continuare
2076 2320 2107 2349 in
2120 2321 2227 2350 eodem
2241 2319 2339 2350 officio

1432 2368 1655 2407 procuratoris.
1686 2369 1787 2409 Super
1810 2370 1841 2398 2⁰
1867 2369 1956 2399 nacio
1982 2369 2089 2399 annuit
2115 2369 2340 2408 supplicacioni

1431 2427 1507 2447 mee.
1527 2417 1606 2446 Nota
1627 2419 1710 2457 quod
1729 2428 1827 2448 novus
1850 2424 1993 2457 receptor
2014 2418 2162 2457 magister
2182 2417 2340 2448 ,Iohannes

1431 2467 1519 2506 Dorp
1533 2465 1649 2506 juravit
1663 2465 1837 2506 juramenta
1853 2467 1920 2496 fieri
1937 2467 2036 2497 solita.

1472 2515 1563 2545 Facta
1593 2516 1841 2556 congregacione
1869 2517 1951 2556 apud
1982 2515 2127 2545 Sanctum
2152 2515 2339 2546 Maturinum

1430 2575 1510 2594 anno
1538 2575 1599 2604 quo
1624 2575 1734 2605 supra,
1763 2566 1815 2595 27³
1841 2565 1890 2594 die
1920 2564 2055 2605 ejusdem
2082 2566 2213 2601 mensis,
2245 2575 2340 2607 super

1432 2615 1554 2643 duobus
1576 2614 1727 2644 articulis.
1750 2614 1874 2644 Primus
1895 2615 1931 2643 ad
1958 2614 2143 2644 audiendum
2163 2620 2339 2655 compotum

1461 2745 1484 2767 5.
1519 2743 1578 2768 Scil.
1599 2752 1668 2775 mag.
1686 2743 1834 2768 Bet-nardus
1848 2743 1995 2775 Flogeling,
2011 2743 2058 2775 qui
2066 2743 2118 2775 fuit
2131 2742 2264 2767 bursariuae
2275 2745 2338 2767 Sor-

1431 2779 1520 2803 bonae.
1543 2779 1597 2803 Vid.
1615 2788 1694 2811 supra
1707 2787 1733 2810 p.
1747 2780 1802 2808 835,
1816 2783 1870 2803 not.
1883 2779 1906 2803 1.

1461 2816 1483 2838 6.
1517 2815 1629 2838 Rubrica
1647 2818 1671 2838 el
1683 2815 1786 2838 nomina
1799 2817 1858 2838 sunt
1874 2814 1967 2839 diluta.
1981 2814 2066 2838 Primo
2078 2814 2225 2844 Johannes,
2246 2814 2339 2838 deinde

1429 2850 1534 2873 Ulricus
1554 2850 1674 2882 scriptum
1692 2851 1751 2882 fuit.
1772 2852 1867 2874 Nomen
1890 2849 2000 2874 ciuitatis
2023 2850 2126 2875 omnino
2147 2850 2261 2874 dubium.
2282 2850 2337 2874 Vid.

1429 2885 1499 2916 infra
1511 2894 1538 2917 p.
1550 2886 1603 2914 869,
1613 2886 1652 2909 41.
1670 2886 1712 2909 Vel
1721 2886 1854 2910 Johanues
1865 2885 1897 2909 de
1908 2885 2023 2910 Arnhem
2035 2886 2186 2919 designatur
2196 2885 2229 2918 (a.
2242 2894 2268 2918 p.
2283 2885 2338 2915 884,

1429 2922 1478 2952 42),
1494 2921 1532 2944 vel
1546 2921 1652 2946 Ulricus
1667 2922 1736 2945 Stolz
1750 2922 1786 2953 (p.
1800 2922 1854 2950 877,
1869 2921 1918 2953 11).

1461 2957 1483 2980 7.
1519 2957 1650 2980 Stormnn.
