2632 3464
373 448 424 473 875

373 523 604 553 inhabitandum
626 521 780 551 annuatim
798 531 856 560 pro
876 520 1012 560 quinque
1033 519 1157 548 francis.
1176 519 1216 548 Et
1230 518 1280 548 hic

373 573 573 603 deliberatum
591 572 647 601 suit
660 571 743 611 quod
761 571 836 599 illud
854 569 1032 599 differretur
1046 569 1085 598 ad
1102 568 1190 597 aliam
1205 578 1281 597 con-

371 622 602 662 gregacionem,
617 620 668 650 ubi
682 630 789 649 omnes
802 625 986 648 vocarentur
997 628 1052 657 per
1059 617 1278 657 juramentum.

373 672 474 711 Super
495 672 526 700 4⁰
548 670 677 699 articulo
698 669 885 708 supplicavit
906 673 1102 707 procurator,
1124 667 1203 696 utin
1221 666 1282 695 hiis

373 731 432 761 que
451 721 513 760 egit
537 726 659 759 gratus,
679 725 807 758 aguntus
830 724 860 746 et
881 717 1159 746 recommendatus.
1185 714 1282 755 Cujus

373 769 564 810 supplicacio
580 770 617 797 ab
635 767 778 797 omnibus
798 767 853 796 fuit
868 776 1015 795 concessa
1034 772 1092 794 etc.

413 819 485 859 (F'ol.
508 818 553 858 74)
574 818 664 847 Facta
682 816 927 856 congregacione
948 814 1088 844 nacionis
1109 814 1282 853 Anglicane

373 879 454 898 anno
471 878 532 908 quo
553 877 658 906 supra,
678 866 726 895 die
747 867 796 895 182
816 865 931 894 mensis
953 863 1090 894 Januarii
1110 873 1205 903 super
1221 862 1283 892 3¹³³·

373 917 522 947 articulis.
542 916 666 946 Primus
685 925 780 954 super
796 915 873 943 facto
890 915 999 943 domus
1020 914 1062 942 ad
1081 923 1172 941 cornu
1191 913 1280 948 cervi,

373 968 412 996 ad
429 967 593 996 videndum
611 966 648 994 de
664 965 754 993 modo
770 969 850 992 tacto
867 963 898 991 in
916 962 1163 1002 congregacione
1179 962 1282 990 imme—

374 1016 454 1045 diate
475 1014 663 1054 precedenti.
686 1013 731 1041 2¹¹⁸
756 1022 850 1051 super
870 1011 1093 1041 reformacione
1116 1021 1283 1050 capparum

373 1065 551 1104 regencium
570 1064 600 1092 in
616 1063 684 1092 vico
701 1062 876 1091 Straminis.
895 1062 941 1090 3¹²⁵
960 1071 1055 1100 super
1075 1060 1284 1099 supplicacio-

373 1115 476 1144 nibus.
510 1113 611 1152 Super
644 1112 743 1151 primo
774 1111 903 1140 articulo
934 1110 1023 1139 nacio
1052 1109 1285 1149 regraciabatur

374 1163 522 1203 magistro
546 1159 733 1196 Richardo⁴,
751 1161 803 1200 qui
825 1160 938 1200 optulit
956 1159 1078 1188 nacioni
1098 1158 1168 1187 illas
1189 1169 1285 1197 pecu-

373 1212 458 1247 nias;
477 1212 532 1241 sed
549 1220 741 1250 nequaquam
755 1209 852 1239 voluit
867 1215 1027 1248 acceptare
1043 1208 1128 1237 illum
1147 1208 1282 1242 modum,

375 1262 430 1290 sed
444 1261 541 1290 voluit
563 1260 645 1299 quod
668 1260 699 1288 in
719 1259 859 1298 proxima
879 1257 1126 1297 congregacione
1149 1256 1285 1286 Univer-

375 1310 476 1340 sitatis
491 1310 579 1338 nacio
599 1308 790 1348 supplicaret
807 1318 864 1347 pro
882 1307 1049 1346 deputatis,
1069 1306 1121 1345 qui
1142 1316 1203 1335 una
1217 1316 1285 1335 cum

374 1360 501 1388 nacione
528 1359 676 1387 haberent
708 1357 849 1387 havisare
878 1357 1012 1391 modum,
1042 1366 1098 1395 per
1122 1365 1213 1395 quem
1239 1365 1285 1384 se-

374 1409 495 1448 pedicta
529 1409 638 1437 domus
666 1413 774 1446 posset
800 1406 956 1445 reparari,
987 1411 1016 1434 et
1047 1405 1130 1444 quod
1163 1404 1286 1433 nacioni

375 1459 468 1487 eciam
497 1458 661 1487 satisfieret
683 1457 719 1485 de
746 1455 888 1495 pecuniis
915 1454 1067 1494 expositis
1093 1454 1285 1493 temporibus

375 1507 532 1547 preteritis
558 1507 589 1535 in
617 1505 872 1545 reparacionibus
897 1504 978 1533 dicte
1000 1505 1127 1538 domus,
1155 1513 1285 1542 quarum

375 1567 492 1586 summa
513 1556 652 1585 ascendit
668 1555 747 1584 ultra
765 1560 887 1583 centum
903 1560 933 1583 et
953 1553 1132 1592 octuoginta
1150 1553 1284 1581 francos.

377 1606 477 1645 Super
495 1606 526 1634 2⁰
541 1605 669 1634 articulo
686 1604 794 1639 voluit,
812 1603 894 1643 quod
913 1604 950 1632 de
970 1609 1074 1631 cetero
1092 1601 1286 1641 temporibus

376 1656 486 1685 suturis
508 1655 647 1694 magistri
670 1654 810 1683 volentes
834 1662 943 1692 regere
964 1651 1147 1680 exhiberent
1171 1661 1286 1690 cappas

377 1715 460 1739 suas,
481 1705 604 1743 quando
624 1703 840 1742 supplicarunt
854 1712 912 1741 pro
933 1701 1027 1730 scolis
1046 1701 1077 1729 in
1097 1701 1237 1735 nacione,
1258 1706 1288 1729 et

377 1755 459 1793 quod
489 1753 631 1782 dominus
660 1758 763 1781 rector
792 1761 851 1780 una
877 1761 945 1780 cum
974 1749 1228 1789 procuratoribus
1258 1755 1287 1778 et

376 1803 590 1842 receptoribus
625 1802 786 1830 nacionum
819 1800 946 1829 haberet
979 1809 1149 1828 convocare
1177 1808 1286 1838 regere

376 1853 515 1882 volentes
535 1858 604 1880 ante
623 1852 732 1880 festum
753 1850 850 1879 sancti
867 1849 1014 1884 Dionisii,
1032 1854 1061 1877 et
1080 1848 1195 1876 ibidem
1209 1847 1288 1877 visi-

377 1907 476 1930 tarent
506 1911 620 1940 cappas
659 1906 717 1929 etc.
754 1899 856 1938 Super
883 1899 914 1927 3⁰
947 1897 1076 1927 articulo
1105 1896 1200 1926 nichil
1232 1897 1288 1926 fuit

378 1952 500 1985 factum,
520 1956 577 1979 etc.
820 1944 830 1956 ‘

418 1998 616 2038 Itemjuravit
629 1998 720 2027 nobis
731 1998 874 2027 dominus
889 1997 1001 2026 Petrus
1016 1996 1053 2024 de
1074 1995 1184 2034 Eynen
1196 1994 1220 2031 ²,
1234 1995 1287 2034 qui

378 2048 593 2078 determinavit
618 2048 675 2077 sub
698 2047 847 2086 magistro
868 2046 1013 2075 Conrado
1038 2044 1173 2080 Lfibeck,
1200 2044 1287 2085 cujus

378 2099 471 2127 bursa
486 2097 555 2126 XVI
574 2097 704 2126 denarii.

419 2147 604 2176 Notandum.
629 2146 725 2175 Barre
747 2145 807 2174 vici
832 2145 1018 2174 Straminum
1038 2144 1140 2184 posite
1166 2145 1288 2172 fuerunt

379 2197 478 2235 primo
488 2196 593 2234 quinta
602 2195 650 2223 dic
663 2194 824 2223 Februarii
833 2193 904 2222 anni
916 2194 991 2223 1403
1003 2194 1172 2222 secundum
1184 2193 1287 2222 stilum

379 2245 509 2274 ecclesie
533 2244 704 2279 Gallicane;
729 2243 778 2272 vel
804 2243 875 2272 anni
904 2243 980 2272 1404
1005 2243 1173 2272 secundum
1198 2252 1286 2270 usum

380 2295 562 2328 Romanum,
588 2293 618 2322 in
645 2293 778 2322 rectoria
798 2292 938 2331 magistri
960 2292 1091 2321 Renaldi
1115 2292 1152 2320 de
1173 2291 1288 2320 Fonta-

380 2344 440 2377 nis,
459 2350 516 2372 etc.

787 2395 885 2423 1404

462 2463 697 2502 [Procuratio
728 2462 898 2501 magistri
932 2461 1132 2490 Hermanni
1167 2461 1208 2489 de

745 2511 923 2548 Ummen.]

423 2589 513 2617 Facta
546 2587 793 2627 congregacione
830 2586 969 2615 nacionis
1003 2585 1173 2624 Anglicane
1208 2585 1288 2624 apud

383 2639 526 2666 Sanctum
545 2637 732 2666 Maturinum
751 2636 799 2664 die
818 2635 979 2664 undecima
995 2635 1110 2663 mensis
1128 2633 1288 2663 Februarii

382 2687 452 2715 anni
473 2687 548 2715 1403
566 2686 733 2715 secundum
752 2695 840 2713 usum
860 2684 1016 2713 scribendi
1041 2683 1170 2712 ecclesie
1192 2683 1289 2712 Galli-

382 2746 455 2764 cane
481 2745 574 2774 supcr
597 2735 696 2763 tribus
723 2733 870 2762 articulis.
893 2733 1015 2761 Primus
1035 2738 1099 2761 erat
1116 2733 1151 2760 ad
1171 2732 1289 2771 eligen-

383 2785 453 2813 dum
475 2795 586 2813 novum
609 2790 852 2823 procuratorem.
871 2783 916 2811 2¹¹⁸
934 2781 1081 2810 articulus
1104 2782 1140 2809 ad
1162 2781 1290 2809 audien-

383 2834 454 2861 dum
493 2839 666 2872 compotum
706 2831 893 2870 receptoris,
929 2831 965 2859 ad
1008 2830 1211 2859 ordinandum
1253 2830 1290 2858 de

415 2949 437 2970 1.
477 2947 530 2971 Vid.
547 2948 808 2978 nokpruecedenlem.

414 2984 437 3006 2.
472 2985 518 3006 Ma.
531 2983 616 3014 polius
633 2985 727 3014 Synen.

919 443 1142 469 AUCTARIUM
1163 441 1423 468 CHARTULARII
1442 442 1616 470 UNIVERS.
1638 442 1756 470 PARIS.

1320 964 1354 990 10

1322 1211 1355 1236 15

1323 1457 1357 1482 20

1324 1702 1358 1728 25

1324 1946 1358 1972 30

1326 2192 1359 2218 35

1327 2437 1360 2463 40

1327 2682 1360 2708 45

2245 444 2303 471 876

1389 519 1545 548 officiariis
1572 519 1723 555 nacionis,
1754 519 1873 549 scilicet
1903 520 2154 560 temptationibus
2183 520 2299 550 bacha-

1389 568 1614 604 lariandorum,
1641 575 1671 598 et
1698 569 1735 597 ad
1764 568 1968 598 ordinandum
1993 569 2032 598 dc
2056 569 2215 598 mensibus
2241 579 2302 609 pro

1389 617 1528 647 examine
1555 617 1666 647 Sancte
1701 617 1868 653 Genovefe‚
1899 624 1929 647 et
1957 618 1996 647 ad
2026 618 2231 648 ordinandum
2259 618 2303 648 de

1390 667 1481 696 domo
1510 667 1552 696 ad
1578 677 1670 696 cornu
1694 669 1783 696 cervi.
1812 667 1858 696 3¹¹⁸
1889 676 1984 707 super
2013 666 2300 707 supplicacionibus

1391 722 1420 745 et
1450 714 1584 755 injuriis.
1614 715 1723 753 Quoad
1751 716 1884 755 primum
1909 715 2071 746 articulum
2098 715 2214 746 electus
2243 716 2303 746 suit

1390 765 1422 794 in
1446 771 1679 805 procuratorem
1703 765 1852 805 magister
1874 764 2071 794 Hei-mannus
2095 765 2133 795 de
2155 765 2299 796 Ummen,

1392 814 1500 852 Quoad
1523 815 1580 843 2ιιιιι
1606 813 1719 844 dilatus
1747 814 1804 844 fuit
1826 820 1988 854 compotus
2016 814 2200 854 receptoris‚
2227 814 2303 854 quia

1391 863 1534 893 dominus
1561 869 1706 903 receptor
1734 864 1790 893 fuit
1822 863 1960 903 legitime
1993 863 2177 903 impeditus,
2206 869 2307 904 prout.

1391 913 1552 942 constabat
1566 912 1699 942 nacioni.
1720 913 1829 950 Quoad
1844 913 1900 942 2¹³¹³¹¹
1915 919 2062 952 punctum
2078 911 2215 953 ejusdem
2229 912 2300 943 arti-v

1392 962 1463 997 culi,
1475 961 1561 1002 juxta
1576 962 1830 991 consuetudinem
1845 962 2000 1001 antiquam
2017 961 2105 992 electi
2125 963 2249 992 fuerunt
2269 962 2301 991 in

1391 1017 1592 1050 temptatores
1608 1011 1880 1040 determinancium
1895 1011 2038 1040 dominus
2048 1017 2204 1051 receptor,
2218 1010 2302 1040 scili-

1393 1066 1441 1090 cet
1465 1060 1613 1100 magister
1634 1059 1791 1089 Johannes
1817 1060 1917 1100 Dorp,
1940 1060 2089 1100 magister
2111 1058 2306 1091 wilhelmus

1394 1110 1485 1144 Bloc‚
1505 1115 1535 1138 et
1557 1109 1706 1149 magister
1727 1102 1919 1139 Godscalcus
1941 1109 2052 1144 Vreze,
2075 1110 2136 1138 duo
2160 1109 2307 1138 seniores

1393 1165 1553 1198 regentes,
1593 1164 1622 1188 et
1656 1158 1804 1198 magister
1839 1158 2021 1189 Coenradus
2057 1157 2302 1198 Haeghenofime

1393 1215 1537 1247 tanquam
1559 1208 1664 1237 senior
1687 1218 1749 1237 non
1777 1217 1902 1247 regens.
1930 1207 1978 1236 De
2005 1207 2163 1237 mensibus
2190 1207 2303 1237 iterum

1394 1258 1520 1287 dilatum
1544 1257 1600 1287 fuit
1627 1267 1726 1297 usque
1752 1257 1923 1296 proximam
1950 1256 2239 1297 congregacionem.
2262 1256 2305 1286 Et

1394 1307 1495 1346 quoad
1518 1307 1628 1336 factum
1650 1307 1759 1336 domus
1781 1306 1825 1334 ad
1847 1316 1938 1335 cor-nu
1960 1306 2040 1334 cervi
2058 1304 2227 1345 injunctum
2248 1305 2308 1335 fuit

1395 1355 1657 1395 procuratorum
1683 1355 1715 1384 in
1741 1355 1791 1384 die
1814 1355 1967 1384 dominica
1991 1355 2104 1384 faceret
2127 1365 2304 1396 congrega-

1395 1405 1514 1434 cionem
1532 1405 1569 1434 ad
1587 1405 1779 1439 avisandum,
1796 1403 1928 1444 qualiter
1945 1410 2030 1433 esset
2044 1403 2174 1433 ulterius
2191 1414 2309 1444 proce-

1395 1455 1539 1484 dendum.
1569 1453 1678 1490 Quoad
1703 1454 1760 1483 3⁰¹³
1786 1453 1949 1483 articulum
1978 1453 2163 1493 supplicavit
2188 1463 2306 1493 procu-

1395 1510 1494 1538 rator,
1535 1503 1653 1533 scilicet
1689 1502 1836 1543 magister
1876 1502 2058 1532 Coenradus
2097 1502 2224 1533 Lubeck
2265 1503 2308 1532 de

1395 1552 1595 1593 Wolffhagen
1606 1552 1630 1588 ³,
1652 1558 1686 1582 ut
1707 1552 1739 1581 in
1759 1552 1820 1581 hiis
1837 1562 1896 1592 que
1913 1551 1977 1591 egit
1994 1551 2160 1581 haberetur
2179 1557 2303 1592 gratus,

1395 1608 1525 1642 agnatus
1553 1608 1583 1631 et
1610 1602 1887 1631 recommendatus.
1915 1599 2012 1640 Cujus
2041 1600 2232 1640 supplicacio
2265 1601 2308 1630 ab

1395 1652 1538 1681 omnibus
1551 1657 1581 1681 et
1597 1650 1730 1691 singulis
1749 1656 1814 1680 erat
1830 1660 1990 1680 concessa.

1442 1757 1510 1787 Isti
1544 1763 1629 1787 sunt
1672 1756 1967 1786 determinantes
2010 1755 2120 1796 hujus
2162 1755 2262 1785 anni.

1436 1849 1542 1879 Primo
1564 1848 1780 1878 determinavit
1804 1847 1948 1877 dominus
1974 1847 2090 1887 Symon
2117 1845 2309 1887 Stramiglok

1397 1899 1454 1928 sub
1472 1898 1620 1938 magistro
1635 1897 1794 1927 Willelmo
1809 1896 2016 1931 Amsterdam‚
2031 1894 2118 1935 cujus
2133 1896 2228 1925 bursa
2240 1896 2259 1924 6
2277 1905 2304 1926 s.

1436 1948 1467 1976 2⁰
1495 1946 1710 1977 determinavit
1740 1945 1882 1976 dominus
1913 1945 2096 1974 Guillelmus
2129 1945 2216 1984 Lyon
2248 1942 2309 1974 sub

1396 1997 1545 2037 magistro
1561 1995 1701 2026 Arnoldo
1714 1995 1859 2035 Vytwiic,
1876 1989 1964 2034 cujus
1977 1995 2072 2024 bursa
2087 2004 2142 2023 sex
2160 1993 2263 2023 solidi.

1437 2047 1512 2076 Item
1528 2045 1744 2075 determinavit
1760 2044 1903 2074 dominus
1917 2043 2100 2073 Guillelmus
2114 2044 2152 2072 de
2174 2043 2310 2072 Dumeto

1397 2096 1434 2124 de
1445 2094 1652 2135 Aquisgranis
1664 2094 1721 2123 sub
1737 2093 1886 2134 magistro
1899 2092 2060 2122 Bernardo
2071 2091 2201 2131 Eychof,
2219 2089 2310 2132 cujus

1396 2146 1491 2174 bursa
1508 2144 1548 2173 lx
1567 2143 1669 2173 solidi.

1438 2194 1513 2223 Item
1533 2191 1748 2222 determinavit
1771 2191 1914 2220 dominus
1935 2189 2033 2219 Adam
2059 2191 2096 2219 de
2122 2189 2224 2219 Fexhe
2248 2189 2311 2219 sub

1398 2242 1546 2282 magistro
1565 2241 1742 2270 Hermanno
1762 2241 1800 2270 de
1821 2239 1961 2279 Eslinga,
1983 2237 2070 2277 cujus
2089 2239 2184 2267 bursa
2202 2237 2260 2267 V11
2278 2247 2304 2266 s.

1399 2291 1457 2320 llll
1477 2291 1607 2320 denarii.

1439 2340 1513 2369 Item
1545 2338 1761 2368 determinavit
1786 2337 1930 2367 dominus
1959 2336 2116 2365 Johannes
2142 2334 2247 2375 Egidii
2269 2334 2311 2364 de

1398 2389 1559 2418 Dordraco
1576 2389 1633 2417 sub
1652 2387 1800 2427 magistro
1813 2386 1952 2416 ,Iohanne
1970 2385 2008 2414 de
2024 2384 2202 2420 Davantria,
2220 2382 2311 2423 cujus

1398 2439 1492 2467 bursa
1510 2438 1551 2467 IX
1568 2437 1670 2466 solidi.
2104 2465 2107 2466 γ

1439 2487 1513 2516 Item
1549 2485 1765 2515 determinavit
1799 2484 1942 2514 dominus
1977 2483 2112 2512 Jacobus
2151 2480 2308 2511 Lamberti

1399 2536 1485 2565 Koch
1512 2537 1549 2565 de
1582 2535 1745 2564 Dordrako
1775 2534 1832 2563 sub
1863 2532 2012 2572 magistro
2043 2530 2237 2569 [wilhelmo]
2269 2530 2311 2559 de

1398 2585 1603 2614 Amsterdam.
1626 2584 1667 2613 lX
1685 2583 1788 2612 solidi.

1439 2634 1513 2663 Item
1542 2633 1755 2663 determinavit
1783 2631 1926 2660 dominus
1954 2629 2136 2659 Guillelmus
2161 2627 2311 2658 Balnavis'

1399 2684 1455 2712 sub
1475 2683 1623 2722 magistro
1639 2681 1779 2710 Arnoldo
1790 2679 1934 2719 Vytwiic,
1952 2678 2039 2718 cujus
2056 2679 2150 2707 bursa
2164 2677 2191 2706 V
2202 2677 2310 2706 solidi.

1439 2732 1514 2760 Item
1533 2730 1746 2760 determinavit
1763 2729 1905 2758 dominus
1920 2727 2077 2757 Johannes
2093 2727 2130 2755 de
2147 2726 2310 2755 Zaerwar-

1400 2782 1458 2809 den
1473 2781 1530 2809 sub
1545 2779 1693 2819 magistro
1709 2779 1886 2808 Hermanno
1902 2777 1940 2805 de
1952 2775 2094 2811 Ummen,
2113 2774 2198 2815 cujus
2215 2775 2310 2804 bursa

1402 2830 1442 2858 lx
1461 2829 1563 2858 solidi.

1432 2945 1454 2967 3.
1488 2944 1560 2966 Anno
1577 2942 1727 2966 scholastico
1747 2940 1868 2972 completo
1886 2939 2088 2970 Heidelbergam
2105 2939 2243 2971 profectae,
2262 2945 2307 2961 an.

1401 2980 1462 3002 1404
1474 2978 1619 3002 intitulatus
1632 2980 1676 3001 est.
1697 2977 1750 3001 Vid.
1762 2984 1839 3008 cupra
1854 2984 1880 3007 p.
1895 2975 1948 3004 838,
1964 2977 2016 2999 nul.
2031 2975 2055 2998 8.
