2632 3464
918 395 1190 422 MEMORABILIA
1209 395 1299 422 NAT.
1318 395 1564 423 ANGLICANAE

276 472 363 515 474,
380 471 425 507 41
442 486 451 515 ς
472 472 559 516 475,
584 472 648 515 18;
670 471 756 514 494,
779 471 848 517 14),
875 469 980 519 quod
1001 470 1165 508 fortasse
1185 471 1427 520 corruptelae
1442 473 1762 521 propinquavisse
1782 474 1868 522 quis
1885 473 2041 521 judicet.
2067 477 2099 510 A
2120 488 2204 523 pro-

275 541 402 576 vincia
414 539 663 576 Alamanniae
675 540 829 588 saepius
845 540 1047 588 pecuniam
1064 541 1250 577 mutuavit
1267 539 1355 586 (vid.
1367 541 1519 589 caps3),
1534 540 1650 576 immo
1665 553 1687 584 a
1701 540 1960 590 singularibus
1976 543 2201 591 suppositis,

275 620 316 650 et
331 612 370 649 id
387 614 496 663 quasi
513 625 597 649 mos
614 612 704 656 fuit3
722 613 954 662 ,saepissime
971 618 994 648 a'
1005 618 1209 661 receptore
1221 611 1319 658 (806,
1343 610 1391 655 7),
1407 622 1483 645 non
1505 621 1589 645 raro
1608 622 1629 645 a
1644 610 1838 659 magistris
1853 610 1950 657 (602,
1967 610 2007 653 2,
2036 611 2119 653 714,
2145 612 2202 655 14,

280 689 319 719 et
332 683 490 732 passim)
508 681 683 731 aliisque,
706 682 758 717 ita
777 688 821 717 ut
840 694 929 718 arca
943 681 1124 723 nationis,
1142 681 1288 730 optime
1313 679 1409 715 seris
1428 677 1577 721 clausa,
1596 690 1682 715 raro
1703 690 1890 714 summam
1911 691 1995 715 eam
2019 681 2204 728 pecuniae

275 751 455 788 habuerit
481 763 579 800 qnae
602 750 726 787 furum
748 749 1000 799 cupiditatem
1025 751 1192 786 excitare
1217 755 1362 799 posset.
1394 746 1494 796 Quid
1514 748 1665 790 mirum,
1694 747 1726 782 si
1746 746 1887 796 legitur
1906 749 2100 785 nationem
2127 761 2204 784 non

276 820 395 856 fuisse
412 819 459 856 ad
474 819 701 856 solvendum
719 833 736 855 (ι
756 826 915 869 propter
927 819 1291 869 depauperationem
1309 818 1476 854 nationis
1494 831 1510 852 n
1528 817 1624 862 (329,
1641 815 1713 865 27),
1733 817 1765 853 si
1781 829 1823 853 se
1839 818 1972 854 sentiit
1993 831 2010 853 α
2030 818 2204 867 pecuniis

278 889 525 938 improvisam
547 902 565 923 ι)
588 888 684 934 (643,
703 889 776 935 33),
802 902 812 932 ;
834 901 920 924 nam
937 901 1090 938 semper
1107 888 1145 924 in
1160 889 1349 938 angustiis
1364 886 1576 924 laborabat.

325 957 580 994 Nihilominus
608 957 782 1006 magistri
798 958 944 994 conscii
964 956 1118 993 fuerunt
1142 969 1233 993 suae
1257 957 1471 1006 dignitatis,
1493 965 1532 994 et
1557 969 1643 993 cum
1666 958 1799 1005 regina
1820 958 2017 1000 Franciae,
2042 956 2205 994 lsabella

275 1029 310 1074 (e
330 1027 501 1073 Bavaria)
525 1027 582 1062 eis
603 1026 651 1062 20
673 1026 995 1062 tantumsrancos
1017 1025 1110 1062 dare
1132 1025 1336 1069 voluisset,
1364 1039 1383 1062 a
1407 1039 1482 1075 qua
1510 1033 1683 1064 mutuare
1708 1026 1980 1063 desiderabant
1999 1026 2071 1063 200
2096 1034 2204 1064 scuta

277 1096 380 1143 (821,
407 1096 479 1142 30),
506 1097 679 1144 magistri
709 1095 782 1132 sibi
810 1097 956 1132 conscii
983 1095 1289 1133 deliberaverunt
1322 1097 1566 1139 unanimiter,
1593 1109 1610 1131 (1
1632 1108 1709 1132 non
1740 1095 1921 1145 expedire
1950 1109 2088 1145 capere
2119 1096 2204 1132 illas

278 1165 463 1214 pecunias
487 1177 506 1199 J)
529 1165 626 1211 (842,
656 1165 730 1211 28).
747 1165 929 1202 Attamen
946 1172 1083 1214 postea
1101 1177 1178 1203 non
1199 1165 1296 1201 infra
1315 1177 1423 1202 suam
1444 1163 1673 1214 dignitatem
1691 1165 1860 1214 positum
1885 1165 2164 1207 existimarunt,
2183 1179 2203 1201 a

275 1245 346 1269 suo
362 1231 516 1269 bedello
539 1233 608 1269 100
628 1232 781 1270 francos
794 1240 948 1270 mutuos
965 1246 1116 1270 sumere
1132 1234 1228 1279 (845,
1249 1235 1322 1281 32).

324 1364 367 1399 ln
384 1361 570 1398 Aac-tario
584 1362 728 1412 ubique
751 1362 958 1401 mentiofit
972 1375 1228 1406 nummorum,
1244 1364 1309 1413 qui
1323 1371 1415 1400 tunc
1436 1364 1590 1400 Parisiis
1611 1364 1649 1399 in
1661 1376 1732 1400 usu
1749 1371 1869 1400 erant.
1890 1365 1931 1400 ln
1950 1363 2201 1413 sequentibus
2221 1371 2335 1398 Nummi

281 1431 436 1467 minime
458 1430 655 1474 librarum,
678 1430 903 1476 solidorum,
928 1431 1186 1475 denariorum,
1208 1432 1382 1469 alborum
1413 1433 1648 1469 mentionem
1674 1433 1848 1476 facimus,
1870 1446 1955 1469 cum
1988 1433 2026 1469 hi
2057 1435 2202 1469 nummi

278 1500 388 1549 quasi
410 1499 590 1536 omnibus
609 1499 715 1536 horis
735 1506 964 1542 tererentur,
984 1500 1051 1537 sed
1068 1500 1241 1537 aliorum.
1268 1501 1522 1538 Nihilominus
1553 1503 1731 1539 omittere
1754 1501 1947 1547 nolumus,
1971 1502 2202 1553 quandoque

281 1569 396 1606 etiam
420 1568 605 1619 distingui
628 1568 807 1606 denarios
829 1569 937 1609 fortis
959 1577 1147 1613 monetae,
1176 1570 1321 1607 solidos
1345 1570 1393 1607 de
1415 1570 1522 1614 forti,
1545 1569 1594 1607 de
1613 1569 1745 1614 debili,
1767 1570 1935 1608 florenos
1959 1586 1976 1606 α
1999 1570 2089 1608 boni
2110 1585 2202 1622 pon—

277 1637 397 1680 deris,
416 1651 441 1674 »,
456 1637 517 1675 vel
533 1651 550 1674 α
571 1637 620 1676 de
637 1637 811 1688 pondere
833 1652 869 1683 n,
886 1646 995 1676 scuta
1011 1652 1160 1689 grossa,
1182 1647 1257 1677 etc.
1282 1641 1335 1676 Ex
1356 1640 1522 1675 nummis
1541 1640 1787 1676 inveniuntur
1805 1654 1812 1675 :

323 1758 491 1792 Cathedra
505 1759 529 1799 ¹,
1239 1760 1388 1798 Floreni,
1407 1749 1409 1754 Ι

319 1816 446 1849 Pavilio
458 1816 483 1854 ²,
627 1807 629 1810 Ι
1238 1817 1375 1851 Floreni
1396 1817 1436 1850 de
1455 1816 1643 1858 Florentia,

318 1875 475 1907 Mutones
495 1875 566 1907 auri
580 1875 605 1914 ³,
1239 1875 1484 1909 Semissorenus
1504 1876 1545 1909 de
1565 1876 1751 1916 Florentia,

317 1933 449 1965 Corona
463 1932 488 1972 4,
1179 1957 1182 1961 ›
1234 1934 1372 1967 Floreni
1391 1934 1432 1967 de
1449 1935 1624 1974 Bohemia,

318 1990 455 2036 Regalis
468 1991 494 2029 5,
1204 2029 1206 2031 ¹
1235 1993 1396 2032 Francus,

317 2048 431 2088 Scuta,
1236 2050 1354 2083 Grossi
1368 2057 1558 2090 turonens„

319 2105 488 2150 Antiquus
502 2106 554 2138 vel
575 2118 696 2139 aureus
716 2106 888 2147 scudatus,
1281 2121 1298 2138 n
1414 2122 1430 2139 n
1502 2108 1667 2153 Philippi,
1688 2121 1746 2142 seu
1766 2109 1969 2154 Philippini,

319 2163 458 2196 Scutum
479 2163 644 2208 Philippi,
876 2161 878 2165 ’
932 2157 947 2162 ”
1237 2165 1355 2199 Grossi
1371 2166 1513 2211 antiqui,

317 2221 455 2254 Scutum
477 2221 653 2261 Johannis,
1236 2224 1354 2257 Grossi
1368 2224 1608 2258 Flandrenses.

323 2346 436 2382 Natio
459 2345 817 2384 omnia‘ordinabat
835 2348 942 2396 juxta
962 2347 1131 2385 valorem
1155 2350 1254 2386 scuti
1275 2351 1358 2396 (eeu
1373 2349 1481 2397 d'or),
1505 2357 1544 2387 et
1566 2352 1791 2400 praesertim
1811 2353 1911 2388 inter
1933 2365 1993 2388 an.
2026 2353 2117 2388 1354
2130 2354 2142 2374 ὓ
2161 2360 2200 2390 et

276 2407 383 2450 1362,
415 2408 520 2458 quod
544 2410 701 2446 minime
724 2409 835 2446 facile
855 2417 954 2454 erat,
985 2424 1073 2447 cum
1096 2419 1247 2448 scutum
1272 2414 1392 2449 tantis
1415 2413 1677 2450 varationibus
1705 2413 1921 2463 subjectum
1948 2422 2063 2451 esset.
2098 2417 2199 2452 Inter

272 2476 492 2526 praedictos
508 2490 630 2514 annos
646 2478 752 2515 valor
766 2488 967 2516 scutorum·
980 2481 1172 2518 invenitur
1189 2481 1399 2518 solidorum
1423 2483 1465 2518 13
1482 2495 1603 2532 usque
1619 2482 1667 2519 ad
1684 2482 1754 2520 sol.
1778 2484 1838 2519 46.

320 2599 374 2632 13
395 2597 486 2641 (203,
505 2598 580 2643 24),
605 2600 671 2639 13,
690 2599 767 2631 den.
787 2599 912 2643 4(190,
935 2600 995 2639 28,
1020 2601 1095 2641 194,
1121 2601 1176 2641 33,
1207 2601 1285 2642 221,
1313 2601 1385 2646 16);
1416 2605 1471 2637 14
1497 2602 1586 2646 (177,
1613 2603 1685 2646 23),
1719 2606 1772 2638 15
1800 2603 1889 2647 (175,
1920 2603 1980 2644 46,
2018 2603 2092 2644 178,
2122 2604 2196 2647 43),

276 2655 442 2699 16(209,
460 2655 500 2695 7,
517 2656 595 2695 210,
614 2657 673 2694 15;
691 2657 768 2697 221,
786 2658 858 2702 14);
877 2658 1035 2702 17(201,
1052 2659 1113 2699 21;
1130 2659 1208 2698 222,
1232 2659 1296 2700 43,
1313 2659 1392 2700 246,
1416 2661 1487 2704 11);
1513 2663 1566 2696 18
1588 2661 1678 2704 (184,
1696 2662 1736 2701 6,
1758 2662 1835 2701 224,
1857 2662 1928 2706 11),
1956 2665 2011 2698 19
2028 2663 2116 2706 (184,
2135 2663 2195 2702 48,

274 2711 351 2752 185,
369 2712 627 2758 20);2o(202,
647 2714 706 2755 14,
724 2715 806 2756 247,
826 2715 903 2756 264,
921 2715 974 2760 9);
993 2718 1049 2751 23
1066 2717 1154 2760 (230,
1176 2717 1231 2758 38,
1258 2725 1290 2751 et
1309 2718 1454 2762 passim
1477 2718 1554 2759 239,
1579 2718 1638 2759 17,
1657 2719 1733 2760 262,
1755 2719 1816 2760 29,
1837 2719 1913 2759 263,
1939 2720 2009 2763 11),
2027 2722 2086 2756 24
2105 2720 2194 2765 (203,

312 2824 341 2853 1.
386 2823 459 2854 Sive
475 2836 490 2852 ι
509 2824 614 2855 chaise
632 2826 700 2856 d‘or
717 2839 743 2855 n.
1329 2831 1358 2860 4.
1404 2831 1571 2860 Couronne
1587 2831 1666 2861 d'or.

312 2873 341 2901 2.
387 2873 528 2903 anillon
543 2874 621 2904 d'or.
1326 2880 1356 2908 5.
1402 2879 1501 2919 Royal
1520 2881 1598 2910 d'or.

313 2921 344 2954 ἃ
389 2932 404 2949 ι
423 2921 551 2952 Mouton
568 2923 636 2953 d’or
653 2936 667 2951 ι
686 2930 716 2954 et
732 2936 745 2951 α
763 2925 853 2965 agnel
869 2925 936 2955 d'or
954 2938 979 2955 n.
1326 2930 1355 2957 6.
1401 2928 1462 2958 Sed
1472 2928 1534 2968 jam
1551 2935 1651 2965 antea,
1664 2939 1692 2959 v.
1708 2939 1739 2969 g.
1761 2929 1849 2965 1348,
1868 2936 1897 2959 et
1914 2937 2033 2969 postea.
