2632 3464
431 424 479 449 351

470 499 543 539 (Pol.
568 498 615 537 13)
642 498 714 527 Item
739 496 910 526 licentiatus
934 496 989 525 fuit
1011 495 1152 524 dominus
1175 494 1327 523 Rodulsus

429 550 466 577 de
484 548 608 577 Lubeke
624 547 681 576 sub
700 546 847 585 magistro
866 545 1022 584 Heynrico
1040 545 1077 573 de
1098 543 1220 578 Hassia,
1241 542 1327 582 cujus

428 598 522 626 bursa
536 596 592 625 Vll
610 595 700 625 solid.

470 646 543 675 Item
556 645 729 674 licentiatus
745 644 799 673 fuit
814 643 955 672 dominus
970 642 1125 671 Johannes
1141 642 1177 670 de
1191 641 1328 670 Missena

429 696 485 725 sub
502 694 649 733 magistro
663 693 818 732 Heynrico
836 692 873 720 de
890 691 1011 726 Hassia,
1032 691 1084 730 qui
1099 690 1215 730 juravit
1230 696 1328 719 statu-

428 750 502 779 tum,
520 742 606 782 cujus
622 744 716 771 bursa
734 741 838 770 nichil.

468 792 542 822 Item
559 791 676 820 decima
691 801 770 819 nona
785 790 834 819 die
852 789 966 818 mensis
985 799 1058 828 sepe
1074 788 1147 817 dicti
1165 788 1241 817 facta
1257 797 1327 816 con-

427 841 611 881 gregacione
635 839 773 868 nacionis
800 845 867 867 ante
895 838 1009 877 primas
1033 837 1136 866 Sancti
1158 836 1263 865 Jacobi
1289 836 1328 865 ad

429 889 609 919 Carmelitas
631 899 687 928 per
708 887 925 927 juramentum,
949 893 979 915 et
1003 886 1061 915 hoc
1082 895 1150 915 cum
1173 894 1327 914 consensu

427 940 639 978 deputatorum
662 938 693 966 in
715 943 802 966 nocte
821 937 1003 975 precedente
1024 945 1119 974 super
1132 934 1327 963 licentiandis

428 988 459 1016 in
487 987 594 1016 Sancta
620 986 783 1020 Genevefa,
814 984 1013 1014 deliberatum
1039 984 1094 1013 fuit
1117 984 1200 1023 quod
1225 982 1326 1012 statim

426 1037 568 1066 dominus
582 1034 849 1065 vicecancellarius
865 1034 1011 1067 adiretur,
1029 1039 1058 1062 et
1074 1043 1131 1072 per
1144 1043 1231 1062 suum
1244 1031 1327 1072 jura—

426 1092 559 1114 mentum
582 1084 792 1123 requireretur
808 1089 841 1112 ut
859 1082 1050 1111 bachalarios
1068 1081 1275 1110 licenciandos
1295 1082 1327 1110 in

427 1134 537 1163 Sancta
551 1133 702 1162 Genevefa
717 1132 883 1161 secundum
902 1137 1039 1160 tenorem
1058 1131 1139 1160 bulle
1156 1137 1186 1159 et
1200 1130 1326 1170 deposi-

425 1183 543 1212 cionem
558 1182 796 1211 examinatorum
814 1180 1005 1210 solummodo
1022 1179 1209 1209 licenciaret.

465 1232 538 1260 Item
551 1231 694 1260 vicesima
710 1230 758 1258 die
772 1229 845 1258 dicti
858 1229 973 1258 mensis
988 1229 1065 1257 facta
1080 1228 1324 1268 congregacione

423 1281 560 1309 nacionis
586 1280 660 1308 hora
684 1279 780 1318 prime
800 1279 838 1307 ad
859 1278 1002 1307 Sanctum
1023 1277 1208 1306 Maturinum
1233 1287 1327 1316 super

421 1328 643 1368 prosecucione
663 1328 921 1357 licenciandorum
946 1327 978 1355 in
999 1325 1109 1355 Sancta
1128 1325 1282 1355 Genevefa
1297 1332 1327 1355 et

422 1379 460 1406 ad
477 1378 722 1417 supplicandum,
738 1376 838 1415 primo
856 1376 956 1405 delato
974 1385 1073 1414 usque
1089 1376 1127 1404 ad
1144 1375 1232 1404 aliam
1249 1385 1326 1404 con-

423 1427 637 1466 gregacionem
646 1426 812 1454 secundum
823 1425 1078 1454 deliberacionem
1091 1423 1241 1459 nacionis,
1253 1434 1325 1463 sup-

422 1475 546 1514 plicavit
561 1475 702 1504 dominus
716 1474 871 1503 Johannes
882 1473 1021 1502 bedellus
1033 1472 1172 1502 nacionis
1184 1473 1325 1512 predicte

422 1534 458 1553 ex
468 1530 553 1563 parte
565 1523 679 1552 domini
690 1523 789 1558 Olavi,
800 1532 857 1562 pro
870 1522 1020 1551 dilacione
1032 1523 1195 1551 bursarum
1208 1522 1324 1551 domini

422 1573 510 1602 Olavi
531 1573 663 1612 predicti
682 1582 780 1611 usque
797 1573 835 1600 ad
852 1578 915 1601 tres
935 1581 1056 1600 menses
1079 1572 1116 1600 de
1134 1581 1189 1601 sua
1209 1572 1325 1600 subde-

420 1622 629 1656 terminancia,
646 1620 732 1660 cujus
746 1621 936 1660 supplicacio
954 1630 1102 1650 concessa
1116 1621 1224 1656 fuerat,
1238 1622 1323 1650 dum-

420 1671 510 1699 modo
528 1677 657 1709 poneret
673 1670 797 1709 aliquod
818 1669 943 1709 pignus,
962 1675 991 1698 et
1008 1669 1163 1699 Johannes
1183 1670 1322 1699 bedellus

419 1718 612 1758 promitteret
624 1728 681 1757 pro
694 1728 729 1747 eo
741 1718 916 1747 satisfacere
931 1717 1053 1747 nacioni
1068 1717 1145 1746 infra
1160 1718 1323 1747 terminum

420 1767 616 1796 antedictum.

460 1816 533 1845 Item
552 1815 852 1845 subdeterminarunt
864 1815 1006 1844 dominus
1017 1814 1131 1844 Olavus
1146 1815 1184 1844 de
1197 1815 1319 1844 Zwecia

420 1865 487 1894 loco
500 1864 615 1894 domini
627 1864 775 1893 Johannis
794 1864 883 1893 Hoon
899 1865 936 1893 de
953 1864 1076 1893 Harlem
1096 1865 1153 1893 sub
1171 1864 1319 1904 magistro

419 1914 558 1943 Mercilio
574 1914 610 1942 de
627 1913 755 1952 lnghen,
773 1912 859 1952 cujus
874 1914 968 1942 bursa
984 1913 1043 1942 1111
1060 1913 1164 1942 solidi.

459 1963 532 1991 Item
546 1962 723 1991 licenciatus
737 1962 792 1991 fuit
802 1962 943 1991 dominus
955 1962 1110 1991 Johannes
1120 1961 1320 2001 Leyenberch

419 2013 475 2040 sub
504 2011 651 2051 magistro
670 2011 838 2040 Wilhelmo
861 2011 1035 2050 Wadenoy,
1054 2010 1141 2051 cujus
1161 2012 1255 2040 bursa
1279 2011 1321 2040 IX

418 2060 521 2095 solidi,
536 2066 566 2089 et
581 2061 685 2099 posuit
700 2060 841 2099 pignora.

458 2109 531 2139 Item
560 2109 705 2138 vicesima
733 2115 841 2148 quarta
868 2109 917 2137 die
946 2108 1081 2148 ejusdem
1103 2109 1219 2138 mensis
1246 2109 1322 2138 hora

416 2168 613 2197 vesperarum
630 2159 705 2187 facta
721 2158 966 2197 congregacione
981 2158 1120 2187 nacionis
1135 2159 1172 2187 ad
1191 2158 1320 2188 Sanctos

418 2206 527 2236 Cosme
544 2213 573 2236 et
588 2207 727 2236 Damiani
746 2207 808 2246 (sic)
824 2217 881 2246 per
891 2206 1096 2246 juramentum
1113 2217 1206 2246 super
1223 2207 1320 2236 licen-

417 2256 545 2291 ciandis,
576 2262 646 2290 etc.‚
671 2262 701 2285 et
721 2256 760 2284 ad
781 2257 972 2285 statuendum
994 2263 1024 2285 et
1049 2257 1252 2285 ordinandum
1282 2257 1319 2285 de

416 2305 544 2343 pecunia
565 2304 714 2339 nationis,
739 2305 874 2344 deputati
892 2311 978 2334 erant
1000 2305 1145 2344 magister
1164 2305 1317 2334 Arnestus

417 2354 453 2382 de
475 2353 649 2388 Hollandia,
669 2354 815 2392 magister
835 2353 1009 2392 Heynricus
1028 2354 1198 2393 Langhals,
1220 2354 1318 2393 magi-

417 2408 480 2431 ster
491 2402 664 2441 Heynricus
678 2403 715 2431 de
732 2402 873 2441 Kempis,
895 2409 924 2431 et
942 2403 1089 2442 magister
1107 2403 1261 2432 Jordanus
1278 2404 1316 2432 de

417 2451 525 2485 Clivis,
547 2451 599 2490 qui
621 2450 724 2479 habito
745 2451 832 2490 prius
858 2451 987 2480 consilio
1013 2462 1079 2480 cum
1100 2452 1224 2480 domino
1244 2462 1318 2481 can-

416 2497 539 2526 cellario
560 2497 774 2536 Parysiensi⁴‚
800 2496 939 2536 injuriam
962 2508 1051 2537 quam
1078 2499 1191 2537 patitur
1212 2505 1318 2528 nostra

450 2625 472 2648 1.
507 2625 634 2649 Grimerio
647 2626 784 2649 Bonisacii.

446 2662 469 2683 2.
503 2663 593 2684 Ezstat
620 2662 795 2685 documentum
821 2662 846 2685 in
867 2662 943 2685 Arch.
968 2662 1087 2685 Univers.
1115 2662 1208 2690 Paris.,

416 2696 477 2723 XIV,
494 2701 520 2718 n⁰
538 2697 566 2719 10
583 2704 588 2719 :
608 2697 661 2727 Ego
680 2697 843 2720 Hei-mannus
859 2697 994 2725 Lewnew,
1014 2698 1140 2728 magister
1157 2698 1182 2721 in
1200 2698 1312 2727 artibus,

415 2730 576 2754 Caminensis
587 2732 706 2760 diocesisy
722 2732 840 2763 significo
853 2733 948 2764 quihus
960 2736 1035 2756 antea
1049 2736 1073 2756 et
1086 2741 1153 2756 nunc
1167 2736 1191 2756 et
1204 2733 1230 2756 in
1243 2734 1313 2757 futu-

416 2774 482 2793 rum,
495 2775 535 2789 me
549 2767 659 2790 solvisse
672 2768 770 2790 nationi
784 2776 838 2791 mee
854 2768 995 2799 Anglicane
1009 2771 1061 2791 tres
1080 2769 1182 2792 francos
1196 2777 1225 2791 ex
1238 2773 1313 2800 parte

420 2802 540 2832 magistri
563 2803 693 2826 Johannes
717 2803 834 2834 Haghen,
859 2804 902 2834 qui
932 2811 979 2834 pro
1001 2803 1090 2827 bursis
1119 2804 1173 2827 suis
1199 2805 1312 2835 predicte

413 2838 512 2860 nationi
526 2838 552 2860 in
567 2842 665 2869 septem
680 2839 776 2861 francis
788 2842 813 2862 et
826 2839 894 2862 XIIII
907 2839 998 2862 solidis
1012 2839 1150 2870 parisiens.
1163 2840 1310 2864 tenebatur.

414 2873 523 2903 Insuper
536 2874 643 2903 promisi
662 2874 727 2905 [per]
740 2874 916 2904 juramentum
931 2874 1019 2905 sepius
1033 2874 1131 2898 nationi
1145 2876 1254 2903 sactum,
1271 2884 1312 2899 me

414 2907 592 2931 laboraturum
612 2909 672 2931 totis
694 2909 792 2932 viribus
811 2909 874 2932 meis
892 2917 970 2940 penes
990 2910 1136 2940 predictum
1154 2911 1310 2941 magistrum

412 2942 566 2971 Johannem,
584 2947 610 2966 ul
626 2944 755 2967 residuam
772 2948 871 2975 purtem
883 2945 1000 2975 pecunie,
1015 2945 1217 2969 videlicet11110‘
1237 2947 1309 2970 fran-

1238 2663 1313 2687 theca

964 418 1185 445 AUCTARIUM
1206 416 1468 444 CHARTULARII
1488 417 1662 444 UNIVERS.
1686 417 1804 444 PARIS.

1365 938 1399 963 10

1364 1182 1398 1208 15

1363 1427 1396 1454 20

1361 1672 1394 1699 25

1359 1916 1393 1942 30

1357 2161 1391 2187 35

1355 2405 1389 2432 40

2294 420 2346 447 352

1436 493 1524 522 nacio
1544 494 1581 522 de
1603 493 1802 524 licenciandis
1824 494 1855 523 in
1873 494 1983 524 Sancta
2006 494 2171 531 Genevefa,
2192 506 2346 537 propone-

1436 548 1505 571 rent
1520 542 1664 578 facultati,
1683 549 1714 572 et
1729 549 1837 583 postea
1848 543 1875 572 si
1890 553 1969 583 opus
1987 543 2078 573 fuerit
2089 543 2303 575 Universitati.

1477 591 1552 620 Item
1578 591 1609 620 in
1633 592 1738 621 eadem
1762 593 2007 632 congregacione
2029 599 2174 623 statutum
2201 600 2266 624 erat
2289 604 2347 634 per

1437 650 1622 670 consensum
1635 640 1759 680 majoris
1775 641 1872 680 partis
1887 641 2027 671 nacionis
2042 652 2100 681 pro
2116 647 2189 672 tunc
2204 642 2248 672 ibi
2261 642 2345 674 exis-

1436 689 1529 718 tentis
1545 690 1628 728 quod
1642 690 1734 719 trium
1750 690 1929 720 blancorum
1945 690 1977 719 in
1991 690 2087 720 missa
2103 691 2248 721 distribui
2267 702 2345 722 con-

1437 744 1593 767 suetorum
1618 748 1697 768 unus
1719 739 1844 769 daretur
1865 739 1897 768 in
1917 739 2071 780 vesperis,
2094 746 2128 770 ut
2146 740 2286 780 magistri
2308 751 2345 771 eo

1436 787 1546 816 melius
1560 797 1708 827 vesperas
1720 788 1882 818 visitarent
1896 788 1972 818 hora
1988 799 2050 828 qua
2064 795 2203 819 cantatur
2221 792 2345 830 Magni-

1435 837 1518 873 ficat‚
1535 842 1565 865 et
1576 836 1628 866 alii
1640 837 1701 866 duo
1717 837 1749 866 in
1763 837 1858 867 missa
1875 837 1950 867 hora
1966 837 2114 867 hactenus
2129 839 2302 868 observata.

1476 884 1551 914 Item
1570 885 1716 915 vicesima
1736 886 1843 925 quinta
1858 886 1908 915 die
1926 893 1999 926 post
2014 887 2178 926 prandium
2201 888 2343 918 dominus

1426 940 1580 974 *receptor
1597 941 1626 964 et
1643 944 1701 974 ego
1716 934 1867 964 adivimus
1886 935 2020 971 archam,
2039 946 2077 965 ex
2094 945 2155 975 qua
2169 937 2343 976 recepimus

1435 983 1542 1012 literas
1576 983 1716 1023 magistri
1745 983 1895 1013 ‚Iohannis
1932 984 2064 1024 Haghen
2094 985 2133 1014 ad
2167 992 2342 1025 requestam

1435 1032 1577 1072 magistri
1596 1032 1763 1061 Hermanni
1777 1033 1943 1068 Levenow,
1961 1033 2013 1072 qui
2029 1034 2183 1073 receptori
2199 1034 2243 1064 111
2259 1035 2344 1064 fran-

1435 1091 1489 1110 cos
1504 1081 1623 1116 tribuit,
1642 1088 1671 1111 et
1688 1091 1746 1121 pro
1759 1081 1897 1117 residuo,
1913 1082 2058 1112 videlicet
2072 1089 2203 1122 quatuor
2219 1084 2342 1114 francos

1436 1140 1503 1159 cum
1522 1130 1611 1159 XIIII
1632 1130 1703 1166 sol.‚
1722 1130 1841 1160 literam
1860 1131 1988 1170 proprio
2008 1131 2112 1171 sigillo
2132 1132 2296 1172 sigillatam
2311 1133 2343 1162 in

1435 1178 1527 1208 archa
1541 1179 1647 1219 posuit
1657 1178 1681 1208 ².

1475 1228 1550 1257 Item
1565 1229 1663 1268 prima
1682 1229 1731 1257 die
1746 1228 1862 1258 mensis
1875 1228 1993 1268 Aprilis
2007 1229 2084 1259 sacta
2096 1230 2342 1270 congregacione

1434 1277 1575 1306 nacionis
1589 1278 1627 1306 ad
1641 1277 1786 1307 Sanctum
1799 1277 1986 1307 Maturinum
2001 1277 2078 1308 hora
2090 1279 2284 1318 completorii
2302 1279 2341 1308 ad

1434 1326 1639 1355 ordinandum
1655 1336 1750 1366 super
1762 1336 1888 1355 examen
1905 1326 2015 1356 Sancte
2029 1326 2195 1363 Genevefe‚
2213 1328 2341 1358 ordina-

1434 1381 1497 1405 tum
1516 1381 1582 1404 erat
1603 1376 1686 1414 quod
1703 1375 1852 1416 magister
1869 1375 2026 1405 Johannes
2042 1377 2080 1405 de
2096 1376 2220 1406 Pavone
2241 1376 2340 1407 adhuc

1434 1430 1622 1463 proponeret
1636 1430 1773 1454 nostram
1787 1423 1929 1464 injuriam
1943 1424 1974 1454 in
1990 1425 2130 1455 facultate
2145 1435 2202 1465 per
2216 1426 2340 1455 modum

1433 1473 1570 1512 querele,
1597 1473 1668 1512 quia
1695 1483 1764 1503 cum
1787 1473 1820 1502 in
1841 1473 1900 1503 alia
1919 1474 2161 1514 congregatione
2187 1474 2339 1504 facultatis

1432 1522 1675 1561 proponebatur,
1708 1522 1891 1552 deliberavit
1916 1523 2004 1552 nacio
2035 1523 2223 1553 Normannie
2255 1524 2339 1563 quod

1431 1571 1519 1600 fieret
1534 1581 1628 1610 super
1643 1571 1701 1600 hoc
1717 1571 1777 1600 alia
1795 1572 2001 1612 congregacio
2018 1572 2170 1602 facultatis
2184 1582 2241 1612 per
2248 1571 2337 1613 jura-

1432 1626 1578 1649 mentum.

1473 1669 1548 1698 Item
1564 1669 1693 1708 septima
1711 1669 1760 1699 die
1780 1670 1895 1699 mensis
1915 1669 2047 1709 predicti
2067 1670 2144 1700 facta
2163 1679 2337 1711 congrega-

1432 1718 1520 1747 cione
1540 1718 1680 1747 nacionis
1704 1719 1742 1747 ad
1763 1718 1999 1758 supplicandum
2021 1725 2051 1748 et
2072 1719 2275 1749 ordinandum
2297 1720 2336 1749 de

1430 1767 1562 1806 pecunia
1579 1761 1729 1802 nacionis,
1745 1767 1931 1807 supplicavit
1948 1767 2130 1797 Guillelmus
2146 1769 2184 1797 de
2205 1767 2336 1798 Bavaria

1431 1826 1489 1855 pro
1515 1816 1699 1845 remissione
1725 1817 1888 1846 bursarum
1922 1827 2045 1846 suarum
2081 1818 2119 1846 de
2149 1817 2279 1846 licencia
2307 1823 2337 1847 et

1430 1865 1621 1905 magisterio,
1643 1864 1729 1904 cujus
1741 1865 1931 1905 supplicacio
1952 1866 2050 1895 fuerat
2066 1875 2224 1901 concessa,
2244 1866 2335 1895 dum-

1430 1915 1521 1943 modo
1537 1920 1666 1953 poneret
1683 1914 1788 1944 literas
1801 1914 1950 1950 officialis,
1963 1915 2046 1954 quod
2062 1915 2196 1944 solveret
2211 1915 2334 1954 quando

1430 1963 1607 2002 perveniret
1638 1964 1677 1992 ad
1705 1963 1833 2003 triginta
1860 1964 1982 1993 francos
2009 1963 2090 1993 ultra
2122 1963 2266 1993 utensilia
2305 1969 2335 1993 et

1429 2008 1539 2048 libros,
1556 2018 1614 2042 etc.

1470 2061 1545 2090 Item
1567 2061 1752 2101 supplicavit
1765 2061 1912 2091 Albertus
1930 2062 1968 2090 de
1982 2061 2094 2091 Prucia
2109 2071 2166 2101 pro
2179 2061 2331 2091 dilacione

1429 2110 1592 2139 bursarum
1612 2110 1740 2140 licencie
1759 2117 1789 2140 et
1809 2110 1979 2150 magisterii
1998 2111 2037 2140 ad
2055 2110 2218 2140 terminum
2238 2120 2328 2150 quem

1429 2158 1535 2188 habuit
1549 2160 1587 2189 de
1602 2159 1706 2189 bursis
1722 2159 1958 2195 bachalariatus,
1975 2158 2061 2199 cujus
2073 2159 2263 2199 supplicacio
2275 2159 2332 2188 fuit

1429 2217 1588 2243 concessa,
1607 2209 1771 2238 dummodo
1790 2215 1919 2248 poneret
1931 2209 2072 2248 pignora.

1469 2257 1543 2286 Item
1572 2257 1604 2286 in
1624 2258 1729 2286 eadem
1761 2257 2005 2297 congregacione
2033 2257 2214 2286 deliberavit
2242 2257 2331 2286 nacio

1427 2305 1543 2335 intrare
1560 2307 1635 2335 duos
1646 2308 1777 2346 gladios,
1797 2306 1849 2336 ubi
1869 2306 2060 2345 consumpsit
2078 2316 2171 2335 unum
2193 2306 2330 2334 francum

1427 2365 1494 2384 cum
1514 2355 1555 2384 VI
1578 2355 1726 2391 denariis,
1749 2365 1839 2395 quem
1857 2355 2005 2394 magister
2019 2354 2224 2384 Weenmarus
2243 2354 2329 2383 Then

1427 2403 1540 2443 Gh0y³
1565 2404 1650 2433 dedit
1673 2414 1731 2443 pro
1759 2404 1858 2443 prima
1885 2403 2099 2443 procuratoria
2131 2413 2185 2432 sua
2211 2409 2242 2432 et
2275 2413 2329 2433 sex

1426 2453 1570 2482 denarios
1585 2453 1670 2482 dedit
1687 2459 1841 2492 receptor.

1466 2502 1540 2531 Item
1552 2502 1730 2531 licenciatus
1742 2502 1797 2531 fuit
1806 2502 1948 2531 dominus
1957 2501 2138 2531 Guillelmus
2149 2502 2187 2530 de
2198 2501 2329 2530 Bavaria

1423 2634 1467 2650 cos
1487 2629 1512 2650 et
1531 2626 1602 2650 XIIII
1625 2626 1732 2654 solidos.
1751 2625 1830 2650 eitius
1845 2634 1895 2657 quo
1913 2625 2010 2657 poterit
2031 2625 2148 2649 Parisius
2167 2625 2284 2649 remittat
2301 2628 2328 2650 et

1422 2662 1564 2692 persolvat.
1583 2662 1694 2693 Propter
1708 2661 1777 2693 quod
1794 2661 1913 2693 predicta
1925 2661 2005 2690 natio,
2025 2661 2057 2684 ad
2074 2663 2224 2692 requestam
2241 2669 2327 2685 meam

1423 2705 1502 2728 super
1520 2697 1569 2721 hoc
1585 2697 1718 2725 consulta,
1736 2697 1893 2720 deliberavit
1912 2696 1991 2720 michi
2014 2696 2129 2720 litteram
2150 2696 2325 2728 obligacionis

1422 2732 1563 2764 superista
1573 2733 1648 2757 totali
1659 2741 1761 2756 summa
1769 2732 1847 2761 tradi,
1857 2735 1883 2756 et
1892 2732 1959 2756 hanc
1969 2732 2089 2756 cedulam
2097 2740 2156 2755 cum
2164 2732 2326 2764 appensione

1421 2768 1504 2800 sigilli
1519 2768 1570 2792 mei
1585 2768 1716 2800 signatam
1729 2768 1762 2791 ad
1775 2768 1883 2791 archam
1897 2767 1997 2799 reponi.
2011 2768 2084 2791 Anno
2101 2768 2204 2791 Domini
2217 2772 2248 2791 κο
2265 2772 2326 2792 ccc·

1421 2812 1482 2828 inx
1499 2804 1553 2835 [xvi
1571 2804 1612 2827 die
1629 2804 1716 2828 Martii
1743 2811 1794 2827 sec.
1815 2803 1924 2835 morem]
1944 2803 2104 2834 gallicanum
2119 2802 2173 2835 (an.
2198 2804 2271 2832 1370,
2295 2804 2326 2827 16

1420 2839 1519 2870 Martii)
1538 2840 1587 2863 sub
1602 2839 1683 2871 sigilli
1698 2839 1748 2862 mei
1766 2839 1934 2870 appensione.
1952 2839 1985 2862 Et
2001 2839 2027 2862 in
2043 2847 2106 2862 cusu
2120 2847 2171 2870 quo
2189 2838 2323 2870 predictus

1420 2875 1547 2906 magister
1563 2883 1614 2898 non
1632 2878 1721 2906 posset
1738 2875 1839 2898 solvere
1854 2874 1895 2898 vel
1912 2882 1963 2898 non
1981 2875 2102 2903 solveret,
2119 2882 2168 2906 ego
2180 2882 2228 2906 pro
2244 2882 2323 2906 posse

1420 2911 1528 2942 promisi
1544 2911 1700 2934 soluturum.

1450 2948 1472 2970 3.
1508 2947 1579 2970 Then
1591 2947 1666 2977 Ghoy
1679 2946 1704 2969 in
1716 2946 1839 2979 margine.
