2632 3464
0 1439 3 1452 *
0 1406 2 1411 ⁴
0 1103 12 1375 ssss-r·-v!-=Wv⁸w
14 1078 17 1082 .

905 405 1175 433 MEMORABILIA
1194 405 1269 431 NAT
1277 426 1283 432 .
1303 405 1550 432 ANGLICANAE
2159 419 2193 436 ιν

266 482 418 532 Anglic.
439 484 594 520 Praeter
608 484 681 519 ista
700 482 798 519 festa
822 482 896 518 alia
914 483 1040 518 minus
1060 481 1288 531 principalia
1308 482 1552 519 notabantur.
1572 481 1632 518 Ab
1649 495 1709 518 an.
1736 484 1828 518 1333
1845 483 2049 520 duodecim
2071 487 2192 535 magi-

261 553 335 588 stri
355 553 522 588 nationis
537 558 577 588 et
591 551 748 594 bedelli,
764 552 829 600 qui
847 552 886 587 in
903 551 1076 600 vesperis
1094 550 1310 599 vigiliarum
1327 558 1367 588 et
1382 552 1421 587 in
1439 553 1555 588 missa
1569 551 1759 588 dictorum
1774 553 1957 589 festorum
1969 562 2192 603 praesentes

262 627 387 663 erant,
403 620 695 657 distributiones
713 619 981 669 percipiebant
994 621 1067 665 (15,
1085 620 1108 655 6
1122 632 1224 669 sqq.;
1244 621 1302 664 16,
1321 621 1365 656 17
1381 633 1464 670 sqq.
1481 621 1517 667 ¹).
1536 620 1595 656 Ad
1612 621 1872 657 assistentiam
1893 621 2192 659 determinantes

265 691 381 726 etiam
397 697 436 726 et
451 689 637 725 licentiati
657 688 931 738 obligabantur
942 688 1020 738 (16,
1046 689 1090 725 10
1109 691 1223 738 sqq.).
1244 688 1303 725 Ab
1325 702 1385 725 an.
1410 689 1502 725 1405
1524 690 1718 738 magistris
1741 691 1780 726 in
1798 690 1897 726 festo
1914 691 2192 728 purificationis

264 758 450 795 candelae
466 757 727 795 offerebantur
745 758 842 804 (893,
865 758 913 805 4).
933 759 1134 794 Praeterea
1154 759 1360 807 quotannis
1377 760 1470 795 Nov.
1496 759 1510 794 1
1536 760 1652 795 missa
1669 772 1756 795 cum
1773 759 1913 809 vigiliis
1930 773 1999 809 pro
2015 761 2193 798 omnibus

268 829 476 877 magistris,
503 826 751 868 baccalareis,
775 826 1016 863 scholaribus
1040 834 1079 863 et
1098 826 1410 864 benefactoribus
1430 827 1622 864 defunctis
1645 829 1811 864 nationis
1834 829 2075 866 statuebatur
2094 831 2191 876 (361,

266 897 335 940 27;
357 896 443 940 364,
461 896 513 946 6).
537 897 580 932 Ιῐι
602 895 704 933 dicta
728 896 893 932 ecclesia
914 896 1000 932 aliis
1021 895 1291 932 occasionibus
1311 897 1422 933 etiam
1447 898 1563 933 missa
1586 897 1799 941 dicebatur,
1822 897 1882 934 vel
1903 906 1944 935 ut
1968 911 2038 948 pro
2053 900 2194 936 unione

271 965 458 1002 ecclesiae
475 966 571 1011 (778.
597 966 662 1007 34;
679 966 765 1008 915,
788 966 862 1011 42),
882 978 952 1014 pro
969 965 1161 1001 defunctis
1181 966 1376 1015 magistris
1394 967 1562 1003 nationis
1582 966 1683 1016 (915,
1701 967 1762 1010 43,
1778 968 1850 1013 45).

313 1036 384 1071 An.
415 1036 506 1070 1383
523 1036 627 1070 natio
647 1047 690 1071 se
710 1034 979 1070 consuetudini
1002 1041 1239 1071 caeterarum
1258 1036 1374 1071 trium
1394 1037 1592 1072 nationum
1613 1043 1652 1072 et
1674 1036 1898 1073 facultatum
1919 1037 2194 1074 conformando

264 1102 497 1140 deliberavit
523 1111 564 1140 ut
598 1102 773 1153 quolibet
797 1103 860 1139 die
887 1103 1050 1140 sabbato
1080 1105 1197 1140 missa
1222 1105 1261 1140 in
1287 1104 1472 1142 honorem
1502 1105 1539 1140 b.
1570 1106 1740 1154 Virginis
1768 1106 1806 1141 in
1836 1105 2005 1155 praefata
2031 1107 2195 1143 ecclesia

263 1172 526 1210 celebraretur
546 1173 647 1219 (645,
667 1173 714 1209 29
735 1186 818 1222 sqq.
834 1188 842 1217 ;
861 1174 946 1216 646,
964 1174 1010 1209 28
1028 1175 1140 1223 sqq.).

321 1243 514 1290 Quantum
534 1242 581 1278 ad
605 1242 678 1281 alia
696 1242 794 1278 festa
811 1250 851 1279 et
866 1242 949 1279 dies
964 1242 1178 1279 dominicas
1199 1244 1303 1279 natio
1329 1255 1474 1280 morem
1496 1243 1688 1280 facultatis
1712 1251 1750 1280 et
1774 1246 2041 1282 Universitatis
2063 1253 2195 1282 secuta

264 1319 343 1354 est,
366 1318 410 1348 ut
422 1310 553 1348 videre
573 1312 700 1361 possis
717 1312 756 1347 in
772 1311 935 1360 singulis
954 1312 1033 1348 fere
1047 1311 1148 1348 foliis
1167 1311 1352 1348 Auctarii.

318 1381 648 1431 Congregationes
668 1381 783 1417 etiam
801 1382 906 1417 natio
921 1381 1136 1431 Anglicana
1153 1383 1252 1417 sicut
1269 1380 1364 1418 aliae
1384 1382 1560 1418 nationes
1578 1381 1657 1418 fere
1674 1389 1755 1418 tum
1774 1383 1874 1432 apud
1891 1385 1929 1420 S.
1949 1385 2192 1428 Maturinum,

269 1458 351 1488 tum
368 1449 468 1500 apud
486 1451 524 1486 S.
536 1449 727 1486 Julianum
744 1462 951 1499 pauperem
967 1449 1113 1486 habuit.

315 1520 508 1556 Patronus
522 1518 702 1568 specialis
722 1519 890 1555 nationis
905 1518 976 1555 fuit
995 1520 1033 1555 S.
1053 1518 1278 1555 Edmundus
1296 1532 1361 1555 rex
1379 1519 1556 1569 Angliae,
1580 1527 1619 1556 et
1634 1520 1789 1569 quidem
1807 1521 1853 1557 ab
1868 1521 1932 1558 illa
1950 1530 2192 1572 tempestate,

266 1601 345 1639 qua
371 1587 488 1638 Angli
520 1588 804 1624 numerosiores
834 1587 919 1624 aliis
942 1595 1064 1625 erant.
1090 1587 1274 1624 Jourdain
1298 1587 1454 1637 quidem
1482 1588 1645 1625 affirmat
1670 1590 1846 1627 Carolum
1875 1593 2055 1641 Magnum
2081 1593 2195 1628 etiam

266 1665 472 1708 patronum
503 1664 582 1693 nat.
611 1656 848 1706 Anglicanae
878 1657 1017 1694 fuisse‘2
1032 1686 1040 1700 ,
1068 1656 1136 1694 sed
1162 1670 1240 1693 non
1263 1657 1334 1693 hac
1359 1664 1590 1708 tempestate
1611 1666 1650 1695 et
1671 1658 1773 1695 haud
1796 1667 1884 1696 ante
1905 1673 1966 1696 an.
1992 1661 2098 1705 1488,
2120 1674 2196 1711 quo

265 1739 387 1770 anno,
409 1727 491 1762 Jan.
516 1725 576 1768 26,
599 1726 659 1769 28,
683 1726 788 1762 natio
812 1725 1069 1768 deliberabat,
1097 1740 1112 1761 α
1137 1739 1184 1762 an
1207 1726 1347 1763 festum
1368 1727 1492 1764 Caroli
1513 1730 1642 1778 Magni
1666 1729 1939 1773 celebraretur,
1958 1738 2023 1766 aut
2043 1732 2155 1767 non³.
2177 1745 2194 1766 n

315 1794 473 1831 Festum
493 1795 657 1844 patroni,
677 1795 698 1830 i.
720 1807 754 1830 e.
775 1796 812 1831 S.
836 1794 1042 1839 Edmundi,
1067 1807 1133 1832 seu
1160 1809 1176 1830 α
1197 1795 1336 1832 festum
1353 1797 1521 1833 nationis
1544 1811 1561 1832 »
1583 1798 1682 1844 (320,
1704 1798 1765 1842 143
1782 1799 1867 1840 435,
1891 1800 1950 1843 26,
1975 1800 2047 1846 36),
2080 1801 2196 1837 immo

269 1878 288 1899 α
325 1863 465 1900 festum
499 1863 774 1900 Almannorum
801 1877 818 1898 ³)
851 1863 952 1913 (889,
979 1864 1050 1911 42),
1082 1879 1099 1900 α
1133 1878 1154 1901 a
1178 1864 1418 1915 longissimis
1445 1867 1686 1916 temporibus
1718 1881 1735 1902 ι)
1758 1869 1855 1914 (320,
1883 1869 1952 1915 14),
1991 1871 2197 1919 quotannis

263 1931 451 1969 Novemb.
474 1932 522 1968 20
537 1945 624 1968 cum
645 1932 891 1969 solemnitate
912 1934 950 1968 in
972 1933 1137 1970 ecclesia
1158 1935 1325 1972 nationis
1341 1935 1368 1978 4,
1390 1942 1428 1972 et
1450 1935 1498 1972 ab
1519 1949 1579 1972 an.
1605 1937 1697 1973 1363
1721 1952 1737 1972 ι(
1758 1950 1846 1974 cum
1869 1939 2039 1975 crastino
2060 1952 2077 1973 »
2100 1939 2197 1976 cele-

267 2001 451 2038 brabatur
463 2002 560 2049 (292,
581 2001 639 2048 10)
650 2002 676 2037 ⁵.
689 2003 857 2038 Primum
871 2002 999 2039 officio
1013 2002 1142 2039 divino
1161 2004 1200 2039 in
1216 2003 1381 2040 ecclesia
1395 2004 1557 2042 durante
1570 2007 1770 2056 supposita
1787 2008 1954 2043 nationis
1973 2008 2193 2045 cantabant.

266 2070 345 2108 Sed
362 2083 449 2107 cum
471 2083 530 2106 an.
557 2070 702 2107 13701n
715 2072 886 2120 vesperis
900 2071 1053 2121 vigiliae
1069 2071 1155 2108 festi
1177 2074 1305 2122 potius
1321 2073 1534 2111 ululassent
1557 2088 1670 2124 quam
1689 2083 1924 2120 cantassent,
1948 2085 2196 2127 praeceptum

262 2147 340 2183 est,
362 2146 405 2176 ut
421 2139 468 2175 ad
484 2141 640 2176 missam
657 2139 774 2189 aliqui
790 2139 880 2176 boni
895 2148 1072 2178 cantores
1094 2141 1165 2178 sub
1182 2144 1489 2180 remuneratione
1505 2145 1672 2181 nationis
1688 2153 1846 2194 propter
1864 2146 2045 2194 majorem
2060 2146 2197 2183 solem-

267 2210 426 2246 nitatem
441 2208 748 2254 adducerentur(
751 2210 836 2254 373,
847 2210 893 2245 39
904 2213 1018 2260 sqq.).
1031 2212 1169 2247 Postea
1178 2213 1383 2260 quotannis
1397 2212 1525 2256 alieni,
1540 2228 1556 2248 (ι
1567 2213 1832 2263 solempnes»,
1842 2223 2019 2252 cantores
2031 2229 2197 2252 assume-

267 2278 406 2315 bantur
423 2277 510 2324 (vid.
533 2279 619 2321 406,
637 2279 680 2321 8;
702 2279 787 2323 417,
809 2278 874 2323 47;
892 2279 977 2322 460,
996 2280 1059 2323 22;
1083 2280 1168 2323 479,
1192 2281 1260 2326 20;
1282 2283 1367 2326 508,
1392 2283 1462 2329 19).
1487 2282 1562 2319 Sed
1585 2285 1688 2320 natio
1710 2283 1851 2321 debitis
1871 2293 2029 2322 onerata
2048 2288 2196 2336 magnis

266 2348 446 2397 expensis
483 2347 727 2398 gravabatur,
761 2355 799 2384 et
837 2361 896 2384 an.
939 2349 1032 2385 1380
1066 2351 1260 2388 statuebat
1291 2359 1332 2388 ut
1367 2353 1405 2388 in
1449 2352 1548 2389 festo
1580 2352 1743 2402 quilibet
1777 2368 1794 2389 «
1820 2367 1906 2390 voce
1944 2355 2196 2392 Alemanm'ca

263 2427 453 2462 cantaret,
475 2428 619 2468 quanto
637 2418 791 2454 dulcius
811 2421 926 2455 sciret
943 2434 960 2454 ι)
982 2420 1078 2467 (595,
1096 2421 1142 2467 4).

316 2488 471 2524 Festum
501 2488 540 2524 in
569 2487 735 2524 ecclesia
761 2487 886 2537 epulis
912 2489 949 2524 in
978 2488 1138 2526 taberna
1165 2490 1440 2539 excipiebatur.
1472 2505 1488 2525 «
1522 2491 1618 2527 Fieri
1649 2491 1788 2528 festum
1823 2493 1861 2528 in
1893 2492 2058 2529 ecclesia
2087 2501 2126 2530 et
2157 2494 2195 2529 in

264 2555 427 2593 taberna
449 2571 466 2591 ι)
490 2557 588 2603 (820,
612 2557 683 2603 33).
706 2557 866 2607 Aliquot
885 2557 968 2594 dies
988 2565 1076 2594 ante
1100 2558 1239 2595 festum
1263 2561 1300 2596 S.
1327 2559 1517 2596 Edmundi
1538 2559 1614 2597 duo
1633 2560 1692 2597 vel
1716 2568 1794 2597 tres
1821 2563 1991 2610 magistri
2014 2563 2192 2606 nationis,

309 2694 336 2722 1.
379 2692 556 2732 Aliquando
575 2693 810 2724 distributiones
826 2694 1059 2730 differebantur,
1078 2707 1091 2723 α
1107 2695 1178 2735 quia
1326 2697 1354 2726 3.
1400 2699 1473 2736 Reg.
1497 2698 1644 2732 Univers„
1663 2700 1696 2725 n⁰
1715 2697 1762 2731 10,
1785 2697 1836 2726 sol.
1861 2698 1932 2732 150;
1956 2697 2048 2735 Bur„
2073 2701 2118 2727 De
2132 2709 2195 2737 pa-

264 2741 350 2771 natio
366 2741 466 2771 nullas
484 2741 616 2772 habebat
630 2743 778 2782 pecunias
794 2749 824 2773 et
839 2750 922 2773 esset
935 2743 1078 2784 pluribus
1093 2745 1178 2774 debi-
1286 2747 1379 2774 tronis
1393 2747 1600 2774 [Vnationum
1623 2747 1839 2780 Universitatis,
1856 2757 1885 2785 p.
1902 2746 1950 2775 72.

268 2789 308 2819 tis
324 2796 460 2820 onerata.
485 2802 498 2819 ι
516 2790 671 2821 Absentes
690 2798 850 2831 praeterea
871 2793 902 2822 in
918 2793 1048 2832 pecunia
1068 2794 1179 2833 punie-
1327 2794 1356 2823 4.
1402 2794 1522 2823 Exinde
1554 2794 1648 2824 semel
1678 2795 1807 2824 ecclesia
1830 2795 1862 2824 S.
1891 2795 2045 2824 Edmundi
2068 2803 2195 2826 vocatur

267 2839 378 2869 bantur
393 2840 473 2879 (375,
493 2841 528 2870 17
546 2840 640 2880 sqq.).
1284 2843 1364 2883 (671,
1384 2843 1444 2882 37).

273 2899 277 2905 ·
308 2888 337 2917 2.
384 2890 428 2919 Un
436 2896 550 2928 compte
558 2889 595 2918 de
609 2891 640 2918 la
651 2891 752 2919 nation
763 2891 937 2920 allemande
948 2890 1061 2930 (Paris.
1074 2891 1174 2932 1875),
1323 2894 1352 2921 5.
1397 2891 1466 2922 Vid.
1488 2898 1650 2931 praeterea
1664 2892 1742 2921 infra
1756 2892 1786 2921 in
1803 2893 2001 2930 Kalendario,
2016 2894 2053 2922 ad
2065 2893 2143 2925 Nov.
2156 2895 2193 2924 21

267 2946 301 2976 p.
313 2937 344 2967 6.
1284 2940 1326 2980 (p.
1345 2941 1404 2980 10)-
