2632 3464
268 429 319 456 161

267 505 372 540 kinus,
403 506 552 546 magister
578 506 726 536 Albertus
755 505 793 534 de
825 504 1005 539 Helmestat‚
1033 504 1181 544 magister

266 554 423 584 Iohannes
447 556 486 584 de
514 555 668 590 Lovonio,
693 554 842 594 magister
867 553 1026 582 Johannes
1049 553 1177 585 Scotus,

267 603 417 643 magister
430 604 530 634 David
543 604 667 638 Scotus.
685 603 834 643 magister
847 602 997 631 Hinricus
1012 603 1050 631 de
1067 602 1176 636 Clivis,

267 650 415 690 magister
428 653 622 680 Hermanuus
637 651 701 689 [de]
716 649 844 684 Rotwil‚
860 649 1009 689 magister
1020 648 1178 678 ,lohannes

266 697 305 726 de
326 696 442 736 Aquis,
464 697 613 737 magister
633 696 858 736 Tylemannus‚
881 696 1030 735 magister
1048 695 1178 735 Egheli-

266 755 337 781 nus,
362 746 511 786 magister
539 745 720 775 Gerhardus
747 746 786 774 de
810 744 1002 779 Molendino,
1029 745 1178 785 magister

264 793 400 824 Thomas
419 794 547 830 Scotus‚
565 794 714 834 magister
730 793 888 823 lohannes
906 794 944 822 de
966 793 1093 833 Mynda.

305 843 418 873 Postea
435 843 551 883 incepit
566 843 710 872 dominus
727 842 861 872 Thomas
882 843 921 872 de
940 842 1096 872 Harkars⁴
1117 843 1175 872 sub

265 892 414 932 magistro
439 892 565 922 Galtero
587 893 624 934 de
651 891 820 921 Wardelav
843 892 948 926 Semo,
974 891 1061 932 cujus
1081 893 1175 922 bursa

263 940 319 970 XV
336 941 440 971 solidi.

306 989 381 1019 Item
403 990 520 1030 incepit
540 990 684 1019 dominus
707 989 920 1019 Theodericus
942 991 980 1019 de
1005 990 1175 1020 Confluen-

262 1038 309 1067 cia
339 1039 397 1068 sub
419 1039 568 1078 magistro
589 1038 729 1068 Johanne
747 1039 785 1068 de
807 1038 958 1074 Wesalia,
976 1038 1063 1079 cujus
1079 1040 1174 1069 bursa

261 1086 508 1176 Xllltesrzhiiilliepit
522 1136 667 1166 dominus
681 1136 893 1166 Theodericus
910 1138 948 1166 de
969 1137 1100 1167 Sitthert
1114 1139 1172 1168 sub

261 1185 381 1221 eodem,
398 1184 486 1225 cujus
503 1187 598 1215 bursa
614 1185 687 1215 V111
707 1186 812 1215 solidi.

301 1234 376 1264 Item
399 1235 646 1275 congregacione
671 1235 750 1264 facta
771 1236 854 1275 apud
873 1235 1019 1265 Sanctum
1039 1236 1171 1266 Maturi-

260 1293 332 1312 num
353 1293 449 1323 super
465 1283 623 1313 eleccione
638 1284 742 1313 nuncii
760 1283 980 1314 Universitatis
998 1291 1028 1314 et
1042 1295 1171 1325 compo-

259 1332 402 1362 nencium
427 1332 572 1367 rotulum,
594 1332 684 1362 electi
710 1333 833 1363 fuerunt
854 1334 994 1374 magistri
1018 1335 1170 1374 composi-

258 1387 344 1411 tores
358 1381 452 1411 rotuli
468 1381 617 1421 magister
628 1382 786 1412 ,lohannes
800 1383 838 1412 de
855 1383 1006 1417 Wesalia.
1022 1384 1170 1423 magister

259 1429 407 1460 Hinricus
422 1430 460 1460 de
476 1430 602 1470 Mynda,
618 1431 766 1471 magister
779 1431 936 1461 Johannes
952 1433 990 1461 de
1006 1432 1167 1469 Lowonio,

259 1479 407 1519 magister
423 1478 572 1509 Albertus
589 1486 620 1509 et
637 1480 786 1520 magister
801 1480 959 1510 Johannes
979 1481 1102 1510 Scotus.

296 1576 388 1606 Anno
405 1577 530 1606 Domini
548 1577 800 1613 M⁰.CCC⁰.L11⁰‚
821 1578 871 1607 die
889 1579 987 1608 sabati
999 1578 1011 1597 ²
1027 1580 1170 1619 proxima

257 1631 327 1655 ante
349 1626 459 1655 festum
479 1625 656 1656 Nativitatis
675 1626 806 1662 Christi,
826 1627 903 1657 facta
921 1629 1168 1668 congregacione

256 1674 398 1704 nacionis
420 1673 593 1715 Anglicane
617 1676 700 1715 apud
725 1675 871 1706 Sanctum
895 1676 1050 1706 Julianum
1073 1688 1170 1717 super

255 1722 411 1753 eleccione
443 1723 674 1763 procuratoris,
705 1725 855 1764 magister
885 1725 1067 1755 Gerhardus
1105 1727 1166 1765 [de]

256 1771 389 1802 Dulmen
410 1772 449 1802 de
466 1772 580 1802 Pruzia
598 1773 793 1803 continuatus
812 1774 868 1803 fuit
885 1774 916 1803 in
934 1782 1167 1814 procuratorem

253 1820 339 1851 nullo
350 1821 474 1861 penitus
492 1821 692 1858 reclamante,
713 1822 743 1852 in
752 1821 840 1862 cujus
858 1824 1073 1863 procuratoria
1091 1825 1168 1854 facta

257 1876 329 1900 sunt
343 1880 404 1910 que
419 1877 603 1910 sequuntur.

296 1918 402 1949 Primo
425 1919 541 1949 electus
566 1919 623 1950 suit
648 1921 846 1950 concorditer
867 1921 899 1950 in
922 1922 1066 1951 nuncium
1092 1922 1167 1952 Uni-

254 1968 411 1998 versitatis
435 1978 472 1998 ex
499 1975 586 2008 parte
611 1969 751 1999 nacionis
778 1970 926 2010 magister
952 1971 1100 2001 Hinricus
1128 1973 1166 2002 de

253 2016 385 2056 Mynda,
411 2017 460 2047 cui
487 2017 618 2057 quilibet
641 2019 790 2058 magister
818 2019 920 2049 rotulo
944 2020 1166 2051 Universitatis

253 2065 390 2096 insertus
407 2066 535 2096 tradidit
549 2076 608 2107 pro
626 2068 764 2106 presenti
782 2067 810 2097 11
829 2074 927 2098 scuta.

293 2113 368 2144 Item
382 2115 498 2154 incepit
512 2115 655 2145 dominus
668 2115 832 2156 Adolphus
847 2117 885 2147 de
899 2116 1093 2158 Angermont
1106 2119 1164 2148 sub

252 2163 401 2204 magistro
417 2163 557 2194 Johanne
577 2165 615 2194 de
635 2165 790 2200 Wesalia,
807 2165 894 2205 cujus
913 2168 1007 2196 bursa
1023 2168 1042 2196 4
1058 2168 1161 2197 solidi.

294 2212 368 2242 Item
384 2212 500 2253 incepit
514 2214 659 2244 dominus
672 2213 830 2244 lohannes
848 2215 1046 2252 Hardewost‚
1062 2217 1163 2247 dictus

251 2261 289 2291 de
308 2261 441 2297 Bothen,
461 2262 519 2292 sub
535 2263 684 2303 magistro
697 2263 838 2294 ,iohanne
854 2266 892 2294 de
908 2265 1059 2301 Wesalia,
1075 2265 1162 2306 cujus

252 2310 346 2340 bursa
360 2310 418 2341 Xll
438 2310 541 2340 solidi.

293 2358 367 2389 Item
385 2360 541 2390 concessit
557 2361 646 2390 nacio
661 2362 812 2402 magistro
826 2362 973 2403 Adolpho
987 2364 1071 2403 quod
1086 2374 1163 2404 pos·-

251 2414 300 2438 set
316 2408 438 2438 solvere
457 2409 569 2439 bursas
590 2420 662 2440 suas
685 2420 742 2450 pro
762 2411 944 2451 incepcione
967 2422 1023 2442 sua
1044 2423 1061 2442 a
1084 2413 1162 2443 sesto

251 2456 372 2487 Pasche
386 2467 486 2498 usque
498 2459 537 2488 ad
551 2469 662 2489 annum
676 2459 838 2496 inclusive,
851 2467 980 2501 excepta
992 2462 1086 2491 bursa
1101 2473 1162 2502 que

249 2506 343 2536 debet
359 2507 482 2537 refundi
496 2508 611 2538 rectori
627 2514 657 2538 et
674 2508 798 2539 sallario
814 2509 1018 2540 bedellorum.

292 2554 367 2585 Item
391 2556 507 2596 incepit
531 2549 680 2587 *dominus
706 2557 894 2588 Wilhelmus
918 2559 1078 2589 Zwrmont
1102 2561 1160 2590 sub

250 2604 399 2645 magistro
415 2605 555 2636 Johanne
570 2607 609 2635 de
626 2606 777 2642 Wesalia,
796 2606 884 2647 cujus
899 2608 994 2638 bursa
1010 2608 1081 2639 Vlll
1100 2610 1158 2640 sol.

291 2652 367 2684 Item
390 2654 506 2694 incepit
527 2655 670 2685 dominus
695 2655 854 2686 Get-ardus
877 2657 940 2687 Leo
961 2658 1019 2687 sub
1039 2659 1158 2696 eodem,

249 2701 338 2742 cujus
353 2703 448 2733 bursa
463 2703 569 2733 nichil.

282 2849 305 2873 1.
338 2850 408 2874 Inter
419 2850 502 2874 linea·
514 2851 579 2876 aad.
590 2851 695 2877 scota..

282 2885 306 2908 2.
337 2885 368 2909 22
379 2885 533 2911 Decembris.

281 2920 305 2943 8.
338 2920 446 2945 NIcolao
455 2921 576 2954 Capocci,
587 2922 661 2947 card.
671 2924 690 2947 S
698 2941 704 2948 .
713 2923 802 2948 Vinalia
809 2924 843 2949 ab
854 2933 898 2949 an.
909 2925 978 2954 1³⁵0,
992 2926 1021 2949 ¹7
1031 2926 1158 2956 Dec-emb..

249 2954 297 2987 μα’
307 2958 383 2979 anua
392 2956 445 2988 suit
455 2957 532 2989 episc.
550 2957 690 2991 Urgellem.

329 3001 444 3021 Auen-rima
454 3001 579 3023 clumbe-‘n‘
589 3003 678 3025 vniam.
686 3004 752 3025 rnn'a.
763 3015 790 3021 —
800 3004 816 3025 l.

787 430 901 456 LIBER
926 428 1240 456 PROCURATORUM
1267 428 1447 455 NATIONIS
1470 429 1716 455 ANGLICANAE

1233 704 1249 730 5

1213 950 1247 976 10

1209 1195 1243 1221 15

1207 1441 1241 1467 20

1206 1687 1240 1712 25

1204 1932 1238 1959 30

1201 2179 1235 2205 35

1199 2425 1234 2452 40

1197 2671 1232 2698 45

2150 433 2203 458 162

1699 506 1797 534 1353

1291 575 1531 613 [Procuratio
1554 577 1727 616 magistri
1755 576 1872 606 David
1900 579 1942 606 de
1970 578 2198 618 Coygners.]

1600 623 1613 635 ο
1677 623 1712 636 mo

1327 641 1419 671 Anno
1445 643 1569 672 Domini
1597 643 1737 673 M.CCC.
1765 643 2024 683 quinquagesimo
2046 647 2199 679 secundm

1287 691 1336 720 die
1369 691 1473 720 XVIII
1503 692 1618 721 mensis
1652 692 1806 727 Januarii,
1842 693 1919 722 sacta
1952 695 2199 733 congregacione

1286 740 1425 769 nacionis
1454 740 1625 780 Anglicane
1653 742 1734 780 apud
1766 742 1911 771 Sanctum
1939 742 2093 772 Julianum
2123 754 2201 783 pau-

1286 799 1391 828 perem
1415 799 1510 829 super
1529 789 1680 819 electione
1703 791 1927 830 procuratoris,
1949 791 2062 820 ibidem
2085 792 2200 822 electus

1285 838 1341 868 suit
1359 839 1558 868 concorditer
1579 839 1609 868 in
1633 846 1867 878 procuratorem
1893 839 2030 879 ejusdem
2057 841 2198 871 nacionis

1285 887 1433 927 magister
1450 888 1550 916 David
1571 889 1609 917 de
1631 888 1795 928 Coygners
1817 889 1945 924 Scotus,
1966 890 1996 918 in
2015 889 2103 930 cujus
2121 901 2197 930 pro-

1284 937 1438 966 curatoria
1452 943 1541 977 gesta
1556 943 1628 966 sunt
1646 937 1702 966 hec
1718 948 1778 977 que
1797 945 1980 977 sequuntur.

1324 985 1360 1014 In
1379 986 1487 1025 primis
1503 986 1651 1026 magister
1665 987 1866 1026 NVyskynus,
1887 998 1987 1027 nuper
2006 994 2075 1018 ante
2094 995 2200 1018 rector

1283 1034 1423 1069 ultimus,
1444 1035 1551 1064 eodem
1571 1035 1654 1064 dicto
1676 1035 1778 1065 XVIII
1797 1036 1846 1065 die
1866 1037 2003 1066 reddidit
2023 1045 2197 1077 compotum

1283 1094 1370 1113 suum
1395 1094 1491 1124 super
1514 1084 1658 1114 omnibus
1685 1091 1715 1114 et
1741 1085 1874 1124 singulis
1899 1093 2038 1126 tempore
2065 1087 2197 1116 rectorie

1282 1133 1416 1172 receptis
1431 1139 1461 1162 et
1476 1134 1634 1173 expensis,
1652 1140 1682 1163 et
1700 1134 1849 1164 satisfecit
1864 1145 1902 1164 ex
1918 1141 1982 1164 toto
1999 1136 2144 1165 facultati.

1322 1181 1396 1211 Item
1417 1183 1525 1211 eodem
1543 1183 1592 1212 die
1611 1184 1688 1212 sacta
1710 1185 1957 1224 congregacione
1978 1185 2117 1214 nacionis
2137 1186 2198 1214 ibi-

1280 1231 1361 1266 dem,
1388 1241 1536 1260 concessa
1560 1232 1615 1261 suit
1637 1242 1696 1261 una
1719 1232 1821 1261 littera
1846 1234 1903 1262 sub
1929 1234 2032 1273 sigillo
2056 1235 2196 1263 nacionis

1279 1280 1443 1320 dirigenda
1462 1281 1586 1309 domino
1602 1281 1750 1310 cardinali
1769 1282 1806 1311 de
1825 1281 1979 1321 Capuccio
1991 1282 2004 1301 ³
2020 1293 2079 1322 pro
2098 1284 2197 1323 magi—

1279 1335 1344 1358 stro
1357 1329 1518 1359 Bernardo
1533 1330 1716 1364 Alamanno,
1732 1341 1768 1360 eo
1785 1332 1867 1370 quod
1883 1342 1944 1360 non
1958 1333 2098 1371 prevenit
2109 1339 2196 1362 rotu-

1276 1372 1356 1413 lum,
1391 1385 1421 1408 et
1455 1379 1534 1408 cavit
1562 1379 1670 1414 michi,
1708 1380 1906 1419 presentibus
1945 1382 2104 1421 magistris
2143 1383 2195 1422 qui

1278 1427 1484 1457 interfuerunt
1503 1428 1683 1468 sigillationi
1707 1435 1738 1458 et
1760 1429 1909 1464 bedellis,
1937 1431 2019 1469 quod
2046 1431 2073 1460 si
2095 1431 2196 1461 littera

1277 1483 1487 1516 consequatur
1503 1477 1655 1512 effectum,
1672 1478 1858 1517 gratificabit
1873 1479 2030 1508 nuncium.

1319 1526 1394 1555 Item
1420 1527 1497 1555 facta
1519 1527 1765 1567 congregacione
1785 1528 1925 1557 nacionis
1945 1530 2027 1567 apud
2047 1529 2191 1559 Sanctum

1278 1575 1477 1610 Maturinum‚
1489 1575 1558 1604 ΧΧο
1573 1576 1622 1605 die
1638 1576 1712 1605 dicti
1728 1577 1856 1611 mensis,
1871 1577 2060 1617 supplicavit
2072 1579 2194 1608 nacioni

1277 1624 1426 1664 magister
1445 1625 1611 1654 Bertoldus
1629 1625 1818 1655 Alamannus
1837 1636 1896 1666 pro
1913 1627 2069 1656 consimili
2091 1628 2193 1657 littera

1277 1674 1360 1703 dicto
1384 1673 1549 1708 cardinali,
1580 1680 1609 1703 et
1634 1684 1782 1704 concessa
1808 1675 1873 1704 fuit.
1905 1675 1996 1705 Cavit
2032 1683 2065 1706 ut
2098 1687 2193 1717 supra

1277 1733 1335 1762 pro
1354 1723 1475 1752 nuntio.

1319 1771 1394 1801 Item
1409 1771 1521 1801 XXVII
1539 1772 1588 1801 die
1604 1773 1678 1802 dicti
1694 1773 1810 1802 mensis
1825 1770 1906 1813 apud
1924 1774 2070 1804 Sanctum
2090 1775 2190 1804 Matu-

1277 1821 1377 1850 rinum
1396 1827 1469 1860 post
1490 1822 1768 1862 congregacionem
1787 1823 1963 1863 generalem
1985 1824 2099 1853 ibidem
2123 1831 2191 1853 ten-

1277 1876 1335 1899 tam
1368 1871 1445 1899 facta
1472 1871 1718 1910 congregacione
1741 1872 1880 1901 nacionis
1908 1882 2005 1912 super
2034 1873 2190 1903 eleccione

1276 1919 1516 1948 examinatorum
1531 1920 1804 1950 determinancium
1817 1921 1957 1950 nacionis
1970 1927 2088 1957 nostre,
2102 1923 2190 1952 electi

1276 1968 1398 1998 fuerunt
1415 1978 1545 1998 assensu
1569 1969 1704 1999 unanimi
1727 1970 1944 2010 magistrorum
1964 1972 2117 2006 omnium,
2137 1972 2190 2011 qui

1274 2017 1490 2053 interfuerunt,
1508 2018 1656 2058 magister
1673 2019 1860 2058 Wyskinus,
1877 2020 2025 2060 magister
2040 2020 2189 2051 Albertus

1274 2076 1335 2096 una
1349 2076 1417 2096 cum
1434 2067 1552 2106 prefato
1569 2074 1783 2107 procuratore.

1313 2163 1386 2204 (Vol.
1416 2163 1619 2204 19¹³)⁴Ann0
1644 2165 1769 2195 Domini
1797 2165 1960 2196 millesimo
1988 2147 2068 2198 CffioC
2093 2169 2187 2207 quin-

1273 2213 1455 2253 quagesimo
1475 2214 1583 2243 tercio.

1313 2262 1388 2292 Item
1405 2262 1432 2292 X
1449 2263 1499 2292 die
1518 2263 1633 2293 mensis
1656 2263 1815 2294 Februarii
1839 2265 1916 2295 facta
1937 2267 2184 2306 congregacione

1272 2311 1411 2341 nacionis
1434 2313 1515 2351 apud
1539 2312 1683 2342 Sanctum
1706 2313 1892 2343 Maturinum
1909 2324 2005 2354 super
2029 2315 2184 2345 eleccione

1272 2361 1514 2390 examinatorum
1538 2361 1570 2390 in
1597 2362 1734 2391 examine
1765 2363 1876 2392 Sancte
1907 2363 2095 2403 Genovephe
2128 2375 2186 2404 pro

1271 2419 1352 2439 anno
1369 2410 1520 2449 presenti,
1533 2410 1650 2440 electus
1661 2412 1859 2441 concorditer
1871 2413 2018 2452 magister
2034 2413 2186 2443 Herman-

1270 2469 1330 2489 nus
1347 2459 1386 2488 de
1403 2459 1541 2499 Rotwyl.

1312 2508 1387 2538 Item
1402 2507 1476 2538 Xlll
1493 2509 1542 2538 die
1559 2508 1719 2539 Februarii
1737 2511 1817 2550 apud
1836 2510 1979 2540 Sanctum
1996 2511 2183 2541 Maturinum

1271 2563 1342 2597 post
1354 2557 1545 2587 audicionem
1560 2558 1729 2588 litterarum
1745 2559 1966 2589 destinatarum
1985 2560 2185 2590 Universitati

1269 2617 1287 2636 a
1306 2606 1428 2636 nunciis
1449 2607 1487 2636 de
1511 2607 1676 2643 Avinione,
1701 2609 1777 2638 sacta
1799 2609 1912 2638 ibidem
1936 2610 2184 2649 congregacione

1270 2655 1420 2691 nacionis,
1446 2655 1633 2696 supplicavit
1651 2657 1799 2697 magister
1816 2657 1963 2687 Albertus
1976 2668 2033 2697 pro
2048 2669 2108 2688 una
2133 2658 2186 2688 lit-

1268 2710 1334 2734 tera
1358 2706 1416 2734 sub
1441 2705 1546 2745 sigillo
1572 2706 1712 2735 nacionis
1739 2706 1902 2746 dirigenda
1927 2708 2054 2737 domino
2079 2708 2182 2737 cardi-

1269 2754 1330 2783 nali
1352 2753 1639 2789 Autisiodorensi⁵‚
1665 2761 1697 2784 ut
1727 2756 1888 2795 provideat
1911 2756 2009 2785 eidem
2034 2757 2184 2796 magistro

1299 2857 1322 2880 4.
1356 2858 1385 2880 In
1398 2856 1514 2888 margine
1526 2857 1654 2888 cuper-lori
1670 2856 1764 2889 legitur
1778 2858 1913 2882 Emanuel.
1927 2871 1958 2876 —
1981 2858 2061 2882 Verba
2078 2859 2182 2883 Anno...

1268 2892 1346 2916 tertio
1357 2892 1442 2916 deleta
1459 2895 1528 2916 eunt.

1299 2929 1323 2951 ⁵.
1358 2928 1434 2952 petro
1445 2927 1477 2951 de
1488 2928 1578 2955 Croso.
1596 2928 1643 2960 qui
1652 2928 1702 2960 suit
1716 2928 1833 2960 pmuimr
1847 2929 1987 2953 Seriumne.
2011 2929 2063 2954 Vici.
2080 2930 2112 2953 de
2129 2930 2183 2962 ipso

1269 2963 1294 2987 In
1309 2963 1439 2992 Chartul„
1451 2964 1484 2993 ll,
1495 2965 1548 2994 556,
1562 2967 1615 2988 not.
1633 2965 1655 2988 2.

2079 3011 2101 3030 n
