2632 3464
0 1017 8 1100 -ur-,v-
0 943 8 1009 -r-vn—
0 781 10 934 vrwvrrvv-r·
9 763 11 766 .

273 458 325 485 565
778 457 892 484 LIBER
916 454 1230 483 PROCURATORUM
1254 454 1434 482 NATIONIS
1457 454 1700 482 ANGLICANAE
2147 458 2205 483 566·

271 535 310 564 ab
318 534 462 564 omnibus
470 534 640 574 approbato
651 534 763 564 mansit
772 538 915 573 receptor
922 532 1044 562 nacioni
1054 531 1177 561 debitus

272 583 304 613 in
318 583 376 612 Vll
392 583 481 613 libris
501 593 568 612 cum
590 583 632 613 lll
653 581 775 612 sollidis
790 588 820 612 et
838 582 866 611 11
884 581 1030 611 denariis.
1048 580 1089 610 Et
1103 590 1178 620 pro-

271 638 344 662 tunc
373 632 490 662 clectus
515 638 582 662 erat
603 632 635 661 in
658 637 889 672 procuratorem
918 629 1115 660 concorditer
1140 629 1178 658 ab

270 681 414 711 omnibns
435 681 593 721 magistris
614 681 762 722 magister
778 679 963 709 Fredericus
982 679 1020 708 de
1042 678 1180 708 Waren-

271 731 380 770 dorpe,
395 730 448 770 qui
466 739 551 760 more
563 730 716 759 consueto
730 739 769 758 ex
783 727 950 758 concordia
961 727 1178 768 magistrorum

272 779 365 808 solvit
386 779 398 808 l
421 780 570 814 francum,
595 778 648 818 qui
675 778 897 818 perpotabatur
925 777 956 806 in
980 777 1072 817 signo
1096 776 1179 806 dicto

271 827 368 857 tur-bot
384 838 482 868 prope
495 837 624 868 parvum
639 833 774 867 pontem.

311 877 386 906 ltem
404 877 436 906 in
451 877 557 906 eadem
572 876 819 916 congregacione
832 874 1018 915 supplicavit
1033 874 1180 915 magister

272 925 364 966 Hugo
390 926 431 955 de
459 925 614 955 Heu-vom
642 925 776 959 nacioni,
802 925 886 964 quod
915 924 1093 954 restitueret
1119 923 1179 953 sibi

271 973 363 1004 xnn
382 974 512 1010 solidos,
529 983 609 1014 quos
628 974 772 1013 exposuit
794 983 851 1013 pro
872 973 1179 1013 reparacionibusrin

271 1023 388 1053 scholis
417 1023 480 1063 (sie)
509 1031 620 1062 septem
645 1025 777 1059 arcium,
806 1029 836 1052 et
857 1022 909 1052 illa
934 1023 991 1052 suit
1016 1022 1076 1052 sibi
1104 1032 1180 1052 con-

274 1082 374 1102 cessa.

311 1121 383 1162 (Fal.
401 1123 439 1151 19
451 1120 476 1161 Ι’)
492 1121 567 1150 Item
583 1128 664 1161 anno
681 1121 822 1160 predicto
840 1122 916 1150 sacta
933 1121 1180 1161 congregacione

270 1170 411 1200 nacionis
433 1169 606 1210 Anglicane
636 1171 718 1210 apud
746 1170 891 1199 Sanctum
915 1169 1103 1200 Maturinum
1131 1170 1180 1199 die

269 1219 377 1249 martis
393 1225 464 1249 ante
479 1219 589 1249 l'estum
604 1219 816 1259 apostolorum
832 1219 977 1259 Symonis
993 1225 1023 1248 et
1043 1218 1177 1248 sudem·

309 1268 385 1298 Item
404 1278 485 1298 anno
498 1269 639 1308 predicto
654 1268 710 1298 suit
727 1268 804 1298 facta
822 1269 1028 1308 congregacio
1042 1268 1180 1298 nacionis

271 1323 331 1347 etc.
348 1317 430 1357 apud
447 1317 640 1357 Cordigeros
655 1317 687 1346 in
705 1317 754 1347 die
774 1323 950 1347 sanctorum
969 1317 1180 1357 apostolorum

272 1366 418 1406 Symonis
446 1372 476 1396 et
505 1365 605 1396 Jude²
636 1367 674 1396 ad
714 1367 964 1396 concordandum
999 1367 1180 1407 magistrum

270 1415 441 1445 Jobannem
453 1415 580 1446 Luberti
597 1422 628 1445 et
640 1416 822 1455 magistrum
839 1415 993 1445 Andream
1008 1417 1047 1445 de
1063 1409 1181 1445 Leder-

270 1465 355 1500 dam,
402 1464 559 1505 litigantes
595 1474 654 1504 pro
690 1464 806 1494 scholis
851 1465 991 1505 magistri
1030 1464 1181 1494 Johannis

272 1513 424 1549 Hokelen,
450 1513 481 1542 in
503 1523 564 1553 qua
583 1513 780 1543 concorditer
800 1514 1002 1543 deliberatum
1023 1514 1078 1543 suit
1097 1515 1180 1554 quod

271 1563 420 1592 deberent
434 1572 468 1592 se
484 1562 665 1592 submittere
679 1563 768 1598 sorti,
782 1563 843 1602 ipsi
853 1573 928 1592 vero
943 1563 1032 1592 ambo
1048 1573 1181 1593 concor-

271 1611 352 1641 diter
373 1612 512 1641 fecerunt
523 1611 622 1651 proici
638 1621 761 1641 sursum
781 1621 875 1641 unum
896 1612 997 1641 album
1008 1625 1015 1648 3
1034 1612 1182 1652 magister

271 1659 413 1690 Andreas
422 1660 521 1690 voluit
535 1670 657 1690 crucem
672 1666 703 1690 et
721 1661 869 1700 magister
882 1661 1039 1690 Johannes
1055 1660 1182 1691 Luberti

272 1715 434 1739 monetam.
456 1709 598 1739 obtinuit
611 1719 670 1749 per
691 1715 843 1739 monetam
862 1710 1009 1750 magister
1025 1710 1182 1740 Johannes

272 1758 412 1789 Lubet-ti..

311 1807 386 1837 Item
408 1817 489 1837 anno
510 1807 652 1847 predicto
675 1807 753 1837 facta
773 1808 1020 1848 congregacione
1043 1808 1182 1838 nacionis

270 1856 442 1896 Anglicane
453 1855 483 1886 in
492 1855 562 1886 die³
570 1856 724 1886 dominica
734 1863 806 1896 post
813 1857 922 1886 festum
933 1857 1077 1887 Omnium
1089 1857 1182 1887 Sanc-

271 1911 372 1935 torum
394 1911 466 1944 post
484 1915 658 1935 sermonem
680 1906 712 1935 in
736 1906 828 1935 domo
850 1906 1012 1946 capitulari
1035 1907 1183 1936 Predica-

271 1961 371 1984 torum
385 1964 442 1994 pro
458 1954 710 1994 reparacionibus
726 1955 900 1984 scholarum
917 1955 1096 1985 inferiorum
1110 1966 1184 1985 ver-

273 2013 327 2033 sus
358 2002 522 2039 Secanam,
559 2003 615 2033 suit
647 2004 822 2034 ordinatum
854 2005 1066 2040 concorditer,
1099 2005 1182 2045 quod

272 2052 416 2081 dominus
426 2059 580 2092 receptor,
595 2052 715 2082 scilicet
727 2053 876 2093 magister
887 2054 902 2083 J
907 2053 1044 2083 ohannes
1061 2053 1183 2083 Stralen

273 2100 400 2130 haberet
414 2101 582 2140 plenariam
597 2107 779 2141 potestatem
790 2112 849 2132 una
863 2112 931 2132 cum
946 2102 1006 2132 alio
1020 2103 1181 2143 magistro,

273 2160 363 2190 quem
378 2150 416 2179 ad
433 2150 490 2179 hoc
507 2157 668 2190 acceptare
682 2150 775 2180 vellet
790 2152 827 2180 ad
843 2151 1047 2181 ordinandum
1067 2158 1097 2181 et
1112 2162 1183 2182 con-

273 2199 461 2229 cordandum
478 2199 543 2229 sive
560 2199 784 2230 terminandum
802 2210 876 2240 erga
894 2200 1074 2240 magistrum
1093 2200 1184 2230 Ghil-

273 2248 392 2278 bertum
415 2249 454 2278 de
482 2248 736 2288 reparacionibus
756 2249 965 2288 predictarum
995 2249 1181 2280 scholarum.

274 2296 332 2326 Die
349 2307 424 2326 vero
447 2303 596 2337 sequente
615 2297 699 2327 venit
718 2298 866 2338 magister
883 2298 1040 2328 Johannes
1061 2299 1183 2328 Stralen

271 2345 432 2385 predictus
451 2355 519 2376 cum
539 2346 688 2386 magistro
707 2346 869 2376 Gherardo
891 2347 1005 2376 Kalker
1021 2348 1058 2376 ad
1078 2348 1184 2377 nacio-

273 2404 354 2430 nem,
373 2395 512 2424 dicentes
527 2405 581 2424 eos
601 2395 696 2424 fuisse
710 2395 829 2425 locutos
843 2395 992 2435 magistro
1007 2395 1182 2432 Ghilberto,

273 2443 326 2483 qui
355 2444 552 2483 respondidit
577 2444 622 2473 eis
646 2445 729 2484 quod
754 2444 846 2474 vellet
870 2445 969 2474 facere
996 2451 1060 2475 tres
1086 2446 1184 2475 bonas

273 2491 395 2522 scholas
414 2493 453 2522 de
475 2492 591 2522 scholis
615 2493 774 2532 predictis,
799 2494 854 2523 sed
876 2493 968 2523 vellet
993 2493 1106 2523 habere
1130 2504 1184 2523 sex

273 2540 369 2571 libras
389 2541 420 2570 in
437 2541 520 2571 omni
541 2551 632 2571 anno.
656 2542 777 2580 Quibus
796 2542 918 2572 duobus
938 2543 1096 2583 magistris
1112 2553 1185 2583 pre-

273 2589 365 2620 dictis
383 2590 470 2620 nacio
492 2591 712 2630 respondebat,
732 2592 815 2631 quod
836 2592 914 2621 bene
931 2592 1024 2621 vellet
1043 2592 1116 2621 dare
1130 2602 1183 2622 sex

274 2637 370 2668 libras
382 2645 413 2669 et
425 2639 507 2679 quod
521 2639 618 2669 sorum
629 2650 733 2670 secum
748 2650 806 2680 pro
821 2647 904 2670 tanto
921 2641 1026 2680 precio
1037 2642 1182 2671 facerent.

274 2686 360 2717 Tunc
375 2687 504 2718 ulterius
514 2689 592 2718 sacto
609 2690 759 2729 prandeo,
774 2699 832 2730 ego
848 2696 878 2719 et
888 2690 1030 2719 dominus
1042 2696 1185 2730 receptor

273 2736 433 2775 predictus
445 2737 631 2777 etmagister
643 2738 734 2778 Hugo
748 2739 785 2767 de
800 2738 952 2768 Hervorst
966 2748 1033 2768 cum
1044 2738 1183 2769 Johanne

273 2784 395 2814 bedello
410 2785 521 2815 ivimus
537 2786 576 2815 ad
591 2787 771 2827 magistrum
788 2787 993 2823 Gliilbertum,
1010 2794 1041 2817 et
1056 2798 1183 2818 concor-

274 2834 412 2864 davimu·
423 2843 527 2864 secum
539 2835 623 2874 quod
635 2836 748 2866 iaceret
760 2842 825 2866 tres
835 2836 958 2866 scholas
970 2837 1057 2866 sicud
1068 2836 1181 2867 dictum

305 2916 327 2940 1.
361 2916 404 2940 sie
414 2917 541 2942 sententia
551 2925 653 2948 manea,
666 2918 740 2951 cujac
754 2919 867 2952 quinque
876 2919 966 2952 priora
981 2920 1104 2944 vocabula
1117 2928 1181 2945 can-

274 2951 368 2976 cellata
382 2955 449 2978 nunt.

305 2987 327 3010 2.
363 2988 393 3011 28
407 2987 530 3012 Octobris.

1287 537 1345 567 est,
1366 541 1426 570 pro
1448 532 1560 571 quibus
1585 542 1623 561 ex
1646 538 1732 571 parte
1753 532 1890 561 nacionis
1915 533 2113 572 promisimus
2133 534 2194 564 sibi

1286 580 1370 610 omni
1381 590 1466 610 'anno
1483 591 1537 610 sex
1555 581 1662 610 libras.

1328 629 1404 659 Item
1427 630 1459 659 in
1479 631 1584 659 eadem
1606 631 1784 670 supradicta
1806 631 1855 659 die
1877 631 2030 660 dominica
2049 633 2193 662 dominus

1289 678 1489 709 Everhardus
1514 679 1653 709 Bummel
1676 680 1794 719 recepit
1817 679 1914 709 libros
1942 690 2016 709 suos
2043 682 2081 710 de
2103 682 2204 711 archa·

1288 728 1438 763 nacionis,
1453 738 1533 768 quos
1547 728 1653 768 posuit
1663 738 1722 768 pro
1740 728 1950 758 bachulariatu
1966 739 2034 764 suo,
2054 740 2111 769 pro
2125 731 2205 769 qui--

1287 778 1346 806 hus
1359 777 1437 806 dixit
1448 777 1592 807 dominus
1605 784 1749 816 receptor
1763 778 1864 817 ipsum
1880 778 1940 807 sibi
1956 778 2155 808 satisfecisse.

1329 825 1404 855 Item
1423 827 1473 855 die
1488 825 1594 866 jovis⁴
1617 833 1689 865 post
1709 827 1789 855 diem
1817 827 2000 856 dominicam
2024 828 2191 866 predictam

1233 880 1236 883 '
1288 875 1451 915 magister·
1469 875 1670 905 Gherhardus
1703 875 1818 905 Kalker
1852 875 1978 905 tradidit
2011 878 2025 905 1
2062 878 2197 906 francum

1218 977 1252 1003 10

1218 1223 1252 1249 15

1219 1469 1253 1495 20

1220 1714 1254 1740 25

1220 1958 1262 1985 30>

1221 2203 1255 2230 35

1221 2448 1256 2475 40

1222 2693 1255 2720 45

1288 924 1413 953 domino
1427 925 1582 964 receptori
1598 935 1635 954 ex
1650 931 1736 964 parte
1751 925 1890 965 magistri
1902 925 2040 955 Conradi
2062 926 2099 955 de
2121 926 2197 955 Hal-

1288 972 1328 1003 lis
1349 983 1407 1013 pro
1428 973 1494 1013 ejus
1509 972 1646 1013 jocundo
1666 974 1805 1010 introitu,
1827 984 1917 1014 quem
1941 975 2077 1004 francum
2098 976 2196 1014 magi-

1289 1028 1353 1052 ster
1377 1021 1557 1052 Gherardus
1579 1023 1738 1062 predictus
1757 1024 1875 1063 recepit
1900 1034 1917 1052 a
1937 1023 2197 1063 magistro⁴Con-

1289 1071 1376 1106 rado,
1399 1082 1466 1101 cum
1491 1072 1551 1101 sibi
1573 1072 1725 1112 persolvit
1743 1073 1890 1112 pecunias
1915 1082 1972 1112 pro
1986 1073 2197 1112 'imposicione

1289 1120 1393 1156 rotuli,
1406 1130 1465 1160 pro
1479 1121 1592 1160 quibus
1604 1121 1746 1160 pecuniis
1758 1122 1863 1161 posuit
1875 1121 1981 1151 literas
1995 1122 2197 1162 obligatorias

1289 1171 1327 1199 ad
1339 1170 1462 1199 archam
1479 1170 1629 1200 nacionis.

1330 1219 1405 1248 Item
1430 1220 1506 1248 sacta
1529 1220 1775 1260 congregacione
1804 1221 1943 1250 nacionis
1969 1220 2140 1260 Anglicane
2166 1221 2197 1249 in

1290 1267 1403 1298 Sancto
1437 1268 1592 1298 Maturino
1630 1269 1679 1298 die
1709 1268 1804 1298 lune⁵
1842 1276 1914 1309 post
1947 1270 2056 1299 festum
2097 1270 2204 1299 sancti·

1289 1317 1415 1347 Martini
1443 1318 1482 1346 ad
1507 1318 1711 1347 ordinandum
1743 1318 1780 1347 de
1811 1319 2065 1358 procuratoribus
2101 1325 2130 1347 et
2159 1319 2206 1348 de*

1289 1366 1430 1406 pecuniis
1455 1376 1512 1406 pro
1542 1368 1619 1396 sesto
1643 1373 1751 1396 nostro
1778 1368 1876 1397 sancti
1904 1367 2080 1402 Eetmundi,
2111 1374 2199 1397 erant

1289 1416 1426 1445 ordinati·
1441 1416 1472 1445 in
1490 1422 1711 1456 procuratores
1730 1427 1790 1446 una
1805 1427 1872 1446 cum
1890 1417 2015 1446 domino
2030 1413 2192 1456 receptore

1290 1465 1439 1505 magister
1451 1465 1681 1504 Nycholausde
1695 1465 1819 1495 Harlem
1836 1472 1866 1495 et
1876 1466 2024 1506 magister
2038 1466 2194 1495 lohannes

1290 1513 1430 1549 Luberti,
1444 1520 1474 1544 et
1490 1515 1528 1544 de
1543 1515 1684 1554 pecuniis
1699 1515 1755 1544 suit
1769 1515 1943 1544 ordinatum
1963 1515 2046 1554 quod
2065 1515 2196 1554 quilibet

1291 1563 1440 1603 magister
1455 1563 1681 1593 ’contribueret‘
1706 1573 1796 1593 unam
1826 1574 1972 1593 summam
2001 1564 2131 1603 pecunie
2157 1564 2194 1592 ad

1290 1612 1392 1647 finem,
1418 1613 1502 1652 quod
1525 1613 1613 1642 nacio
1638 1623 1700 1642 non
1727 1612 1820 1642 nimis
1850 1612 2080 1642 denudaretur.v
2099 1612 2199 1652 Major

1290 1671 1364 1701 pars
1385 1661 1524 1691 nacionis
1549 1672 1611 1691 non
1634 1662 1790 1702 expressit
1812 1662 1894 1691 illam
1921 1671 2085 1696 summam,
2111 1661 2198 1691 multi

1291 1710 1436 1740 dixerunt
1451 1710 1495 1740 lll
1509 1710 1639 1747 solidos,
1655 1717 1759 1740 tamen
1774 1711 1868 1751 aliqui
1882 1711 1960 1740 duos
1977 1711 2106 1740 solidos.

1699 1805 1796 1835 1378

1346 1874 1572 1905 Procuracio
1599 1874 1772 1915 magistri
1798 1875 1935 1904 Mathei
1963 1876 2005 1904 de
2036 1875 2150 1904 Glen-

1587 1925 1747 1964 donwyn
1778 1924 1895 1954 Scoti.

1331 2004 1422 2034 Anno
1445 2004 1569 2034 Domini
1592 2004 1755 2034 millesimo
1777 2004 1995 2034 trecentesimo
2019 2004 2196 2039 Lxxvlw,

1291 2053 1323 2082 in
1340 2053 1458 2083 octavis
1478 2053 1559 2083 beati
1577 2053 1714 2088 Martini,
1732 2063 1791 2093 que
1811 2054 1867 2083 suit
1886 2053 2003 2083 decima
2021 2059 2127 2083 octava
2146 2053 2196 2082 dic

1291 2102 1488 2138 Novembris,
1511 2102 1851 2143 [actaeongregacione
1867 2102 2006 2132 nacionis
2026 2102 2196 2142 Anglicane

1292 2151 1368 2181 hora
1385 2151 1484 2191 prime
1501 2152 1582 2191 apud
1598 2153 1742 2182 Sanctum
1763 2152 1949 2182 Maturinum
1965 2152 2003 2180 ad
2023 2151 2197 2191 eligendum

1292 2210 1403 2230 novum
1428 2207 1659 2240 procuratorem
1685 2207 1714 2230 et
1740 2202 1777 2230 ad
1811 2201 1995 2230 audiendum
2022 2207 2197 2240 computum

1292 2249 1476 2289 receptoris‚
1500 2250 1613 2279 dilatus
1636 2256 1701 2279 erat
1724 2256 1886 2290 computus
1911 2249 2095 2289 receptoris‚
2124 2250 2195 2289 quia

1287 2297 1350 2339 jam
1365 2299 1451 2328 tarde
1463 2305 1528 2328 erat
1541 2305 1671 2339 propter
1683 2299 1961 2339 congregacionem
1974 2298 2195 2327 Universitatis

1293 2358 1352 2387 que
1372 2354 1578 2387 precesserat.
1601 2348 1640 2377 Et
1661 2348 1776 2378 electus
1799 2349 1896 2378 suerat
1916 2348 1945 2377 in
1966 2354 2196 2387 procuratorem

1293 2396 1441 2437 magister
1457 2396 1599 2427 Matheus
1614 2398 1652 2426 de
1673 2397 1902 2436 Glendonwyn.
1924 2397 1958 2426 ln
1979 2396 2066 2436 cujus
2083 2406 2196 2436 procu·

1293 2445 1406 2474 ratoria
1422 2451 1488 2475 acta
1500 2452 1586 2475 erant
1602 2456 1662 2485 que
1677 2452 1834 2476 secuntur.

1334 2493 1373 2523 Et
1397 2493 1490 2523 solvit
1510 2494 1589 2524 idem
1608 2495 1756 2535 magister
1778 2494 1918 2524 Matheus
1941 2496 1954 2523 1
1977 2496 2111 2523 francum
2137 2503 2196 2533 pro

1294 2542 1422 2572 introitu
1437 2543 1507 2572 novi
1523 2543 1625 2579 officii,
1638 2544 1690 2584 qui
1704 2545 1825 2573 francus
1841 2550 2016 2573 reservatus
2030 2543 2085 2572 suit
2098 2553 2195 2582 usque

1293 2592 1330 2621 ad
1346 2592 1455 2621 festum
1469 2592 1549 2622 beati
1566 2592 1719 2622 Edmundi
1738 2593 1869 2632 proximi
1889 2592 2059 2631 sequentis,
2079 2598 2108 2620 et
2124 2597 2195 2620 tunc

1293 2650 1361 2670 eum
1377 2642 1531 2680 receptori
1545 2642 1712 2681 persolvet.

1333 2690 1405 2729 (Fal.
1420 2692 1467 2730 20)
1482 2690 1555 2720 ltem
1567 2700 1647 2720 anno
1663 2701 1724 2730 quo
1737 2701 1830 2730 supra
1844 2689 1874 2719 in
1888 2690 1936 2719 die
1947 2690 2025 2718 beati
2042 2689 2194 2718 Edmundi

1293 2739 1378 2779 regis
1394 2738 1425 2768 in
1444 2739 1521 2769 sesto
1537 2739 1677 2769 nacionis
1700 2740 1847 2778 magister
1872 2739 2029 2767 Gerardus
2056 2738 2197 2767 Muchart

1292 2787 1385 2818 solvit
1411 2788 1565 2828 receptori
1599 2798 1691 2818 unum
1723 2789 1857 2817 francum
1890 2798 1946 2827 pro
1982 2797 2037 2817 suo
2059 2786 2196 2827 jocundo

1292 2836 1429 2867 introitu.

1321 2921 1344 2944 ³.
1379 2921 1392 2944 7
1403 2920 1557 2944 Novembris.

1321 2957 1343 2980 4.
1380 2957 1390 2979 l
1396 2956 1405 2979 l
1418 2957 1509 2980 Novem
1514 2956 1574 2981 brit.

1321 2993 1344 3015 ὅ.
1379 2991 1407 3015 15
1423 2991 1575 3015 Novembris.
