2632 3464
423 420 458 445 15
970 419 1195 446 AUCTARIUM
1215 420 1477 447 CHARTULARII
1496 422 1670 449 UNIVERS.
1693 423 1813 450 PARIS.
2325 427 2359 453 16

464 496 539 525 Item
559 503 698 535 tempore
719 496 819 535 ipsius
839 502 906 525 erat
923 495 1040 525 electus
1056 496 1204 536 magister
1218 496 1335 525 Johan-

420 556 477 575 nes
491 546 528 574 de
542 545 673 574 Wedale
689 545 721 574 in
734 545 972 574 examinatorem
984 546 1065 584 apud
1079 545 1220 575 Sanctam
1235 546 1335 575 Geno-

420 595 518 624 vesam
539 604 596 634 pro
618 594 719 633 primo
739 604 860 630 mense;
882 594 954 624 item
975 594 1090 624 electus
1112 595 1168 624 fuit
1187 595 1336 634 magister

421 643 576 673 Patricius
588 643 693 672 Brune
704 644 736 672 in
749 643 987 673 examinatorem
1001 643 1114 672 ibidem
1128 654 1186 683 pro
1198 644 1334 672 secundo

422 703 538 722 mense.

461 742 552 770 Anno
571 742 696 771 Domini
711 742 906 781 supradicto,
926 748 1032 770 octava
1050 741 1100 770 die
1115 741 1231 770 mensis
1249 741 1334 770 Mar-

421 791 472 826 tii,
489 791 666 820 convocatis
683 791 826 820 omnibus
842 790 1000 830 magistris
1015 797 1083 820 actu
1103 790 1284 830 regentibus
1302 790 1333 819 in

421 840 550 869 nacione
579 839 751 879 Anglicana
779 841 861 879 apud
892 839 1036 869 Sanctum
1064 839 1246 868 Matulinum
1277 849 1334 878 per

421 889 575 918 bedellum
597 889 800 928 principalem
822 889 962 918 nacionis
981 889 1135 928 predicte,
1156 888 1236 917 sicut
1257 898 1333 917 con-

422 944 542 968 suetum
571 944 633 972 est,
665 939 702 966 ad
734 938 955 972 ordinandum,
986 938 1181 966 statuendum
1212 943 1242 966 et
1274 947 1333 976 pro

421 987 700 1026 supplicationibus
722 993 866 1016 statutum
889 987 945 1015 suit
966 996 1003 1015 ex
1025 986 1161 1015 unanimi
1179 996 1334 1015 consensu

421 1036 556 1065 omnium
576 1036 795 1075 magistrorum
812 1035 1028 1075 principaliter
1047 1036 1085 1064 ad
1105 1035 1254 1064 honorem
1274 1036 1333 1065 Dei

421 1092 451 1114 et
476 1086 563 1114 beate
592 1085 732 1124 Virginis
760 1091 790 1114 et
816 1095 854 1114 ex
880 1085 1084 1124 consequenti
1114 1086 1152 1113 ad
1183 1084 1332 1114 honorem

420 1134 520 1163 tocius
554 1134 694 1163 nacionis
724 1144 782 1173 pro
812 1144 845 1163 se
880 1140 910 1163 et
939 1134 1004 1163 suis
1034 1134 1270 1163 successoribus
1301 1134 1332 1162 in

420 1190 579 1223 posterum
590 1206 596 1217 ‚
614 1184 697 1222 quod
713 1183 853 1222 quolibet
868 1194 946 1212 anno
965 1193 1021 1223 per
1037 1189 1229 1222 receptorem
1250 1183 1332 1212 dicte

419 1232 575 1267 nacionis,
599 1233 651 1272 qui
676 1242 732 1271 pro
754 1238 893 1272 tempore
917 1233 1023 1267 fuerit,
1044 1232 1249 1261 distribuatur
1272 1242 1333 1261 una

419 1292 536 1311 summa
556 1282 686 1320 pecunie
701 1291 759 1321 pro
775 1282 832 1310 XII
852 1281 1011 1321 magistris
1030 1282 1068 1310 ad
1088 1281 1254 1310 servicium
1273 1281 1332 1310 Dei

418 1331 637 1360 accedentibus
657 1331 739 1369 apud
761 1331 906 1360 Sanctum
926 1331 1069 1360 Cosmam
1088 1337 1118 1359 et
1136 1331 1330 1366 Damianum,

418 1380 467 1410 vel
478 1380 563 1414 alibi,
576 1387 669 1419 prout
680 1380 767 1409 nacio
778 1380 901 1409 duxerit
911 1380 1129 1415 ordinandum,
1141 1390 1198 1419 per
1209 1381 1332 1409 modum

419 1430 472 1469 qui
490 1430 631 1469 sequitur
649 1440 654 1456 z

459 1479 610 1508 Videlicet
629 1480 712 1518 quod
730 1479 760 1508 in
783 1485 852 1508 octo
873 1479 960 1508 festis
979 1478 1220 1518 principalibus,
1239 1479 1332 1518 quin-

419 1539 478 1567 que
494 1528 613 1557 scilicet
627 1529 714 1557 beate
728 1528 836 1563 Marie,
852 1529 930 1557 festo
944 1528 1042 1557 sancti
1058 1528 1210 1562 Nicholai,
1227 1535 1332 1557 sancte

419 1577 564 1606 Katerine
578 1584 607 1606 et
618 1578 715 1606 sancti
728 1577 883 1606 Edmundi
895 1577 991 1616 regis,
1006 1577 1036 1606 in
1048 1577 1188 1616 quolibet
1202 1578 1331 1606 istorum

418 1633 487 1655 octo
510 1627 658 1655 festorum
683 1627 911 1655 distribuantur
935 1627 1104 1655 duodecem
1130 1626 1222 1656 solidi
1246 1627 1331 1666 pari-

419 1676 515 1705 siens.
537 1676 628 1705 dictis
651 1677 825 1726 duodecem·
839 1676 997 1715 magistris
1020 1676 1080 1710 sic,
1099 1676 1184 1715 quod
1201 1676 1332 1715 quilibet

418 1725 566 1764 magister
589 1735 646 1764 pro
670 1726 812 1764 vesperis
835 1725 960 1754 habebit
981 1731 1114 1764 quatuor
1138 1725 1283 1754 denarios
1303 1731 1333 1754 et

417 1785 476 1814 pro
496 1774 591 1803 missa
609 1781 677 1803 octo
698 1774 858 1809 denarios;
878 1774 907 1803 in
927 1774 1171 1814 Quadragesima
1188 1784 1263 1803 vero
1281 1774 1331 1803 die

417 1824 542 1853 veneris
564 1834 621 1863 pro
640 1823 842 1862 completerio
860 1823 904 1852 111
923 1823 1042 1852 denarii
1062 1823 1204 1858 cuilibet,
1224 1830 1254 1852 et
1274 1834 1331 1862 pro

418 1873 513 1902 missa
538 1874 567 1902 in
589 1874 716 1902 sabbato
733 1872 774 1902 VI
797 1873 916 1901 denarii
934 1884 940 1901 ι
966 1873 1007 1902 ita
1029 1873 1113 1912 quod
1135 1873 1167 1901 in
1192 1873 1332 1912 quolibet

419 1923 496 1952 festo
525 1922 690 1962 principali
716 1922 942 1951 distribuentur
968 1923 1137 1951 duodecem
1163 1921 1271 1957 solidi,
1299 1922 1330 1951 in

420 1972 497 2001 festo
522 1982 596 2000 vero
619 1972 720 2000 minus
742 1971 908 2011 principali
930 1971 1010 2000 sicut
1032 1971 1063 2000 in
1084 1971 1329 2010 Quadragesima

419 2031 528 2050 novem
545 2021 647 2049 solidi¹
670 2021 703 2050 Si
719 2027 818 2050 autem
834 2031 941 2049 omnes
959 2021 1121 2050 duodecim
1139 2021 1279 2060 magistri
1298 2021 1329 2049 in

419 2070 505 2099 horis
526 2070 673 2109 pretactis
691 2081 753 2099 non
773 2070 984 2104 interfuerint,
1006 2070 1089 2099 dicta
1114 2080 1231 2099 summa
1252 2071 1331 2099 duo-

419 2120 524 2148 decem
541 2119 711 2148 solidorum
728 2120 758 2148 in
775 2119 861 2148 sestis
877 2119 1102 2158 principalibus
1119 2125 1148 2147 et
1162 2119 1203 2148 IX
1217 2119 1331 2148 solido-

419 2179 486 2197 rum
513 2169 544 2197 in
573 2169 674 2198 minus
706 2168 931 2208 principalibus
965 2168 1100 2197 totaliter
1128 2168 1332 2197 distribuetur

420 2218 577 2257 magistris
592 2218 623 2246 in
640 2218 782 2256 vesperis
800 2217 847 2246 vel
864 2218 894 2246 in
910 2217 1014 2246 missis
1031 2224 1102 2246 tunc
1118 2218 1329 2257 presentibus,

421 2267 465 2296 sic
481 2268 563 2306 quod
581 2267 607 2296 si
628 2278 689 2295 non
711 2267 824 2296 suerint
845 2267 905 2295 nisi
925 2268 986 2295 duo
1006 2267 1054 2296 vel
1071 2273 1134 2295 tres
1150 2273 1330 2306 presentes,

420 2322 535 2345 tantum
549 2316 714 2351 habebunt,
727 2316 845 2345 scilicet
857 2316 913 2345 xll
925 2316 973 2345 vel
988 2326 1097 2344 noveni
1109 2316 1226 2345 solidos
1242 2317 1331 2345 modo

420 2366 572 2404 predicto.
593 2366 632 2395 Et
650 2366 781 2404 quilibet
796 2372 950 2404 receptor,
968 2365 1019 2404 qui
1036 2375 1094 2404 pro
1113 2371 1250 2404 tempore
1266 2366 1332 2394 sue-

420 2415 474 2449 rit,
493 2414 658 2444 distribuet
674 2425 730 2453 pro
749 2414 835 2443 festis
853 2415 882 2443 In
899 2424 954 2443 sua
969 2414 1141 2453 receptoria
1163 2414 1332 2443 accidenti-

421 2463 498 2493 bus¹
527 2471 556 2493 et
577 2463 758 2503 conputabit
783 2464 813 2492 in
836 2464 894 2492 fine
918 2474 971 2492 sue
1000 2463 1182 2502 receptorie.
1209 2463 1333 2492 Summa

420 2524 494 2542 vero
508 2513 610 2542 totalis
627 2513 775 2542 dictarum
791 2513 1048 2542 distribucionum
1066 2523 1122 2552 per
1134 2523 1246 2541 annum
1263 2523 1331 2551 sep-

420 2569 479 2591 tem
507 2562 584 2591 libre
615 2563 778 2601 parisiens.
810 2569 838 2591 et
865 2562 921 2591 xu
954 2562 1088 2596 denarii,
1118 2572 1177 2600 qne
1208 2562 1331 2600 quidem

421 2622 538 2640 summa
556 2611 631 2640 alias
652 2611 896 2640 distribuebatur
913 2611 992 2640 inter
1008 2611 1173 2650 magistros
1192 2611 1331 2649 predicte

421 2661 559 2689 nacionis
576 2661 655 2689 sicut
673 2667 701 2689 et
716 2667 818 2689 cetera
831 2667 970 2699 recepta,
985 2666 1016 2689 et
1030 2660 1127 2698 ipsam
1144 2661 1181 2688 de
1197 2660 1331 2698 receptiS

422 2710 486 2738 suis
499 2710 735 2749 principalibus,
749 2709 867 2739 scilicet
882 2710 919 2738 de
933 2709 1061 2748 pecunia
1076 2709 1225 2743 nacionis,
1241 2709 1331 2737 modo

421 2770 482 2798 quo
500 2760 614 2788 dictum
633 2765 680 2787 est
695 2759 882 2788 defalcantes
898 2768 956 2797 pro
970 2757 1248 2787 distribucionibus
1264 2758 1331 2786 dic·-

421 2809 461 2837 tis
479 2809 514 2837 ad
532 2808 679 2837 honorem
698 2808 753 2837 Dei
772 2808 1003 2837 ordinaverunt.
1019 2807 1067 2836 Ad
1085 2807 1168 2846 quod
1187 2813 1331 2836 statutum

421 2858 641 2896 perficiendum
678 2858 881 2886 interfuerunt
914 2857 1053 2896 magistri
1096 2856 1286 2895 infrascripti
1322 2867 1328 2884 :

454 2963 476 2986 1.
510 2962 610 2994 Referri
621 2963 694 2986 debet
703 2963 739 2986 ad
748 2963 829 2986 sestis.

1371 940 1405 966 10

1371 1187 1404 1213 15

1370 1435 1404 1461 20

1370 1686 1403 1712 25

1369 1931 1403 1958 30

1369 2178 1403 2204 35

1369 2425 1403 2450 40

1369 2671 1403 2696 45

1443 498 1600 528 Johannes
1622 500 1660 528 de
1679 499 1885 530 Waltirstona
1909 506 1981 530 tunc
2003 501 2152 540 temporis
2173 509 2359 541 procurator

1443 547 1524 576 dicte
1545 548 1702 584 nacionis,
1724 549 1881 579 Robertus
1899 551 1937 579 de
1955 550 2116 586 PHIemor,
2135 550 2302 582 Bertoldus
2318 552 2357 582 de

1444 596 1646 633 Constancia,
1678 598 1828 638 magister
1861 599 1974 629 Petrus
2010 600 2047 629 de
2084 599 2187 630 Veteri
2222 601 2356 640 Campo,

1444 644 1640 685 Gosswynus
1672 648 1710 676 de
1738 648 1927 687 Zutphania,
1955 649 2067 678 Petrus
2099 649 2284 690 Strangonis
2318 650 2356 679 de

1444 695 1551 730 Dacia,
1578 695 1754 735 Stephanus
1779 698 1816 727 de
1842 697 1955 727 Sancto
1976 698 2113 734 Andrea,
2137 698 2295 728 Johannes
2320 699 2358 728 de

1442 743 1586 780 Wedale,
1613 744 1827 776 Theodericus
1854 747 1892 776 de
1916 747 2112 787 Novimagio,
2138 747 2296 777 Johannes
2318 748 2356 777 de

1444 792 1635 833 Scenighen,
1671 794 1828 825 ,lohannes
1862 795 2011 832 Consilii,
2045 796 2199 826 Patricius
2236 797 2355 826 Brune.

1443 842 1534 880 Quod
1554 843 1678 883 quidem
1698 850 1843 874 statutum
1863 845 1996 884 predicti
2016 845 2157 885 magistri
2179 846 2239 875 fide
2257 845 2357 875 media

1442 892 1701 922 confirmaverunt
1708 899 1738 922 et
1748 893 1780 922 in
1787 899 1948 933 posterum
1957 895 2122 924 defendere
2132 895 2355 934 promiserunt.

1484 940 1664 971 Statuerunt
1697 942 1793 971 eciam
1830 942 1972 982 magistri
2010 943 2233 983 prenominati,
2273 944 2357 982 quod

1441 989 1683 1020 determinantes
1699 990 1750 1020 vel
1769 991 1929 1028 licentiati,
1948 998 2042 1032 prout
2059 992 2135 1022 alias
2155 992 2211 1021 suit
2229 992 2357 1021 ordina-

1441 1044 1521 1074 tum,
1547 1039 1698 1078 predictis
1723 1039 1810 1069 horis
1834 1040 1994 1076 intersint,
2019 1047 2048 1070 et
2075 1041 2128 1080 qui
2154 1041 2302 1071 defecerit
2325 1041 2357 1070 in

1441 1088 1584 1127 vesperis
1605 1088 1654 1118 vel
1675 1089 1890 1128 completorio,
1915 1089 2014 1119 solvet
2038 1096 2170 1129 quatuor
2198 1090 2355 1126 denarios,

1441 1146 1500 1176 pro
1517 1137 1612 1166 missa
1637 1147 1692 1167 sex
1716 1138 1873 1174 denarios,
1891 1149 1970 1178 quos
1998 1138 2024 1168 si
2051 1149 2114 1168 non
2132 1139 2262 1168 solverit
2285 1149 2354 1168 cum

1442 1186 1534 1216 fuerit
1547 1187 1715 1226 requisitus
1730 1198 1786 1227 per
1801 1188 1954 1217 bedellum
1973 1198 2011 1217 ex
2025 1194 2111 1227 parte
2127 1188 2279 1223 nacionis,
2296 1188 2356 1217 sol-

1441 1241 1492 1265 vet
1506 1246 1564 1275 pro
1580 1237 1772 1266 contumacia
1787 1247 1843 1266 sua
1861 1247 1953 1266 unam
1973 1237 2082 1266 libram
2103 1247 2174 1267 cere
2191 1247 2249 1277 pro
2265 1237 2356 1267 lumi-

1442 1285 1508 1314 nari
1532 1285 1625 1315 Beate
1642 1285 1795 1325 Virginis.
1820 1286 1895 1316 Item
1916 1292 2140 1316 concesserunt
2161 1286 2235 1316 dicti
2257 1287 2357 1326 magi-

1443 1334 1515 1369 stri,
1538 1336 1621 1374 quod
1642 1335 1673 1364 in
1692 1336 1778 1365 festis
1803 1335 1904 1365 minus
1923 1335 2163 1375 principalibus,
2189 1335 2308 1365 scilicet
2324 1336 2357 1365 in

1442 1383 1701 1424 Quadragesima,
1728 1385 1789 1414 duo
1813 1384 1927 1414 bedelli
1950 1384 2099 1414 haberent
2121 1394 2232 1414 novem
2260 1385 2356 1414 dena-

1441 1432 1506 1462 rios
1522 1433 1603 1462 inter
1618 1433 1705 1473 ipsos
1721 1434 1967 1470 distribuendos,
1983 1440 2014 1463 et
2030 1433 2062 1462 in
2077 1440 2147 1463 octo
2163 1433 2250 1463 sestis
2267 1433 2357 1473 prin-

1441 1482 1594 1522 cipalibus
1615 1483 1783 1512 duodecem
1804 1483 1965 1518 denarios,
1989 1482 2015 1512 si
2034 1482 2179 1512 intersint
2197 1482 2302 1512 missis
2327 1488 2358 1512 et

1440 1532 1582 1571 vesperis
1598 1533 1688 1561 modo
1701 1532 1928 1572 prenominato,
1944 1532 1985 1561 ita
2000 1533 2084 1571 quod
2101 1531 2145 1561 illi
2164 1532 2225 1561 duo
2243 1531 2357 1561 bedelli

1441 1580 1473 1610 in
1489 1581 1627 1620 quolibet
1642 1582 1720 1610 festo
1734 1581 1891 1611 habebunt
1903 1581 2084 1621 porcionem
2096 1581 2188 1611 unius
2201 1580 2354 1620 magistri.

1481 1630 1605 1660 Summa
1619 1641 1675 1670 pro
1688 1630 1819 1660 bedellis
1832 1630 1874 1660 XI
1886 1630 1978 1660 solidi
1992 1637 2022 1660 et
2033 1630 2074 1660 IX
2086 1629 2215 1659 denarii.
2228 1629 2353 1659 Summa

1440 1680 1544 1710 totalis
1564 1687 1593 1709 et
1611 1680 1830 1719 magistrorum
1853 1686 1883 1709 et
1900 1679 2091 1709 bedellorum
2113 1679 2170 1708 VII
2190 1679 2270 1708 libre
2291 1678 2349 1708 XII

1442 1730 1534 1759 solidi
1552 1736 1581 1759 et
1595 1729 1637 1759 IX
1654 1729 1784 1758 denarii.

1847 1803 1945 1833 1383

1441 1882 1513 1923 (F'ol.
1550 1882 1623 1923 151³)
1658 1882 1816 1921 Tempus
1853 1881 2147 1921 procuracionis
2181 1880 2354 1920 magistri

1546 1931 1727 1962 Johannis
1763 1932 1805 1960 de
1840 1930 2091 1960 Waltirstona
2126 1929 2245 1959 Scoti.

1480 2014 1570 2044 Anno
1587 2013 1712 2043 Domini
1727 2011 2000 2042 M⁰CCC⁰XXXII⁰
2015 2010 2192 2040 convocatis
2207 2009 2352 2039 omnibus

1440 2062 1598 2103 magistris
1614 2069 1681 2092 actu
1697 2062 1878 2102 regentibus
1896 2061 1926 2089 in
1945 2060 2073 2089 nacione
2092 2059 2266 2099 Anglicana
2282 2069 2354 2088 con-

1439 2113 1576 2142 tinuatus
1594 2112 1648 2141 fuit
1669 2112 1700 2140 in
1721 2117 1952 2150 procuratorem
1973 2109 2054 2138 dicte
2072 2108 2210 2138 nacionis
2230 2108 2354 2147 predic-

1440 2168 1489 2191 tus
1518 2162 1666 2201 magister
1689 2160 1845 2190 Johannes
1868 2160 1905 2188 de
1931 2158 2139 2188 Waltirstona
2165 2157 2276 2187 Scotus
2303 2156 2353 2186 die

1440 2211 1547 2240 martis
1572 2209 1735 2250 proxima²
1758 2215 1827 2238 ante
1852 2209 1961 2242 festum
1984 2207 2064 2237 beati
2088 2206 2234 2246 Gregorii
2260 2216 2351 2246 pape.

1442 2261 1593 2299 Tempore
1609 2259 1696 2298 cujus

1481 2309 1659 2339 licenciatus
1680 2308 1736 2337 fuit
1760 2307 1903 2337 dominus
1929 2306 2087 2336 Johannes
2109 2306 2146 2334 de
2167 2304 2354 2334 Constancia

1441 2360 1498 2388 sub
1512 2359 1660 2398 magistro
1672 2357 1820 2387 Bertoldo
1833 2357 1871 2385 de
1886 2355 2083 2390 Constancia,
2099 2353 2185 2394 cujus
2198 2354 2293 2383 bursa
2308 2352 2351 2382 111

1441 2408 1545 2438 solidi.

1481 2458 1555 2487 Item
1569 2457 1742 2486 licentiatus
1757 2456 1812 2485 fuit
1825 2455 1968 2484 dominus
1981 2453 2138 2488 Johannes
2152 2453 2189 2481 de
2203 2452 2280 2481 Rate
2294 2452 2351 2480 sub

1440 2507 1589 2546 magistro
1606 2506 1743 2535 Roberto
1759 2506 1797 2534 de
1811 2504 1958 2538 Pilemor,
1973 2502 2060 2542 cujus
2075 2503 2170 2531 bursa
2186 2500 2246 2530 1111
2261 2500 2318 2529 sol.

1482 2557 1556 2585 Item
1580 2555 1754 2584 licentiatus
1779 2554 1835 2583 fuit
1853 2553 1996 2582 dominus
2021 2551 2186 2590 Philippus
2207 2550 2244 2578 de
2271 2549 2352 2578 Bre-

1440 2605 1540 2644 chyne
1560 2605 1617 2634 sub
1637 2604 1720 2633 dicto
1740 2602 1888 2642 magistro
1910 2601 2049 2631 Johanne
2072 2601 2108 2629 de
2126 2598 2349 2634 Waltirstona,

1440 2651 1527 2691 cujus
1543 2653 1637 2681 bursa
1654 2650 1760 2679 nichil.

1482 2702 1555 2731 Item
1573 2700 1753 2730 licenciatus
1767 2699 1823 2728 fuit
1835 2697 1978 2728 dominus
1995 2695 2149 2726 Henricus
2165 2695 2203 2724 de
2219 2693 2351 2723 Waren-

1440 2752 1537 2790 dorpe
1558 2751 1615 2780 sub
1637 2749 1786 2789 magistro
1806 2748 1900 2777 Petro
1921 2747 1958 2775 de
1980 2745 2084 2775 Veteri
2110 2745 2243 2783 Camp0‚
2263 2742 2351 2782 cujus

1440 2801 1534 2829 bursa
1549 2799 1620 2828 VIII
1638 2798 1740 2828 solidi.

1481 2849 1555 2878 Item
1571 2848 1751 2878 licenciatus
1770 2847 1825 2876 fuit
1840 2845 1983 2875 dominus
2001 2843 2156 2873 Henricus
2175 2842 2212 2871 de
2228 2841 2348 2881 Tegna-

1471 2961 1493 2984 2.
1528 2963 1542 2983 9
1556 2959 1653 2983 Martii,

2611 277 2632 364 ..ni-{2¹⁸2
2614 255 2632 270 tl
2611 212 2615 213 Ἰ
2616 191 2619 202 ‘'
