2632 3464
259 437 311 463 181

261 511 450 543 Maturinum
465 519 562 551 super
576 510 727 540 electione
743 508 971 549 procuratoris,
989 507 1105 537 electus
1119 507 1175 537 fuit

261 561 293 591 in
313 566 549 602 procuratorem
574 559 656 590 dicte
683 557 824 588 nacionis
852 556 1061 591 concorditer,
1089 555 1175 586 nullo

260 610 481 650 magistrorum
495 608 622 649 penitus
635 607 833 642 reclamante,
852 606 1002 646 magister
1015 604 1174 635 «lohannes

262 660 300 689 de
324 658 484 689 Veltstede
506 657 588 688 Saxo
607 658 646 686 de
667 655 886 691 Bruneswich,
904 653 1174 684 Hildensemensis

261 708 419 748 dyocesis,
442 707 474 737 in
496 705 584 747 cujus
607 705 823 745 procuratoria
845 704 923 733 facta
943 709 1016 734 sunt
1034 703 1091 732 hec
1114 713 1174 742 que

261 762 445 797 sequuntur.

301 805 410 836 Primo
421 805 603 835 licenciams
617 803 675 834 fuit
688 803 834 833 dominus
850 802 1005 831 Ernestus
1027 802 1066 830 de
1079 800 1175 831 Wul-

260 863 321 885 ven
334 855 393 884 sub
405 853 556 894 magistro
568 852 726 882 Themone
740 851 844 886 Judei,
858 849 947 891 cujus
960 851 1055 880 bursa
1064 849 1171 879 nichil.

302 903 379 934 Item
389 903 468 933 facta
477 901 724 943 congregacione
734 901 816 940 apud
828 900 973 930 Sanctum
985 899 1174 929 Maturinum

262 954 300 983 de
307 962 451 992 vespere,
460 961 541 981 nona
551 951 602 980 die
611 950 729 980 mensis
736 949 869 989 Aprilis,
877 950 915 978 ad
924 948 1172 988 supplicandum,

261 1001 449 1042 supplicavit
459 999 618 1030 humiliter
626 999 788 1039 predictus
803 998 948 1028 dominus
962 998 1127 1033 Ernestus,
1142 1003 1175 1027 ut

262 1052 356 1081 burse
370 1059 448 1090 quas
460 1049 583 1079 nacioni
595 1058 632 1078 ex
646 1054 733 1088 parte
743 1046 986 1077 determinancie
999 1053 1030 1077 et
1043 1046 1174 1076 licencie

260 1105 429 1134 teneretur,
456 1107 535 1138 quas
559 1104 692 1138 propter
715 1097 868 1127 defectum
894 1096 1027 1137 pecunie
1051 1095 1174 1126 solvere

261 1159 324 1179 non
346 1154 468 1188 posset,
494 1147 556 1176 sibi
579 1146 827 1176 misericorditer
849 1146 1098 1181 remitterentur,
1123 1144 1174 1174 cui

261 1197 488 1228 concedebatur
509 1195 712 1236 supplicando,
740 1195 856 1225 additis
878 1201 980 1224 tamen
1002 1194 1063 1224 hiis
1090 1194 1174 1234 quod

257 1246 388 1288 juraret,
407 1245 511 1286 primo
530 1245 615 1285 quod
631 1254 694 1274 non
712 1244 841 1274 haberet
855 1244 937 1273 unde
953 1243 1100 1278 solveret,
1116 1252 1173 1272 nec

262 1296 312 1326 hic
334 1305 392 1325 nec
420 1295 452 1324 in
481 1293 640 1334 partibus;
665 1294 804 1324 secundo
831 1293 915 1333 quod
939 1299 1056 1332 quanto
1083 1292 1173 1332 prius

262 1344 403 1385 pecuniis
419 1344 502 1374 unde
520 1343 655 1373 solveret
674 1342 877 1377 habundaret,
898 1342 1032 1372 libenter
1050 1340 1174 1371 nacioni

262 1395 301 1424 de
314 1393 420 1423 bursis
433 1392 528 1422 vellet
541 1391 731 1422 satisfacere.
753 1391 819 1421 Hec
837 1391 919 1421 enim
932 1390 1049 1431 juravit
1059 1390 1091 1419 in
1103 1389 1185 1430 press

263 1442 368 1472 sencia
379 1441 530 1471 nacionis.
549 1441 590 1471 Et
604 1441 649 1470 sic
666 1447 789 1470 tenetur
804 1440 835 1469 in
847 1440 866 1470 8
881 1440 986 1470 bursis
997 1439 1131 1469 nacioni.

301 1491 379 1522 Item
405 1491 437 1520 in
463 1491 570 1520 eadem
596 1489 843 1530 congregacione
874 1489 929 1519 fuit
956 1488 1171 1524 deliberatum,

262 1540 423 1571 nacionem
452 1540 491 1569 de
522 1539 629 1569 bursis
662 1538 856 1568 bedellorum
887 1548 944 1567 nec
977 1539 1015 1567 de
1046 1537 1174 1567 dimidia

262 1591 357 1620 bursa
367 1589 462 1619 Beate
473 1587 615 1629 Virginis
630 1598 686 1618 nec
698 1588 736 1617 de
749 1587 872 1628 integra
883 1588 980 1617 bursa
991 1597 1051 1627 que
1062 1587 1173 1627 reponi

261 1638 342 1669 solet
352 1639 392 1668 ad
406 1638 541 1673 archam,
557 1638 597 1667 ad
607 1637 806 1667 muniendum
820 1647 854 1667 se
865 1637 904 1666 de
914 1636 1172 1666 altercacionibus

261 1687 438 1718 artistarum
456 1697 524 1717 cum
539 1686 708 1727 theologis,
725 1686 811 1716 nullo
827 1685 1028 1726 modolposse
1044 1686 1173 1725 dispen-

261 1746 344 1773 sare,
363 1737 419 1766 sed
441 1736 541 1766 solum
561 1736 600 1766 de
620 1735 721 1765 tribus
738 1735 808 1765 aliis
825 1735 931 1765 bursis
949 1735 1064 1764 habere
1082 1741 1173 1775 pote-

261 1792 370 1816 statem
380 1784 570 1815 remittendi.
581 1784 634 1814 Sic
650 1784 732 1814 enim
747 1784 908 1824 predictus
921 1784 1066 1814 dominus
1075 1784 1172 1814 Erne-

261 1841 330 1866 stus
357 1834 501 1870 bedellis,
528 1834 561 1864 in
588 1833 750 1874 presencia
772 1834 996 1873 procuratoris,
1025 1840 1054 1863 et
1078 1833 1172 1863 Beate

260 1883 383 1924 Virgini
401 1883 546 1924 promisit
559 1883 640 1913 infra
656 1889 721 1912 tres
738 1883 924 1913 ebdomadas
941 1883 1130 1912 satisfacere.

302 1933 378 1963 ltem
398 1933 516 1973 incepit
533 1932 678 1962 dominus
697 1931 857 1962 Arnoldus
877 1932 915 1961 de
933 1931 1117 1971 Aldendorp
1134 1932 1172 1961 de

263 1982 428 2017 Essendia,
448 1981 594 2022 dyocesis
611 1981 824 2017 Coloniensis,
847 1982 905 2011 sub
925 1981 1075 2022 magistro
1094 1980 1172 2010 Tbe-

262 2041 352 2062 mone
369 2031 472 2067 Judei,
489 2029 576 2071 cujus
589 2031 685 2060 bursa
700 2030 788 2060 sicud
802 2030 890 2070 prius
906 2030 1056 2070 scriptum
1073 2037 1131 2060 est.

302 2080 378 2110 ltem
407 2079 525 2119 incepit
554 2079 700 2110 dominus
721 2079 880 2110 lohannes
913 2080 975 2118 [de]
1002 2079 1172 2110 Olomuncz

261 2129 435 2164 Bobemus,
467 2130 506 2158 de
532 2128 688 2165 Moravia,
714 2130 773 2158 sub
802 2129 951 2168 magistro
980 2128 1110 2158 Alberto
1135 2129 1173 2158 de

262 2178 408 2214 Saxonia,
425 2178 513 2208 cuius
529 2179 623 2207 bursa
639 2178 727 2207 sicud
742 2177 831 2217 prius
847 2178 998 2218 scriptum
1012 2184 1069 2208 est.

302 2228 377 2258 Item
398 2228 476 2257 facta
492 2227 741 2267 congregacione
756 2227 838 2267 apud
857 2227 1001 2257 Sanctum
1016 2227 1031 2257 J
1037 2227 1172 2257 ulianum

260 2286 429 2317 pauperem
444 2276 495 2306 die
507 2276 544 2306 12
553 2276 669 2306 mensis
684 2275 816 2316 Aprilis,
830 2276 1018 2316 supplicavit
1025 2275 1174 2316 magister

262 2325 416 2356 Henricus
438 2326 476 2355 de
499 2325 650 2365 Kempen,
673 2331 706 2355 ut
725 2325 814 2355 nacio
833 2325 895 2355 sibi
908 2325 1029 2356 litteras
1051 2335 1173 2355 recom-

261 2375 469 2405 mendatorias
484 2375 523 2404 ad
541 2375 690 2404 decanum
706 2384 794 2404 suum
812 2375 850 2404 de
868 2375 982 2404 Zozato
1001 2381 1171 2415 prestaret,

262 2423 368 2464 sigillo
380 2423 520 2454 nacionis
534 2423 698 2464 sigillatas,
712 2424 795 2463 quod
811 2423 1009 2454 concorditer
1025 2424 1086 2454 sibi
1100 2434 1172 2454 con-

261 2482 383 2503 cessum
401 2472 469 2509 fuit,
487 2472 559 2513 quia
571 2473 760 2513 rigorosum.

262 2548 471 2578 Licenciati
490 2549 526 2578 in
542 2549 577 2578 3·
597 2548 829 2587 [au]dicione
848 2548 1002 2578 Domine
1022 2548 1169 2578 Nostre.

302 2620 378 2650 ltem
393 2619 573 2650 licenciatus
591 2620 647 2650 fuit
661 2620 810 2650 dominus
822 2619 980 2650 Arnoldus
998 2621 1036 2650 ‹le
1053 2620 1171 2651 Bevere

262 2669 300 2698 de
326 2668 479 2704 Embeke,
513 2669 611 2705 Saxo,
644 2669 896 2710 Maguntinensis
924 2670 1081 2709 dyocesis,
1114 2671 1172 2700 sub

263 2717 412 2758 magistro
426 2718 556 2748 Alberto
571 2719 609 2748 de
623 2718 768 2754 Saxonia,
786 2717 873 2759 cujus
889 2719 983 2749 bursa
999 2720 1016 2748 5
1035 2719 1126 2749 solidi
1142 2726 1172 2749 et

262 2766 280 2795 4
295 2767 425 2797 denarii.

303 2815 379 2845 ltem
398 2815 578 2846 licenciatus
601 2817 657 2847 fuit
678 2818 823 2847 dominus
848 2817 995 2848 Nicolaus
1016 2818 1171 2848 Kuoboldi

262 2864 321 2894 sub
334 2865 442 2894 eodem
457 2865 620 2906 magistro,
636 2865 724 2906 cujus
740 2867 834 2897 bursa
850 2867 867 2896 li
885 2866 988 2897 solidi.

293 2965 315 2989 1.
351 2965 440 2989 Genii?

766 433 880 460 LIBER
901 431 1216 459 PROCURATORUM
1235 430 1416 457 NATIONIS
1434 431 1680 457 ANGLICANAE

1214 952 1246 978 10

1212 1197 1245 1223 15

1211 1442 1245 1468 20

1211 1687 1244 1714 25

1210 1934 1244 1961 30

1210 2180 1244 2206 35

1210 2425 1244 2452 40

1210 2677 1244 2704 45

2135 433 2191 459 182

1325 506 1401 536 Item
1418 506 1598 536 licenciatus
1620 507 1676 536 fuit
1699 507 1843 536 dominus
1864 507 2019 537 Henricus
2042 509 2079 537 de
2098 508 2198 538 clivis

1285 556 1343 585 sub
1355 556 1506 596 magistro
1524 555 1661 588 Hem-ico
1678 557 1715 585 de
1731 556 1876 596 Kempis,
1895 555 1983 596 cujus
1996 558 2091 586 bursa
2108 558 2196 587 sicud

1284 604 1373 644 prius
1389 605 1539 644 scriptum
1555 611 1612 634 est.
2085 645 2087 648 Α

1325 654 1401 684 ltem
1422 653 1603 684 licenciatus
1624 654 1682 684 fuit
1703 654 1847 684 dominus
1873 654 2031 684 lohannes
2052 656 2090 684 de
2111 655 2197 695 Spiic

1284 704 1342 733 sub
1355 703 1506 743 magistro
1519 704 1636 733 Jacobo
1649 704 1687 733 de
1699 703 1882 739 Pormariis,
1895 703 1982 744 cujus
1995 705 2091 734 bursa
2105 705 2122 734 5
2137 705 2194 734 sol.

1325 752 1400 782 ltem
1418 752 1598 782 licenciatus
1618 753 1674 782 fuit
1692 753 1837 782 dominus
1855 753 2003 782 Nicolaus
2026 753 2139 783 Kanuti
2157 755 2196 783 de

1285 801 1380 831 Dacia
1395 803 1454 831 sub
1473 801 1623 842 magistro
1637 802 1835 838 Wissekino,
1852 801 1941 842 cujus
1958 803 2053 832 bursa
2069 813 2123 832 sex
2137 803 2195 832 sol.

1325 851 1400 881 ltem
1424 851 1501 880 facta
1521 851 1769 891 congregacione
1789 851 1930 881 nacionis
1950 852 2032 891 apud
2051 851 2196 882 Sanctum

1284 899 1471 930 Maturinum
1501 901 1540 929 ad
1562 900 1814 940 supplicandum,
1839 900 2027 940 supplicavit
2053 901 2199 931 dominus

1284 949 1440 979 Henricus
1456 950 1494 979 de
1506 949 1617 985 Clivis,
1633 956 1666 979 ut
1677 949 1766 979 nacio
1777 950 1816 979 de
1828 949 1934 979 bursis
1944 949 2010 979 suis
2024 949 2196 985 solvendis,

1284 1009 1361 1038 quas
1389 999 1427 1028 ad
1460 1009 1592 1039 presens
1623 1005 1755 1039 propter
1784 999 1936 1028 defectum
1970 999 2100 1038 pecunie
2134 1010 2197 1029 non

1283 1054 1393 1087 posset
1409 1048 1547 1083 solvere,
1567 1047 1764 1087 dispensaret
1774 1059 1781 1083 ;
1799 1048 1849 1077 cui
1866 1058 2050 1077 concessum
2067 1048 2132 1084 fuit,
2156 1049 2198 1078 ita

1282 1097 1429 1127 videlicet
1442 1098 1525 1137 quod
1533 1095 1665 1137 juraret,
1683 1097 1784 1136 primo
1797 1098 1880 1137 quod
1896 1107 1958 1126 non
1974 1097 2103 1127 haberet
2115 1099 2198 1127 unde

1284 1146 1431 1182 solveret,
1447 1156 1504 1176 nec
1522 1145 1639 1176 hic’nec
1653 1147 1684 1175 in
1695 1147 1854 1186 partibus;
1872 1147 2009 1176 secundo
2025 1147 2109 1186 quod
2124 1147 2196 1177 dum

1282 1195 1426 1235 pecuniis
1447 1196 1528 1225 unde
1554 1196 1676 1225 solvere
1699 1202 1808 1236 posset
1831 1195 2035 1232 habundaret,
2063 1195 2198 1226 libenter

1282 1244 1405 1274 nacioni
1419 1245 1458 1274 de
1475 1245 1581 1274 bursis
1595 1245 1689 1274 vellet
1704 1244 1895 1274 satisfacere.
1911 1245 1977 1274 Hec
1991 1245 2071 1274 enim
2080 1244 2198 1285 juravit

1283 1293 1314 1322 in
1330 1293 1494 1333 presencia
1508 1294 1657 1324 nacionis.

1323 1343 1387 1382 (Vol
1401 1345 1438 1373 25
1453 1343 1476 1383 ¹³)
1497 1342 1667 1384 ltemzfacta
1679 1343 1927 1383 congregacione
1943 1343 2096 1373 facultatis
2115 1345 2197 1384 apud

1284 1391 1429 1422 Sanctum
1444 1392 1598 1421 sulianum
1616 1402 1796 1432 pauperem,
1814 1394 1852 1422 16
1864 1393 1914 1422 die
1930 1393 2048 1422 mensis
2063 1393 2195 1432 Aprilis,

1283 1441 1472 1481 computavit
1496 1441 1645 1481 magister
1667 1441 1826 1471 Arnoldus
1854 1442 1892 1471 de
1916 1441 2025 1471 Gesti⁴
2050 1443 2196 1482 antiquus

1282 1497 1396 1526 rector,
1410 1497 1440 1520 et
1455 1490 1510 1520 fuit
1523 1497 1684 1530 compotus
1698 1491 1736 1520 ab
1749 1491 1893 1520 omnibus
1907 1491 2069 1531 magistris
2085 1502 2197 1531 appro-

1282 1540 1382 1569 batus.

1323 1588 1399 1618 Item
1417 1589 1533 1628 incepit
1554 1588 1699 1618 dominus
1718 1588 1878 1619 Arnoldus
1898 1590 1937 1618 ‹le
1957 1589 2077 1619 Bevere
2101 1589 2196 1625 Saxo,

1282 1637 1534 1678 Maguntinensis
1553 1638 1715 1678 dyocesis,
1742 1639 1800 1668 sub
1822 1638 1973 1678 magistro
1996 1637 2127 1668 Alberto
2158 1640 2197 1669 de

1284 1686 1429 1723 Saxonia,
1446 1686 1535 1727 cujus
1550 1688 1645 1717 bursa
1659 1687 1686 1716 V
1701 1687 1795 1717 solidi
1811 1694 1842 1717 et
1854 1688 1873 1716 4
1887 1687 2019 1717 denarii.

1323 1736 1399 1766 ltem
1424 1736 1542 1776 incepit
1558 1736 1703 1766 dominus
1720 1735 1879 1766 lohannes
1899 1737 1938 1766 de
1959 1736 2046 1776 Spiic
2065 1736 2198 1766 Hollan-

1282 1785 1392 1815 drinus
1421 1786 1479 1815 sub
1507 1786 1657 1826 magistro
1685 1785 1802 1815 Jacobo
1831 1786 1869 1815 de
1896 1785 2082 1822 Purmariis,
2108 1785 2197 1826 cujus

1282 1836 1378 1865 bursa
1391 1834 1418 1863 V
1434 1834 1538 1864 solidi.

1323 1884 1398 1914 ltem
1415 1884 1493 1913 sacta
1506 1884 1753 1924 congregacione
1768 1883 1909 1914 nacionis
1923 1884 2096 1924 Anglicane
2111 1886 2193 1924 apud

1283 1933 1428 1963 Sanctum
1439 1933 1627 1963 Maturinum
1638 1934 1677 1962 30
1687 1933 1737 1962 die
1749 1933 1865 1962 mensis
1876 1933 2008 1973 Aprilis,
2021 1934 2059 1963 ad
2071 1933 2196 1963 audien-

1282 1983 1355 2012 dum
1370 1988 1545 2022 compotum
1558 1982 1675 2012 domini
1697 1982 1882 2022 recepturis,
1905 1983 2094 2022 computavit
2114 1983 2195 2012 enim

1281 2031 1362 2061 idem
1377 2037 1523 2071 receptor
1542 2031 1603 2066 sic,
1623 2032 1707 2071 quod
1725 2032 1763 2061 de
1786 2032 1930 2062 omnibus
1947 2032 2084 2072 receptis
2102 2032 2196 2062 solvit

1282 2080 1413 2110 bedellis
1433 2087 1464 2110 et
1481 2080 1573 2110 Beate
1590 2080 1713 2121 Virgini
1729 2087 1760 2110 et
1779 2081 1930 2121 magistro
1945 2081 2076 2111 Alberto
2092 2083 2107 2111 1
2127 2092 2195 2111 scu-

1281 2136 1345 2160 tum
1365 2139 1423 2170 pro
1445 2130 1661 2169 procuratoris.
1678 2140 1734 2160 sua
1751 2131 1789 2159 de
1810 2140 1892 2159 anno
1907 2130 2026 2170 elapso,
2044 2137 2076 2161 et
2093 2131 2195 2161 scolas

1282 2179 1519 2214 Pickardorum,
1538 2185 1568 2208 et
1585 2179 1686 2209 scolas
1702 2179 1842 2219 magistri
1857 2179 2009 2209 ,Iohannis
2025 2179 2145 2216 Peblis,
2165 2186 2197 2209 et

1282 2229 1344 2258 duo
1359 2235 1447 2258 scuta
1461 2235 1491 2259 et
1508 2228 1672 2258 duodecim
1691 2228 1810 2258 solidos
1825 2228 1856 2258 in
1872 2230 2011 2264 taberna,
2030 2235 2194 2269 postquam

1282 2284 1443 2317 compotus
1468 2277 1524 2307 fuit
1550 2278 1659 2313 factus,
1683 2277 1729 2307 sic
1753 2278 1837 2317 quod
1865 2278 2009 2308 omnibus
2034 2278 2193 2308 solvendis

1282 2326 1393 2357 solutis
1414 2327 1563 2356 remansit
1581 2327 1702 2356 nacioni
1723 2327 1879 2367 obligatus
1899 2327 1955 2366 [in]
1975 2327 2104 2367 triginta
2125 2333 2195 2357 octo

1282 2375 1379 2406 scutis
1394 2382 1424 2406 et
1438 2382 1508 2406 octo
1526 2375 1648 2412 solidis,
1666 2376 1768 2406 minus
1783 2377 1906 2406 duobus
1921 2376 2070 2406 denariis.

1323 2425 1398 2455 ltem
1413 2425 1445 2454 in
1463 2426 1569 2455 eadem
1585 2426 1832 2465 congregacione
1848 2425 2036 2465 supplicavit
2051 2425 2195 2455 dominus

1282 2481 1426 2514 receptor
1441 2481 1474 2504 ut
1487 2474 1547 2503 sibi
1562 2474 1634 2504 illos
1651 2475 1690 2505 40
1709 2474 1781 2510 sol„
1800 2485 1879 2514 quos
1894 2475 1925 2503 in
1947 2475 2026 2505 sesto
2043 2474 2194 2504 Johannis

1281 2523 1370 2553 nscio
1400 2523 1461 2553 sibi
1490 2524 1564 2553 dare
1593 2530 1726 2559 tenetur,
1764 2523 1795 2553 in
1836 2530 1979 2563 compoto
2017 2523 2193 2559 defalcaret,

1281 2573 1365 2613 quod
1392 2582 1575 2602 concessum
1603 2572 1659 2602 fuit
1690 2573 1750 2602 sibi
1777 2573 1987 2608 concorditer,
2023 2572 2065 2602 ita
2092 2579 2193 2602 tamen

1281 2622 1365 2661 quod
1398 2621 1530 2661 amplius
1564 2621 1596 2651 in
1628 2622 1883 2652 consuetudinem
1916 2622 2091 2661 rigorosam
2130 2632 2192 2651 non

1281 2671 1421 2701 ducatur.
1439 2670 1479 2701 Et
1490 2670 1623 2701 finaliter
1635 2681 1743 2700 omnes
1759 2670 1900 2711 magistri
1917 2671 2088 2700 habuerant
2107 2681 2193 2700 com-

1282 2726 1387 2760 potum
1402 2721 1619 2760 approbatum.

1323 2769 1398 2800 ltem
1410 2768 1422 2788 ²
1441 2779 1523 2799 nona
1547 2769 1596 2799 die
1615 2770 1731 2799 mensis
1752 2768 1872 2808 Aprilis
1890 2769 2038 2809 magister
2058 2769 2191 2798 Thomas

1281 2819 1319 2848 de
1347 2818 1511 2848 Brunswic
1540 2818 1633 2848 solvit
1657 2828 1749 2847 unum
1777 2818 1925 2847 florenum
1955 2828 2014 2857 pro
2040 2828 2191 2857 procura-

1281 2867 1372 2898 toria.

1313 2971 1335 2994 2.
1366 2969 1425 2994 Alio
1434 2970 1583 2994 charactere
1596 2978 1675 3002 unque
1687 2969 1711 2993 in
1723 2971 1808 3000 finem.
