2632 3464
398 430 447 456 831

398 507 481 546 quod
496 507 610 535 bonum
632 512 716 535 esset
736 506 825 546 prius
840 505 926 545 loqui
941 515 1009 535 cum
1026 505 1150 534 domina
1165 505 1304 544 Syemie—

395 565 458 591 res,
482 555 665 584 cancellaria
685 555 809 595 regine,
831 565 888 594 pro
911 554 1038 584 sciendo
1062 560 1164 584 utrum
1186 554 1303 593 aliquid

396 604 594 644 disposuerat
614 604 724 644 regina
741 603 790 634 vel
813 614 852 633 ne
875 603 908 633 in
927 603 987 633 isto
1010 604 1100 633 sacto.
1117 603 1158 632 Et
1174 603 1303 632 ulterius

396 654 467 693 quia
495 653 590 693 aliqui
622 653 766 682 dixerunt
792 654 876 693 quod
903 653 1051 692 magister
1077 652 1234 682 ,lohannes
1266 653 1303 681 de

395 701 522 732 Austria
539 713 601 732 non
613 703 723 732 eratin
736 702 819 737 villa,
837 702 889 742 qui
903 701 1022 732 solebat
1038 711 1107 731 esse
1123 711 1303 740 proponens

394 751 426 780 in
443 752 504 781 isto
520 752 610 787 facto,
625 758 655 781 et
669 751 866 781 dubitabatur
880 757 981 780 utrum
997 751 1038 780 ita
1051 750 1211 779 sceleriter
1222 749 1301 779 redi-

395 807 454 836 ret,
479 801 550 830 ideo
576 801 665 830 nacio
688 800 872 830 deliberavit
895 800 978 839 quod
1001 799 1191 838 supplicaret
1205 799 1303 838 magi-

395 856 460 879 stro
480 849 639 889 Georgio⁴
663 850 701 878 de
725 849 866 878 Sorbona
885 849 1030 888 quatinus
1045 848 1113 887 ipse
1128 848 1222 877 vellet
1243 847 1302 876 sibi

394 905 554 938 acceptare
578 909 656 928 onus
679 905 709 927 et
733 908 911 937 proponere
940 899 1050 926 factum
1071 897 1211 926 nacionis
1233 903 1302 926 ante

394 948 534 988 reginam
550 958 587 977 ex
603 954 690 987 parte
709 947 860 976 nacionis.

434 997 536 1036 Super
551 998 581 1025 2⁰
596 996 726 1025 articulo
741 996 850 1025 recitat
864 1001 1049 1034 procurator
1062 995 1216 1034 quomodo
1232 995 1302 1034 qui-

393 1047 462 1075 dam
477 1046 561 1075 venit
584 1046 622 1074 ad
643 1056 711 1075 eum
735 1051 766 1074 et
781 1044 891 1084 petivit
905 1044 1030 1074 nomine
1047 1044 1186 1073 nacionis
1208 1044 1245 1072 ab
1266 1054 1302 1073 eo

393 1095 437 1124 111
449 1101 546 1129 scuta,
559 1094 631 1134 quia
646 1095 759 1123 fecerat
771 1093 929 1133 deportari
948 1092 1163 1122 immundicias
1182 1093 1220 1121 de
1233 1092 1302 1122 vico

391 1145 555 1174 Josselini?
568 1150 651 1172 retro
667 1144 788 1172 domum
805 1143 848 1171 ad
864 1153 955 1171 cornu
972 1144 1061 1177 cervi,
1079 1148 1109 1171 et
1127 1142 1205 1170 dixit
1219 1142 1301 1180 quod

392 1193 536 1232 exposuit
568 1203 625 1232 pro
654 1192 715 1221 illis
743 1191 950 1220 immundiciis
982 1191 1184 1230 deportandis
1216 1197 1302 1220 extra

391 1242 492 1271 vicum
508 1248 538 1270 et
552 1242 590 1270 ad
607 1251 732 1280 campos
747 1240 820 1270 V111
839 1246 936 1275 scuta,
956 1246 986 1269 et
1001 1240 1084 1279 quod
1099 1239 1187 1269 nacio
1206 1240 1301 1269 debe-

390 1297 438 1320 ret
462 1290 583 1320 solvere
608 1290 667 1319 tria
688 1291 726 1319 de
748 1290 811 1319 illis
835 1300 872 1318 ex
895 1295 983 1328 parte
1007 1289 1117 1318 domus
1139 1290 1183 1317 ad
1211 1299 1300 1317 cornu

391 1341 483 1375 cervi;
510 1350 543 1368 ac
569 1345 752 1379 procurator
774 1339 858 1368 misit
882 1338 1011 1367 eundem
1035 1338 1072 1367 ad
1094 1344 1299 1377 receptorem,

391 1389 443 1428 qui
466 1389 630 1428 respondit
649 1388 710 1418 sibi
733 1389 816 1427 quod
837 1398 874 1416 ex
896 1397 957 1427 quo
978 1387 1081 1416 nullus
1103 1387 1158 1416 suit
1182 1387 1214 1415 in
1235 1387 1300 1416 foro

391 1439 469 1467 sacto
499 1439 536 1466 de
566 1438 785 1477 deportacione
817 1436 938 1465 illarum
967 1436 1234 1465 immundiciarum
1264 1446 1301 1465 ex

391 1493 476 1526 parte
497 1487 647 1522 nacionis,
666 1486 761 1515 nichil
785 1486 922 1515 traderet
948 1485 1020 1520 sibi,
1044 1485 1105 1514 nisi
1125 1485 1244 1514 mencio
1262 1485 1300 1514 de

390 1536 452 1565 illis
471 1537 502 1565 in
526 1536 618 1575 plena
638 1536 766 1564 nacione
788 1535 884 1564 fieret.
904 1534 978 1564 Ideo
997 1541 1180 1573 procurator
1194 1534 1301 1573 posuit

389 1585 420 1614 in
450 1585 677 1614 deliberacione
709 1586 747 1613 de
770 1584 831 1613 illis
843 1607 850 1619 ‚
883 1590 984 1613 utrum
1014 1583 1151 1622 placeret
1177 1583 1299 1612 nacioni

390 1635 473 1674 quod
496 1635 693 1663 traderentur
718 1633 766 1663 vel
791 1643 841 1662 ne.
868 1633 906 1661 Et
936 1632 1007 1672 quia
1035 1632 1123 1662 nacio
1151 1632 1300 1662 dubitavit

389 1690 490 1713 utrum
506 1690 601 1712 totum
617 1684 655 1712 de
667 1681 738 1722 jure
755 1682 815 1711 sibi
832 1682 920 1711 nacio
937 1682 1064 1710 deberet
1079 1681 1211 1716 solvere,
1229 1682 1300 1710 fecit

389 1732 490 1772 ipsum
507 1732 612 1761 vocari
631 1732 670 1761 ad
690 1742 735 1767 se,
752 1738 782 1761 et
796 1731 882 1761 venit
898 1737 928 1760 et
942 1730 1059 1770 juravit
1074 1740 1107 1759 se
1126 1741 1188 1759 non
1204 1740 1298 1770 posse

388 1782 426 1810 de
444 1781 555 1810 minori
574 1780 757 1816 contentari,
775 1786 806 1809 et
823 1780 883 1809 sibi
899 1780 936 1808 de
952 1778 1023 1819 jure
1045 1785 1162 1808 tantum
1178 1779 1295 1808 deberi.

389 1830 491 1869 Super
506 1840 567 1869 quo
582 1830 671 1859 nacio
684 1829 868 1858 deliberavit
884 1827 1085 1858 conformiter
1097 1829 1180 1867 quod
1198 1829 1297 1857 trade-

388 1886 495 1908 rentur
510 1879 569 1908 sibi
585 1879 644 1908 tria
659 1885 745 1908 scuta
756 1888 814 1918 per
830 1884 1034 1917 receptorem.

429 1928 538 1965 Quoad
563 1928 692 1957 tercium
717 1927 877 1956 articulum
908 1927 1161 1966 supplicaverunt
1184 1926 1297 1956 bedelli

387 1977 538 2010 nacionis,
564 1977 708 2007 videlicet
736 1977 916 2006 Bomundus
945 1982 975 2005 et
999 1975 1194 2011 Guisselmus,
1220 1986 1297 2015 qua-

387 2027 470 2056 tinus
485 2026 574 2055 nacio
587 2026 680 2055 vellet
695 2025 774 2065 ipsis
790 2034 972 2054 succurrere
988 2024 1019 2053 in
1035 2025 1150 2064 aliquo,
1165 2024 1233 2054 visa
1247 2025 1297 2053 in-

387 2076 528 2114 digencia
550 2075 700 2114 ipsorum,
724 2074 797 2114 quia
816 2083 930 2114 paucas
948 2073 1118 2102 habuerant
1134 2074 1194 2102 isto
1216 2084 1296 2102 anno

386 2125 508 2159 bursas,
524 2131 554 2153 et
570 2124 621 2153 ille
637 2133 714 2163 quas
734 2123 907 2152 habuerunt
926 2122 1045 2151 modice
1061 2123 1184 2152 suerunt
1198 2133 1296 2162 prop-

387 2179 434 2202 ter
470 2179 681 2212 paupertatem
712 2173 956 2212 suppositorum.
982 2171 1084 2211 Super
1114 2182 1174 2211 quo
1207 2171 1295 2201 nacio

386 2222 567 2251 deliberavit
578 2228 607 2251 et
620 2221 830 2251 consideravit
841 2221 980 2260 ipsorum
996 2220 1190 2260 indigencias
1198 2232 1205 2256 ;
1224 2230 1294 2249 con-

386 2271 534 2301 sideravit
549 2271 644 2300 eciam
663 2271 785 2299 labores
802 2276 832 2299 et
849 2269 1044 2309 diligencias,
1062 2279 1140 2308 quos
1156 2269 1294 2299 Bomun-

386 2321 444 2350 dus
460 2321 573 2350 fecerat
585 2321 617 2349 in
633 2321 711 2349 facto
730 2319 870 2348 nacionis
893 2329 965 2358 erga
982 2318 1135 2347 dominam
1155 2319 1293 2358 reginam

386 2370 591 2409 expediendo,
612 2375 642 2398 et
658 2369 755 2398 voluit
776 2369 849 2397 dare
870 2368 1032 2397 Bomundo
1050 2367 1090 2396 Vl
1110 2367 1243 2402 francos,
1265 2374 1295 2396 et

387 2418 551 2448 Guillelmo
570 2418 655 2448 1111⁰=
675 2418 808 2447 francos.
826 2417 964 2446 Ulterius
982 2416 1080 2446 voluit
1102 2416 1190 2445 nacio
1211 2417 1293 2456 quod

387 2467 567 2497 Bomundus
592 2468 704 2496 faceret
730 2467 840 2495 bonam
864 2465 1059 2505 diligenciam
1083 2465 1115 2494 in
1134 2471 1293 2504 posterum

390 2516 508 2545 infacto
520 2516 672 2545 nacionis.

427 2565 565 2594 Ulterius
577 2565 662 2594 venit
674 2564 818 2593 dominus
829 2563 1074 2602 archidyaconus
1085 2563 1246 2592 Scarensis
1255 2564 1293 2592 ad

386 2615 557 2648 nacionem,
575 2621 604 2643 et
621 2614 722 2653 primo
738 2613 969 2653 regraciabatur
986 2611 1108 2641 nacioni
1127 2622 1183 2650 pro
1206 2611 1294 2641 labo-

387 2663 474 2692 ribus
488 2670 518 2692 et
530 2663 705 2702 diligenciis
717 2662 791 2691 alias
807 2661 955 2691 adhibitis
972 2662 1002 2690 in
1019 2661 1293 2690 amministratione

387 2713 496 2741 domus
523 2712 652 2741 ecclesie
678 2711 851 2741 Scarensis.
879 2710 1017 2740 Ulterius
1042 2710 1122 2739 idem
1145 2710 1294 2739 intimavit

387 2761 519 2796 nacioni,
544 2762 698 2800 quomodo
715 2759 827 2789 accidit
853 2759 911 2789 sibi
934 2769 1036 2794 casus,
1059 2765 1187 2798 propter
1203 2768 1293 2798 quem

387 2810 524 2848 oportuit
536 2810 636 2848 ipsum
650 2810 795 2839 recedere
811 2810 848 2838 de
865 2808 1016 2837 Parisius.
1034 2807 1123 2837 Unde
1139 2807 1294 2837 ordinavit

422 2929 444 2952 1.
478 2928 591 2960 Georgio
606 2930 637 2953 de
652 2930 724 2953 Rein.

919 413 923 415 >
943 428 1168 455 AUCTARIUM
1189 427 1448 455 CHARTULARII
1467 428 1643 456 UNIVERS.
1665 430 1782 456 PARIS.

1340 950 1373 975 10

1339 1193 1372 1219 15

1338 1438 1371 1464 20

1336 1682 1370 1708 25

1334 1927 1368 1953 30

1332 2172 1366 2197 35

1331 2416 1365 2442 40

1331 2661 1364 2687 45

2269 433 2321 459 832

1413 511 1443 535 et
1461 506 1621 535 substituit
1640 512 1859 546 procuratores
1877 507 1987 536 domus
2010 507 2140 537 ecclesie
2158 507 2321 539 Scarensis

1412 555 1455 583 ad
1467 556 1637 594 ymaginem
1655 563 1753 584 nostre
1767 557 1893 584 Domine
1915 555 1947 584 in
1967 556 2036 586 vico
2052 556 2191 587 Brunelli
2206 568 2322 598 procu-

1411 609 1545 635 ratorem
1563 603 1702 633 nacionis
1718 610 1748 633 et
1763 603 1880 634 socium
1895 614 1983 634 suum
1999 605 2156 635 dominum
2172 606 2322 636 Cristier-

1412 662 1483 681 num
1504 652 1680 692 Hemmingi
1698 653 1730 682 in
1748 653 1892 688 solidum,
1909 653 1950 683 ita
1968 655 2063 693 quod,
2080 655 2264 695 quicumque
2282 655 2322 685 il-

1412 700 1511 730 lorum
1522 711 1653 740 presens
1665 702 1715 737 sit,
1731 702 1840 731 habeat
1853 702 1974 742 plenam
1986 709 2167 742 potestatem
2178 705 2320 744 regendi,

1412 750 1544 785 locandi,
1571 750 1692 790 locagia
1716 751 1911 791 percipiendi
1939 758 1969 781 et
1998 758 2101 782 cetera
2122 753 2320 793 disponendi,

1412 799 1580 828 secundum
1600 800 1684 839 quod
1702 800 1834 840 ipsemet
1859 807 1974 840 potest,
1995 801 2176 841 supplicans
2198 802 2322 832 nacioni

1411 847 1556 887 quatinus
1580 848 1680 878 dictos
1705 855 1924 888 procuratores
1948 860 2022 879 suos
2046 850 2174 880 haberet
2201 861 2322 881 recom-

1411 898 1571 926 mendatos
1594 903 1623 926 et
1639 897 1732 927 vellet
1752 898 1839 937 ipsos
1857 898 1966 938 juvare
1986 899 2017 928 in
2040 899 2321 930 amministracione

1411 944 1548 985 ejusdem
1568 947 1677 976 domus
1694 947 1724 975 in
1743 957 1816 976 casu
1836 958 1897 987 quo
1918 948 2105 988 indigerent.
2126 948 2222 986 Quam
2246 960 2322 989 sup-

1410 994 1612 1034 plicacionem
1647 995 1735 1025 nacio
1767 997 1922 1026 concessit
1955 997 2013 1026 sub
2048 997 2101 1026 tali
2138 998 2321 1028 condicione

1410 1050 1522 1079 tamen,
1539 1045 1622 1083 quod
1640 1044 1713 1074 dicti
1730 1051 1949 1084 procuratores
1968 1046 2126 1076 substituti
2146 1046 2321 1087 obligarent

1411 1102 1444 1122 se
1468 1093 1590 1122 nacioni
1613 1103 1671 1133 per
1691 1093 1797 1123 literas
1818 1100 1940 1133 apertas
1961 1095 2111 1135 ipsorum,
2134 1096 2217 1135 quod
2241 1096 2320 1136 ipsis

1410 1142 1627 1171 recedentibus
1648 1142 1764 1171 nemini
1783 1143 1942 1172 traderent
1961 1144 2084 1173 domum
2105 1144 2172 1174 sine
2189 1145 2320 1175 consilio

1410 1190 1560 1220 nacionis.
1571 1191 1710 1221 Ulterius
1726 1191 1913 1231 supplicavit
1927 1192 2049 1222 nacioni
2065 1193 2145 1222 idem
2159 1193 2319 1234 archidya-

1410 1249 1506 1269 conus
1520 1239 1665 1278 quatinus
1681 1239 1773 1269 vellet
1785 1250 1854 1269 esse
1870 1250 1988 1269 memor
2001 1241 2039 1270 de
2054 1242 2213 1271 reddendo
2229 1252 2320 1281 pecu-

1409 1288 1488 1323 nias,
1508 1288 1540 1317 in
1556 1289 1669 1328 quibus
1684 1294 1806 1318 tenetur
1819 1289 1900 1318 dicte
1918 1289 2034 1319 domui.
2051 1289 2152 1330 Super
2169 1301 2230 1330 quo
2243 1290 2319 1320 deli-

1410 1337 1529 1367 beravit
1546 1338 1634 1367 nacio
1648 1338 1731 1377 quod
1749 1338 1821 1367 dum
1840 1348 1874 1367 se
1892 1338 2019 1368 facultas
2035 1338 2171 1375 offerret,
2188 1339 2320 1369 libenter

1410 1386 1530 1416 solvere
1547 1386 1640 1416 vellet
1655 1386 1752 1416 dictas
1769 1387 1918 1426 pecunias
1935 1387 2087 1417 antedicte
2103 1388 2218 1418 domui.

1816 1481 1911 1509 1401

1448 1552 1520 1592 (Fal.
1543 1554 1580 1582 60
1595 1552 1618 1591 ¹²)
1639 1553 1730 1582 Aeta
1753 1552 1789 1581 in
1814 1553 2077 1592 procuratoria
2101 1553 2278 1593 magistri

1607 1601 1831 1631 Goedscalci
1860 1602 1953 1631 dicti
1984 1601 2114 1632 Vrese.

1448 1681 1566 1710 Indicta
1593 1680 1838 1721 congregacione
1866 1680 2005 1710 nacionis
2034 1680 2206 1721 Anglicane
2241 1681 2317 1712 hora

1407 1730 1575 1770 primarum
1590 1729 1703 1759 Nostre
1722 1730 1854 1758 Domine
1877 1736 1951 1769 aput
1967 1729 2111 1759 Sanctum
2127 1730 2316 1761 Maturinum

1406 1789 1486 1808 anno
1502 1778 1627 1808 Domini
1642 1778 1687 1807 Μο
1702 1778 1852 1814 000010,
1866 1779 1916 1808 die
1930 1778 2055 1808 veneris
2070 1779 2182 1809 XXVI·
2198 1780 2316 1810 mensis

1406 1828 1550 1868 Augusti,
1570 1837 1664 1867 super
1679 1828 1800 1857 duobus
1815 1827 1965 1857 articulis.
1983 1827 2107 1858 Primus
2122 1834 2188 1858 erat
2202 1829 2240 1858 ad
2262 1829 2316 1859 eli-

1405 1878 1539 1917 gendum
1556 1887 1669 1906 novum
1691 1882 1922 1916 procuratorem
1945 1876 1994 1907 vel
2016 1878 2054 1906 ad
2074 1877 2315 1908 continuandum

1405 1917 1575 1966 [ntiquum.
1616 1925 1656 1955 Et
1685 1925 1801 1955 electus
1833 1926 1889 1955 fuit
1926 1926 2122 1956 concorditer
2166 1927 2315 1966 magister

1406 1975 1615 2005 Goedscalcus
1632 1974 1740 2004 Vrese.
1768 1974 1930 2004 Secundus
1952 1966 2099 2005 articulus
2124 1985 2219 2015 super
2241 1985 2313 2016 sup-

1404 2024 1630 2064 plicacionibus
1656 2030 1686 2053 et
1711 2022 1846 2063 injuriis.
1875 2023 1915 2053 Et
1946 2024 2132 2064 supplicavit
2164 2025 2313 2065 magister

1405 2073 1512 2103 Navno
1537 2072 1688 2102 Johannis
1715 2073 1753 2102 de
1787 2072 1892 2108 Dacia,
1923 2078 1957 2102 ut
1984 2073 2150 2103 haberetur
2177 2074 2215 2103 ab
2243 2074 2312 2114 ipsa

1404 2122 1533 2151 nacione
1550 2128 1669 2162 gratus,
1692 2122 1959 2151 recommendatus
1981 2128 2011 2151 et
2032 2118 2161 2161 aguatus
2182 2123 2213 2152 in
2235 2123 2311 2153 actis

1405 2181 1460 2210 per
1474 2181 1542 2201 eum
1559 2171 1683 2200 nomine
1697 2170 1787 2200 officii
1801 2171 2024 2210 procuratoris.
2036 2171 2076 2200 Et
2085 2171 2142 2200 hec
2163 2171 2223 2200 sibi
2240 2181 2312 2201 con-

1404 2221 1541 2250 corditer
1558 2220 1613 2250 fuit
1628 2229 1787 2249 concessa.
1809 2219 1893 2249 Idem
1906 2219 2002 2249 eciam
2021 2220 2170 2260 magister
2188 2221 2312 2250 nomine

1404 2270 1451 2299 sui
1473 2275 1503 2299 et
1524 2268 1590 2309 ejus
1605 2269 1682 2298 socii
1701 2269 1868 2299 Cristierni
1888 2268 2064 2309 Hemmingi
2085 2269 2170 2298 dedit
2189 2269 2312 2299 nacioni

1403 2319 1554 2358 quandam
1581 2318 1718 2347 cedulam
1743 2328 1799 2347 suo
1822 2324 1851 2347 et
1870 2318 1948 2347 socii
1975 2318 2023 2347 sui
2047 2318 2179 2357 predicti
2206 2318 2310 2358 sigillo

1403 2368 1564 2408 signatam,
1578 2367 1610 2396 in
1631 2377 1690 2406 qua
1710 2377 1743 2396 se
1761 2367 1946 2396 unanimiter
1965 2366 2088 2396 nacioni
2104 2376 2173 2396 esse
2190 2367 2312 2407 obliga-

1402 2423 1450 2446 tos
1471 2422 1719 2456 recognoverunt
1735 2416 1772 2444 ad
1792 2426 1856 2444 non
1875 2416 2057 2445 tradendum
2075 2422 2126 2445 aut
2146 2416 2310 2455 resignan-

1402 2466 1473 2494 dum
1486 2465 1576 2494 alicui
1590 2466 1741 2504 quandam
1756 2465 1878 2494 domum
1894 2465 1925 2493 in
1938 2464 2006 2494 vico
2020 2464 2160 2494 Brunelli
2172 2465 2215 2493 ad
2225 2475 2309 2502 yma-

1400 2515 1497 2553 ginem
1521 2521 1618 2543 nostre
1637 2515 1762 2543 Domine
1784 2514 1872 2543 sitam
1893 2513 1959 2543 sine
1981 2523 2136 2543 consensu
2156 2513 2307 2549 nacionis,

1402 2569 1474 2598 etc.,
1489 2563 1656 2592 secundum
1669 2562 1732 2603 jam
1746 2568 1911 2591 memorate
1926 2562 2032 2591 cedule
2048 2563 2186 2591 formam.

1443 2612 1534 2641 Facta
1571 2611 1816 2651 congregacione
1850 2611 1988 2640 nacionis
2020 2610 2191 2650 Anglicane
2227 2621 2307 2640 anno

1403 2660 1527 2690 Domini
1548 2666 1581 2689 ut
1596 2670 1700 2699 supra,
1719 2659 1790 2689 X11=
1810 2660 1859 2689 die
1879 2659 2083 2698 Septembris,
2103 2659 2179 2688 hora
2194 2659 2306 2689 tercia-

1401 2719 1469 2738 rum
1482 2716 1555 2749 aput
1571 2709 1715 2738 Sanctum
1733 2708 1886 2738 Julianum
1907 2718 2001 2748 super
2016 2709 2137 2737 duobus
2155 2707 2305 2738 articulis.

1402 2758 1526 2787 Primus
1553 2764 1617 2787 erat
1642 2759 1680 2787 ad
1707 2757 1951 2787 subveniendum
1980 2757 2099 2786 cuidam
2129 2756 2242 2786 scolari
2269 2757 2307 2786 de

1402 2807 1571 2846 Hungaria‚
1589 2807 1642 2846 qui
1654 2805 1766 2846 injuste
1780 2806 1988 2835 incarceratus
2004 2806 2103 2835 solum
2120 2815 2176 2845 pro
2190 2815 2308 2845 expen-

1432 2928 1454 2950 2Δ
1489 2928 1583 2949 Nomen
1602 2925 1651 2949 vici
1661 2925 1785 2949 Josselini
1802 2924 1883 2957 igitur
1901 2924 2032 2956 antiquius
2049 2927 2087 2948 eat
2101 2932 2179 2957 quam
2192 2924 2307 2949 JAlLLO'l·

1401 2961 1560 2993 supponebat
1573 2961 1706 2993 (Qum-tier
1717 2961 1870 2989 St.-Benoit,
1884 2969 1909 2992 p.
1924 2961 1969 2984 105
1981 2960 2040 2993 ιφ).
