2632 3464
298 445 353 472 573

302 520 451 561 magister
473 520 631 550 Johannes
662 519 754 559 quo'dv
767 519 916 549 ‘solveret
946 521 960 548 1
993 520 1140 548 francum.
1175 518 1209 547 Si

301 575 403 600 autem
427 579 505 605 non,
534 579 571 599 ex
609 576 680 599 tunc
714 575 799 599 esset
828 569 967 608 privatus
996 578 1014 597 a
1045 567 1210 597 consorcio

302 618 443 648 nacionis
458 625 488 648 et
505 617 628 648 inabilis
647 618 687 648 ad
705 618 808 647 omnia
826 617 925 647 officia
941 617 1081 646 nacionis
1100 623 1131 646 et
1147 626 1210 645 non

303 666 535 703 inrotularetur,
553 674 625 703 etc.,
643 673 677 697 ut
693 666 794 707 prius.
812 666 852 696 Et
867 675 962 705 super
981 665 1040 695 hoc
1059 665 1115 695 suit
1128 665 1211 705 peti-

301 722 366 746 tum
379 716 627 746 instrumentum.
890 718 894 723 '

294 831 296 834 ’
323 824 396 864 (Fal.
430 824 518 864 21b)·
538 824 605 854 Isti
634 829 719 853 sunt
748 823 1042 852 determinantes
1076 821 1189 852 istius

702 882 805 901 anni.

342 961 448 992 Primo
455 961 669 991 determinavit
678 961 823 990 dominus
833 960 1021 990 Wilhelmus
1033 961 1070 989 de
1080 959 1211 990 Camera

294 1011 360 1041 sub
376 1010 526 1051 magistro
537 1009 677 1040 Johanne
688 1009 869 1045 Forestarii‚
883 1008 970 1049 cujus
981 1010 1078 1038 bursa
1093 1008 1137 1038 111
1149 1008 1207 1038 sol.

300 1059 414 1090 Solvit.

342 1108 418 1138 Item
437 1107 654 1138 determinavit
671 1108 815 1137 dominus
833 1107 988 1137 Henricus
1009 1106 1136 1136 Hemert
1151 1106 1210 1136 sub

297 1157 450 1198 ‘magistro
477 1156 624 1196 Philippo
648 1156 762 1196 Pingh,
786 1155 882 1196 'cujus
915 1157 1011 1186 bursa
1032 1155 1076 1185 111
1094 1155 1208 1190 solidi,

301 1206 375 1237 VIII
393 1206 524 1236 denarii.
543 1206 652 1236 Solvit.

341 1255 417 1286 Item
439 1255 654 1285 determinavit
676 1255 820 1284 dominus
845 1254 1018 1284 Hernestus
1043 1254 1081 1283 de
1102 1252 1130 1282 A
1152 1253 1210 1283 sub

300 1305 450 1345 magistro
473 1304 613 1334 Johanne
633 1304 795 1339 Lubberti,
817 1302 905 1344 cujus
926 1304 1022 1333 bursa
1042 1302 1083 1332 Vl
1105 1302 1207 1332 solidi.

307 1353 416 1384 Solvit.

342 1402 418 1432 Item
433 1402 649 1432 determinavit
663 1402 806 1431 dominus
823 1401 981 1431 Iohannes
998 1401 1037 1430 de
1054 1399 1210 1430 Constan-

299 1452 350 1482 cia
364 1452 422 1481 sub
438 1450 588 1491 magistro
599 1450 744 1480 Conrado
759 1451 797 1480 de
809 1450 1002 1490 Heghenaio,
1018 1448 1106 1489 cujus
1115 1449 1211 1479 bursa

299 1500 411 1536 nichil,
427 1500 500 1540 quia
510 1498 626 1540 juravit
640 1505 785 1529 statutum
799 1498 1001 1539 paupertatis.

342 1549 417 1580 Item
433 1549 648 1579 determinavit
665 1548 809 1578 dominus
823 1547 1007 1578 Ghebardus
1023 1548 1061 1576 de
1076 1547 1210 1576 Zelbach

296 1599 361 1629 sub
376 1598 526 1638 magistro
541 1597 703 1627 Gherardo
719 1598 757 1626 de
772 1597 898 1632 Kalker,
914 1596 1002 1636 cujus
1015 1597 1110 1626 bursa
1126 1595 1153 1625 V
1168 1606 1208 1631 s.‚

300 1647 374 1678 VIII
389 1647 520 1677 denarii.
539 1646 648 1677 Solvit.

343 1696 418 1726 Item
435 1695 651 1726 determinavit
665 1695 810 1725 dominus
827 1694 942 1735 Hugho
961 1695 1000 1724 de
1017 1693 1210 1724 Naeldwiich

298 1746 360 1776 suh
373 1745 523 1786 magistro
539 1744 679 1774 Johanne
694 1745 732 1774 de
749 1744 876 1784 Leydis‚
893 1743 980 1783 cujus
998 1744 1093 1774 bursa
1105 1743 1132 1772 V
1149 1743 1207 1773 sol.

301 1794 412 1825 Posuit
425 1794 553 1835 pignus,
569 1793 664 1824 solvit
674 1793 817 1823 bedellis.

340 1843 418 1874 Item
440 1843 656 1873 determinavit
683 1842 829 1872 dominus
853 1841 1011 1872 Johannes
1039 1842 1124 1882 Dyer
1151 1842 1209 1871 suh

299 1893 422 1928 eodem,
441 1891 529 1933 cujus
550 1893 646 1922 bursa
663 1891 691 1921 V
710 1891 814 1922 solidi.
839 1891 950 1921 Posuit
969 1891 1094 1931 pignus,
1118 1891 1211 1921 solvit

303 1941 447 1972 bedellis.

344 1991 419 2021 Item
428 1990 644 2020 determinavit
655 1990 799 2020 dominus
807 1989 1004 2019 Iler-mannus
1013 1988 1135 2019 Cueure
1151 1989 1208 2018 sub

301 2039 452 2080 magistro
471 2039 611 2069 Johanne
629 2038 791 2075 Lubherti‚
812 2038 900 2079 cujus
923 2039 1019 2069 bursa
1039 2038 1079 2068 Vl
1103 2038 1206 2068 solidi.

304 2088 415 2119 Posuit
428 2088 553 2128 pignus.

342 2137 419 2167 Item
447 2137 662 2167 determinavit
689 2137 832 2166 dominus
864 2135 1024 2167 Arnoldus
1053 2136 1139 2166 Brun
1170 2137 1208 2166 de

298 2186 488 2217 Gorinchem
500 2187 558 2215 sub
569 2186 718 2226 magistro
730 2185 870 2216 Johanne
881 2186 919 2215 de
930 2185 1109 2222 Ilockelem‚
1120 2185 1209 2226 cujus

302 2236 397 2266 bursa
409 2235 436 2264 V
453 2235 556 2265 solidi.
575 2235 685 2265 Solvit.

342 2284 417 2315 Item
445 2283 662 2314 determinavit
688 2283 831 2314 dominus
853 2283 1077 2324 Brunyulphus
1103 2283 1208 2314 Karoli

301 2334 361 2364 sub
377 2333 526 2374 magistro
536 2332 704 2363 Gherardo
719 2333 757 2362 de
775 2333 901 2369 Kalker,
917 2331 1005 2373 cujus
1014 2333 1110 2363 bursa
1125 2332 1152 2362 V
1167 2342 1207 2368 s.‚

303 2382 345 2413 VI
356 2383 490 2412 denarii.
510 2381 620 2412 Solvit.

342 2431 417 2462 Item
437 2431 652 2461 determinavit
672 2431 816 2461 dominus
832 2430 989 2460 lohannes
1009 2430 1078 2460 Liet
1096 2430 1209 2461 Scotus

299 2481 360 2511 sub
368 2480 517 2521 magistro
527 2480 543 2510 J
546 2480 667 2510 ohanne
679 2479 860 2516 Fon-estun,
872 2478 959 2520 cujus
969 2479 1206 2510 bursaVsolidi.

305 2529 414 2560 Solvit.

343 2578 418 2609 Item
441 2578 656 2609 determinavit
684 2578 827 2608 dominus
854 2577 987 2607 Mathias
1011 2578 1049 2607 de
1079 2577 1208 2608 Haesten

300 2628 360 2658 sub
389 2627 539 2668 magistro
564 2627 704 2657 Johanne
727 2628 765 2656 de
791 2627 970 2662 Ilockelem‚
995 2625 1083 2666 cujus
1115 2628 1208 2657 bursa

300 2676 328 2706 V
344 2676 447 2706 solidi.
467 2676 578 2706 Posuit
589 2676 708 2706 literam
723 2676 950 2716 obligatoriam.

342 2725 417 2755 ltem
444 2725 661 2755 determinavit
685 2725 830 2755 dominus
860 2725 1035 2765 Stephanus
1062 2725 1124 2755 Pes
1150 2726 1208 2755 sub

300 2774 450 2814 magistro
468 2773 607 2804 Johanne
624 2775 662 2804 de
682 2774 810 2814 Leydis,
826 2773 914 2813 cujus
933 2774 1025 2804 bursa
1041 2773 1084 2803 111
1102 2773 1205 2804 solidi.

302 2822 412 2853 Posuit
423 2821 549 2863 pignus.

343 2870 418 2901 Item
451 2871 666 2902 determinavit
698 2872 842 2902 dominus
876 2871 1031 2902 Henricus
1065 2871 1206 2908 Miunno,

333 2973 357 2998 1.
390 2974 438 2998 Me.
451 2981 508 3006 per.

806 444 919 470 LIBER
940 442 1255 470 PROCURATORUM
1274 442 1455 469 NATIONIS
1474 442 1719 468 ANGLICANAE

1247 718 1264 744 5

1247 964 1282 990 10

1247 1210 1281 1236 15

1247 1455 1281 1481 20

1247 1700 1281 1727 25

1246 1947 1281 1973 30

1246 2193 1280 2219 35

1246 2438 1280 2465 40

1246 2682 1280 2709 45

2174 442 2226 468 574

1309 518 1395 547 ‘alias
1417 518 1518 547 dictus
1540 519 1578 546 de
1596 517 1722 552 Kekem,
1744 517 1801 546 sub
1822 517 1971 556 magistro
1989 517 2127 546 Johanne
2142 518 2227 547 Lub-

1318 567 1411 602 berti,
1428 566 1515 606 cujus
1531 567 1626 595 bursa
1639 566 1680 595 Vl
1697 566 1800 595 solidi.
1820 565 1930 595 Solvit.

1359 616 1435 645 Item
1462 615 1677 645 determinavit
1705 615 1849 644 dominus
1879 614 2034 644 Henricus
2056 616 2093 643 de
2117 615 2224 644 Suecia

1310 666 1377 694 'sub
1395 665 1544 704 magistro
1560 664 1700 694 Gerardo
1716 664 1754 693 de
1770 663 1896 698 Kalker,
1912 662 1998 703 cujus
2009 665 2103 693 bursa
2115 664 2153 692 vl
2167 665 2225 693 sol.

1321 713 1430 744 Solvit.

1359 763 1435 792 Item
1457 762 1671 792 determinavit
1692 762 1834 791 dominus
1859 761 2039 801 Rutgherus
2064 763 2101 790 de
2126 762 2227 791 Drove

1319 813 1377 842 sub
1393 812 1542 852 magistro
1554 811 1694 842 Iohanne
1707 812 1746 840 de
1758 811 1891 846 Stralen,
1905 810 1992 850 cujus
2003 812 2098 840 bursa
2112 811 2152 839 Vl
2168 811 2226 840 sol.

1319 861 1430 891 Posuit
1446 861 1572 901 pignus.

1360 910 1435 939 Item
1455 910 1672 939 determinavit
1693 910 1837 939 dominus
1857 909 2003 939 Nicolaus
2021 909 2172 938 Albrandi
2190 910 2227 938 de

1319 958 1472 999 Trajecto‚
1499 957 1586 998 cujus
1613 959 1708 988 bursa
1729 958 1802 987 Vlll
1827 958 1900 987 albi.
1929 957 2028 987 Solvit
2054 967 2111 997 pro
2141 964 2227 996 parte

1319 1007 1439 1047 majori.

1360 1057 1435 1086 Item
1460 1057 1675 1086 determinavit
1699 1056 1843 1086 dominus
1867 1055 2056 1086 Wilhelmus
2077 1055 2227 1084 Johannis

1319 1107 1357 1135 de
1372 1106 1482 1136 Gouda
1502 1107 1559 1135 sub
1577 1106 1726 1146 magistro
1741 1105 1880 1135 Johanne
1899 1106 1936 1134 de
1957 1105 2118 1140 Hocklem‚
2141 1104 2228 1144 eujus

1318 1156 1414 1185 bursa
1427 1155 1454 1184 V
1471 1155 1575 1185 solidi.
1592 1155 1702 1184 Posuit
1716 1155 1843 1194 pignus.

1360 1204 1435 1234 Item
1457 1204 1673 1234 determinavit
1693 1204 1836 1233 dominus
1859 1203 2017 1233 Johannes
2039 1204 2077 1232 de
2100 1203 2228 1243 Bles[ia]

1319 1254 1377 1283 suh
1402 1254 1551 1294 magistro
1574 1253 1714 1282 Johanne
1741 1253 1779 1282 de
1811 1252 1991 1287 Hockelem‚
2018 1251 2106 1292 cujus
2134 1253 2229 1282 bursa

1318 1302 1359 1332 Vl
1375 1302 1479 1333 solidi.
1498 1302 1608 1332 Solvit.

1359 1351 1435 1381 Item
1453 1352 1668 1381 determinavit
1683 1352 1826 1381 dominus
1846 1351 2001 1380 Henricus
2019 1351 2227 1389 Camer[m]an

1318 1401 1356 1430 de
1372 1401 1586 1430 Amerssordia
1601 1402 1659 1430 sub
1675 1400 1823 1440 magistro
1840 1400 1980 1430 Johanne
1993 1401 2031 1429 de
2047 1399 2226 1434 Hockelem,

1318 1449 1406 1490 cujus
1421 1451 1516 1479 bursa
1525 1450 1552 1479 V
1562 1449 1619 1479 sol.
1632 1449 1734 1479 Solvit
1747 1448 1821 1489 pro⁴
1840 1456 1926 1489 parte
1937 1455 1967 1478 et
1981 1449 2087 1489 posuit
2099 1449 2226 1488 pignus

1360 1499 1436 1529 Item
1455 1499 1671 1529 determinavit
1692 1499 1835 1528 dominus
1855 1498 2001 1528 Nicolaus
2018 1498 2154 1537 Muyden
2170 1499 2228 1527 sub

1319 1549 1468 1588 magistro
1489 1548 1628 1578 Johanne
1651 1549 1688 1577 de
1710 1547 1837 1587 Leydis,
1857 1546 1944 1588 cujus
1964 1548 2058 1577 bursa
2078 1547 2104 1575 V
2123 1547 2226 1576 solidi.

1319 1598 1430 1627 Posuit
1442 1597 1584 1637 pignera.

1359 1646 1435 1676 Item
1459 1646 1677 1676 determinavit
1705 1646 1848 1675 dominus
1870 1645 2028 1675 Iohannes
2053 1645 2228 1674 Ysebrandi

1319 1697 1377 1726 sub
1405 1696 1556 1736 magistro
1583 1695 1723 1725 Johanne
1747 1696 1785 1724 de
1814 1694 1994 1730 Hockelem,
2021 1693 2107 1734 cujus
2135 1695 2229 1724 bursa

1317 1744 1344 1774 V
1363 1745 1467 1775 solidi.
1487 1745 1597 1775 Posuit
1613 1745 1757 1785 pignera.

1359 1795 1434 1824 Item
1450 1794 1666 1824 determinavit
1680 1794 1824 1823 dominus
1837 1793 1991 1823 Henricus
2007 1792 2154 1822 Krouwel
2170 1793 2228 1822 sub

1318 1843 1468 1883 magistro
1489 1843 1629 1873 Gerardo
1649 1843 1687 1872 de
1707 1842 1832 1878 Kalker‚
1855 1841 1942 1883 cujus
1962 1843 2057 1871 bursa
2076 1841 2116 1870 Vl
2136 1841 2228 1870 solidi

1318 1899 1349 1923 et
1363 1892 1405 1922 VI
1419 1893 1549 1922 denarii.
1570 1892 1681 1922 Posuit
1698 1892 1824 1932 pignus.

1359 1942 1434 1972 Item
1460 1941 1675 1971 determinavit
1703 1941 1846 1970 dominus
1872 1940 2054 1980 Reynoldus
2077 1941 2114 1969 de
2131 1939 2228 1969 Vinea

1318 1991 1376 2021 sub
1394 1991 1542 2031 magistro
1558 1991 1736 2020 Hermanno
1752 1990 1790 2019 de
1802 1990 2014 2029 Warendorp‚
2032 1988 2119 2028 cujus
2134 1990 2227 2018 bursa

1318 2040 1359 2070 VI
1378 2040 1470 2070 solidi
1486 2050 1554 2070 cum
1571 2039 1612 2069 Vl
1627 2039 1776 2069 denariis.
1797 2039 1908 2068 Posuit
1924 2039 2049 2078 pignus.

1358 2089 1434 2119 Item
1443 2089 1658 2119 determinavit
1665 2089 1808 2118 dominus
1817 2088 2028 2118 Theodericus
2037 2088 2227 2117 warmonde

1318 2139 1376 2168 sub
1394 2138 1544 2178 magistro
1564 2138 1704 2167 Johanne
1719 2138 1757 2166 de
1773 2137 1899 2177 Leydis,
1917 2136 2004 2176 cujus
2019 2138 2112 2166 bursa
2128 2135 2154 2164 V
2167 2135 2224 2165 sol.

1318 2187 1429 2218 Posuit
1449 2187 1575 2227 pignus.

1358 2237 1433 2267 Item
1457 2235 1673 2266 determinavit
1698 2235 1842 2265 dominus
1874 2235 2055 2264 Baldwinus
2087 2234 2226 2263 Sunder-
2279 2251 2284 2256 ·

1317 2284 1440 2316 daneh²
1465 2286 1522 2315 sub
1545 2285 1695 2324 magistro
1714 2284 1854 2314 Johanne
1874 2285 1912 2313 de
1937 2283 2115 2319 Ilockelem‚
2139 2282 2225 2323 cujus

1318 2336 1413 2365 bursa
1428 2333 1455 2363 V
1473 2334 1576 2364 solidi.
1595 2333 1705 2363 Solvit.

1358 2383 1434 2413 Item
1452 2383 1669 2412 determinavit
1688 2382 1832 2412 dominus
1849 2381 2060 2411 Theodericus
2079 2381 2228 2410 waucert

1317 2433 1355 2462 de
1374 2432 1543 2462 Herwinen
1564 2432 1622 2461 sub
1642 2432 1789 2471 magistro
1809 2431 1902 2460 Petro
1921 2432 1959 2459 de
1980 2430 2116 2464 Austria.
2138 2429 2225 2469 cujus

1317 2482 1413 2511 bursa
1426 2481 1500 2511 VIII
1515 2480 1587 2510 albi.
1606 2481 1717 2510 Posuit
1728 2480 1847 2510 literam
1866 2479 2016 2509 officialis.

1359 2531 1434 2560 Item
1450 2529 1665 2559 determinavit
1680 2530 1824 2558 dominus
1840 2528 2050 2558 Theodericus
2064 2529 2101 2556 de
2122 2527 2227 2557 lloke-

1318 2580 1376 2609 lem
1394 2579 1453 2609 sub
1473 2578 1621 2618 magistro
1645 2578 1780 2608 ilenrico
1799 2579 1836 2607 de
1859 2578 2002 2611 Rossem,
2023 2575 2110 2615 cujus
2133 2577 2226 2605 bursa

1319 2628 1378 2658 llll
1396 2627 1500 2658 solidi.
1522 2627 1631 2657 Posuit
1646 2627 1798 2667 p[ignus].

1359 2677 1434 2707 Item
1469 2676 1685 2706 determinavit
1724 2675 1866 2705 dominus
1899 2674 2079 2703 Gherardus
2117 2673 2227 2703 Kalant

1317 2727 1355 2756 de
1382 2725 1592 2755 Groninchem
1616 2726 1674 2755 sub
1700 2725 1846 2764 magistro
1870 2724 2009 2752 Gerardo
2036 2723 2074 2751 de
2101 2722 2224 2757 Kalker,

1317 2773 1404 2815 cujus
1420 2775 1515 2804 bursa
1530 2773 1555 2803 V
1572 2773 1676 2808 solidi,
1696 2773 1767 2802 Vlll
1785 2773 1915 2801 denarii.

1359 2824 1432 2853 Item
1444 2823 1659 2852 determinavit
1670 2822 1813 2851 dominus
1828 2821 1981 2850 llenricus
1992 2821 2029 2849 de
2043 2819 2226 2850 Andernaco

1317 2873 1374 2903 sub
1390 2873 1509 2907 eodem,
1526 2870 1613 2911 cujus
1629 2873 1722 2900 bursa
1740 2870 1795 2899 Vll
1815 2870 1917 2899 solidi.
1935 2869 2043 2899 Solvit.

1349 2974 1372 2997 2.
1405 2975 1453 2998 Mn.
1466 2973 1667 2998 Sundcrdandh.
