<?xml version="1.0" encoding="UTF-8"?>
<!DOCTYPE html PUBLIC "-//W3C//DTD XHTML 1.0 Transitional//EN"
    "http://www.w3.org/TR/xhtml1/DTD/xhtml1-transitional.dtd">
<html xmlns="http://www.w3.org/1999/xhtml" xml:lang="en" lang="en">
 <head>
  <title>
</title>
<meta http-equiv="Content-Type" content="text/html;charset=utf-8" />
  <meta name='ocr-system' content='tesseract 3.04.00' />
  <meta name='ocr-capabilities' content='ocr_page ocr_carea ocr_par ocr_line ocrx_word'/>
</head>
<body>
  <div class='ocr_page' id='page_1' title='image "auctariumchartul01univuoft_0384.png"; bbox 0 0 2632 3464; ppageno 0'>
   <div class='ocr_carea' id='block_1_1' title="bbox 461 458 508 482">
    <p class='ocr_par' dir='ltr' id='par_1_1' title="bbox 461 458 508 482">
     <span class='ocr_line' id='line_1_1' title="bbox 461 458 508 482; baseline 0 0"><span class='ocrx_word' id='word_1_1' title='bbox 461 458 508 482; x_wconf 87' lang='lat'>591</span> 
     </span>
    </p>
   </div>
   <div class='ocr_carea' id='block_1_2' title="bbox 454 531 1363 1944">
    <p class='ocr_par' dir='ltr' id='par_1_2' title="bbox 456 531 1363 1404">
     <span class='ocr_line' id='line_1_2' title="bbox 461 531 1361 574; baseline -0.007 -10"><span class='ocrx_word' id='word_1_2' title='bbox 461 546 554 574; x_wconf 85' lang='lat' dir='ltr'>super</span> <span class='ocrx_word' id='word_1_3' title='bbox 572 535 702 574; x_wconf 88' lang='lat' dir='ltr'>quodam</span> <span class='ocrx_word' id='word_1_4' title='bbox 719 533 892 573; x_wconf 79' lang='lat' dir='ltr'>supposito,</span> <span class='ocrx_word' id='word_1_5' title='bbox 912 532 1034 561; x_wconf 85' lang='lat' dir='ltr'>nomine</span> <span class='ocrx_word' id='word_1_6' title='bbox 1051 531 1174 561; x_wconf 89' lang='lat' dir='ltr'>Ottonis</span> <span class='ocrx_word' id='word_1_7' title='bbox 1190 532 1227 559; x_wconf 90' lang='lat' dir='ltr'>de</span> <span class='ocrx_word' id='word_1_8' title='bbox 1246 531 1361 569; x_wconf 90' lang='lat' dir='ltr'>Dyma-</span> 
     </span>
     <span class='ocr_line' id='line_1_3' title="bbox 460 579 1361 623; baseline -0.006 -10"><span class='ocrx_word' id='word_1_9' title='bbox 460 585 581 623; x_wconf 85' lang='lat' dir='ltr'>ryngia,</span> <span class='ocrx_word' id='word_1_10' title='bbox 596 585 633 612; x_wconf 91' lang='lat' dir='ltr'>de</span> <span class='ocrx_word' id='word_1_11' title='bbox 647 594 707 623; x_wconf 91' lang='lat' dir='ltr'>quo</span> <span class='ocrx_word' id='word_1_12' title='bbox 720 589 784 612; x_wconf 88' lang='lat' dir='ltr'>erat</span> <span class='ocrx_word' id='word_1_13' title='bbox 797 581 1007 611; x_wconf 86' lang='lat' dir='ltr'>controversia</span> <span class='ocrx_word' id='word_1_14' title='bbox 1019 587 1048 610; x_wconf 91' lang='lat' dir='ltr'>et</span> <span class='ocrx_word' id='word_1_15' title='bbox 1059 581 1097 609; x_wconf 93' lang='lat' dir='ltr'>lis</span> <span class='ocrx_word' id='word_1_16' title='bbox 1112 581 1191 609; x_wconf 89' lang='lat' dir='ltr'>inter</span> <span class='ocrx_word' id='word_1_17' title='bbox 1201 579 1361 608; x_wconf 90' lang='lat' dir='ltr'>nacionem</span> 
     </span>
     <span class='ocr_line' id='line_1_4' title="bbox 460 628 1362 672; baseline -0.007 -10"><span class='ocrx_word' id='word_1_18' title='bbox 460 633 658 672; x_wconf 87' lang='lat' dir='ltr'>Anglicanam</span> <span class='ocrx_word' id='word_1_19' title='bbox 678 638 706 661; x_wconf 91' lang='lat' dir='ltr'>et</span> <span class='ocrx_word' id='word_1_20' title='bbox 726 631 923 664; x_wconf 81' lang='lat' dir='ltr'>Gallicanam,</span> <span class='ocrx_word' id='word_1_21' title='bbox 941 630 978 658; x_wconf 92' lang='lat' dir='ltr'>ad</span> <span class='ocrx_word' id='word_1_22' title='bbox 992 628 1077 668; x_wconf 87' lang='lat' dir='ltr'>cujus</span> <span class='ocrx_word' id='word_1_23' title='bbox 1093 629 1251 657; x_wconf 89' lang='lat' dir='ltr'>nacionem</span> <span class='ocrx_word' id='word_1_24' title='bbox 1265 628 1362 667; x_wconf 89' lang='lat' dir='ltr'>perti-</span> 
     </span>
     <span class='ocr_line' id='line_1_5' title="bbox 460 677 1362 720; baseline -0.007 -9"><span class='ocrx_word' id='word_1_25' title='bbox 460 681 564 711; x_wconf 80' lang='lat' dir='ltr'>neret⁴</span> <span class='ocrx_word' id='word_1_26' title='bbox 578 694 584 715; x_wconf 88' lang='lat'>;</span> <span class='ocrx_word' id='word_1_27' title='bbox 598 681 669 720; x_wconf 91' lang='lat' dir='ltr'>quia</span> <span class='ocrx_word' id='word_1_28' title='bbox 679 686 809 720; x_wconf 84' lang='lat' dir='ltr'>protunc</span> <span class='ocrx_word' id='word_1_29' title='bbox 820 685 1001 718; x_wconf 83' lang='lat' dir='ltr'>procurator</span> <span class='ocrx_word' id='word_1_30' title='bbox 1013 688 1079 707; x_wconf 89' lang='lat' dir='ltr'>cum</span> <span class='ocrx_word' id='word_1_31' title='bbox 1096 678 1250 716; x_wconf 84' lang='lat' dir='ltr'>aliquibus</span> <span class='ocrx_word' id='word_1_32' title='bbox 1263 677 1362 717; x_wconf 87' lang='lat' dir='ltr'>magi-</span> 
     </span>
     <span class='ocr_line' id='line_1_6' title="bbox 460 726 1361 766; baseline -0.006 -6"><span class='ocrx_word' id='word_1_33' title='bbox 460 731 534 760; x_wconf 84' lang='lat' dir='ltr'>stris</span> <span class='ocrx_word' id='word_1_34' title='bbox 549 731 629 759; x_wconf 86' lang='lat' dir='ltr'>dicte</span> <span class='ocrx_word' id='word_1_35' title='bbox 638 729 775 758; x_wconf 86' lang='lat' dir='ltr'>nacionis</span> <span class='ocrx_word' id='word_1_36' title='bbox 792 728 947 757; x_wconf 84' lang='lat' dir='ltr'>Gallicane</span> <span class='ocrx_word' id='word_1_37' title='bbox 965 726 1191 766; x_wconf 77' lang='lat' dir='ltr'><strong>requisiverant</strong></span> <span class='ocrx_word' id='word_1_38' title='bbox 1205 726 1361 755; x_wconf 90' lang='lat' dir='ltr'>dominum</span> 
     </span>
     <span class='ocr_line' id='line_1_7' title="bbox 460 775 1361 817; baseline -0.007 -8"><span class='ocrx_word' id='word_1_39' title='bbox 460 786 621 813; x_wconf 82' lang='lat' dir='ltr'>rectorem,</span> <span class='ocrx_word' id='word_1_40' title='bbox 638 785 668 807; x_wconf 88' lang='lat' dir='ltr'>ut</span> <span class='ocrx_word' id='word_1_41' title='bbox 686 788 780 817; x_wconf 87' lang='lat' dir='ltr'>super</span> <span class='ocrx_word' id='word_1_42' title='bbox 798 778 856 806; x_wconf 83' lang='lat' dir='ltr'>isto</span> <span class='ocrx_word' id='word_1_43' title='bbox 871 778 981 805; x_wconf 83' lang='lat' dir='ltr'>faceret</span> <span class='ocrx_word' id='word_1_44' title='bbox 1000 776 1066 804; x_wconf 88' lang='lat' dir='ltr'>fieri</span> <span class='ocrx_word' id='word_1_45' title='bbox 1085 775 1361 815; x_wconf 83' lang='lat' dir='ltr'><strong>congregacionem</strong></span> 
     </span>
     <span class='ocr_line' id='line_1_8' title="bbox 460 824 1361 858; baseline -0.004 -1"><span class='ocrx_word' id='word_1_46' title='bbox 460 829 610 858; x_wconf 80' lang='lat' dir='ltr'>facultatis</span> <span class='ocrx_word' id='word_1_47' title='bbox 634 827 748 856; x_wconf 88' lang='lat' dir='ltr'>arcium</span> <span class='ocrx_word' id='word_1_48' title='bbox 771 827 808 855; x_wconf 89' lang='lat' dir='ltr'>ad</span> <span class='ocrx_word' id='word_1_49' title='bbox 830 826 1013 854; x_wconf 88' lang='lat' dir='ltr'>audiendum</span> <span class='ocrx_word' id='word_1_50' title='bbox 1036 825 1148 854; x_wconf 86' lang='lat' dir='ltr'>motiva</span> <span class='ocrx_word' id='word_1_51' title='bbox 1172 831 1202 854; x_wconf 92' lang='lat' dir='ltr'>et</span> <span class='ocrx_word' id='word_1_52' title='bbox 1220 824 1361 853; x_wconf 85' lang='lat' dir='ltr'>raciones</span> 
     </span>
     <span class='ocr_line' id='line_1_9' title="bbox 459 873 1363 917; baseline -0.004 -11"><span class='ocrx_word' id='word_1_53' title='bbox 459 878 595 917; x_wconf 88' lang='lat' dir='ltr'>parcium</span> <span class='ocrx_word' id='word_1_54' title='bbox 621 877 689 905; x_wconf 86' lang='lat' dir='ltr'>hinc</span> <span class='ocrx_word' id='word_1_55' title='bbox 716 876 797 909; x_wconf 85' lang='lat' dir='ltr'>inde,</span> <span class='ocrx_word' id='word_1_56' title='bbox 827 881 856 904; x_wconf 88' lang='lat' dir='ltr'>et</span> <span class='ocrx_word' id='word_1_57' title='bbox 882 874 1011 903; x_wconf 85' lang='lat' dir='ltr'>ulterius</span> <span class='ocrx_word' id='word_1_58' title='bbox 1033 873 1244 903; x_wconf 86' lang='lat' dir='ltr'>sentenciandi</span> <span class='ocrx_word' id='word_1_59' title='bbox 1267 883 1363 912; x_wconf 89' lang='lat' dir='ltr'>super</span> 
     </span>
     <span class='ocr_line' id='line_1_10' title="bbox 460 922 1361 964; baseline -0.003 -10"><span class='ocrx_word' id='word_1_60' title='bbox 460 926 534 954; x_wconf 92' lang='lat' dir='ltr'>illud</span> <span class='ocrx_word' id='word_1_61' title='bbox 552 926 625 964; x_wconf 85' lang='lat' dir='ltr'>quid</span> <span class='ocrx_word' id='word_1_62' title='bbox 639 924 731 964; x_wconf 88' lang='lat' dir='ltr'>juris,</span> <span class='ocrx_word' id='word_1_63' title='bbox 749 930 778 953; x_wconf 88' lang='lat' dir='ltr'>et</span> <span class='ocrx_word' id='word_1_64' title='bbox 793 924 959 952; x_wconf 90' lang='lat' dir='ltr'>secundum</span> <span class='ocrx_word' id='word_1_65' title='bbox 978 923 1107 962; x_wconf 83' lang='lat' dir='ltr'>allegata</span> <span class='ocrx_word' id='word_1_66' title='bbox 1120 928 1191 951; x_wconf 92' lang='lat' dir='ltr'>tunc</span> <span class='ocrx_word' id='word_1_67' title='bbox 1207 922 1361 951; x_wconf 89' lang='lat' dir='ltr'>discutere</span> 
     </span>
     <span class='ocr_line' id='line_1_11' title="bbox 460 971 1362 1011; baseline -0.006 -7"><span class='ocrx_word' id='word_1_68' title='bbox 460 975 569 1004; x_wconf 85' lang='lat' dir='ltr'>dictam</span> <span class='ocrx_word' id='word_1_69' title='bbox 607 973 859 1002; x_wconf 74' lang='lat' dir='ltr'>controversiam.</span> <span class='ocrx_word' id='word_1_70' title='bbox 899 972 1035 1001; x_wconf 86' lang='lat' dir='ltr'>Protunc</span> <span class='ocrx_word' id='word_1_71' title='bbox 1068 972 1155 1000; x_wconf 87' lang='lat' dir='ltr'>nacio</span> <span class='ocrx_word' id='word_1_72' title='bbox 1190 971 1362 1011; x_wconf 84' lang='lat' dir='ltr'>Anglicana</span> 
     </span>
     <span class='ocr_line' id='line_1_12' title="bbox 459 1020 1361 1063; baseline -0.004 -10"><span class='ocrx_word' id='word_1_73' title='bbox 459 1025 618 1063; x_wconf 84' lang='lat' dir='ltr'>deputavit</span> <span class='ocrx_word' id='word_1_74' title='bbox 630 1023 782 1051; x_wconf 88' lang='lat' dir='ltr'>discretos</span> <span class='ocrx_word' id='word_1_75' title='bbox 796 1022 881 1051; x_wconf 88' lang='lat' dir='ltr'>viros</span> <span class='ocrx_word' id='word_1_76' title='bbox 897 1022 1073 1061; x_wconf 90' lang='lat' dir='ltr'>magistros,</span> <span class='ocrx_word' id='word_1_77' title='bbox 1091 1020 1235 1049; x_wconf 86' lang='lat' dir='ltr'>videlicet</span> <span class='ocrx_word' id='word_1_78' title='bbox 1249 1021 1361 1049; x_wconf 81' lang='lat' dir='ltr'>Jorda-</span> 
     </span>
     <span class='ocr_line' id='line_1_13' title="bbox 459 1069 1359 1110; baseline -0.003 -9"><span class='ocrx_word' id='word_1_79' title='bbox 459 1084 530 1102; x_wconf 86' lang='lat' dir='ltr'>num</span> <span class='ocrx_word' id='word_1_80' title='bbox 544 1073 581 1101; x_wconf 92' lang='lat' dir='ltr'>de</span> <span class='ocrx_word' id='word_1_81' title='bbox 600 1072 708 1106; x_wconf 89' lang='lat' dir='ltr'>Clivis,</span> <span class='ocrx_word' id='word_1_82' title='bbox 726 1082 806 1110; x_wconf 89' lang='lat' dir='ltr'>mag.</span> <span class='ocrx_word' id='word_1_83' title='bbox 823 1070 977 1099; x_wconf 88' lang='lat' dir='ltr'>Matheum</span> <span class='ocrx_word' id='word_1_84' title='bbox 991 1069 1205 1108; x_wconf 86' lang='lat' dir='ltr'>Glendowyne</span> <span class='ocrx_word' id='word_1_85' title='bbox 1222 1069 1359 1104; x_wconf 84' lang='lat' dir='ltr'>Scotum,</span> 
     </span>
     <span class='ocr_line' id='line_1_14' title="bbox 458 1118 1360 1159; baseline -0.003 -9"><span class='ocrx_word' id='word_1_86' title='bbox 458 1122 626 1151; x_wconf 79' lang='lat' dir='ltr'>Johannern</span> <span class='ocrx_word' id='word_1_87' title='bbox 659 1122 696 1149; x_wconf 92' lang='lat' dir='ltr'>de</span> <span class='ocrx_word' id='word_1_88' title='bbox 733 1120 873 1159; x_wconf 89' lang='lat' dir='ltr'>Angusia</span> <span class='ocrx_word' id='word_1_89' title='bbox 913 1126 942 1148; x_wconf 92' lang='lat' dir='ltr'>et</span> <span class='ocrx_word' id='word_1_90' title='bbox 976 1119 1156 1158; x_wconf 82' lang='lat' dir='ltr'>magistrum</span> <span class='ocrx_word' id='word_1_91' title='bbox 1192 1118 1360 1158; x_wconf 87' lang='lat' dir='ltr'>Nycolaum</span> 
     </span>
     <span class='ocr_line' id='line_1_15' title="bbox 459 1167 1361 1210; baseline -0.003 -11"><span class='ocrx_word' id='word_1_92' title='bbox 459 1170 596 1210; x_wconf 85' lang='lat' dir='ltr'>Grynlau</span> <span class='ocrx_word' id='word_1_93' title='bbox 625 1170 746 1204; x_wconf 91' lang='lat' dir='ltr'>Scotos‚</span> <span class='ocrx_word' id='word_1_94' title='bbox 778 1176 808 1198; x_wconf 91' lang='lat' dir='ltr'>ut</span> <span class='ocrx_word' id='word_1_95' title='bbox 833 1168 1005 1208; x_wconf 81' lang='lat' dir='ltr'>cogitarent</span> <span class='ocrx_word' id='word_1_96' title='bbox 1038 1178 1094 1207; x_wconf 89' lang='lat' dir='ltr'>pro</span> <span class='ocrx_word' id='word_1_97' title='bbox 1126 1167 1302 1196; x_wconf 90' lang='lat' dir='ltr'>racionibus</span> <span class='ocrx_word' id='word_1_98' title='bbox 1331 1174 1361 1197; x_wconf 91' lang='lat' dir='ltr'>et</span> 
     </span>
     <span class='ocr_line' id='line_1_16' title="bbox 458 1216 1360 1257; baseline -0.004 -9"><span class='ocrx_word' id='word_1_99' title='bbox 458 1220 580 1248; x_wconf 89' lang='lat' dir='ltr'>motivis</span> <span class='ocrx_word' id='word_1_100' title='bbox 594 1219 731 1248; x_wconf 82' lang='lat' dir='ltr'>nacionis</span> <span class='ocrx_word' id='word_1_101' title='bbox 748 1225 865 1252; x_wconf 81' lang='lat' dir='ltr'>nostre,</span> <span class='ocrx_word' id='word_1_102' title='bbox 883 1218 914 1246; x_wconf 93' lang='lat' dir='ltr'>in</span> <span class='ocrx_word' id='word_1_103' title='bbox 931 1228 1002 1246; x_wconf 88' lang='lat' dir='ltr'>casu</span> <span class='ocrx_word' id='word_1_104' title='bbox 1019 1218 1102 1257; x_wconf 90' lang='lat' dir='ltr'>quod</span> <span class='ocrx_word' id='word_1_105' title='bbox 1116 1216 1226 1245; x_wconf 90' lang='lat' dir='ltr'>Gallici</span> <span class='ocrx_word' id='word_1_106' title='bbox 1235 1217 1266 1245; x_wconf 93' lang='lat' dir='ltr'>in</span> <span class='ocrx_word' id='word_1_107' title='bbox 1284 1227 1360 1245; x_wconf 92' lang='lat' dir='ltr'>con-</span> 
     </span>
     <span class='ocr_line' id='line_1_17' title="bbox 457 1266 1360 1308; baseline -0.003 -11"><span class='ocrx_word' id='word_1_108' title='bbox 457 1269 642 1308; x_wconf 80' lang='lat' dir='ltr'>gregacione</span> <span class='ocrx_word' id='word_1_109' title='bbox 661 1268 810 1296; x_wconf 79' lang='lat' dir='ltr'>facultatis</span> <span class='ocrx_word' id='word_1_110' title='bbox 828 1267 928 1306; x_wconf 92' lang='lat' dir='ltr'>aliqua</span> <span class='ocrx_word' id='word_1_111' title='bbox 949 1272 1160 1306; x_wconf 80' lang='lat' dir='ltr'>proponerent</span> <span class='ocrx_word' id='word_1_112' title='bbox 1179 1266 1217 1294; x_wconf 88' lang='lat' dir='ltr'>de</span> <span class='ocrx_word' id='word_1_113' title='bbox 1235 1272 1360 1295; x_wconf 88' lang='lat' dir='ltr'>contro-</span> 
     </span>
     <span class='ocr_line' id='line_1_18' title="bbox 456 1314 1359 1355; baseline -0.003 -9"><span class='ocrx_word' id='word_1_114' title='bbox 456 1317 557 1347; x_wconf 87' lang='lat' dir='ltr'>versia</span> <span class='ocrx_word' id='word_1_115' title='bbox 568 1317 640 1346; x_wconf 87' lang='lat' dir='ltr'>dicti</span> <span class='ocrx_word' id='word_1_116' title='bbox 653 1317 787 1351; x_wconf 81' lang='lat' dir='ltr'>ottonis,</span> <span class='ocrx_word' id='word_1_117' title='bbox 797 1317 880 1355; x_wconf 93' lang='lat' dir='ltr'>quod</span> <span class='ocrx_word' id='word_1_118' title='bbox 891 1322 962 1344; x_wconf 90' lang='lat' dir='ltr'>tunc</span> <span class='ocrx_word' id='word_1_119' title='bbox 979 1321 1107 1354; x_wconf 85' lang='lat' dir='ltr'>possent</span> <span class='ocrx_word' id='word_1_120' title='bbox 1120 1315 1215 1344; x_wconf 88' lang='lat' dir='ltr'>eciam</span> <span class='ocrx_word' id='word_1_121' title='bbox 1226 1314 1359 1354; x_wconf 85' lang='lat' dir='ltr'>allegare</span> 
     </span>
     <span class='ocr_line' id='line_1_19' title="bbox 458 1365 1058 1404; baseline -0.003 -9"><span class='ocrx_word' id='word_1_122' title='bbox 458 1367 597 1395; x_wconf 83' lang='lat' dir='ltr'>raciones</span> <span class='ocrx_word' id='word_1_123' title='bbox 614 1372 643 1395; x_wconf 90' lang='lat' dir='ltr'>et</span> <span class='ocrx_word' id='word_1_124' title='bbox 656 1366 768 1395; x_wconf 89' lang='lat' dir='ltr'>motiva</span> <span class='ocrx_word' id='word_1_125' title='bbox 785 1365 923 1394; x_wconf 86' lang='lat' dir='ltr'>nacionis</span> <span class='ocrx_word' id='word_1_126' title='bbox 942 1375 1000 1404; x_wconf 92' lang='lat' dir='ltr'>pro</span> <span class='ocrx_word' id='word_1_127' title='bbox 1014 1374 1058 1393; x_wconf 90' lang='lat' dir='ltr'>se.</span> 
     </span>
    </p>

    <p class='ocr_par' dir='ltr' id='par_1_3' title="bbox 454 1412 1360 1944">
     <span class='ocr_line' id='line_1_20' title="bbox 498 1412 1359 1454; baseline -0.003 -10"><span class='ocrx_word' id='word_1_128' title='bbox 498 1416 571 1444; x_wconf 86' lang='lat' dir='ltr'>Item</span> <span class='ocrx_word' id='word_1_129' title='bbox 607 1415 655 1444; x_wconf 88' lang='lat' dir='ltr'>die</span> <span class='ocrx_word' id='word_1_130' title='bbox 682 1413 855 1443; x_wconf 79' lang='lat' dir='ltr'>dominica²</span> <span class='ocrx_word' id='word_1_131' title='bbox 884 1420 956 1453; x_wconf 92' lang='lat' dir='ltr'>post</span> <span class='ocrx_word' id='word_1_132' title='bbox 983 1412 1122 1454; x_wconf 83' lang='lat' dir='ltr'>[festum]</span> <span class='ocrx_word' id='word_1_133' title='bbox 1151 1413 1359 1442; x_wconf 86' lang='lat' dir='ltr'>Bartholomei</span> 
     </span>
     <span class='ocr_line' id='line_1_21' title="bbox 457 1462 1359 1503; baseline -0.003 -10"><span class='ocrx_word' id='word_1_134' title='bbox 457 1464 622 1493; x_wconf 84' lang='lat' dir='ltr'>convocavi</span> <span class='ocrx_word' id='word_1_135' title='bbox 649 1465 811 1503; x_wconf 88' lang='lat' dir='ltr'>deputatos</span> <span class='ocrx_word' id='word_1_136' title='bbox 838 1463 915 1492; x_wconf 92' lang='lat' dir='ltr'>alios</span> <span class='ocrx_word' id='word_1_137' title='bbox 944 1463 1031 1491; x_wconf 86' lang='lat' dir='ltr'>datos</span> <span class='ocrx_word' id='word_1_138' title='bbox 1056 1472 1112 1501; x_wconf 88' lang='lat' dir='ltr'>per</span> <span class='ocrx_word' id='word_1_139' title='bbox 1136 1462 1295 1491; x_wconf 89' lang='lat' dir='ltr'>nacionem</span> <span class='ocrx_word' id='word_1_140' title='bbox 1322 1463 1359 1491; x_wconf 91' lang='lat' dir='ltr'>ad</span> 
     </span>
     <span class='ocr_line' id='line_1_22' title="bbox 455 1510 1359 1551; baseline -0.003 -9"><span class='ocrx_word' id='word_1_141' title='bbox 455 1514 638 1542; x_wconf 89' lang='lat' dir='ltr'>audiendum</span> <span class='ocrx_word' id='word_1_142' title='bbox 670 1518 845 1551; x_wconf 86' lang='lat' dir='ltr'>computum</span> <span class='ocrx_word' id='word_1_143' title='bbox 872 1511 1043 1550; x_wconf 89' lang='lat' dir='ltr'>receptoris</span> <span class='ocrx_word' id='word_1_144' title='bbox 1070 1511 1220 1546; x_wconf 88' lang='lat' dir='ltr'>nacionis,</span> <span class='ocrx_word' id='word_1_145' title='bbox 1247 1510 1359 1550; x_wconf 86' lang='lat' dir='ltr'>quibus</span> 
     </span>
     <span class='ocr_line' id='line_1_23' title="bbox 455 1560 1360 1602; baseline -0.002 -11"><span class='ocrx_word' id='word_1_146' title='bbox 455 1562 651 1602; x_wconf 84' lang='lat' dir='ltr'>congregatis</span> <span class='ocrx_word' id='word_1_147' title='bbox 668 1561 743 1590; x_wconf 86' lang='lat' dir='ltr'>hora</span> <span class='ocrx_word' id='word_1_148' title='bbox 758 1571 906 1590; x_wconf 88' lang='lat' dir='ltr'>nonarum</span> <span class='ocrx_word' id='word_1_149' title='bbox 922 1561 1034 1590; x_wconf 90' lang='lat' dir='ltr'>Nostre</span> <span class='ocrx_word' id='word_1_150' title='bbox 1053 1560 1184 1589; x_wconf 88' lang='lat' dir='ltr'>Domine</span> <span class='ocrx_word' id='word_1_151' title='bbox 1199 1560 1231 1588; x_wconf 91' lang='lat' dir='ltr'>in</span> <span class='ocrx_word' id='word_1_152' title='bbox 1247 1560 1360 1589; x_wconf 88' lang='lat' dir='ltr'>Sancto</span> 
     </span>
     <span class='ocr_line' id='line_1_24' title="bbox 455 1609 1359 1649; baseline -0.002 -9"><span class='ocrx_word' id='word_1_153' title='bbox 455 1611 621 1645; x_wconf 88' lang='lat' dir='ltr'>Maturino,</span> <span class='ocrx_word' id='word_1_154' title='bbox 638 1610 824 1649; x_wconf 90' lang='lat' dir='ltr'>computavit</span> <span class='ocrx_word' id='word_1_155' title='bbox 839 1609 919 1638; x_wconf 88' lang='lat' dir='ltr'>idem</span> <span class='ocrx_word' id='word_1_156' title='bbox 935 1609 1077 1638; x_wconf 89' lang='lat' dir='ltr'>dominus</span> <span class='ocrx_word' id='word_1_157' title='bbox 1095 1615 1239 1648; x_wconf 85' lang='lat' dir='ltr'>receptor</span> <span class='ocrx_word' id='word_1_158' title='bbox 1256 1619 1359 1638; x_wconf 89' lang='lat' dir='ltr'>coram</span> 
     </span>
     <span class='ocr_line' id='line_1_25' title="bbox 456 1658 1359 1697; baseline -0.002 -8"><span class='ocrx_word' id='word_1_159' title='bbox 456 1661 583 1694; x_wconf 87' lang='lat' dir='ltr'>eisdem,</span> <span class='ocrx_word' id='word_1_160' title='bbox 600 1666 629 1689; x_wconf 83' lang='lat' dir='ltr'>et</span> <span class='ocrx_word' id='word_1_161' title='bbox 644 1660 785 1689; x_wconf 88' lang='lat' dir='ltr'>omnibus</span> <span class='ocrx_word' id='word_1_162' title='bbox 799 1665 858 1688; x_wconf 85' lang='lat' dir='ltr'>tam</span> <span class='ocrx_word' id='word_1_163' title='bbox 872 1658 1006 1697; x_wconf 83' lang='lat' dir='ltr'>receptis</span> <span class='ocrx_word' id='word_1_164' title='bbox 1025 1668 1115 1697; x_wconf 86' lang='lat' dir='ltr'>quam</span> <span class='ocrx_word' id='word_1_165' title='bbox 1136 1658 1287 1697; x_wconf 86' lang='lat' dir='ltr'>expositis</span> <span class='ocrx_word' id='word_1_166' title='bbox 1302 1668 1359 1697; x_wconf 91' lang='lat' dir='ltr'>per</span> 
     </span>
     <span class='ocr_line' id='line_1_26' title="bbox 455 1707 1358 1747; baseline -0.003 -9"><span class='ocrx_word' id='word_1_167' title='bbox 455 1720 522 1738; x_wconf 91' lang='lat' dir='ltr'>eum</span> <span class='ocrx_word' id='word_1_168' title='bbox 538 1709 608 1737; x_wconf 87' lang='lat' dir='ltr'>hinc</span> <span class='ocrx_word' id='word_1_169' title='bbox 626 1709 696 1737; x_wconf 90' lang='lat' dir='ltr'>inde</span> <span class='ocrx_word' id='word_1_170' title='bbox 714 1708 910 1747; x_wconf 84' lang='lat' dir='ltr'>computatis,</span> <span class='ocrx_word' id='word_1_171' title='bbox 930 1707 1043 1736; x_wconf 89' lang='lat' dir='ltr'>mansit</span> <span class='ocrx_word' id='word_1_172' title='bbox 1062 1707 1184 1736; x_wconf 84' lang='lat' dir='ltr'>nacioni</span> <span class='ocrx_word' id='word_1_173' title='bbox 1204 1707 1358 1747; x_wconf 84' lang='lat' dir='ltr'>obligatus</span> 
     </span>
     <span class='ocr_line' id='line_1_27' title="bbox 456 1756 1359 1795; baseline 0 -9"><span class='ocrx_word' id='word_1_174' title='bbox 456 1759 487 1786; x_wconf 92' lang='lat' dir='ltr'>in</span> <span class='ocrx_word' id='word_1_175' title='bbox 501 1758 571 1787; x_wconf 85' lang='lat' dir='ltr'>XIX</span> <span class='ocrx_word' id='word_1_176' title='bbox 590 1757 690 1792; x_wconf 85' lang='lat' dir='ltr'>libris,</span> <span class='ocrx_word' id='word_1_177' title='bbox 709 1757 766 1786; x_wconf 91' lang='lat'><em>1111</em></span> <span class='ocrx_word' id='word_1_178' title='bbox 784 1757 893 1786; x_wconf 88' lang='lat' dir='ltr'>solidis</span> <span class='ocrx_word' id='word_1_179' title='bbox 909 1762 939 1785; x_wconf 90' lang='lat' dir='ltr'>et</span> <span class='ocrx_word' id='word_1_180' title='bbox 958 1756 1000 1785; x_wconf 91' lang='lat'>111</span> <span class='ocrx_word' id='word_1_181' title='bbox 1014 1756 1162 1791; x_wconf 86' lang='lat' dir='ltr'>denariis,</span> <span class='ocrx_word' id='word_1_182' title='bbox 1183 1766 1241 1795; x_wconf 90' lang='lat' dir='ltr'>que</span> <span class='ocrx_word' id='word_1_183' title='bbox 1256 1756 1359 1786; x_wconf 88' lang='lat' dir='ltr'>valent</span> 
     </span>
     <span class='ocr_line' id='line_1_28' title="bbox 454 1805 1358 1844; baseline -0.001 -9"><span class='ocrx_word' id='word_1_184' title='bbox 454 1807 485 1835; x_wconf 89' lang='lat' dir='ltr'>in</span> <span class='ocrx_word' id='word_1_185' title='bbox 503 1807 616 1835; x_wconf 86' lang='lat' dir='ltr'>francis</span> <span class='ocrx_word' id='word_1_186' title='bbox 633 1806 749 1835; x_wconf 92' lang='lat' dir='ltr'>XXlllI</span> <span class='ocrx_word' id='word_1_187' title='bbox 769 1806 890 1834; x_wconf 84' lang='lat' dir='ltr'>francos</span> <span class='ocrx_word' id='word_1_188' title='bbox 908 1812 938 1834; x_wconf 91' lang='lat' dir='ltr'>et</span> <span class='ocrx_word' id='word_1_189' title='bbox 953 1805 996 1834; x_wconf 89' lang='lat' dir='ltr'>Ill</span> <span class='ocrx_word' id='word_1_190' title='bbox 1015 1805 1171 1840; x_wconf 86' lang='lat' dir='ltr'>denarios,</span> <span class='ocrx_word' id='word_1_191' title='bbox 1189 1806 1227 1834; x_wconf 93' lang='lat' dir='ltr'>de</span> <span class='ocrx_word' id='word_1_192' title='bbox 1245 1805 1358 1844; x_wconf 89' lang='lat' dir='ltr'>quibus</span> 
     </span>
     <span class='ocr_line' id='line_1_29' title="bbox 455 1854 1358 1895; baseline -0.003 -10"><span class='ocrx_word' id='word_1_193' title='bbox 455 1862 525 1895; x_wconf 88' lang='lat' dir='ltr'>post</span> <span class='ocrx_word' id='word_1_194' title='bbox 550 1854 812 1894; x_wconf 89' lang='lat' dir='ltr'>computacionem</span> <span class='ocrx_word' id='word_1_195' title='bbox 838 1861 871 1884; x_wconf 91' lang='lat' dir='ltr'>ut</span> <span class='ocrx_word' id='word_1_196' title='bbox 897 1854 992 1883; x_wconf 90' lang='lat' dir='ltr'>moris</span> <span class='ocrx_word' id='word_1_197' title='bbox 1021 1860 1068 1883; x_wconf 87' lang='lat' dir='ltr'>est</span> <span class='ocrx_word' id='word_1_198' title='bbox 1092 1854 1177 1883; x_wconf 90' lang='lat' dir='ltr'>dedit</span> <span class='ocrx_word' id='word_1_199' title='bbox 1200 1854 1358 1893; x_wconf 83' lang='lat' dir='ltr'>magistris</span> 
     </span>
     <span class='ocr_line' id='line_1_30' title="bbox 454 1902 1262 1944; baseline -0.001 -11"><span class='ocrx_word' id='word_1_200' title='bbox 454 1904 701 1944; x_wconf 87' lang='lat' dir='ltr'>computantibus</span> <span class='ocrx_word' id='word_1_201' title='bbox 717 1903 744 1933; x_wconf 93' lang='lat' dir='ltr'>Il</span> <span class='ocrx_word' id='word_1_202' title='bbox 762 1903 879 1933; x_wconf 91' lang='lat' dir='ltr'>solidos</span> <span class='ocrx_word' id='word_1_203' title='bbox 898 1913 954 1942; x_wconf 89' lang='lat' dir='ltr'>pro</span> <span class='ocrx_word' id='word_1_204' title='bbox 968 1914 1027 1932; x_wconf 89' lang='lat' dir='ltr'>una</span> <span class='ocrx_word' id='word_1_205' title='bbox 1043 1909 1151 1942; x_wconf 86' lang='lat' dir='ltr'>quarta</span> <span class='ocrx_word' id='word_1_206' title='bbox 1162 1903 1225 1932; x_wconf 87' lang='lat' dir='ltr'>vini</span> <span class='ocrx_word' id='word_1_207' title='bbox 1239 1902 1262 1932; x_wconf 73' lang='lat'>³.</span> 
     </span>
    </p>
   </div>
   <div class='ocr_carea' id='block_1_3' title="bbox 860 1997 956 2026">
    <p class='ocr_par' dir='ltr' id='par_1_4' title="bbox 860 1997 956 2026">
     <span class='ocr_line' id='line_1_31' title="bbox 860 1997 956 2026; baseline 0 -1"><span class='ocrx_word' id='word_1_208' title='bbox 860 1997 956 2026; x_wconf 88' lang='grc'>1380</span> 
     </span>
    </p>
   </div>
   <div class='ocr_carea' id='block_1_4' title="bbox 495 2068 1316 2108">
    <p class='ocr_par' dir='ltr' id='par_1_5' title="bbox 495 2068 1316 2108">
     <span class='ocr_line' id='line_1_32' title="bbox 495 2068 1316 2108; baseline 0.001 -11"><span class='ocrx_word' id='word_1_209' title='bbox 495 2069 565 2108; x_wconf 78' lang='lat' dir='ltr'>(Fol.</span> <span class='ocrx_word' id='word_1_210' title='bbox 584 2069 631 2107; x_wconf 77' lang='lat'>27)</span> <span class='ocrx_word' id='word_1_211' title='bbox 658 2069 925 2097; x_wconf 80' lang='lat' dir='ltr'>Procuratoria</span> <span class='ocrx_word' id='word_1_212' title='bbox 953 2068 1122 2107; x_wconf 85' lang='lat' dir='ltr'>magistri</span> <span class='ocrx_word' id='word_1_213' title='bbox 1147 2068 1316 2098; x_wconf 90' lang='lat' dir='ltr'>Heinrici</span> 
     </span>
    </p>
   </div>
   <div class='ocr_carea' id='block_1_5' title="bbox 493 2117 1358 2232">
    <p class='ocr_par' dir='ltr' id='par_1_6' title="bbox 493 2117 1358 2232">
     <span class='ocr_line' id='line_1_33' title="bbox 837 2117 964 2156; baseline 0 -10"><span class='ocrx_word' id='word_1_214' title='bbox 837 2117 964 2156; x_wconf 78' lang='lat' dir='ltr'>VVyse.</span> 
     </span>
     <span class='ocr_line' id='line_1_34' title="bbox 493 2196 1358 2232; baseline 0.002 -7"><span class='ocrx_word' id='word_1_215' title='bbox 493 2197 584 2226; x_wconf 85' lang='lat' dir='ltr'>Anno</span> <span class='ocrx_word' id='word_1_216' title='bbox 619 2197 742 2226; x_wconf 87' lang='lat' dir='ltr'>Domini</span> <span class='ocrx_word' id='word_1_217' title='bbox 775 2197 820 2226; x_wconf 84' lang='lat' dir='ltr'>M⁰</span> <span class='ocrx_word' id='word_1_218' title='bbox 847 2196 940 2226; x_wconf 88' lang='lat' dir='ltr'>CCC⁰</span> <span class='ocrx_word' id='word_1_219' title='bbox 975 2197 1110 2232; x_wconf 86' lang='lat' dir='ltr'>LXXX⁰‚</span> <span class='ocrx_word' id='word_1_220' title='bbox 1149 2198 1198 2226; x_wconf 91' lang='lat' dir='ltr'>die</span> <span class='ocrx_word' id='word_1_221' title='bbox 1231 2197 1358 2227; x_wconf 75' lang='lat' dir='ltr'>XXV11⁸</span> 
     </span>
    </p>
   </div>
   <div class='ocr_carea' id='block_1_6' title="bbox 453 2246 1357 2822">
    <p class='ocr_par' dir='ltr' id='par_1_7' title="bbox 453 2246 1357 2724">
     <span class='ocr_line' id='line_1_35' title="bbox 454 2246 1356 2286; baseline 0 -11"><span class='ocrx_word' id='word_1_222' title='bbox 454 2246 597 2285; x_wconf 82' lang='lat' dir='ltr'>Augusti,</span> <span class='ocrx_word' id='word_1_223' title='bbox 626 2247 702 2275; x_wconf 85' lang='lat' dir='ltr'>facta</span> <span class='ocrx_word' id='word_1_224' title='bbox 736 2247 980 2285; x_wconf 85' lang='lat' dir='ltr'>congregacione</span> <span class='ocrx_word' id='word_1_225' title='bbox 1013 2246 1152 2275; x_wconf 88' lang='lat' dir='ltr'>nacionis</span> <span class='ocrx_word' id='word_1_226' title='bbox 1186 2246 1356 2286; x_wconf 86' lang='lat' dir='ltr'>Anglicane</span> 
     </span>
     <span class='ocr_line' id='line_1_36' title="bbox 454 2295 1357 2334; baseline 0.001 -11"><span class='ocrx_word' id='word_1_227' title='bbox 454 2295 529 2324; x_wconf 88' lang='lat' dir='ltr'>hora</span> <span class='ocrx_word' id='word_1_228' title='bbox 544 2295 710 2334; x_wconf 87' lang='lat' dir='ltr'>primarum</span> <span class='ocrx_word' id='word_1_229' title='bbox 723 2296 803 2334; x_wconf 91' lang='lat' dir='ltr'>apud</span> <span class='ocrx_word' id='word_1_230' title='bbox 818 2295 961 2324; x_wconf 86' lang='lat' dir='ltr'>Sanctum</span> <span class='ocrx_word' id='word_1_231' title='bbox 976 2295 1130 2324; x_wconf 67' lang='lat' dir='ltr'>,lulianum</span> <span class='ocrx_word' id='word_1_232' title='bbox 1140 2305 1305 2334; x_wconf 87' lang='lat' dir='ltr'>pauperem</span> <span class='ocrx_word' id='word_1_233' title='bbox 1319 2297 1357 2324; x_wconf 91' lang='lat' dir='ltr'>ad</span> 
     </span>
     <span class='ocr_line' id='line_1_37' title="bbox 454 2344 1356 2384; baseline 0.001 -12"><span class='ocrx_word' id='word_1_234' title='bbox 454 2344 628 2383; x_wconf 88' lang='lat' dir='ltr'>eligendum</span> <span class='ocrx_word' id='word_1_235' title='bbox 647 2350 878 2383; x_wconf 90' lang='lat' dir='ltr'>procuratorem</span> <span class='ocrx_word' id='word_1_236' title='bbox 898 2350 927 2373; x_wconf 90' lang='lat' dir='ltr'>et</span> <span class='ocrx_word' id='word_1_237' title='bbox 942 2345 978 2372; x_wconf 88' lang='lat' dir='ltr'>ad</span> <span class='ocrx_word' id='word_1_238' title='bbox 997 2344 1162 2373; x_wconf 90' lang='lat' dir='ltr'>videndum</span> <span class='ocrx_word' id='word_1_239' title='bbox 1183 2351 1356 2384; x_wconf 89' lang='lat' dir='ltr'>computum</span> 
     </span>
     <span class='ocr_line' id='line_1_38' title="bbox 454 2393 1357 2432; baseline 0.001 -11"><span class='ocrx_word' id='word_1_240' title='bbox 454 2393 636 2432; x_wconf 87' lang='lat' dir='ltr'>receptoris‚</span> <span class='ocrx_word' id='word_1_241' title='bbox 663 2393 715 2432; x_wconf 92' lang='lat' dir='ltr'>qui</span> <span class='ocrx_word' id='word_1_242' title='bbox 736 2393 785 2421; x_wconf 91' lang='lat' dir='ltr'>die</span> <span class='ocrx_word' id='word_1_243' title='bbox 808 2393 985 2431; x_wconf 83' lang='lat' dir='ltr'>precedenti</span> <span class='ocrx_word' id='word_1_244' title='bbox 1010 2399 1249 2432; x_wconf 61' lang='lat' dir='ltr'>computaveram</span> <span class='ocrx_word' id='word_1_245' title='bbox 1271 2399 1301 2422; x_wconf 88' lang='lat' dir='ltr'>et</span> <span class='ocrx_word' id='word_1_246' title='bbox 1319 2394 1357 2422; x_wconf 86' lang='lat' dir='ltr'>ad</span> 
     </span>
     <span class='ocr_line' id='line_1_39' title="bbox 454 2442 1357 2481; baseline 0 -11"><span class='ocrx_word' id='word_1_247' title='bbox 454 2442 700 2470; x_wconf 75' lang='lat' dir='ltr'>satisfaciendum</span> <span class='ocrx_word' id='word_1_248' title='bbox 716 2442 858 2470; x_wconf 90' lang='lat' dir='ltr'>omnibus</span> <span class='ocrx_word' id='word_1_249' title='bbox 879 2442 1046 2481; x_wconf 83' lang='lat' dir='ltr'>magistris,</span> <span class='ocrx_word' id='word_1_250' title='bbox 1064 2448 1226 2481; x_wconf 92' lang='lat' dir='ltr'>promptus</span> <span class='ocrx_word' id='word_1_251' title='bbox 1239 2448 1305 2471; x_wconf 86' lang='lat' dir='ltr'>erat</span> <span class='ocrx_word' id='word_1_252' title='bbox 1319 2443 1357 2471; x_wconf 91' lang='lat' dir='ltr'>ad</span> 
     </span>
     <span class='ocr_line' id='line_1_40' title="bbox 455 2490 1357 2530; baseline 0.001 -12"><span class='ocrx_word' id='word_1_253' title='bbox 455 2491 689 2529; x_wconf 80' lang='lat' dir='ltr'>computandum</span> <span class='ocrx_word' id='word_1_254' title='bbox 708 2490 842 2529; x_wconf 88' lang='lat' dir='ltr'>publice,</span> <span class='ocrx_word' id='word_1_255' title='bbox 862 2490 888 2518; x_wconf 88' lang='lat' dir='ltr'>si</span> <span class='ocrx_word' id='word_1_256' title='bbox 905 2490 956 2529; x_wconf 91' lang='lat' dir='ltr'>qui</span> <span class='ocrx_word' id='word_1_257' title='bbox 975 2491 1080 2519; x_wconf 86' lang='lat' dir='ltr'>audire</span> <span class='ocrx_word' id='word_1_258' title='bbox 1094 2491 1357 2530; x_wconf 90' lang='lat' dir='ltr'>computacionem</span> 
     </span>
     <span class='ocr_line' id='line_1_41' title="bbox 453 2539 1356 2578; baseline 0.001 -11"><span class='ocrx_word' id='word_1_259' title='bbox 453 2539 616 2568; x_wconf 89' lang='lat' dir='ltr'>voluerint.</span> <span class='ocrx_word' id='word_1_260' title='bbox 652 2539 712 2568; x_wconf 88' lang='lat' dir='ltr'>Sed</span> <span class='ocrx_word' id='word_1_261' title='bbox 744 2546 875 2578; x_wconf 89' lang='lat' dir='ltr'>protunc</span> <span class='ocrx_word' id='word_1_262' title='bbox 916 2539 945 2567; x_wconf 91' lang='lat' dir='ltr'>in</span> <span class='ocrx_word' id='word_1_263' title='bbox 976 2540 1080 2567; x_wconf 87' lang='lat' dir='ltr'>eadem</span> <span class='ocrx_word' id='word_1_264' title='bbox 1110 2540 1356 2578; x_wconf 85' lang='lat' dir='ltr'>congregacione</span> 
     </span>
     <span class='ocr_line' id='line_1_42' title="bbox 454 2588 1356 2627; baseline 0.001 -11"><span class='ocrx_word' id='word_1_265' title='bbox 454 2598 559 2616; x_wconf 90' lang='lat' dir='ltr'>omnes</span> <span class='ocrx_word' id='word_1_266' title='bbox 577 2588 716 2627; x_wconf 85' lang='lat' dir='ltr'>magistri</span> <span class='ocrx_word' id='word_1_267' title='bbox 736 2594 822 2616; x_wconf 90' lang='lat' dir='ltr'>erant</span> <span class='ocrx_word' id='word_1_268' title='bbox 844 2588 979 2616; x_wconf 86' lang='lat' dir='ltr'>contenti</span> <span class='ocrx_word' id='word_1_269' title='bbox 1002 2588 1032 2616; x_wconf 92' lang='lat' dir='ltr'>in</span> <span class='ocrx_word' id='word_1_270' title='bbox 1055 2588 1286 2627; x_wconf 85' lang='lat' dir='ltr'>computacione</span> <span class='ocrx_word' id='word_1_271' title='bbox 1306 2588 1356 2617; x_wconf 88' lang='lat' dir='ltr'>die</span> 
     </span>
     <span class='ocr_line' id='line_1_43' title="bbox 454 2636 1357 2676; baseline 0.002 -12"><span class='ocrx_word' id='word_1_272' title='bbox 454 2637 630 2675; x_wconf 85' lang='lat' dir='ltr'>precedenti</span> <span class='ocrx_word' id='word_1_273' title='bbox 657 2638 746 2671; x_wconf 85' lang='lat' dir='ltr'>sacta,</span> <span class='ocrx_word' id='word_1_274' title='bbox 767 2637 819 2675; x_wconf 92' lang='lat' dir='ltr'>qui</span> <span class='ocrx_word' id='word_1_275' title='bbox 842 2643 972 2676; x_wconf 89' lang='lat' dir='ltr'>protunc</span> <span class='ocrx_word' id='word_1_276' title='bbox 992 2636 1023 2665; x_wconf 94' lang='lat' dir='ltr'>in</span> <span class='ocrx_word' id='word_1_277' title='bbox 1053 2638 1157 2665; x_wconf 89' lang='lat' dir='ltr'>eadem</span> <span class='ocrx_word' id='word_1_278' title='bbox 1183 2647 1357 2676; x_wconf 81' lang='lat' dir='ltr'>congrega-</span> 
     </span>
     <span class='ocr_line' id='line_1_44' title="bbox 455 2685 831 2724; baseline 0.003 -11"><span class='ocrx_word' id='word_1_279' title='bbox 455 2685 541 2713; x_wconf 90' lang='lat' dir='ltr'>cione</span> <span class='ocrx_word' id='word_1_280' title='bbox 558 2692 643 2714; x_wconf 91' lang='lat' dir='ltr'>erant</span> <span class='ocrx_word' id='word_1_281' title='bbox 662 2692 831 2724; x_wconf 86' lang='lat' dir='ltr'>presentes.</span> 
     </span>
    </p>

    <p class='ocr_par' dir='ltr' id='par_1_8' title="bbox 455 2734 1357 2822">
     <span class='ocr_line' id='line_1_45' title="bbox 495 2734 1356 2773; baseline 0.001 -11"><span class='ocrx_word' id='word_1_282' title='bbox 495 2734 569 2762; x_wconf 87' lang='lat' dir='ltr'>Item</span> <span class='ocrx_word' id='word_1_283' title='bbox 586 2734 615 2762; x_wconf 93' lang='lat' dir='ltr'>in</span> <span class='ocrx_word' id='word_1_284' title='bbox 636 2735 739 2763; x_wconf 87' lang='lat' dir='ltr'>eadem</span> <span class='ocrx_word' id='word_1_285' title='bbox 761 2734 1004 2773; x_wconf 85' lang='lat' dir='ltr'>congregacione</span> <span class='ocrx_word' id='word_1_286' title='bbox 1025 2734 1139 2763; x_wconf 90' lang='lat' dir='ltr'>electus</span> <span class='ocrx_word' id='word_1_287' title='bbox 1156 2741 1221 2763; x_wconf 88' lang='lat' dir='ltr'>erat</span> <span class='ocrx_word' id='word_1_288' title='bbox 1239 2734 1270 2762; x_wconf 92' lang='lat' dir='ltr'>in</span> <span class='ocrx_word' id='word_1_289' title='bbox 1285 2744 1356 2773; x_wconf 87' lang='lat' dir='ltr'>pro-</span> 
     </span>
     <span class='ocr_line' id='line_1_46' title="bbox 455 2783 1357 2822; baseline 0 -11"><span class='ocrx_word' id='word_1_290' title='bbox 455 2789 624 2811; x_wconf 81' lang='lat' dir='ltr'>curatorem</span> <span class='ocrx_word' id='word_1_291' title='bbox 646 2783 841 2812; x_wconf 86' lang='lat' dir='ltr'>concorditer</span> <span class='ocrx_word' id='word_1_292' title='bbox 858 2793 875 2812; x_wconf 92' lang='lat' dir='ltr'>a</span> <span class='ocrx_word' id='word_1_293' title='bbox 890 2783 1046 2822; x_wconf 87' lang='lat' dir='ltr'>magistris</span> <span class='ocrx_word' id='word_1_294' title='bbox 1061 2783 1199 2812; x_wconf 90' lang='lat' dir='ltr'>nacionis</span> <span class='ocrx_word' id='word_1_295' title='bbox 1216 2783 1357 2822; x_wconf 88' lang='lat' dir='ltr'>predicte</span> 
     </span>
    </p>
   </div>
   <div class='ocr_carea' id='block_1_7' title="bbox 455 2871 1357 2971">
    <p class='ocr_par' dir='ltr' id='par_1_9' title="bbox 455 2871 1357 2971">
     <span class='ocr_line' id='line_1_47' title="bbox 486 2871 1357 2902; baseline 0 -9"><span class='ocrx_word' id='word_1_296' title='bbox 486 2871 507 2893; x_wconf 82' lang='lat'>1.</span> <span class='ocrx_word' id='word_1_297' title='bbox 540 2872 571 2893; x_wconf 76' lang='lat' dir='ltr'>m</span> <span class='ocrx_word' id='word_1_298' title='bbox 589 2871 689 2902; x_wconf 83' lang='lat' dir='ltr'>quidem</span> <span class='ocrx_word' id='word_1_299' title='bbox 698 2880 754 2902; x_wconf 81' lang='lat' dir='ltr'>sam</span> <span class='ocrx_word' id='word_1_300' title='bbox 768 2880 810 2894; x_wconf 85' lang='lat' dir='ltr'>an.</span> <span class='ocrx_word' id='word_1_301' title='bbox 829 2871 897 2894; x_wconf 71' lang='lat'>1364.</span> <span class='ocrx_word' id='word_1_302' title='bbox 920 2871 973 2894; x_wconf 81' lang='lat' dir='ltr'>Vid.</span> <span class='ocrx_word' id='word_1_303' title='bbox 990 2879 1066 2902; x_wconf 71' lang='lat' dir='ltr'>supra</span> <span class='ocrx_word' id='word_1_304' title='bbox 1084 2879 1109 2902; x_wconf 84' lang='lat' dir='ltr'>p.</span> <span class='ocrx_word' id='word_1_305' title='bbox 1126 2872 1179 2898; x_wconf 71' lang='lat'>297,</span> <span class='ocrx_word' id='word_1_306' title='bbox 1193 2871 1215 2894; x_wconf 78' lang='grc'>2.</span> <span class='ocrx_word' id='word_1_307' title='bbox 1230 2873 1258 2894; x_wconf 86' lang='lat' dir='ltr'>ln</span> <span class='ocrx_word' id='word_1_308' title='bbox 1274 2871 1357 2894; x_wconf 76' lang='lat' dir='ltr'>rotulo</span> 
     </span>
     <span class='ocr_line' id='line_1_48' title="bbox 455 2906 1355 2971; baseline 0 -42"><span class='ocrx_word' id='word_1_309' title='bbox 455 2914 497 2963; x_wconf 59' lang='grc' dir='ltr'>ῐιῐνι1</span> <span class='ocrx_word' id='word_1_310' title='bbox 510 2906 742 2971; x_wconf 44' lang='lat' dir='ltr'>11&#39;3722352nwnil111‘1&#39;n</span> <span class='ocrx_word' id='word_1_311' title='bbox 758 2910 811 2930; x_wconf 82' lang='lat' dir='ltr'>nat.</span> <span class='ocrx_word' id='word_1_312' title='bbox 823 2906 921 2938; x_wconf 59' lang='lat' dir='ltr'>gallian,</span> <span class='ocrx_word' id='word_1_313' title='bbox 933 2915 1005 2938; x_wconf 74' lang='grc' dir='ltr'><em>μνον.</em></span> <span class='ocrx_word' id='word_1_314' title='bbox 1023 2908 1136 2930; x_wconf 70' lang='lat' dir='ltr'>Remea-5.</span> <span class='ocrx_word' id='word_1_315' title='bbox 1159 2906 1213 2929; x_wconf 79' lang='lat' dir='ltr'>Vid.</span> <span class='ocrx_word' id='word_1_316' title='bbox 1227 2906 1355 2933; x_wconf 79' lang='lat' dir='ltr'>Chartul.,</span> 
     </span>
    </p>
   </div>
   <div class='ocr_carea' id='block_1_8' title="bbox 485 2977 704 3009">
    <p class='ocr_par' dir='ltr' id='par_1_10' title="bbox 485 2977 704 3009">
     <span class='ocr_line' id='line_1_49' title="bbox 485 2977 704 3009; baseline 0.009 -11"><span class='ocrx_word' id='word_1_317' title='bbox 485 2977 507 2999; x_wconf 79' lang='grc'>2.</span> <span class='ocrx_word' id='word_1_318' title='bbox 542 2979 571 2999; x_wconf 68' lang='lat'>2¹6</span> <span class='ocrx_word' id='word_1_319' title='bbox 588 2979 606 2999; x_wconf 88' lang='grc' dir='ltr'><em>Λ</em></span> <span class='ocrx_word' id='word_1_320' title='bbox 613 2978 704 3009; x_wconf 68' lang='lat' dir='ltr'>agusti.</span> 
     </span>
    </p>
   </div>
   <div class='ocr_carea' id='block_1_9' title="bbox 998 452 1833 481">
    <p class='ocr_par' dir='ltr' id='par_1_11' title="bbox 998 452 1833 481">
     <span class='ocr_line' id='line_1_50' title="bbox 998 452 1833 481; baseline 0 -1"><span class='ocrx_word' id='word_1_321' title='bbox 998 454 1220 481; x_wconf 82' lang='lat' dir='ltr'>AUCTARIUM</span> <span class='ocrx_word' id='word_1_322' title='bbox 1241 452 1501 480; x_wconf 82' lang='lat' dir='ltr'>CHARTULARII</span> <span class='ocrx_word' id='word_1_323' title='bbox 1519 453 1692 480; x_wconf 83' lang='lat' dir='ltr'>UN1VERS.</span> <span class='ocrx_word' id='word_1_324' title='bbox 1715 454 1833 480; x_wconf 86' lang='lat' dir='ltr'><strong>PARIS.</strong></span> 
     </span>
    </p>
   </div>
   <div class='ocr_carea' id='block_1_10' title="bbox 1399 975 1433 1001">
    <p class='ocr_par' dir='ltr' id='par_1_12' title="bbox 1399 975 1433 1001">
     <span class='ocr_line' id='line_1_51' title="bbox 1399 975 1433 1001; baseline 0.029 -1"><span class='ocrx_word' id='word_1_325' title='bbox 1399 975 1433 1001; x_wconf 90' lang='grc'>10</span> 
     </span>
    </p>
   </div>
   <div class='ocr_carea' id='block_1_11' title="bbox 1398 1220 1432 1245">
    <p class='ocr_par' dir='ltr' id='par_1_13' title="bbox 1398 1220 1432 1245">
     <span class='ocr_line' id='line_1_52' title="bbox 1398 1220 1432 1245; baseline 0 0"><span class='ocrx_word' id='word_1_326' title='bbox 1398 1220 1432 1245; x_wconf 84' lang='grc'>15</span> 
     </span>
    </p>
   </div>
   <div class='ocr_carea' id='block_1_12' title="bbox 1397 1466 1431 1491">
    <p class='ocr_par' dir='ltr' id='par_1_14' title="bbox 1397 1466 1431 1491">
     <span class='ocr_line' id='line_1_53' title="bbox 1397 1466 1431 1491; baseline 0 0"><span class='ocrx_word' id='word_1_327' title='bbox 1397 1466 1431 1491; x_wconf 86' lang='grc'>20</span> 
     </span>
    </p>
   </div>
   <div class='ocr_carea' id='block_1_13' title="bbox 1396 1711 1430 1736">
    <p class='ocr_par' dir='ltr' id='par_1_15' title="bbox 1396 1711 1430 1736">
     <span class='ocr_line' id='line_1_54' title="bbox 1396 1711 1430 1736; baseline 0.029 -1"><span class='ocrx_word' id='word_1_328' title='bbox 1396 1711 1430 1736; x_wconf 84' lang='grc'>25</span> 
     </span>
    </p>
   </div>
   <div class='ocr_carea' id='block_1_14' title="bbox 1395 1956 1429 1981">
    <p class='ocr_par' dir='ltr' id='par_1_16' title="bbox 1395 1956 1429 1981">
     <span class='ocr_line' id='line_1_55' title="bbox 1395 1956 1429 1981; baseline 0 0"><span class='ocrx_word' id='word_1_329' title='bbox 1395 1956 1429 1981; x_wconf 89' lang='grc'>30</span> 
     </span>
    </p>
   </div>
   <div class='ocr_carea' id='block_1_15' title="bbox 1394 2201 1428 2226">
    <p class='ocr_par' dir='ltr' id='par_1_17' title="bbox 1394 2201 1428 2226">
     <span class='ocr_line' id='line_1_56' title="bbox 1394 2201 1428 2226; baseline 0 0"><span class='ocrx_word' id='word_1_330' title='bbox 1394 2201 1428 2226; x_wconf 88' lang='grc'>35</span> 
     </span>
    </p>
   </div>
   <div class='ocr_carea' id='block_1_16' title="bbox 1394 2445 1428 2471">
    <p class='ocr_par' dir='ltr' id='par_1_18' title="bbox 1394 2445 1428 2471">
     <span class='ocr_line' id='line_1_57' title="bbox 1394 2445 1428 2471; baseline 0.029 -1"><span class='ocrx_word' id='word_1_331' title='bbox 1394 2445 1428 2471; x_wconf 77' lang='grc'>40</span> 
     </span>
    </p>
   </div>
   <div class='ocr_carea' id='block_1_17' title="bbox 1394 2689 1427 2715">
    <p class='ocr_par' dir='ltr' id='par_1_19' title="bbox 1394 2689 1427 2715">
     <span class='ocr_line' id='line_1_58' title="bbox 1394 2689 1427 2715; baseline 0 0"><span class='ocrx_word' id='word_1_332' title='bbox 1394 2689 1427 2715; x_wconf 83' lang='grc'>45</span> 
     </span>
    </p>
   </div>
   <div class='ocr_carea' id='block_1_18' title="bbox 2323 455 2374 482">
    <p class='ocr_par' dir='ltr' id='par_1_20' title="bbox 2323 455 2374 482">
     <span class='ocr_line' id='line_1_59' title="bbox 2323 455 2374 482; baseline -0.02 0"><span class='ocrx_word' id='word_1_333' title='bbox 2323 455 2374 482; x_wconf 82' lang='grc'>592</span> 
     </span>
    </p>
   </div>
   <div class='ocr_carea' id='block_1_19' title="bbox 1468 529 2377 1795">
    <p class='ocr_par' dir='ltr' id='par_1_21' title="bbox 1470 529 2374 717">
     <span class='ocr_line' id='line_1_60' title="bbox 1470 529 2370 572; baseline 0.003 -13"><span class='ocrx_word' id='word_1_334' title='bbox 1470 530 1594 559; x_wconf 87' lang='lat' dir='ltr'>nomine</span> <span class='ocrx_word' id='word_1_335' title='bbox 1611 529 1748 570; x_wconf 90' lang='lat' dir='ltr'>ejusdem</span> <span class='ocrx_word' id='word_1_336' title='bbox 1761 530 1900 560; x_wconf 83' lang='lat' dir='ltr'>nacionis</span> <span class='ocrx_word' id='word_1_337' title='bbox 1915 530 2063 570; x_wconf 83' lang='lat' dir='ltr'>magister</span> <span class='ocrx_word' id='word_1_338' title='bbox 2076 530 2241 562; x_wconf 89' lang='lat' dir='ltr'>Heinricus</span> <span class='ocrx_word' id='word_1_339' title='bbox 2258 531 2370 572; x_wconf 84' lang='lat' dir='ltr'>Wyse,</span> 
     </span>
     <span class='ocr_line' id='line_1_61' title="bbox 1471 579 2372 620; baseline 0.003 -12"><span class='ocrx_word' id='word_1_340' title='bbox 1471 579 1523 619; x_wconf 89' lang='lat' dir='ltr'>qui</span> <span class='ocrx_word' id='word_1_341' title='bbox 1537 580 1644 609; x_wconf 90' lang='lat' dir='ltr'>eodem</span> <span class='ocrx_word' id='word_1_342' title='bbox 1655 580 1704 609; x_wconf 87' lang='lat' dir='ltr'>die</span> <span class='ocrx_word' id='word_1_343' title='bbox 1718 580 1810 609; x_wconf 89' lang='lat' dir='ltr'>solvit</span> <span class='ocrx_word' id='word_1_344' title='bbox 1823 580 1957 609; x_wconf 78' lang='lat' dir='ltr'>francum</span> <span class='ocrx_word' id='word_1_345' title='bbox 1969 589 2027 619; x_wconf 89' lang='lat' dir='ltr'>pro</span> <span class='ocrx_word' id='word_1_346' title='bbox 2040 580 2137 619; x_wconf 87' lang='lat' dir='ltr'>prima</span> <span class='ocrx_word' id='word_1_347' title='bbox 2150 582 2372 620; x_wconf 88' lang='lat' dir='ltr'>procuratoria,</span> 
     </span>
     <span class='ocr_line' id='line_1_62' title="bbox 1471 627 2374 668; baseline 0.002 -10"><span class='ocrx_word' id='word_1_348' title='bbox 1471 628 1550 658; x_wconf 87' lang='lat' dir='ltr'>sicut</span> <span class='ocrx_word' id='word_1_349' title='bbox 1576 635 1755 658; x_wconf 83' lang='lat' dir='ltr'>consuetum</span> <span class='ocrx_word' id='word_1_350' title='bbox 1783 635 1858 658; x_wconf 82' lang='lat' dir='ltr'>erat.</span> <span class='ocrx_word' id='word_1_351' title='bbox 1890 629 1923 658; x_wconf 90' lang='lat' dir='ltr'>ln</span> <span class='ocrx_word' id='word_1_352' title='bbox 1953 627 2039 668; x_wconf 84' lang='lat' dir='ltr'>cujus</span> <span class='ocrx_word' id='word_1_353' title='bbox 2065 630 2279 668; x_wconf 85' lang='lat' dir='ltr'>procuratoria</span> <span class='ocrx_word' id='word_1_354' title='bbox 2308 637 2374 660; x_wconf 82' lang='lat' dir='ltr'>acta</span> 
     </span>
     <span class='ocr_line' id='line_1_63' title="bbox 1471 684 1813 717; baseline 0.003 -11"><span class='ocrx_word' id='word_1_355' title='bbox 1471 684 1543 707; x_wconf 88' lang='lat' dir='ltr'>sunt</span> <span class='ocrx_word' id='word_1_356' title='bbox 1559 688 1618 717; x_wconf 87' lang='lat' dir='ltr'>que</span> <span class='ocrx_word' id='word_1_357' title='bbox 1632 684 1813 717; x_wconf 88' lang='lat' dir='ltr'>sequuntur.</span> 
     </span>
    </p>

    <p class='ocr_par' dir='ltr' id='par_1_22' title="bbox 1469 726 2377 1295">
     <span class='ocr_line' id='line_1_64' title="bbox 1511 726 2376 766; baseline 0.002 -10"><span class='ocrx_word' id='word_1_358' title='bbox 1511 727 1586 756; x_wconf 88' lang='lat' dir='ltr'>Item</span> <span class='ocrx_word' id='word_1_359' title='bbox 1612 727 1792 756; x_wconf 91' lang='lat' dir='ltr'>duodecima</span> <span class='ocrx_word' id='word_1_360' title='bbox 1813 727 1863 756; x_wconf 91' lang='lat' dir='ltr'>die</span> <span class='ocrx_word' id='word_1_361' title='bbox 1890 727 2006 756; x_wconf 88' lang='lat' dir='ltr'>mensis</span> <span class='ocrx_word' id='word_1_362' title='bbox 2032 726 2236 766; x_wconf 84' lang='lat' dir='ltr'>Septembris,</span> <span class='ocrx_word' id='word_1_363' title='bbox 2258 728 2376 758; x_wconf 88' lang='lat' dir='ltr'>scilicet</span> 
     </span>
     <span class='ocr_line' id='line_1_65' title="bbox 1470 775 2376 816; baseline 0.003 -12"><span class='ocrx_word' id='word_1_364' title='bbox 1470 776 1541 805; x_wconf 89' lang='lat' dir='ltr'>anni</span> <span class='ocrx_word' id='word_1_365' title='bbox 1558 776 1702 815; x_wconf 84' lang='lat' dir='ltr'>predicti,</span> <span class='ocrx_word' id='word_1_366' title='bbox 1721 776 1809 805; x_wconf 81' lang='lat' dir='ltr'>sactis</span> <span class='ocrx_word' id='word_1_367' title='bbox 1833 776 2132 816; x_wconf 87' lang='lat' dir='ltr'>congregacionibus</span> <span class='ocrx_word' id='word_1_368' title='bbox 2156 775 2376 807; x_wconf 88' lang='lat' dir='ltr'>Universitatis</span> 
     </span>
     <span class='ocr_line' id='line_1_66' title="bbox 1471 824 2376 865; baseline 0.002 -11"><span class='ocrx_word' id='word_1_369' title='bbox 1471 835 1504 854; x_wconf 80' lang='lat' dir='ltr'>ac</span> <span class='ocrx_word' id='word_1_370' title='bbox 1529 824 1623 854; x_wconf 86' lang='lat' dir='ltr'>eciam</span> <span class='ocrx_word' id='word_1_371' title='bbox 1647 825 1788 854; x_wconf 88' lang='lat' dir='ltr'>nacionis</span> <span class='ocrx_word' id='word_1_372' title='bbox 1811 825 1843 854; x_wconf 91' lang='lat' dir='ltr'>in</span> <span class='ocrx_word' id='word_1_373' title='bbox 1864 826 1975 854; x_wconf 80' lang='lat' dir='ltr'>Sancto</span> <span class='ocrx_word' id='word_1_374' title='bbox 2000 824 2167 860; x_wconf 88' lang='lat' dir='ltr'>Maturino‚</span> <span class='ocrx_word' id='word_1_375' title='bbox 2190 825 2376 865; x_wconf 83' lang='lat' dir='ltr'>supplicavit</span> 
     </span>
     <span class='ocr_line' id='line_1_67' title="bbox 1470 873 2377 914; baseline 0.002 -12"><span class='ocrx_word' id='word_1_376' title='bbox 1470 874 1617 913; x_wconf 86' lang='lat' dir='ltr'>magister</span> <span class='ocrx_word' id='word_1_377' title='bbox 1637 873 1802 903; x_wconf 88' lang='lat' dir='ltr'>Heinricus</span> <span class='ocrx_word' id='word_1_378' title='bbox 1824 874 1862 903; x_wconf 91' lang='lat' dir='ltr'>de</span> <span class='ocrx_word' id='word_1_379' title='bbox 1880 874 1959 903; x_wconf 88' lang='lat' dir='ltr'>Euta</span> <span class='ocrx_word' id='word_1_380' title='bbox 1970 873 1981 892; x_wconf 83' lang='lat'><strong>⁴</strong></span> <span class='ocrx_word' id='word_1_381' title='bbox 1997 884 2055 913; x_wconf 87' lang='lat' dir='ltr'>pro</span> <span class='ocrx_word' id='word_1_382' title='bbox 2070 873 2170 903; x_wconf 86' lang='lat' dir='ltr'>literis</span> <span class='ocrx_word' id='word_1_383' title='bbox 2185 874 2377 914; x_wconf 85' lang='lat' dir='ltr'>supplicato-</span> 
     </span>
     <span class='ocr_line' id='line_1_68' title="bbox 1470 922 2375 963; baseline 0.001 -11"><span class='ocrx_word' id='word_1_384' title='bbox 1470 923 1526 952; x_wconf 82' lang='lat' dir='ltr'>riis</span> <span class='ocrx_word' id='word_1_385' title='bbox 1534 923 1570 952; x_wconf 93' lang='lat' dir='ltr'>ad</span> <span class='ocrx_word' id='word_1_386' title='bbox 1580 922 1790 962; x_wconf 41' lang='lat' dir='ltr'>episcopum&amp;</span> <span class='ocrx_word' id='word_1_387' title='bbox 1802 923 2005 962; x_wconf 88' lang='lat' dir='ltr'>prepositum,</span> <span class='ocrx_word' id='word_1_388' title='bbox 2016 923 2163 952; x_wconf 88' lang='lat' dir='ltr'>decanum</span> <span class='ocrx_word' id='word_1_389' title='bbox 2173 929 2202 952; x_wconf 93' lang='lat' dir='ltr'>et</span> <span class='ocrx_word' id='word_1_390' title='bbox 2211 923 2375 963; x_wconf 87' lang='lat' dir='ltr'>capitulum</span> 
     </span>
     <span class='ocr_line' id='line_1_69' title="bbox 1471 971 2374 1011; baseline 0.002 -11"><span class='ocrx_word' id='word_1_391' title='bbox 1471 971 1602 1001; x_wconf 84' lang='lat' dir='ltr'>civitatis</span> <span class='ocrx_word' id='word_1_392' title='bbox 1619 972 1884 1011; x_wconf 83' lang='lat' dir='ltr'>Osnabrugensis,</span> <span class='ocrx_word' id='word_1_393' title='bbox 1902 978 1934 1001; x_wconf 94' lang='lat' dir='ltr'>ut</span> <span class='ocrx_word' id='word_1_394' title='bbox 1951 972 2010 1001; x_wconf 90' lang='lat' dir='ltr'>sibi</span> <span class='ocrx_word' id='word_1_395' title='bbox 2029 972 2250 1002; x_wconf 84' lang='lat' dir='ltr'>distribuerent</span> <span class='ocrx_word' id='word_1_396' title='bbox 2267 973 2374 1002; x_wconf 88' lang='lat' dir='ltr'>reddi-</span> 
     </span>
     <span class='ocr_line' id='line_1_70' title="bbox 1470 1020 2375 1060; baseline 0.001 -10"><span class='ocrx_word' id='word_1_397' title='bbox 1470 1027 1519 1050; x_wconf 91' lang='lat' dir='ltr'>tus</span> <span class='ocrx_word' id='word_1_398' title='bbox 1547 1021 1706 1060; x_wconf 91' lang='lat' dir='ltr'>prebende</span> <span class='ocrx_word' id='word_1_399' title='bbox 1733 1031 1798 1055; x_wconf 86' lang='lat' dir='ltr'>sue,</span> <span class='ocrx_word' id='word_1_400' title='bbox 1827 1020 1907 1050; x_wconf 88' lang='lat' dir='ltr'>sicut</span> <span class='ocrx_word' id='word_1_401' title='bbox 1939 1027 1969 1050; x_wconf 91' lang='lat' dir='ltr'>et</span> <span class='ocrx_word' id='word_1_402' title='bbox 1995 1021 2063 1050; x_wconf 85' lang='lat' dir='ltr'>aliis</span> <span class='ocrx_word' id='word_1_403' title='bbox 2090 1021 2319 1056; x_wconf 82' lang='lat' dir='ltr'>concanonicis,</span> <span class='ocrx_word' id='word_1_404' title='bbox 2345 1028 2375 1052; x_wconf 90' lang='lat' dir='ltr'>et</span> 
     </span>
     <span class='ocr_line' id='line_1_71' title="bbox 1470 1069 2375 1110; baseline 0.002 -12"><span class='ocrx_word' id='word_1_405' title='bbox 1470 1070 1638 1099; x_wconf 86' lang='lat' dir='ltr'>secundum</span> <span class='ocrx_word' id='word_1_406' title='bbox 1667 1070 1750 1108; x_wconf 90' lang='lat' dir='ltr'>quod</span> <span class='ocrx_word' id='word_1_407' title='bbox 1776 1070 1900 1105; x_wconf 85' lang='lat' dir='ltr'>debent,</span> <span class='ocrx_word' id='word_1_408' title='bbox 1927 1070 2071 1109; x_wconf 84' lang='lat' dir='ltr'>quoniam</span> <span class='ocrx_word' id='word_1_409' title='bbox 2098 1069 2156 1099; x_wconf 88' lang='lat' dir='ltr'>hoc</span> <span class='ocrx_word' id='word_1_410' title='bbox 2185 1077 2375 1110; x_wconf 86' lang='lat' dir='ltr'>negaverant</span> 
     </span>
     <span class='ocr_line' id='line_1_72' title="bbox 1470 1118 2375 1158; baseline 0.002 -11"><span class='ocrx_word' id='word_1_411' title='bbox 1470 1118 1529 1148; x_wconf 91' lang='lat' dir='ltr'>sibi</span> <span class='ocrx_word' id='word_1_412' title='bbox 1541 1131 1548 1154; x_wconf 88' lang='lat'>;</span> <span class='ocrx_word' id='word_1_413' title='bbox 1573 1124 1602 1147; x_wconf 93' lang='lat' dir='ltr'>et</span> <span class='ocrx_word' id='word_1_414' title='bbox 1624 1119 1656 1147; x_wconf 92' lang='lat' dir='ltr'>in</span> <span class='ocrx_word' id='word_1_415' title='bbox 1673 1129 1745 1147; x_wconf 89' lang='lat' dir='ltr'>casu</span> <span class='ocrx_word' id='word_1_416' title='bbox 1765 1119 1848 1157; x_wconf 88' lang='lat' dir='ltr'>quod</span> <span class='ocrx_word' id='word_1_417' title='bbox 1870 1129 1932 1147; x_wconf 93' lang='lat' dir='ltr'>non</span> <span class='ocrx_word' id='word_1_418' title='bbox 1953 1119 2140 1158; x_wconf 86' lang='lat' dir='ltr'>proficerent</span> <span class='ocrx_word' id='word_1_419' title='bbox 2157 1119 2216 1148; x_wconf 86' lang='lat' dir='ltr'>sibi</span> <span class='ocrx_word' id='word_1_420' title='bbox 2237 1120 2375 1158; x_wconf 87' lang='lat' dir='ltr'>predicte</span> 
     </span>
     <span class='ocr_line' id='line_1_73' title="bbox 1470 1167 2376 1207; baseline 0.002 -11"><span class='ocrx_word' id='word_1_421' title='bbox 1470 1168 1557 1197; x_wconf 88' lang='lat' dir='ltr'>litere</span> <span class='ocrx_word' id='word_1_422' title='bbox 1577 1167 1808 1207; x_wconf 86' lang='lat' dir='ltr'>supplicatorie,</span> <span class='ocrx_word' id='word_1_423' title='bbox 1833 1167 2018 1206; x_wconf 85' lang='lat' dir='ltr'>supplicavit</span> <span class='ocrx_word' id='word_1_424' title='bbox 2038 1174 2072 1196; x_wconf 91' lang='lat' dir='ltr'>ut</span> <span class='ocrx_word' id='word_1_425' title='bbox 2089 1167 2150 1197; x_wconf 84' lang='lat' dir='ltr'>sibi</span> <span class='ocrx_word' id='word_1_426' title='bbox 2170 1169 2376 1198; x_wconf 89' lang='lat' dir='ltr'>concederent</span> 
     </span>
     <span class='ocr_line' id='line_1_74' title="bbox 1470 1215 2374 1256; baseline 0.002 -11"><span class='ocrx_word' id='word_1_427' title='bbox 1470 1217 1574 1246; x_wconf 88' lang='lat' dir='ltr'>literas</span> <span class='ocrx_word' id='word_1_428' title='bbox 1595 1216 1762 1245; x_wconf 85' lang='lat' dir='ltr'>citatorias.</span> <span class='ocrx_word' id='word_1_429' title='bbox 1783 1215 1879 1256; x_wconf 92' lang='lat' dir='ltr'>Cujus</span> <span class='ocrx_word' id='word_1_430' title='bbox 1896 1215 2086 1256; x_wconf 88' lang='lat' dir='ltr'>supplicacio</span> <span class='ocrx_word' id='word_1_431' title='bbox 2105 1217 2301 1246; x_wconf 87' lang='lat' dir='ltr'>concorditer</span> <span class='ocrx_word' id='word_1_432' title='bbox 2318 1217 2374 1247; x_wconf 78' lang='lat' dir='ltr'>fuit</span> 
     </span>
     <span class='ocr_line' id='line_1_75' title="bbox 1469 1275 1628 1295; baseline -0.006 0"><span class='ocrx_word' id='word_1_433' title='bbox 1469 1275 1628 1295; x_wconf 86' lang='lat' dir='ltr'>concessa.</span> 
     </span>
    </p>

    <p class='ocr_par' dir='ltr' id='par_1_23' title="bbox 1468 1314 2376 1795">
     <span class='ocr_line' id='line_1_76' title="bbox 1510 1314 2373 1354; baseline 0.001 -11"><span class='ocrx_word' id='word_1_434' title='bbox 1510 1315 1584 1344; x_wconf 89' lang='lat' dir='ltr'>Item</span> <span class='ocrx_word' id='word_1_435' title='bbox 1606 1325 1686 1343; x_wconf 90' lang='lat' dir='ltr'>anno</span> <span class='ocrx_word' id='word_1_436' title='bbox 1713 1315 1832 1349; x_wconf 89' lang='lat' dir='ltr'>eodem,</span> <span class='ocrx_word' id='word_1_437' title='bbox 1853 1314 1937 1343; x_wconf 78' lang='lat' dir='ltr'>XXI·</span> <span class='ocrx_word' id='word_1_438' title='bbox 1960 1314 2009 1343; x_wconf 89' lang='lat' dir='ltr'>die</span> <span class='ocrx_word' id='word_1_439' title='bbox 2034 1315 2149 1344; x_wconf 88' lang='lat' dir='ltr'>mensis</span> <span class='ocrx_word' id='word_1_440' title='bbox 2168 1315 2373 1354; x_wconf 84' lang='lat' dir='ltr'>Septembris,</span> 
     </span>
     <span class='ocr_line' id='line_1_77' title="bbox 1470 1363 2373 1404; baseline 0.002 -12"><span class='ocrx_word' id='word_1_441' title='bbox 1470 1364 1545 1393; x_wconf 84' lang='lat' dir='ltr'>sacta</span> <span class='ocrx_word' id='word_1_442' title='bbox 1564 1364 1620 1393; x_wconf 89' lang='lat' dir='ltr'>fuit</span> <span class='ocrx_word' id='word_1_443' title='bbox 1636 1364 1840 1404; x_wconf 85' lang='lat' dir='ltr'>congregacio</span> <span class='ocrx_word' id='word_1_444' title='bbox 1859 1363 1999 1392; x_wconf 89' lang='lat' dir='ltr'>nacionis</span> <span class='ocrx_word' id='word_1_445' title='bbox 2016 1363 2187 1403; x_wconf 85' lang='lat' dir='ltr'>Anglicane</span> <span class='ocrx_word' id='word_1_446' title='bbox 2207 1364 2238 1392; x_wconf 93' lang='lat' dir='ltr'>in</span> <span class='ocrx_word' id='word_1_447' title='bbox 2260 1364 2373 1394; x_wconf 88' lang='lat' dir='ltr'>Sancto</span> 
     </span>
     <span class='ocr_line' id='line_1_78' title="bbox 1468 1412 2375 1452; baseline 0 -10"><span class='ocrx_word' id='word_1_448' title='bbox 1468 1413 1623 1442; x_wconf 88' lang='lat' dir='ltr'>Maturino</span> <span class='ocrx_word' id='word_1_449' title='bbox 1636 1413 1674 1441; x_wconf 85' lang='lat' dir='ltr'>ad</span> <span class='ocrx_word' id='word_1_450' title='bbox 1691 1412 1867 1452; x_wconf 87' lang='lat' dir='ltr'>eligendum</span> <span class='ocrx_word' id='word_1_451' title='bbox 1885 1418 2077 1452; x_wconf 87' lang='lat' dir='ltr'>receptorem</span> <span class='ocrx_word' id='word_1_452' title='bbox 2093 1419 2123 1442; x_wconf 89' lang='lat' dir='ltr'>et</span> <span class='ocrx_word' id='word_1_453' title='bbox 2137 1413 2175 1442; x_wconf 85' lang='lat' dir='ltr'>ad</span> <span class='ocrx_word' id='word_1_454' title='bbox 2190 1413 2375 1443; x_wconf 87' lang='lat' dir='ltr'>audiendum</span> 
     </span>
     <span class='ocr_line' id='line_1_79' title="bbox 1468 1461 2376 1501; baseline 0 -10"><span class='ocrx_word' id='word_1_455' title='bbox 1468 1468 1644 1501; x_wconf 88' lang='lat' dir='ltr'>computum</span> <span class='ocrx_word' id='word_1_456' title='bbox 1660 1461 1778 1501; x_wconf 88' lang='lat' dir='ltr'>antiqui</span> <span class='ocrx_word' id='word_1_457' title='bbox 1793 1461 1977 1500; x_wconf 88' lang='lat' dir='ltr'>receptoris‚</span> <span class='ocrx_word' id='word_1_458' title='bbox 1996 1461 2181 1491; x_wconf 86' lang='lat' dir='ltr'>unanimiter</span> <span class='ocrx_word' id='word_1_459' title='bbox 2198 1467 2228 1491; x_wconf 90' lang='lat' dir='ltr'>et</span> <span class='ocrx_word' id='word_1_460' title='bbox 2245 1472 2376 1492; x_wconf 88' lang='lat' dir='ltr'>concor-</span> 
     </span>
     <span class='ocr_line' id='line_1_80' title="bbox 1468 1510 2375 1551; baseline 0 -11"><span class='ocrx_word' id='word_1_461' title='bbox 1468 1511 1549 1540; x_wconf 90' lang='lat' dir='ltr'>diter</span> <span class='ocrx_word' id='word_1_462' title='bbox 1562 1511 1757 1540; x_wconf 89' lang='lat' dir='ltr'>continuatus</span> <span class='ocrx_word' id='word_1_463' title='bbox 1773 1516 1838 1539; x_wconf 88' lang='lat' dir='ltr'>erat</span> <span class='ocrx_word' id='word_1_464' title='bbox 1852 1516 1882 1539; x_wconf 91' lang='lat' dir='ltr'>et</span> <span class='ocrx_word' id='word_1_465' title='bbox 1895 1510 2010 1539; x_wconf 87' lang='lat' dir='ltr'>electus</span> <span class='ocrx_word' id='word_1_466' title='bbox 2026 1510 2058 1539; x_wconf 91' lang='lat' dir='ltr'>in</span> <span class='ocrx_word' id='word_1_467' title='bbox 2070 1517 2263 1550; x_wconf 85' lang='lat' dir='ltr'>receptorem</span> <span class='ocrx_word' id='word_1_468' title='bbox 2279 1511 2375 1551; x_wconf 81' lang='lat' dir='ltr'>magi-</span> 
     </span>
     <span class='ocr_line' id='line_1_81' title="bbox 1469 1558 2375 1598; baseline 0 -9"><span class='ocrx_word' id='word_1_469' title='bbox 1469 1566 1533 1589; x_wconf 89' lang='lat' dir='ltr'>ster</span> <span class='ocrx_word' id='word_1_470' title='bbox 1555 1560 1709 1589; x_wconf 85' lang='lat' dir='ltr'>Jordanus</span> <span class='ocrx_word' id='word_1_471' title='bbox 1730 1560 1767 1588; x_wconf 90' lang='lat' dir='ltr'>de</span> <span class='ocrx_word' id='word_1_472' title='bbox 1788 1558 1896 1594; x_wconf 89' lang='lat' dir='ltr'>Clivis,</span> <span class='ocrx_word' id='word_1_473' title='bbox 1916 1559 1969 1598; x_wconf 90' lang='lat' dir='ltr'>qui</span> <span class='ocrx_word' id='word_1_474' title='bbox 1986 1560 2093 1588; x_wconf 90' lang='lat' dir='ltr'>eodem</span> <span class='ocrx_word' id='word_1_475' title='bbox 2114 1559 2163 1588; x_wconf 92' lang='lat' dir='ltr'>die</span> <span class='ocrx_word' id='word_1_476' title='bbox 2181 1559 2273 1589; x_wconf 88' lang='lat' dir='ltr'>solvit</span> <span class='ocrx_word' id='word_1_477' title='bbox 2291 1561 2375 1590; x_wconf 82' lang='lat' dir='ltr'>sran-</span> 
     </span>
     <span class='ocr_line' id='line_1_82' title="bbox 1468 1608 2372 1649; baseline 0.001 -11"><span class='ocrx_word' id='word_1_478' title='bbox 1468 1619 1536 1638; x_wconf 91' lang='lat' dir='ltr'>cum</span> <span class='ocrx_word' id='word_1_479' title='bbox 1555 1615 1589 1638; x_wconf 87' lang='lat' dir='ltr'>ut</span> <span class='ocrx_word' id='word_1_480' title='bbox 1617 1615 1796 1638; x_wconf 87' lang='lat' dir='ltr'>consuetum</span> <span class='ocrx_word' id='word_1_481' title='bbox 1816 1614 1864 1638; x_wconf 91' lang='lat' dir='ltr'>est</span> <span class='ocrx_word' id='word_1_482' title='bbox 1888 1608 1919 1637; x_wconf 92' lang='lat' dir='ltr'>in</span> <span class='ocrx_word' id='word_1_483' title='bbox 1940 1608 2069 1637; x_wconf 86' lang='lat' dir='ltr'>nacione</span> <span class='ocrx_word' id='word_1_484' title='bbox 2096 1610 2125 1637; x_wconf 84' lang='lat' dir='ltr'>in</span> <span class='ocrx_word' id='word_1_485' title='bbox 2143 1611 2249 1648; x_wconf 83' lang='lat' dir='ltr'>angelo</span> <span class='ocrx_word' id='word_1_486' title='bbox 2273 1619 2372 1649; x_wconf 86' lang='lat' dir='ltr'>prope</span> 
     </span>
     <span class='ocr_line' id='line_1_83' title="bbox 1469 1656 2374 1697; baseline 0.002 -11"><span class='ocrx_word' id='word_1_487' title='bbox 1469 1658 1613 1687; x_wconf 88' lang='lat' dir='ltr'>Sanctum</span> <span class='ocrx_word' id='word_1_488' title='bbox 1635 1657 1833 1686; x_wconf 85' lang='lat' dir='ltr'>Maturinum.</span> <span class='ocrx_word' id='word_1_489' title='bbox 1857 1657 1896 1686; x_wconf 91' lang='lat' dir='ltr'>Et</span> <span class='ocrx_word' id='word_1_490' title='bbox 1913 1664 2074 1697; x_wconf 88' lang='lat' dir='ltr'>computus</span> <span class='ocrx_word' id='word_1_491' title='bbox 2092 1656 2158 1696; x_wconf 86' lang='lat' dir='ltr'>ejus</span> <span class='ocrx_word' id='word_1_492' title='bbox 2176 1657 2288 1687; x_wconf 91' lang='lat' dir='ltr'>dilatus</span> <span class='ocrx_word' id='word_1_493' title='bbox 2308 1664 2374 1688; x_wconf 89' lang='lat' dir='ltr'>erat</span> 
     </span>
     <span class='ocr_line' id='line_1_84' title="bbox 1468 1706 2374 1747; baseline 0 -11"><span class='ocrx_word' id='word_1_494' title='bbox 1468 1717 1566 1746; x_wconf 88' lang='lat' dir='ltr'>usque</span> <span class='ocrx_word' id='word_1_495' title='bbox 1581 1708 1618 1735; x_wconf 88' lang='lat' dir='ltr'>ad</span> <span class='ocrx_word' id='word_1_496' title='bbox 1635 1706 1806 1746; x_wconf 87' lang='lat' dir='ltr'>proximam</span> <span class='ocrx_word' id='word_1_497' title='bbox 1825 1706 2113 1746; x_wconf 84' lang='lat' dir='ltr'>congregacionem,</span> <span class='ocrx_word' id='word_1_498' title='bbox 2131 1717 2190 1746; x_wconf 85' lang='lat' dir='ltr'>que</span> <span class='ocrx_word' id='word_1_499' title='bbox 2203 1713 2268 1736; x_wconf 85' lang='lat' dir='ltr'>erat</span> <span class='ocrx_word' id='word_1_500' title='bbox 2278 1717 2374 1747; x_wconf 87' lang='lat' dir='ltr'>super</span> 
     </span>
     <span class='ocr_line' id='line_1_85' title="bbox 1468 1754 2369 1795; baseline 0 -10"><span class='ocrx_word' id='word_1_501' title='bbox 1468 1756 1616 1785; x_wconf 89' lang='lat' dir='ltr'>electione</span> <span class='ocrx_word' id='word_1_502' title='bbox 1632 1755 1843 1794; x_wconf 90' lang='lat' dir='ltr'>procuratoris</span> <span class='ocrx_word' id='word_1_503' title='bbox 1862 1755 1995 1784; x_wconf 70' lang='lat' dir='ltr'>XX1111³</span> <span class='ocrx_word' id='word_1_504' title='bbox 2013 1755 2063 1784; x_wconf 93' lang='lat' dir='ltr'>die</span> <span class='ocrx_word' id='word_1_505' title='bbox 2082 1755 2199 1785; x_wconf 87' lang='lat' dir='ltr'>mensis</span> <span class='ocrx_word' id='word_1_506' title='bbox 2221 1754 2369 1795; x_wconf 88' lang='lat' dir='ltr'>ejusdem.</span> 
     </span>
    </p>
   </div>
   <div class='ocr_carea' id='block_1_20' title="bbox 1874 1848 1971 1878">
    <p class='ocr_par' dir='ltr' id='par_1_24' title="bbox 1874 1848 1971 1878">
     <span class='ocr_line' id='line_1_86' title="bbox 1874 1848 1971 1878; baseline -0.01 0"><span class='ocrx_word' id='word_1_507' title='bbox 1874 1848 1971 1878; x_wconf 84' lang='lat'><strong>1380</strong></span> 
     </span>
    </p>
   </div>
   <div class='ocr_carea' id='block_1_21' title="bbox 1521 1920 2320 1999">
    <p class='ocr_par' dir='ltr' id='par_1_25' title="bbox 1521 1920 2320 1999">
     <span class='ocr_line' id='line_1_87' title="bbox 1521 1920 2320 1960; baseline 0.001 -10"><span class='ocrx_word' id='word_1_508' title='bbox 1521 1921 1785 1950; x_wconf 86' lang='lat' dir='ltr'>Procuratoria</span> <span class='ocrx_word' id='word_1_509' title='bbox 1817 1920 1990 1960; x_wconf 86' lang='lat' dir='ltr'>magistri</span> <span class='ocrx_word' id='word_1_510' title='bbox 2017 1920 2201 1950; x_wconf 84' lang='lat' dir='ltr'>Johannis</span> <span class='ocrx_word' id='word_1_511' title='bbox 2228 1921 2320 1951; x_wconf 81' lang='lat' dir='ltr'>dicti</span> 
     </span>
     <span class='ocr_line' id='line_1_88' title="bbox 1673 1969 2172 1999; baseline 0 -1"><span class='ocrx_word' id='word_1_512' title='bbox 1673 1969 1905 1999; x_wconf 87' lang='lat' dir='ltr'>Mullechner</span> <span class='ocrx_word' id='word_1_513' title='bbox 1931 1969 1972 1998; x_wconf 93' lang='lat' dir='ltr'>de</span> <span class='ocrx_word' id='word_1_514' title='bbox 2002 1969 2172 1998; x_wconf 88' lang='lat' dir='ltr'>Austria.</span> 
     </span>
    </p>
   </div>
   <div class='ocr_carea' id='block_1_22' title="bbox 1465 2049 2410 2822">
    <p class='ocr_par' dir='ltr' id='par_1_26' title="bbox 1465 2049 2374 2530">
     <span class='ocr_line' id='line_1_89' title="bbox 1506 2049 2374 2089; baseline 0.001 -11"><span class='ocrx_word' id='word_1_515' title='bbox 1506 2049 1596 2079; x_wconf 91' lang='lat' dir='ltr'>Anno</span> <span class='ocrx_word' id='word_1_516' title='bbox 1613 2049 1737 2078; x_wconf 89' lang='lat' dir='ltr'>Domini</span> <span class='ocrx_word' id='word_1_517' title='bbox 1754 2049 1800 2078; x_wconf 78' lang='grc' dir='ltr'>Μο</span> <span class='ocrx_word' id='word_1_518' title='bbox 1815 2049 1910 2079; x_wconf 85' lang='lat' dir='ltr'>CCC⁰</span> <span class='ocrx_word' id='word_1_519' title='bbox 1922 2049 2144 2089; x_wconf 84' lang='lat' dir='ltr'>octuagesimo,</span> <span class='ocrx_word' id='word_1_520' title='bbox 2162 2049 2211 2079; x_wconf 90' lang='lat' dir='ltr'>die</span> <span class='ocrx_word' id='word_1_521' title='bbox 2228 2049 2374 2080; x_wconf 88' lang='lat' dir='ltr'>vicesima</span> 
     </span>
     <span class='ocr_line' id='line_1_90' title="bbox 1467 2098 2372 2139; baseline 0 -11"><span class='ocrx_word' id='word_1_522' title='bbox 1467 2099 1572 2139; x_wconf 86' lang='lat' dir='ltr'>quinta</span> <span class='ocrx_word' id='word_1_523' title='bbox 1596 2098 1711 2128; x_wconf 89' lang='lat' dir='ltr'>mensis</span> <span class='ocrx_word' id='word_1_524' title='bbox 1739 2098 1948 2138; x_wconf 89' lang='lat' dir='ltr'>Septembris,</span> <span class='ocrx_word' id='word_1_525' title='bbox 1975 2099 2052 2127; x_wconf 83' lang='lat' dir='ltr'>sacta</span> <span class='ocrx_word' id='word_1_526' title='bbox 2086 2099 2141 2127; x_wconf 91' lang='lat' dir='ltr'>fuit</span> <span class='ocrx_word' id='word_1_527' title='bbox 2167 2100 2372 2139; x_wconf 85' lang='lat' dir='ltr'>congregacio</span> 
     </span>
     <span class='ocr_line' id='line_1_91' title="bbox 1466 2147 2374 2187; baseline 0 -10"><span class='ocrx_word' id='word_1_528' title='bbox 1466 2148 1605 2177; x_wconf 86' lang='lat' dir='ltr'>nacionis</span> <span class='ocrx_word' id='word_1_529' title='bbox 1622 2147 1793 2187; x_wconf 88' lang='lat' dir='ltr'>Anglicane</span> <span class='ocrx_word' id='word_1_530' title='bbox 1806 2147 1882 2176; x_wconf 90' lang='lat' dir='ltr'>hora</span> <span class='ocrx_word' id='word_1_531' title='bbox 1896 2147 2065 2186; x_wconf 89' lang='lat' dir='ltr'>primarum</span> <span class='ocrx_word' id='word_1_532' title='bbox 2081 2147 2112 2176; x_wconf 94' lang='lat' dir='ltr'>in</span> <span class='ocrx_word' id='word_1_533' title='bbox 2130 2147 2260 2176; x_wconf 88' lang='lat' dir='ltr'>ecclesia</span> <span class='ocrx_word' id='word_1_534' title='bbox 2276 2148 2374 2177; x_wconf 88' lang='lat' dir='ltr'>sancti</span> 
     </span>
     <span class='ocr_line' id='line_1_92' title="bbox 1465 2196 2374 2236; baseline 0 -10"><span class='ocrx_word' id='word_1_535' title='bbox 1465 2197 1577 2226; x_wconf 82' lang='lat' dir='ltr'>Juliani</span> <span class='ocrx_word' id='word_1_536' title='bbox 1599 2196 1746 2236; x_wconf 87' lang='lat' dir='ltr'>pauperis</span> <span class='ocrx_word' id='word_1_537' title='bbox 1771 2197 1809 2225; x_wconf 93' lang='lat' dir='ltr'>ad</span> <span class='ocrx_word' id='word_1_538' title='bbox 1832 2196 2008 2235; x_wconf 89' lang='lat' dir='ltr'>eligendum</span> <span class='ocrx_word' id='word_1_539' title='bbox 2030 2203 2261 2235; x_wconf 89' lang='lat' dir='ltr'>procuratorem</span> <span class='ocrx_word' id='word_1_540' title='bbox 2284 2203 2314 2226; x_wconf 89' lang='lat' dir='ltr'>et</span> <span class='ocrx_word' id='word_1_541' title='bbox 2335 2197 2374 2226; x_wconf 89' lang='lat' dir='ltr'>ad</span> 
     </span>
     <span class='ocr_line' id='line_1_93' title="bbox 1466 2245 2372 2284; baseline -0.001 -9"><span class='ocrx_word' id='word_1_542' title='bbox 1466 2246 1650 2275; x_wconf 89' lang='lat' dir='ltr'>audiendum</span> <span class='ocrx_word' id='word_1_543' title='bbox 1676 2245 1862 2284; x_wconf 68' lang='lat' dir='ltr'>‘compotum</span> <span class='ocrx_word' id='word_1_544' title='bbox 1900 2245 2015 2274; x_wconf 88' lang='lat' dir='ltr'>domini</span> <span class='ocrx_word' id='word_1_545' title='bbox 2053 2245 2240 2284; x_wconf 78' lang='lat' dir='ltr'>recepturis,</span> <span class='ocrx_word' id='word_1_546' title='bbox 2277 2252 2307 2275; x_wconf 90' lang='lat' dir='ltr'>et</span> <span class='ocrx_word' id='word_1_547' title='bbox 2340 2245 2372 2274; x_wconf 89' lang='lat' dir='ltr'>in</span> 
     </span>
     <span class='ocr_line' id='line_1_94' title="bbox 1466 2294 2371 2334; baseline -0.001 -10"><span class='ocrx_word' id='word_1_548' title='bbox 1466 2295 1570 2324; x_wconf 86' lang='lat' dir='ltr'>eadem</span> <span class='ocrx_word' id='word_1_549' title='bbox 1593 2294 1833 2334; x_wconf 86' lang='lat' dir='ltr'>congregatione</span> <span class='ocrx_word' id='word_1_550' title='bbox 1855 2294 1971 2323; x_wconf 91' lang='lat' dir='ltr'>electus</span> <span class='ocrx_word' id='word_1_551' title='bbox 1997 2294 2052 2323; x_wconf 88' lang='lat' dir='ltr'>fuit</span> <span class='ocrx_word' id='word_1_552' title='bbox 2078 2294 2110 2322; x_wconf 91' lang='lat' dir='ltr'>in</span> <span class='ocrx_word' id='word_1_553' title='bbox 2137 2300 2371 2334; x_wconf 78' lang='lat' dir='ltr'>procuratorem</span> 
     </span>
     <span class='ocr_line' id='line_1_95' title="bbox 1466 2343 2372 2382; baseline -0.002 -9"><span class='ocrx_word' id='word_1_554' title='bbox 1466 2344 1546 2373; x_wconf 86' lang='lat' dir='ltr'>dicte</span> <span class='ocrx_word' id='word_1_555' title='bbox 1561 2343 1699 2372; x_wconf 87' lang='lat' dir='ltr'>nacionis</span> <span class='ocrx_word' id='word_1_556' title='bbox 1713 2344 1750 2372; x_wconf 88' lang='lat' dir='ltr'>ab</span> <span class='ocrx_word' id='word_1_557' title='bbox 1765 2343 1908 2372; x_wconf 84' lang='lat' dir='ltr'>omnibus</span> <span class='ocrx_word' id='word_1_558' title='bbox 1921 2343 2079 2382; x_wconf 84' lang='lat' dir='ltr'>magistris</span> <span class='ocrx_word' id='word_1_559' title='bbox 2106 2349 2237 2382; x_wconf 87' lang='lat' dir='ltr'>protunc</span> <span class='ocrx_word' id='word_1_560' title='bbox 2254 2343 2286 2371; x_wconf 93' lang='lat' dir='ltr'>in</span> <span class='ocrx_word' id='word_1_561' title='bbox 2300 2353 2372 2372; x_wconf 87' lang='lat' dir='ltr'>con-</span> 
     </span>
     <span class='ocr_line' id='line_1_96' title="bbox 1465 2391 2368 2432; baseline -0.001 -10"><span class='ocrx_word' id='word_1_562' title='bbox 1465 2393 1651 2432; x_wconf 85' lang='lat' dir='ltr'>gregacione</span> <span class='ocrx_word' id='word_1_563' title='bbox 1662 2392 1866 2421; x_wconf 88' lang='lat' dir='ltr'>existentibus</span> <span class='ocrx_word' id='word_1_564' title='bbox 1877 2392 2072 2421; x_wconf 89' lang='lat' dir='ltr'>concorditer</span> <span class='ocrx_word' id='word_1_565' title='bbox 2085 2391 2169 2420; x_wconf 89' lang='lat' dir='ltr'>nullo</span> <span class='ocrx_word' id='word_1_566' title='bbox 2183 2391 2368 2421; x_wconf 85' lang='lat' dir='ltr'>reclamante</span> 
     </span>
     <span class='ocr_line' id='line_1_97' title="bbox 1466 2439 2371 2481; baseline -0.001 -11"><span class='ocrx_word' id='word_1_567' title='bbox 1466 2441 1613 2481; x_wconf 89' lang='lat' dir='ltr'>magister</span> <span class='ocrx_word' id='word_1_568' title='bbox 1627 2441 1782 2470; x_wconf 85' lang='lat' dir='ltr'>Johannes</span> <span class='ocrx_word' id='word_1_569' title='bbox 1800 2441 1901 2470; x_wconf 88' lang='lat' dir='ltr'>dictus</span> <span class='ocrx_word' id='word_1_570' title='bbox 1919 2440 2111 2469; x_wconf 89' lang='lat' dir='ltr'>Mullechner</span> <span class='ocrx_word' id='word_1_571' title='bbox 2128 2441 2165 2469; x_wconf 91' lang='lat' dir='ltr'>de</span> <span class='ocrx_word' id='word_1_572' title='bbox 2183 2439 2321 2475; x_wconf 72' lang='lat' dir='ltr'>Austri-¹1,</span> <span class='ocrx_word' id='word_1_573' title='bbox 2341 2440 2371 2469; x_wconf 90' lang='lat' dir='ltr'>in</span> 
     </span>
     <span class='ocr_line' id='line_1_98' title="bbox 1466 2489 2269 2530; baseline -0.004 -10"><span class='ocrx_word' id='word_1_574' title='bbox 1466 2489 1552 2530; x_wconf 89' lang='lat' dir='ltr'>cujus</span> <span class='ocrx_word' id='word_1_575' title='bbox 1566 2490 1778 2529; x_wconf 85' lang='lat' dir='ltr'>procuratoria</span> <span class='ocrx_word' id='word_1_576' title='bbox 1793 2495 1858 2518; x_wconf 89' lang='lat' dir='ltr'>acta</span> <span class='ocrx_word' id='word_1_577' title='bbox 1873 2495 1945 2518; x_wconf 90' lang='lat' dir='ltr'>sunt</span> <span class='ocrx_word' id='word_1_578' title='bbox 1961 2489 2017 2518; x_wconf 89' lang='lat' dir='ltr'>hec</span> <span class='ocrx_word' id='word_1_579' title='bbox 2034 2499 2094 2528; x_wconf 88' lang='lat' dir='ltr'>que</span> <span class='ocrx_word' id='word_1_580' title='bbox 2110 2495 2269 2518; x_wconf 89' lang='lat' dir='ltr'>secuntur.</span> 
     </span>
    </p>

    <p class='ocr_par' dir='ltr' id='par_1_27' title="bbox 1466 2537 2410 2714">
     <span class='ocr_line' id='line_1_99' title="bbox 1506 2537 2371 2578; baseline -0.002 -10"><span class='ocrx_word' id='word_1_581' title='bbox 1506 2539 1610 2568; x_wconf 89' lang='lat' dir='ltr'>Primo</span> <span class='ocrx_word' id='word_1_582' title='bbox 1631 2539 1662 2567; x_wconf 90' lang='lat' dir='ltr'>in</span> <span class='ocrx_word' id='word_1_583' title='bbox 1678 2539 1783 2567; x_wconf 90' lang='lat' dir='ltr'>eadem</span> <span class='ocrx_word' id='word_1_584' title='bbox 1802 2538 2047 2578; x_wconf 88' lang='lat' dir='ltr'>congregacione</span> <span class='ocrx_word' id='word_1_585' title='bbox 2068 2538 2254 2577; x_wconf 87' lang='lat' dir='ltr'>computavit</span> <span class='ocrx_word' id='word_1_586' title='bbox 2271 2537 2371 2567; x_wconf 87' lang='lat' dir='ltr'>domi-</span> 
     </span>
     <span class='ocr_line' id='line_1_100' title="bbox 1466 2578 2410 2627; baseline -0.002 -10"><span class='ocrx_word' id='word_1_587' title='bbox 1466 2598 1523 2617; x_wconf 91' lang='lat' dir='ltr'>nus</span> <span class='ocrx_word' id='word_1_588' title='bbox 1545 2594 1699 2627; x_wconf 84' lang='lat' dir='ltr'>receptor,</span> <span class='ocrx_word' id='word_1_589' title='bbox 1725 2587 1843 2616; x_wconf 85' lang='lat' dir='ltr'>scilicet</span> <span class='ocrx_word' id='word_1_590' title='bbox 1862 2586 2009 2626; x_wconf 86' lang='lat' dir='ltr'>magister</span> <span class='ocrx_word' id='word_1_591' title='bbox 2028 2586 2182 2615; x_wconf 86' lang='lat' dir='ltr'>Jordanus</span> <span class='ocrx_word' id='word_1_592' title='bbox 2204 2587 2241 2615; x_wconf 84' lang='lat' dir='ltr'>de</span> <span class='ocrx_word' id='word_1_593' title='bbox 2258 2586 2369 2622; x_wconf 86' lang='lat' dir='ltr'>Clivis,</span> <span class='ocrx_word' id='word_1_594' title='bbox 2403 2578 2410 2583; x_wconf 53' lang='lat'>⁸</span> 
     </span>
     <span class='ocr_line' id='line_1_101' title="bbox 1466 2635 2368 2676; baseline 0 -11"><span class='ocrx_word' id='word_1_595' title='bbox 1466 2637 1518 2676; x_wconf 92' lang='lat' dir='ltr'>qui</span> <span class='ocrx_word' id='word_1_596' title='bbox 1546 2637 1707 2665; x_wconf 85' lang='lat' dir='ltr'>tenebatur</span> <span class='ocrx_word' id='word_1_597' title='bbox 1733 2635 1813 2665; x_wconf 88' lang='lat' dir='ltr'>ultra</span> <span class='ocrx_word' id='word_1_598' title='bbox 1844 2635 1984 2675; x_wconf 89' lang='lat' dir='ltr'>exposita</span> <span class='ocrx_word' id='word_1_599' title='bbox 2013 2635 2135 2664; x_wconf 88' lang='lat' dir='ltr'>nacioni</span> <span class='ocrx_word' id='word_1_600' title='bbox 2161 2635 2230 2664; x_wconf 91' lang='lat' dir='ltr'>XVI</span> <span class='ocrx_word' id='word_1_601' title='bbox 2260 2635 2368 2670; x_wconf 86' lang='lat' dir='ltr'>libras,</span> 
     </span>
     <span class='ocr_line' id='line_1_102' title="bbox 1467 2684 1891 2714; baseline -0.002 0"><span class='ocrx_word' id='word_1_602' title='bbox 1467 2685 1508 2714; x_wconf 89' lang='lat' dir='ltr'>IX</span> <span class='ocrx_word' id='word_1_603' title='bbox 1526 2685 1617 2714; x_wconf 90' lang='lat' dir='ltr'>solidi</span> <span class='ocrx_word' id='word_1_604' title='bbox 1634 2691 1663 2714; x_wconf 87' lang='lat' dir='ltr'>et</span> <span class='ocrx_word' id='word_1_605' title='bbox 1678 2685 1721 2714; x_wconf 91' lang='lat'>111</span> <span class='ocrx_word' id='word_1_606' title='bbox 1736 2684 1891 2713; x_wconf 84' lang='lat' dir='ltr'>denarios.</span> 
     </span>
    </p>

    <p class='ocr_par' dir='ltr' id='par_1_28' title="bbox 1465 2732 2372 2822">
     <span class='ocr_line' id='line_1_103' title="bbox 1506 2732 2372 2772; baseline -0.002 -9"><span class='ocrx_word' id='word_1_607' title='bbox 1506 2734 1580 2763; x_wconf 91' lang='lat' dir='ltr'>ltem</span> <span class='ocrx_word' id='word_1_608' title='bbox 1598 2734 1703 2763; x_wconf 89' lang='lat' dir='ltr'>ultima</span> <span class='ocrx_word' id='word_1_609' title='bbox 1719 2733 1768 2762; x_wconf 89' lang='lat' dir='ltr'>die</span> <span class='ocrx_word' id='word_1_610' title='bbox 1784 2733 1899 2762; x_wconf 87' lang='lat' dir='ltr'>mensis</span> <span class='ocrx_word' id='word_1_611' title='bbox 1918 2732 2109 2772; x_wconf 90' lang='lat' dir='ltr'>Septembris</span> <span class='ocrx_word' id='word_1_612' title='bbox 2129 2733 2205 2762; x_wconf 85' lang='lat' dir='ltr'>facta</span> <span class='ocrx_word' id='word_1_613' title='bbox 2224 2733 2278 2762; x_wconf 83' lang='lat' dir='ltr'>suit</span> <span class='ocrx_word' id='word_1_614' title='bbox 2295 2742 2372 2762; x_wconf 89' lang='lat' dir='ltr'>con-</span> 
     </span>
     <span class='ocr_line' id='line_1_104' title="bbox 1465 2781 2371 2822; baseline -0.002 -10"><span class='ocrx_word' id='word_1_615' title='bbox 1465 2783 1611 2822; x_wconf 87' lang='lat' dir='ltr'>gregacio</span> <span class='ocrx_word' id='word_1_616' title='bbox 1629 2782 1767 2811; x_wconf 89' lang='lat' dir='ltr'>nacionis</span> <span class='ocrx_word' id='word_1_617' title='bbox 1783 2782 1858 2810; x_wconf 87' lang='lat' dir='ltr'>hora</span> <span class='ocrx_word' id='word_1_618' title='bbox 1874 2781 2041 2820; x_wconf 83' lang='lat' dir='ltr'>primarum</span> <span class='ocrx_word' id='word_1_619' title='bbox 2057 2782 2095 2810; x_wconf 89' lang='lat' dir='ltr'>ad</span> <span class='ocrx_word' id='word_1_620' title='bbox 2112 2781 2255 2811; x_wconf 89' lang='lat' dir='ltr'>Sanctum</span> <span class='ocrx_word' id='word_1_621' title='bbox 2269 2781 2371 2811; x_wconf 86' lang='lat' dir='ltr'>Matu-</span> 
     </span>
    </p>
   </div>
   <div class='ocr_carea' id='block_1_23' title="bbox 1462 2869 2369 2939">
    <p class='ocr_par' dir='ltr' id='par_1_29' title="bbox 1462 2869 2369 2939">
     <span class='ocr_line' id='line_1_105' title="bbox 1497 2869 2369 2902; baseline -0.001 -8"><span class='ocrx_word' id='word_1_622' title='bbox 1497 2872 1519 2894; x_wconf 82' lang='lat'>3.</span> <span class='ocrx_word' id='word_1_623' title='bbox 1554 2870 1642 2902; x_wconf 74' lang='lat' dir='ltr'>Spatia</span> <span class='ocrx_word' id='word_1_624' title='bbox 1667 2871 1776 2893; x_wconf 83' lang='lat' dir='ltr'>duarum</span> <span class='ocrx_word' id='word_1_625' title='bbox 1802 2869 1934 2893; x_wconf 74' lang='lat' dir='ltr'>tertiarum</span> <span class='ocrx_word' id='word_1_626' title='bbox 1958 2870 2072 2901; x_wconf 69' lang='lat' dir='ltr'>paginae</span> <span class='ocrx_word' id='word_1_627' title='bbox 2098 2872 2122 2893; x_wconf 77' lang='lat' dir='ltr'>et</span> <span class='ocrx_word' id='word_1_628' title='bbox 2151 2870 2226 2893; x_wconf 72' lang='lat' dir='ltr'>unius</span> <span class='ocrx_word' id='word_1_629' title='bbox 2255 2869 2369 2902; x_wconf 75' lang='lat' dir='ltr'>integrae</span> 
     </span>
     <span class='ocr_line' id='line_1_106' title="bbox 1462 2904 2168 2939; baseline -0.003 -9"><span class='ocrx_word' id='word_1_630' title='bbox 1462 2906 1576 2939; x_wconf 77' lang='lat' dir='ltr'>paginae</span> <span class='ocrx_word' id='word_1_631' title='bbox 1589 2906 1651 2938; x_wconf 73' lang='lat' dir='ltr'>(Fal.</span> <span class='ocrx_word' id='word_1_632' title='bbox 1670 2906 1721 2937; x_wconf 77' lang='lat' dir='ltr'>26b)</span> <span class='ocrx_word' id='word_1_633' title='bbox 1732 2914 1810 2928; x_wconf 74' lang='lat' dir='ltr'>vacuo</span> <span class='ocrx_word' id='word_1_634' title='bbox 1823 2905 1919 2934; x_wconf 77' lang='lat' dir='ltr'>relicto,</span> <span class='ocrx_word' id='word_1_635' title='bbox 1929 2904 2046 2937; x_wconf 67' lang='lat' dir='ltr'>sequitur</span> <span class='ocrx_word' id='word_1_636' title='bbox 2060 2905 2114 2929; x_wconf 76' lang='lat' dir='ltr'>Ful.</span> <span class='ocrx_word' id='word_1_637' title='bbox 2129 2906 2168 2929; x_wconf 83' lang='lat'>27.</span> 
     </span>
    </p>
   </div>
   <div class='ocr_carea' id='block_1_24' title="bbox 1496 2942 2212 3005">
    <p class='ocr_par' dir='ltr' id='par_1_30' title="bbox 1496 2942 2212 3005">
     <span class='ocr_line' id='line_1_107' title="bbox 1496 2942 2212 3005; baseline -0.001 -5"><span class='ocrx_word' id='word_1_638' title='bbox 1496 2943 1520 3000; x_wconf 60' lang='grc' dir='ltr'>ἓ.</span> <span class='ocrx_word' id='word_1_639' title='bbox 1554 2942 1743 3000; x_wconf 39' lang='grc' dir='ltr'>ἒξεὲοοᾱζιῐῖῗέιιπι</span> <span class='ocrx_word' id='word_1_640' title='bbox 1753 2976 1784 2999; x_wconf 88' lang='lat' dir='ltr'>de</span> <span class='ocrx_word' id='word_1_641' title='bbox 1795 2976 1889 3004; x_wconf 81' lang='lat' dir='ltr'>Horne,</span> <span class='ocrx_word' id='word_1_642' title='bbox 1904 2975 1937 2999; x_wconf 80' lang='lat' dir='ltr'>ab</span> <span class='ocrx_word' id='word_1_643' title='bbox 1951 2983 1994 3000; x_wconf 81' lang='lat' dir='ltr'>an.</span> <span class='ocrx_word' id='word_1_644' title='bbox 2007 2976 2075 3005; x_wconf 87' lang='lat'>1377,</span> <span class='ocrx_word' id='word_1_645' title='bbox 2088 2975 2179 2999; x_wconf 80' lang='lat' dir='ltr'>Martii</span> <span class='ocrx_word' id='word_1_646' title='bbox 2189 2976 2212 2999; x_wconf 80' lang='lat'>4.</span> 
     </span>
    </p>
   </div>
   <div class='ocr_carea' id='block_1_25' title="bbox 2385 0 2632 47">
    <p class='ocr_par' dir='ltr' id='par_1_31' title="bbox 2385 0 2632 47">
     <span class='ocr_line' id='line_1_108' title="bbox 2385 0 2632 47; baseline 0 3417"><span class='ocrx_word' id='word_1_647' title='bbox 2385 0 2632 47; x_wconf 95' lang='lat' dir='ltr'> </span> 
     </span>
    </p>
   </div>
  </div>
 </body>
</html>
