2632 3464
293 458 347 485 469

295 535 430 569 francus,
449 544 541 574 quem
563 533 708 573 exposuit
726 539 795 563 ante
818 542 875 572 pro
897 532 994 562 tercio
1007 541 1112 561 mense
1130 541 1203 560 exa-

293 583 386 613 minis
401 583 513 613 Sancte
529 582 697 618 Genovese,
716 583 788 622 quia
805 591 867 611 non
885 581 942 610 fuit
960 581 1067 620 quinta
1081 580 1202 609 audicio

292 634 381 663 facta.
399 632 440 662 Et
454 632 543 662 nacio
558 631 678 661 remisit
694 641 762 661 eum
775 631 813 660 ad
824 636 1028 669 receptorem.

335 681 409 712 Item
443 681 474 710 in
509 681 559 710 die
585 679 712 710 martis⁴
739 686 812 719 post
838 679 920 709 diem
945 678 1118 708 Palmarum
1147 677 1203 708 suit

293 730 499 771 congregacio
530 729 670 759 nacionis
701 729 782 768 apud
815 727 959 758 Sanctum
989 727 1142 758 sulianum
1170 727 1202 756 in

292 780 385 810 nonis
406 779 519 809 Nosti-e
542 778 673 808 Domine
699 778 737 808 ad
763 777 1013 817 supplicandum,
1035 783 1064 806 et
1084 776 1201 816 suppli-

293 829 373 859 cavit
396 828 512 858 Paulus
531 827 682 858 Johannis
702 836 762 866 pro
780 826 934 856 dilacione
949 825 1091 866 pecunie,
1111 835 1202 865 quam

293 878 400 908 debuit
415 878 489 907 dare
502 886 559 916 pro
570 875 713 910 licencia,
730 875 802 915 quia
817 881 948 915 protunc
963 875 1123 915 pecuniam
1139 884 1202 903 non

294 926 410 956 habuit.
434 926 472 956 Et
490 924 675 955 deliberavit
688 924 776 954 nacio
793 925 876 964 quod
892 924 1020 954 haberet
1036 930 1100 953 tres
1115 933 1203 953 men-

294 985 356 1011 ses.
374 976 432 1005 sub
446 975 499 1005 tali
511 974 694 1004 condicione
708 974 792 1013 quod
804 973 830 1002 si
842 973 929 1012 prius
944 979 1053 1013 posset
1067 972 1200 1007 solvere,

295 1025 378 1064 quod
407 1024 497 1064 prius
525 1023 661 1053 solveret
688 1022 859 1063 predictam
890 1022 1068 1062 pecuniam;
1095 1028 1126 1051 et
1145 1021 1202 1051 hoc

297 1073 413 1103 ibidem
427 1072 571 1112 promisit
583 1073 694 1102 facere.

335 1123 410 1152 Item
431 1121 612 1152 licenciatus
637 1121 694 1151 suit
710 1120 911 1150 Bernhardus
928 1119 1061 1155 Luttic²,
1080 1126 1110 1150 et
1127 1129 1203 1160 pro-

295 1178 367 1201 tunc
399 1171 455 1201 suit
480 1170 575 1200 eciam
597 1169 778 1200 licenciatus
802 1169 917 1199 Paulus
943 1168 1094 1199 Iohannis
1121 1170 1203 1209 apud

295 1219 440 1250 Sanctam
457 1219 644 1250 Genovefam
662 1219 693 1248 in
710 1219 743 1248 2·
757 1219 930 1254 audicione,
946 1218 1093 1248 videlicet
1107 1218 1138 1247 in
1153 1217 1203 1247 die

296 1269 444 1300 mercurii
460 1275 532 1309 post
552 1268 668 1298 Remos
688 1268 873 1302 Palmarum,
893 1277 1024 1307 quorum
1039 1266 1204 1307 cujuslibet

295 1319 391 1349 bursa
413 1319 469 1348 fuit
492 1317 533 1347 VI
558 1317 651 1347 solidi
673 1323 703 1346 et
719 1316 760 1347 Vl
780 1316 911 1351 denarii,
930 1323 960 1346 et
977 1327 1068 1351 unus,
1085 1315 1205 1346 scilicet

296 1367 497 1398 Bernhardus
510 1367 622 1402 Luttic‚
642 1366 735 1396 solvit
751 1375 820 1396 cum
838 1366 978 1405 pecunia,
997 1372 1027 1396 et
1041 1366 1120 1395 alter
1135 1375 1204 1395 cum

297 1416 483 1457 pignoribus
496 1415 657 1446 satisfecit.
1196 1446 1201 1451 ,

336 1465 411 1496 Item
428 1465 460 1494 in
477 1463 604 1495 octava⁸
622 1464 742 1495 Pasche
759 1465 816 1494 suit
836 1464 1042 1504 congregacio
1063 1463 1204 1494 nacionis

294 1515 376 1555 apud
394 1514 539 1544 Sanctum
561 1513 760 1549 Maturinum‚
783 1513 815 1543 in
832 1514 926 1543 nonis
943 1513 1057 1543 Nostre
1072 1513 1204 1543 Domine

295 1564 333 1593 ad
350 1563 598 1604 supplicandum.
611 1569 641 1593 et
649 1562 838 1603 supplicavit
849 1562 1038 1592 Wilhelmus
1055 1563 1094 1592 de
1111 1561 1204 1602 Apel-

294 1613 392 1642 doren
417 1621 476 1652 pro
507 1611 660 1642 dilacione
694 1611 836 1651 pecunie,
871 1621 961 1651 quam
995 1610 1103 1640 debuit
1130 1611 1204 1640 dare

295 1661 416 1702 nacioni
440 1671 498 1701 pro
530 1671 586 1691 sua
615 1660 756 1696 licencia,
785 1666 816 1690 et
844 1659 947 1690 habita
975 1659 1204 1690 deliberacione

294 1710 448 1751 acquievit
462 1710 550 1740 nacio
565 1720 620 1740 sue
638 1709 876 1750 supplicacioni‚
890 1710 992 1739 dando
1004 1709 1064 1738 sibi
1075 1709 1204 1739 dilacio-

295 1770 364 1790 nem
384 1770 483 1800 usque
500 1760 536 1789 ad
559 1759 668 1789 festum
689 1758 911 1788 Penthecostes
935 1759 1077 1798 proxime
1097 1765 1203 1788 ventu-

295 1818 363 1839 rum
386 1809 444 1838 sub
465 1807 517 1838 tali
540 1809 647 1842 forma,
676 1807 759 1847 quod
783 1807 810 1836 si
835 1807 924 1846 prius
949 1807 1088 1842 haberet,
1117 1807 1204 1847 prius

288 1858 395 1887 ‘dai-et.
774 1849 778 1853 ’

337 1905 408 1946 (Ful.
427 1906 475 1945 46)
494 1905 569 1935 Item
585 1906 615 1936 in
629 1906 679 1935 die
694 1905 788 1936 lune⁴
800 1912 873 1946 post
891 1908 988 1944 Quasi
1001 1907 1088 1935 modo
1102 1906 1204 1936 imme-

296 1954 377 1984 diate
394 1954 536 1994 sequenti
553 1954 608 1984 suit
624 1955 831 1995 congregacio
853 1954 993 1984 nacionis
1008 1955 1089 1994 apud
1107 1954 1203 1984 Sanc-

296 2009 359 2033 tum
373 2003 527 2033 Julianum
550 2003 581 2033 in
602 2003 713 2044 primis
734 2003 847 2034 Nosti-e
871 2003 1002 2033 Domine
1020 2004 1058 2033 ad
1075 2004 1204 2033 audien—

297 2052 368 2082 dum
384 2062 463 2082 nova
482 2052 599 2092 scripta
619 2053 650 2082 in
668 2053 798 2093 quadam
825 2053 913 2082 litera
935 2052 1031 2082 missa
1048 2053 1170 2082 nacioni
1188 2063 1205 2082 a

296 2101 410 2131 nuncio
432 2100 652 2132 Universitatis
674 2102 712 2132 de
730 2101 895 2138 Avinione,
916 2108 946 2131 et
960 2101 1138 2132 continebat
1154 2102 1204 2131 illa

296 2149 396 2185 litera,
415 2150 515 2189 primo
536 2150 664 2180 salutem
686 2150 751 2180 sive
769 2151 877 2180 salutis
897 2151 1090 2190 optacionem
1106 2151 1204 2191 magi—

297 2199 373 2229 stris
388 2205 495 2229 nostre
505 2199 657 2234 nacionis,
675 2206 706 2230 et
719 2199 834 2230 dictum
849 2200 1002 2240 quodipsi
1014 2200 1205 2230 intraverunt

298 2248 329 2277 in
343 2247 394 2277 die
409 2248 480 2278 lune
491 2248 504 2267 ⁸
519 2254 592 2288 post
611 2249 722 2279 ludica
741 2249 924 2279 Avinionem
939 2249 1018 2279 salvi
1033 2255 1064 2279 et
1078 2249 1156 2285 sani,
1175 2256 1206 2279 et

297 2297 329 2326 in
345 2297 396 2326 die
409 2297 583 2327 immediate
599 2297 741 2338 sequenti
758 2296 901 2327 fuerunt⁶
915 2298 1039 2328 adducti
1055 2298 1120 2328 sive
1136 2308 1204 2338 pre-

290 2346 408 2376 sentati
421 2346 546 2376 domino
562 2353 670 2376 nostro
685 2356 765 2387 pape
781 2356 837 2386 per
851 2346 958 2387 plures
971 2347 1156 2383 cardinales,
1175 2354 1206 2378 et

297 2395 382 2435 quod
396 2394 540 2425 dominus
553 2396 790 2435 papagraciose
800 2405 854 2426 eos
869 2396 997 2436 recepit.
1016 2395 1120 2426 Eciam
1135 2406 1204 2436 pre-

297 2443 399 2474 dictus
422 2444 554 2474 nuncius
577 2444 706 2484 scripsit
732 2444 835 2480 nobis,
863 2445 947 2484 quod
970 2445 1143 2475 immediate
1173 2446 1203 2475 in

297 2491 398 2533 prima
407 2493 469 2528 die,
485 2494 609 2533 quando
627 2493 819 2523 intraverunt
833 2493 1029 2529 Avinionem,
1048 2493 1117 2534 ipse
1129 2505 1206 2524 ven-

298 2540 377 2570 didit
398 2550 510 2581 equum
530 2551 630 2571 suum.
654 2541 692 2571 Et
709 2542 747 2571 de
765 2541 834 2571 aliis
850 2542 940 2571 novis
958 2541 1078 2572 remisit
1093 2553 1150 2572 nos
1166 2543 1204 2572 ad

298 2590 484 2620 audiendum
500 2590 532 2620 in
547 2590 647 2620 literis
662 2590 893 2620 Universitatis.

340 2637 414 2669 Item
432 2639 539 2669 eodem
565 2639 614 2669 die
639 2639 761 2669 suerunt
787 2639 939 2670 licenciati
965 2639 1152 2670 Wilhelmus
1167 2641 1204 2671 de

299 2686 494 2727 Apeldoren,
520 2686 608 2727 cujus
629 2688 724 2718 bursa
744 2688 803 2718 IIII
831 2688 923 2718 solidi
949 2688 1109 2729 (satisfecit
1137 2699 1204 2719 cum

331 2805 354 2829 1.
388 2805 418 2830 17
434 2805 538 2838 Aprilis.

330 2841 354 2864 2.
387 2841 433 2865 Nn.
448 2840 547 2866 Luctic.
560 2843 589 2866 ln
602 2842 731 2871 ehu-tul..
745 2843 791 2871 m.
806 2851 832 2875 p.
846 2843 892 2867 2⁸2
904 2851 909 2867 z
924 2843 1018 2868 Luctit.

330 2876 356 2901 ³.
390 2877 421 2901 2⁹
432 2875 538 2909 Aprilis.

330 2911 354 2935 b.
388 2911 419 2935 ³0
430 2911 536 2944 Aprili«.

331 2947 354 2970 8.
381 2947 397 2971 0
405 2946 510 2979 Aprilis.
519 2948 604 2980 Supra
616 2948 703 2982 agitur
719 2948 751 2973 de
763 2949 859 2974 nuntiis
871 2949 1055 2978 vninreuacin.
1074 2950 1121 2982 qui
1132 2953 1205 2975 rotu-

300 2981 434 3014 lumjam.
446 2990 491 3007 an.
505 2982 566 3007 1³7³
575 2982 716 3016 incoeptum
730 2984 792 3016 (oid.
803 2993 880 3017 supra
890 2993 916 3017 p.
929 2986 984 3014 4³⁶,
995 2986 1048 3018 ⁴³),
1060 2986 1097 3010 ud
1107 2986 1204 3010 curiam

804 456 918 483 LIBER
939 455 1251 482 PROCURATORUM
1270 454 1451 482 NATIONIS
1469 455 1714 481 ANGLICANAE

1240 977 1274 1002 10

1241 1221 1274 1248 15

1241 1468 1276 1494 20

1241 1714 1276 1740 25

1242 1959 1276 1986 30

1242 2207 1276 2234 35

1243 2446 1276 2473 40

1242 2692 1276 2719 45

2165 456 2218 481 470

1310 531 1452 571 pignore)
1465 538 1495 561 et
1508 531 1664 561 Iohannes
1679 531 1819 571 Logghe,
1836 531 1922 572 cujus
1940 533 2034 562 bursa
2049 532 2104 562 VII
2123 533 2215 562 solidi

1311 580 1436 619 (solvit),
1446 581 1477 610 in
1489 581 1624 610 secunda
1631 581 1793 610 audicione
1803 582 1883 620 apud
1891 581 2033 611 Nostram
2043 582 2214 611 Dominam.

1351 629 1423 658 Item
1436 629 1467 658 in
1480 629 1530 659 die
1542 629 1687 658 mercurii
1698 628 1710 648 '¹
1724 629 1920 659 Hermannus
1932 631 2035 659 Roeve
2054 631 2108 660 suit
2121 631 2217 660 licen-

1311 678 1408 708 ciatus
1426 679 1456 708 in
1472 679 1503 707 2-
1516 679 1677 708 audicione
1688 679 1770 718 apud
1781 679 1923 708 Nostram
1942 679 2114 714 Dominam,
2128 679 2215 718 cujus

1310 727 1405 757 bursa
1423 727 1495 757 VIII
1515 728 1618 757 solidi.
1639 727 1749 757 Solvit.

1352 776 1427 806 Item
1446 777 1477 806 in
1495 775 1645 815 diejovis,
1666 787 1725 816 que
1743 777 1798 806 suit
1815 776 1883 806 dies
1900 777 2095 806 Invencionis
2115 783 2218 807 sancte

1311 825 1424 860 crucis,
1456 826 1511 855 suit
1539 826 1745 866 congregacio
1772 826 1912 855 nacionis
1934 836 1991 865 per
2013 825 2217 865 juramentum

1311 875 1391 914 apud
1409 875 1554 904 Sanctum
1581 875 1777 915 Maturynum
1794 881 1865 914 post
1883 885 2055 904 sermonem
2072 876 2111 904 de
2128 876 2218 904 modo

1311 924 1501 963 procedendi
1519 925 1601 953 circa
1622 925 1723 953 scolas
1743 934 1852 959 novas,
1870 924 2015 953 videlicet
2033 930 2132 954 utrum
2151 925 2217 953 calx

1312 973 1456 1002 fenestris
1479 979 1586 1002 nostre
1608 973 1692 1002 scole
1714 973 1858 1013 imposita
1878 974 2005 1003 deberet
2029 973 2155 1012 deponi,
2181 984 2218 1002 an

1310 1031 1384 1051 non.
1404 1022 1444 1051 Et
1458 1022 1514 1052 fuit
1524 1029 1596 1052 tunc
1609 1023 1806 1052 concorditer
1818 1022 2019 1052 deliberatum
2038 1032 2094 1062 per
2111 1032 2219 1051 omnes

1311 1071 1478 1111 magistros
1493 1071 1632 1101 nacionis
1646 1072 1760 1100 ibidem
1777 1077 1948 1111 presentes,
1969 1072 2052 1111 quod
2068 1071 2135 1100 calx
2153 1072 2219 1101 sive

1310 1120 1482 1160 plaustrum
1499 1121 1627 1150 deberet
1642 1121 1755 1160 deponi
1772 1121 1810 1150 de
1825 1120 1942 1150 nostris
1959 1121 2102 1150 fenestris
2121 1131 2220 1160 quan-

1312 1170 1441 1199 tocicius
1458 1170 1524 1199 fieri
1543 1176 1662 1210 posset,
1679 1176 1709 1199 et
1724 1170 1843 1199 tociens
1858 1171 1986 1199 deberet
2000 1170 2125 1209 deponi,
2141 1180 2220 1210 quo-

1311 1219 1397 1248 ciens
1413 1225 1632 1258 apponeretur.

1354 1268 1428 1298 Item
1463 1268 1493 1297 in
1531 1268 1582 1297 die
1612 1268 1737 1298 veneris
1774 1268 1829 1298 fuit
1862 1267 2041 1297 licenciatus
2076 1268 2220 1297 dominus

1311 1317 1468 1347 lohannes
1492 1317 1608 1346 Mercir
1627 1317 1739 1347 Scotus
1767 1318 1825 1347 sub
1848 1317 1998 1357 magistro
2019 1317 2157 1346 Jordano
2181 1318 2219 1346 de

1313 1366 1420 1406 Clyvis
1437 1367 1467 1396 in
1483 1366 1579 1396 tercia
1589 1366 1751 1396 audicione
1768 1367 1849 1406 apud
1865 1366 2006 1396 Sanctam
2019 1366 2218 1401 Genovestnm,

1313 1415 1400 1455 cujus
1415 1417 1510 1446 bursa
1526 1415 1583 1445 Vll
1600 1416 1704 1445 solidi.
1725 1415 1835 1446 Solvit.

1354 1465 1428 1494 Item
1445 1466 1521 1495 facta
1545 1465 1791 1505 congregacione
1816 1465 1955 1494 nacionis
1977 1465 2058 1504 apud
2075 1464 2218 1494 Sanctum

1312 1514 1465 1544 sulianum
1493 1515 1620 1544 sabbato
1631 1513 1644 1532 ⁸
1669 1520 1738 1554 post
1773 1514 1967 1553 Quasimodo,
2003 1513 2079 1543 hora
2110 1514 2218 1553 prime,

1292 1556 1299 1563 ⁰
1313 1563 1420 1603 quinta
1429 1563 1480 1593 die
1496 1563 1612 1593 mensis
1625 1563 1711 1598 Maii,
1729 1563 1766 1592 ad
1783 1563 2020 1602 computandum
2032 1573 2099 1592 cum
2116 1573 2220 1602 recep-

1313 1618 1380 1642 tore
1408 1619 1438 1642 et
1466 1613 1503 1642 ad
1533 1612 1708 1652 eligendum
1747 1618 1997 1652 procuratorem,
2035 1612 2222 1652 computavit

1313 1667 1467 1702 receptor,
1487 1667 1517 1691 et
1530 1662 1607 1691 sacta
1620 1661 1853 1701 computacione
1874 1661 2008 1691 omnium
2025 1667 2218 1701 receptorum

1313 1717 1342 1740 et
1359 1711 1582 1751 expositorum,
1605 1711 1717 1740 mansit
1731 1710 1854 1740 nacioni
1869 1710 2025 1750 obligatus
2044 1709 2102 1751 [in]
2119 1710 2219 1740 tribus

1312 1760 1414 1795 libris,
1433 1759 1501 1789 XVI
1519 1760 1628 1789 solidis
1642 1766 1672 1790 et
1691 1761 1704 1788 1
1724 1759 1862 1789 denario.
1884 1759 1923 1788 Et
1941 1759 1995 1789 suit
2017 1759 2076 1789 iste
2098 1769 2220 1799 compo·

1313 1816 1362 1839 tus
1382 1810 1583 1849 approbatus.
1607 1808 1646 1838 Et
1667 1808 1783 1849 placuit
1806 1808 1939 1844 nacioni,
1967 1809 2050 1848 quod
2072 1808 2220 1848 magister

1312 1858 1472 1888 walterus
1485 1858 1576 1887 Wolf
1585 1858 1598 1876 ⁹
1616 1858 1813 1887 continuaret
1824 1857 1953 1887 officium
1970 1858 2142 1897 receptorie
2153 1857 2220 1886 loco

1314 1907 1441 1937 Henrici
1460 1908 1498 1937 de
1520 1907 1647 1936 Thenis.
1669 1907 1708 1936 Et
1727 1907 1843 1936 electus
1863 1907 1919 1936 fuit
1942 1913 2072 1946 protunc
2093 1907 2124 1935 in
2146 1917 2221 1946 pro-

1313 1963 1484 1986 curatorem
1501 1956 1649 1996 magister
1668 1956 1760 1996 Ilugo
1773 1957 1811 1985 de
1828 1956 1998 1985 Hervoerst
2011 1956 2219 1985 concorditer.

1722 2049 1820 2078 1375

1414 2120 1686 2151 Procuratoria
1730 2120 1904 2160 magistri
1949 2120 2120 2160 Hugonis

1623 2170 1665 2199 de
1708 2169 1905 2199 Hervorst.

1352 2250 1444 2280 Anno
1463 2250 1587 2280 Domini
1602 2249 1648 2279 Μο
1658 2249 1752 2279 CCC‘·
1767 2249 1861 2279 LxX⁰
1873 2249 1912 2278 V‘·
1930 2249 2097 2278 secundum
2117 2249 2218 2278 stilum

1312 2299 1495 2340 gallicanum
1509 2298 1548 2334 ⁴⁰,
1567 2299 1673 2338 quinta
1693 2299 1742 2327 die
1759 2298 1874 2328 mensis
1890 2298 1974 2333 Maii,
1996 2298 2071 2327 facta
2087 2308 2220 2337 congre-

1313 2349 1442 2389 gacione
1468 2348 1607 2378 nacionis
1639 2348 1676 2377 ad
1702 2347 1846 2377 Sanctum
1868 2347 2020 2377 lulianum
2054 2356 2218 2386 pauperem

1313 2398 1389 2428 hora
1404 2397 1571 2437 primarum
1588 2397 1626 2426 ad
1642 2396 1826 2439 audiendum
1845 2402 2020 2436 computum
2037 2395 2217 2435 recepturis,

1313 2447 1350 2477 ad
1381 2446 1617 2486 supplicandum
1650 2452 1680 2475 et
1706 2446 1743 2475 ad
1772 2445 1947 2486 eligendum
1974 2451 2216 2485 procuratorem,

1313 2497 1484 2536 approbato
1503 2501 1646 2535 computo
1663 2495 1847 2534 recepturis,
1865 2501 1894 2524 et
1911 2494 2046 2523 admissa
2061 2493 2219 2533 supplica-

1313 2545 1402 2575 cione
1415 2545 1557 2584 quadam,
1574 2550 1666 2584 prout
1679 2554 1773 2584 supra
1792 2544 1942 2583 scriptum
1958 2549 2016 2577 est.
2033 2542 2149 2572 electus
2163 2541 2219 2571 suit

1313 2593 1510 2624 concorditer
1524 2593 1554 2622 in
1566 2599 1797 2633 procuratorem
1811 2592 1949 2622 nacionis
1964 2591 2110 2631 magister
2127 2590 2217 2630 Hugo

1313 2644 1351 2673 de
1372 2642 1524 2672 Hervorst
1543 2641 1627 2671 nullo
1643 2641 1837 2671 reclamante.
1858 2641 1891 2671 ln
1905 2639 1992 2680 cujus
2007 2639 2216 2680 procurator-ia

1314 2698 1384 2722 sunt
1397 2698 1463 2721 acta
1480 2701 1540 2732 que
1555 2697 1738 2731 sequuntur.

1311 2809 1485 2840 portaverunt.

1343 2844 1367 2867 6.
1401 2843 1449 2866 Ma.
1463 2843 1575 2866 fuerent.

1345 2879 1367 2902 7.
1401 2879 1415 2902 2
1426 2878 1498 2902 Maii.

1344 2915 1367 2939 8.
1398 2915 1412 2937 δ
1423 2913 1495 2937 Maii.

1343 2951 1367 2973 ⁹.
1401 2950 1421 2973 1.
1438 2957 1460 2972 e.
1474 2948 1507 2972 dc
1519 2948 1585 2973 Deir.

1345 2985 1384 3009 10.
1418 2986 1450 3009 Ee
1459 2983 1543 3008 stilum
1555 2982 1642 3007 curiae
1651 2984 1721 3006 Rom.
