<?xml version="1.0" encoding="UTF-8"?>
<!DOCTYPE html PUBLIC "-//W3C//DTD XHTML 1.0 Transitional//EN"
    "http://www.w3.org/TR/xhtml1/DTD/xhtml1-transitional.dtd">
<html xmlns="http://www.w3.org/1999/xhtml" xml:lang="en" lang="en">
 <head>
  <title>
</title>
<meta http-equiv="Content-Type" content="text/html;charset=utf-8" />
  <meta name='ocr-system' content='tesseract 3.04.00' />
  <meta name='ocr-capabilities' content='ocr_page ocr_carea ocr_par ocr_line ocrx_word'/>
</head>
<body>
  <div class='ocr_page' id='page_1' title='image "auctariumchartul01univuoft_0163.png"; bbox 0 0 2632 3464; ppageno 0'>
   <div class='ocr_carea' id='block_1_1' title="bbox 0 0 74 3464">
    <p class='ocr_par' dir='ltr' id='par_1_1' title="bbox 0 0 74 3464">
     <span class='ocr_line' id='line_1_1' title="bbox 0 0 74 3464; baseline 0 0"><span class='ocrx_word' id='word_1_1' title='bbox 0 0 74 3464; x_wconf 95' lang='lat' dir='ltr'> </span> 
     </span>
    </p>
   </div>
   <div class='ocr_carea' id='block_1_2' title="bbox 297 432 351 459">
    <p class='ocr_par' dir='ltr' id='par_1_2' title="bbox 297 432 351 459">
     <span class='ocr_line' id='line_1_2' title="bbox 297 432 351 459; baseline 0 0"><span class='ocrx_word' id='word_1_2' title='bbox 297 432 351 459; x_wconf 78' lang='lat'>153</span> 
     </span>
    </p>
   </div>
   <div class='ocr_carea' id='block_1_3' title="bbox 293 503 1207 1072">
    <p class='ocr_par' dir='ltr' id='par_1_3' title="bbox 295 503 1206 587">
     <span class='ocr_line' id='line_1_3' title="bbox 295 503 1206 547; baseline -0.007 -9"><span class='ocrx_word' id='word_1_3' title='bbox 295 509 493 538; x_wconf 82' lang='lat' dir='ltr'><strong>reclamante.</strong></span> <span class='ocrx_word' id='word_1_4' title='bbox 509 507 544 538; x_wconf 88' lang='lat' dir='ltr'>ln</span> <span class='ocrx_word' id='word_1_5' title='bbox 559 506 647 547; x_wconf 87' lang='lat' dir='ltr'>cujus</span> <span class='ocrx_word' id='word_1_6' title='bbox 662 505 876 547; x_wconf 86' lang='lat' dir='ltr'>procuratoria</span> <span class='ocrx_word' id='word_1_7' title='bbox 891 505 968 534; x_wconf 82' lang='lat' dir='ltr'>facta</span> <span class='ocrx_word' id='word_1_8' title='bbox 985 510 1057 533; x_wconf 90' lang='lat' dir='ltr'>sunt</span> <span class='ocrx_word' id='word_1_9' title='bbox 1073 503 1129 533; x_wconf 88' lang='lat' dir='ltr'>hec</span> <span class='ocrx_word' id='word_1_10' title='bbox 1146 513 1206 543; x_wconf 89' lang='lat' dir='ltr'>que</span> 
     </span>
     <span class='ocr_line' id='line_1_4' title="bbox 297 564 456 587; baseline -0.006 0"><span class='ocrx_word' id='word_1_11' title='bbox 297 564 456 587; x_wconf 88' lang='lat' dir='ltr'>secuntur.</span> 
     </span>
    </p>

    <p class='ocr_par' dir='ltr' id='par_1_4' title="bbox 296 601 1206 693">
     <span class='ocr_line' id='line_1_5' title="bbox 336 601 1206 645; baseline -0.007 -9"><span class='ocrx_word' id='word_1_12' title='bbox 336 606 443 636; x_wconf 84' lang='lat' dir='ltr'>Primo</span> <span class='ocrx_word' id='word_1_13' title='bbox 457 605 573 645; x_wconf 83' lang='lat' dir='ltr'>incepit</span> <span class='ocrx_word' id='word_1_14' title='bbox 586 604 730 635; x_wconf 80' lang='lat' dir='ltr'>dominus</span> <span class='ocrx_word' id='word_1_15' title='bbox 748 603 945 633; x_wconf 74' lang='lat' dir='ltr'>Hel-mannus</span> <span class='ocrx_word' id='word_1_16' title='bbox 962 603 1023 640; x_wconf 89' lang='lat' dir='ltr'>[de]</span> <span class='ocrx_word' id='word_1_17' title='bbox 1039 601 1155 631; x_wconf 84' lang='lat' dir='ltr'>Rotwit</span> <span class='ocrx_word' id='word_1_18' title='bbox 1168 602 1206 630; x_wconf 92' lang='lat' dir='ltr'>de</span> 
     </span>
     <span class='ocr_line' id='line_1_6' title="bbox 296 648 1043 693; baseline -0.008 -10"><span class='ocrx_word' id='word_1_19' title='bbox 296 652 494 693; x_wconf 79' lang='lat' dir='ltr'>Sweviasub</span> <span class='ocrx_word' id='word_1_20' title='bbox 511 651 663 692; x_wconf 84' lang='lat' dir='ltr'>magistro</span> <span class='ocrx_word' id='word_1_21' title='bbox 681 650 811 680; x_wconf 80' lang='lat' dir='ltr'>Alberto</span> <span class='ocrx_word' id='word_1_22' title='bbox 829 650 867 678; x_wconf 92' lang='lat' dir='ltr'>de</span> <span class='ocrx_word' id='word_1_23' title='bbox 884 648 1043 678; x_wconf 81' lang='lat' dir='ltr'>Bohemia.</span> 
     </span>
    </p>

    <p class='ocr_par' dir='ltr' id='par_1_5' title="bbox 293 696 1207 1072">
     <span class='ocr_line' id='line_1_7' title="bbox 336 696 1206 740; baseline -0.007 -9"><span class='ocrx_word' id='word_1_24' title='bbox 336 701 412 731; x_wconf 83' lang='lat' dir='ltr'>Item</span> <span class='ocrx_word' id='word_1_25' title='bbox 433 702 511 730; x_wconf 81' lang='lat' dir='ltr'>facta</span> <span class='ocrx_word' id='word_1_26' title='bbox 532 698 779 740; x_wconf 79' lang='lat' dir='ltr'><strong>congregacione</strong></span> <span class='ocrx_word' id='word_1_27' title='bbox 799 697 940 727; x_wconf 83' lang='lat' dir='ltr'>nacionis</span> <span class='ocrx_word' id='word_1_28' title='bbox 960 697 991 726; x_wconf 94' lang='lat' dir='ltr'>in</span> <span class='ocrx_word' id='word_1_29' title='bbox 1011 696 1062 726; x_wconf 93' lang='lat' dir='ltr'>die</span> <span class='ocrx_word' id='word_1_30' title='bbox 1081 696 1206 725; x_wconf 88' lang='lat' dir='ltr'>veneris</span> 
     </span>
     <span class='ocr_line' id='line_1_8' title="bbox 294 745 1206 790; baseline -0.008 -10"><span class='ocrx_word' id='word_1_31' title='bbox 294 750 439 790; x_wconf 85' lang='lat' dir='ltr'>proxima</span> <span class='ocrx_word' id='word_1_32' title='bbox 449 749 457 768; x_wconf 78' lang='lat'>⁸</span> <span class='ocrx_word' id='word_1_33' title='bbox 476 755 546 779; x_wconf 86' lang='lat' dir='ltr'>ante</span> <span class='ocrx_word' id='word_1_34' title='bbox 556 749 667 778; x_wconf 77' lang='lat' dir='ltr'>festum</span> <span class='ocrx_word' id='word_1_35' title='bbox 677 746 853 782; x_wconf 81' lang='lat' dir='ltr'>Michaelis,</span> <span class='ocrx_word' id='word_1_36' title='bbox 866 745 1053 786; x_wconf 83' lang='lat' dir='ltr'>supplicavit</span> <span class='ocrx_word' id='word_1_37' title='bbox 1062 745 1206 774; x_wconf 88' lang='lat' dir='ltr'>dominus</span> 
     </span>
     <span class='ocr_line' id='line_1_9' title="bbox 294 793 1207 836; baseline -0.007 -8"><span class='ocrx_word' id='word_1_38' title='bbox 294 798 450 830; x_wconf 88' lang='lat' dir='ltr'>Zebaldus</span> <span class='ocrx_word' id='word_1_39' title='bbox 481 798 520 827; x_wconf 88' lang='lat' dir='ltr'>de</span> <span class='ocrx_word' id='word_1_40' title='bbox 541 793 770 836; x_wconf 65' lang='lat' dir='ltr'>Norenbergha</span> <span class='ocrx_word' id='word_1_41' title='bbox 798 805 855 834; x_wconf 91' lang='lat' dir='ltr'>pro</span> <span class='ocrx_word' id='word_1_42' title='bbox 880 794 1014 824; x_wconf 89' lang='lat' dir='ltr'>induciis</span> <span class='ocrx_word' id='word_1_43' title='bbox 1042 804 1142 834; x_wconf 84' lang='lat' dir='ltr'>usque</span> <span class='ocrx_word' id='word_1_44' title='bbox 1168 794 1207 822; x_wconf 87' lang='lat' dir='ltr'>ad</span> 
     </span>
     <span class='ocr_line' id='line_1_10' title="bbox 295 842 1206 884; baseline -0.005 -8"><span class='ocrx_word' id='word_1_45' title='bbox 295 847 406 876; x_wconf 79' lang='lat' dir='ltr'>festum</span> <span class='ocrx_word' id='word_1_46' title='bbox 421 845 597 876; x_wconf 84' lang='lat' dir='ltr'>Nativitatis</span> <span class='ocrx_word' id='word_1_47' title='bbox 612 844 731 876; x_wconf 81' lang='lat' dir='ltr'>Christi</span> <span class='ocrx_word' id='word_1_48' title='bbox 747 854 843 884; x_wconf 89' lang='lat' dir='ltr'>super</span> <span class='ocrx_word' id='word_1_49' title='bbox 855 843 1011 883; x_wconf 80' lang='lat' dir='ltr'>aliquibus</span> <span class='ocrx_word' id='word_1_50' title='bbox 1023 843 1129 873; x_wconf 89' lang='lat' dir='ltr'>bursis</span> <span class='ocrx_word' id='word_1_51' title='bbox 1146 842 1206 872; x_wconf 88' lang='lat' dir='ltr'>sol-</span> 
     </span>
     <span class='ocr_line' id='line_1_11' title="bbox 294 892 1206 934; baseline -0.004 -9"><span class='ocrx_word' id='word_1_52' title='bbox 294 895 405 925; x_wconf 82' lang='lat' dir='ltr'>vendis</span> <span class='ocrx_word' id='word_1_53' title='bbox 418 894 552 930; x_wconf 86' lang='lat' dir='ltr'>nacioni,</span> <span class='ocrx_word' id='word_1_54' title='bbox 564 903 624 934; x_wconf 91' lang='lat' dir='ltr'>que</span> <span class='ocrx_word' id='word_1_55' title='bbox 637 903 786 924; x_wconf 84' lang='lat' dir='ltr'>concesse</span> <span class='ocrx_word' id='word_1_56' title='bbox 798 899 870 922; x_wconf 87' lang='lat' dir='ltr'>sunt</span> <span class='ocrx_word' id='word_1_57' title='bbox 883 892 944 922; x_wconf 89' lang='lat' dir='ltr'>sibi</span> <span class='ocrx_word' id='word_1_58' title='bbox 958 892 1156 922; x_wconf 87' lang='lat' dir='ltr'>concorditer</span> <span class='ocrx_word' id='word_1_59' title='bbox 1168 892 1206 921; x_wconf 90' lang='lat' dir='ltr'>ab</span> 
     </span>
     <span class='ocr_line' id='line_1_12' title="bbox 293 941 1205 984; baseline -0.005 -9"><span class='ocrx_word' id='word_1_60' title='bbox 293 945 437 974; x_wconf 89' lang='lat' dir='ltr'>omnibus</span> <span class='ocrx_word' id='word_1_61' title='bbox 457 942 672 984; x_wconf 87' lang='lat' dir='ltr'>congregatis,</span> <span class='ocrx_word' id='word_1_62' title='bbox 698 943 767 972; x_wconf 84' lang='lat' dir='ltr'>data</span> <span class='ocrx_word' id='word_1_63' title='bbox 790 942 894 972; x_wconf 88' lang='lat' dir='ltr'>littera</span> <span class='ocrx_word' id='word_1_64' title='bbox 916 941 1123 981; x_wconf 85' lang='lat' dir='ltr'>obligacionis</span> <span class='ocrx_word' id='word_1_65' title='bbox 1147 942 1205 971; x_wconf 89' lang='lat' dir='ltr'>sub</span> 
     </span>
     <span class='ocr_line' id='line_1_13' title="bbox 294 990 1206 1033; baseline -0.004 -10"><span class='ocrx_word' id='word_1_66' title='bbox 294 1002 376 1033; x_wconf 87' lang='lat' dir='ltr'>pena</span> <span class='ocrx_word' id='word_1_67' title='bbox 393 992 618 1027; x_wconf 87' lang='lat' dir='ltr'>resecacionis,</span> <span class='ocrx_word' id='word_1_68' title='bbox 640 991 668 1021; x_wconf 89' lang='lat' dir='ltr'>si</span> <span class='ocrx_word' id='word_1_69' title='bbox 685 1001 747 1021; x_wconf 93' lang='lat' dir='ltr'>non</span> <span class='ocrx_word' id='word_1_70' title='bbox 768 990 899 1021; x_wconf 84' lang='lat' dir='ltr'>solverit</span> <span class='ocrx_word' id='word_1_71' title='bbox 919 990 952 1020; x_wconf 83' lang='lat' dir='ltr'>in</span> <span class='ocrx_word' id='word_1_72' title='bbox 970 997 1110 1030; x_wconf 87' lang='lat' dir='ltr'>tempore</span> <span class='ocrx_word' id='word_1_73' title='bbox 1132 999 1206 1030; x_wconf 87' lang='lat' dir='ltr'>pre-</span> 
     </span>
     <span class='ocr_line' id='line_1_14' title="bbox 293 1048 432 1072; baseline -0.007 0"><span class='ocrx_word' id='word_1_74' title='bbox 293 1048 432 1072; x_wconf 82' lang='lat' dir='ltr'>narrato.</span> 
     </span>
    </p>
   </div>
   <div class='ocr_carea' id='block_1_4' title="bbox 292 1137 1208 2012">
    <p class='ocr_par' dir='ltr' id='par_1_6' title="bbox 293 1137 1206 1424">
     <span class='ocr_line' id='line_1_15' title="bbox 337 1137 1206 1179; baseline -0.003 -10"><span class='ocrx_word' id='word_1_75' title='bbox 337 1139 412 1169; x_wconf 88' lang='lat' dir='ltr'>ltem</span> <span class='ocrx_word' id='word_1_76' title='bbox 431 1139 511 1168; x_wconf 82' lang='lat' dir='ltr'>facta</span> <span class='ocrx_word' id='word_1_77' title='bbox 529 1139 776 1179; x_wconf 81' lang='lat' dir='ltr'>congregacione</span> <span class='ocrx_word' id='word_1_78' title='bbox 800 1138 941 1168; x_wconf 81' lang='lat' dir='ltr'>nacionis</span> <span class='ocrx_word' id='word_1_79' title='bbox 964 1137 1102 1177; x_wconf 82' lang='lat' dir='ltr'>predicte</span> <span class='ocrx_word' id='word_1_80' title='bbox 1124 1138 1206 1177; x_wconf 91' lang='lat' dir='ltr'>apud</span> 
     </span>
     <span class='ocr_line' id='line_1_16' title="bbox 295 1185 1205 1228; baseline -0.003 -10"><span class='ocrx_word' id='word_1_81' title='bbox 295 1187 441 1218; x_wconf 84' lang='lat' dir='ltr'>Sanctum</span> <span class='ocrx_word' id='word_1_82' title='bbox 459 1187 613 1218; x_wconf 88' lang='lat' dir='ltr'>Julianum</span> <span class='ocrx_word' id='word_1_83' title='bbox 634 1197 802 1228; x_wconf 82' lang='lat' dir='ltr'>pauperem</span> <span class='ocrx_word' id='word_1_84' title='bbox 819 1188 925 1216; x_wconf 90' lang='lat' dir='ltr'>sabato</span> <span class='ocrx_word' id='word_1_85' title='bbox 942 1187 1086 1226; x_wconf 88' lang='lat' dir='ltr'>proximo</span> <span class='ocrx_word' id='word_1_86' title='bbox 1098 1185 1111 1204; x_wconf 85' lang='lat'>²</span> <span class='ocrx_word' id='word_1_87' title='bbox 1136 1192 1205 1216; x_wconf 87' lang='lat' dir='ltr'>ante</span> 
     </span>
     <span class='ocr_line' id='line_1_17' title="bbox 295 1235 1205 1276; baseline -0.002 -10"><span class='ocrx_word' id='word_1_88' title='bbox 295 1237 406 1267; x_wconf 81' lang='lat' dir='ltr'>festum</span> <span class='ocrx_word' id='word_1_89' title='bbox 425 1236 588 1266; x_wconf 79' lang='lat' dir='ltr'>Michaelis</span> <span class='ocrx_word' id='word_1_90' title='bbox 604 1246 700 1276; x_wconf 87' lang='lat' dir='ltr'>super</span> <span class='ocrx_word' id='word_1_91' title='bbox 714 1236 865 1266; x_wconf 79' lang='lat' dir='ltr'>electione</span> <span class='ocrx_word' id='word_1_92' title='bbox 884 1235 1098 1276; x_wconf 82' lang='lat' dir='ltr'>procuratoris</span> <span class='ocrx_word' id='word_1_93' title='bbox 1119 1235 1205 1264; x_wconf 90' lang='lat' dir='ltr'>ordi-</span> 
     </span>
     <span class='ocr_line' id='line_1_18' title="bbox 293 1284 1205 1325; baseline -0.002 -9"><span class='ocrx_word' id='word_1_94' title='bbox 293 1286 406 1322; x_wconf 85' lang='lat' dir='ltr'>nanda,</span> <span class='ocrx_word' id='word_1_95' title='bbox 423 1285 620 1316; x_wconf 88' lang='lat' dir='ltr'>continuatus</span> <span class='ocrx_word' id='word_1_96' title='bbox 637 1285 694 1315; x_wconf 83' lang='lat' dir='ltr'>fuit</span> <span class='ocrx_word' id='word_1_97' title='bbox 705 1285 866 1325; x_wconf 88' lang='lat' dir='ltr'>predictus</span> <span class='ocrx_word' id='word_1_98' title='bbox 877 1285 1024 1325; x_wconf 88' lang='lat' dir='ltr'>magister</span> <span class='ocrx_word' id='word_1_99' title='bbox 1038 1284 1205 1315; x_wconf 86' lang='lat' dir='ltr'>Wizkinus</span> 
     </span>
     <span class='ocr_line' id='line_1_19' title="bbox 295 1333 1206 1374; baseline -0.001 -10"><span class='ocrx_word' id='word_1_100' title='bbox 295 1335 493 1365; x_wconf 89' lang='lat' dir='ltr'>concorditer</span> <span class='ocrx_word' id='word_1_101' title='bbox 511 1334 596 1364; x_wconf 89' lang='lat' dir='ltr'>nullo</span> <span class='ocrx_word' id='word_1_102' title='bbox 616 1334 780 1364; x_wconf 84' lang='lat' dir='ltr'>renitente.</span> <span class='ocrx_word' id='word_1_103' title='bbox 798 1334 833 1364; x_wconf 89' lang='lat' dir='ltr'>ln</span> <span class='ocrx_word' id='word_1_104' title='bbox 854 1333 941 1374; x_wconf 86' lang='lat' dir='ltr'>cujus</span> <span class='ocrx_word' id='word_1_105' title='bbox 959 1334 1206 1364; x_wconf 89' lang='lat' dir='ltr'>continuacionis</span> 
     </span>
     <span class='ocr_line' id='line_1_20' title="bbox 295 1383 951 1424; baseline -0.003 -10"><span class='ocrx_word' id='word_1_106' title='bbox 295 1389 435 1424; x_wconf 89' lang='lat' dir='ltr'>tempore</span> <span class='ocrx_word' id='word_1_107' title='bbox 450 1389 515 1413; x_wconf 88' lang='lat' dir='ltr'>acta</span> <span class='ocrx_word' id='word_1_108' title='bbox 531 1389 604 1413; x_wconf 86' lang='lat' dir='ltr'>sunt</span> <span class='ocrx_word' id='word_1_109' title='bbox 618 1383 675 1412; x_wconf 87' lang='lat' dir='ltr'>hec</span> <span class='ocrx_word' id='word_1_110' title='bbox 690 1393 750 1423; x_wconf 87' lang='lat' dir='ltr'>que</span> <span class='ocrx_word' id='word_1_111' title='bbox 767 1389 951 1423; x_wconf 82' lang='lat' dir='ltr'>sequuntur.</span> 
     </span>
    </p>

    <p class='ocr_par' dir='ltr' id='par_1_7' title="bbox 294 1432 1206 1619">
     <span class='ocr_line' id='line_1_21' title="bbox 336 1432 1206 1472; baseline -0.001 -10"><span class='ocrx_word' id='word_1_112' title='bbox 336 1433 443 1463; x_wconf 90' lang='lat' dir='ltr'>Primo</span> <span class='ocrx_word' id='word_1_113' title='bbox 464 1432 581 1472; x_wconf 85' lang='lat' dir='ltr'>incepit</span> <span class='ocrx_word' id='word_1_114' title='bbox 605 1432 749 1462; x_wconf 91' lang='lat' dir='ltr'>dominus</span> <span class='ocrx_word' id='word_1_115' title='bbox 778 1432 932 1462; x_wconf 85' lang='lat' dir='ltr'>Zebaldus</span> <span class='ocrx_word' id='word_1_116' title='bbox 961 1433 999 1461; x_wconf 91' lang='lat' dir='ltr'>de</span> <span class='ocrx_word' id='word_1_117' title='bbox 1025 1432 1206 1461; x_wconf 85' lang='lat' dir='ltr'>Norenber-</span> 
     </span>
     <span class='ocr_line' id='line_1_22' title="bbox 294 1481 1206 1522; baseline -0.001 -11"><span class='ocrx_word' id='word_1_118' title='bbox 294 1481 358 1522; x_wconf 82' lang='lat' dir='ltr'>gha</span> <span class='ocrx_word' id='word_1_119' title='bbox 378 1482 437 1511; x_wconf 87' lang='lat' dir='ltr'>sub</span> <span class='ocrx_word' id='word_1_120' title='bbox 463 1481 613 1522; x_wconf 81' lang='lat' dir='ltr'>magistro</span> <span class='ocrx_word' id='word_1_121' title='bbox 636 1481 766 1511; x_wconf 86' lang='lat' dir='ltr'>Alberto</span> <span class='ocrx_word' id='word_1_122' title='bbox 791 1481 830 1511; x_wconf 87' lang='lat' dir='ltr'>de</span> <span class='ocrx_word' id='word_1_123' title='bbox 856 1481 1004 1510; x_wconf 87' lang='lat' dir='ltr'>Bohemia</span> <span class='ocrx_word' id='word_1_124' title='bbox 1028 1481 1078 1510; x_wconf 93' lang='lat' dir='ltr'>die</span> <span class='ocrx_word' id='word_1_125' title='bbox 1098 1481 1206 1510; x_wconf 89' lang='lat' dir='ltr'>martis</span> 
     </span>
     <span class='ocr_line' id='line_1_23' title="bbox 294 1529 1206 1570; baseline -0.002 -10"><span class='ocrx_word' id='word_1_126' title='bbox 294 1530 437 1570; x_wconf 88' lang='lat' dir='ltr'>proxima</span> <span class='ocrx_word' id='word_1_127' title='bbox 447 1529 460 1548; x_wconf 79' lang='lat'>⁸</span> <span class='ocrx_word' id='word_1_128' title='bbox 481 1536 552 1570; x_wconf 89' lang='lat' dir='ltr'>post</span> <span class='ocrx_word' id='word_1_129' title='bbox 566 1530 676 1560; x_wconf 85' lang='lat' dir='ltr'>festum</span> <span class='ocrx_word' id='word_1_130' title='bbox 692 1529 868 1565; x_wconf 84' lang='lat' dir='ltr'>Michaelis,</span> <span class='ocrx_word' id='word_1_131' title='bbox 883 1530 936 1570; x_wconf 91' lang='lat' dir='ltr'>qui</span> <span class='ocrx_word' id='word_1_132' title='bbox 952 1529 1102 1559; x_wconf 78' lang='lat' dir='ltr'>satisfecit</span> <span class='ocrx_word' id='word_1_133' title='bbox 1114 1530 1206 1559; x_wconf 92' lang='lat' dir='ltr'>modo</span> 
     </span>
     <span class='ocr_line' id='line_1_24' title="bbox 295 1579 522 1619; baseline -0.004 -10"><span class='ocrx_word' id='word_1_134' title='bbox 295 1579 522 1619; x_wconf 87' lang='lat' dir='ltr'>suprascripto.</span> 
     </span>
    </p>

    <p class='ocr_par' dir='ltr' id='par_1_8' title="bbox 292 1627 1208 2012">
     <span class='ocr_line' id='line_1_25' title="bbox 335 1627 1207 1669; baseline 0 -12"><span class='ocrx_word' id='word_1_135' title='bbox 335 1627 411 1658; x_wconf 86' lang='lat' dir='ltr'>Item</span> <span class='ocrx_word' id='word_1_136' title='bbox 429 1628 462 1657; x_wconf 86' lang='lat' dir='ltr'>in</span> <span class='ocrx_word' id='word_1_137' title='bbox 482 1628 533 1658; x_wconf 89' lang='lat' dir='ltr'>die</span> <span class='ocrx_word' id='word_1_138' title='bbox 545 1627 629 1667; x_wconf 89' lang='lat' dir='ltr'>jovis</span> <span class='ocrx_word' id='word_1_139' title='bbox 651 1634 681 1657; x_wconf 90' lang='lat' dir='ltr'>et</span> <span class='ocrx_word' id='word_1_140' title='bbox 695 1628 727 1658; x_wconf 92' lang='lat' dir='ltr'>in</span> <span class='ocrx_word' id='word_1_141' title='bbox 742 1627 869 1669; x_wconf 78' lang='lat' dir='ltr'>vigilia⁴</span> <span class='ocrx_word' id='word_1_142' title='bbox 888 1628 986 1658; x_wconf 86' lang='lat' dir='ltr'>sancti</span> <span class='ocrx_word' id='word_1_143' title='bbox 1002 1628 1085 1658; x_wconf 86' lang='lat' dir='ltr'>Luce</span> <span class='ocrx_word' id='word_1_144' title='bbox 1100 1638 1207 1657; x_wconf 90' lang='lat' dir='ltr'>ewan-</span> 
     </span>
     <span class='ocr_line' id='line_1_26' title="bbox 292 1676 1206 1718; baseline 0 -12"><span class='ocrx_word' id='word_1_145' title='bbox 292 1677 405 1718; x_wconf 83' lang='lat' dir='ltr'>geliste</span> <span class='ocrx_word' id='word_1_146' title='bbox 442 1677 535 1707; x_wconf 84' lang='lat' dir='ltr'>solvit</span> <span class='ocrx_word' id='word_1_147' title='bbox 564 1677 696 1717; x_wconf 87' lang='lat' dir='ltr'>quilibet</span> <span class='ocrx_word' id='word_1_148' title='bbox 727 1677 976 1717; x_wconf 87' lang='lat' dir='ltr'>subscriptorum</span> <span class='ocrx_word' id='word_1_149' title='bbox 1000 1687 1093 1706; x_wconf 91' lang='lat' dir='ltr'>unum</span> <span class='ocrx_word' id='word_1_150' title='bbox 1118 1676 1206 1706; x_wconf 79' lang='lat' dir='ltr'>flore-</span> 
     </span>
     <span class='ocr_line' id='line_1_27' title="bbox 293 1725 1207 1766; baseline -0.001 -10"><span class='ocrx_word' id='word_1_151' title='bbox 293 1736 367 1756; x_wconf 82' lang='lat' dir='ltr'>num</span> <span class='ocrx_word' id='word_1_152' title='bbox 402 1735 461 1766; x_wconf 88' lang='lat' dir='ltr'>pro</span> <span class='ocrx_word' id='word_1_153' title='bbox 494 1726 650 1766; x_wconf 87' lang='lat' dir='ltr'>principio</span> <span class='ocrx_word' id='word_1_154' title='bbox 682 1726 854 1766; x_wconf 82' lang='lat' dir='ltr'>magisterii</span> <span class='ocrx_word' id='word_1_155' title='bbox 884 1738 890 1756; x_wconf 75' lang='grc' dir='ltr'>ε</span> <span class='ocrx_word' id='word_1_156' title='bbox 922 1726 1023 1766; x_wconf 88' lang='lat' dir='ltr'>primo</span> <span class='ocrx_word' id='word_1_157' title='bbox 1058 1725 1207 1766; x_wconf 89' lang='lat' dir='ltr'>magister</span> 
     </span>
     <span class='ocr_line' id='line_1_28' title="bbox 292 1774 1207 1815; baseline 0 -11"><span class='ocrx_word' id='word_1_158' title='bbox 292 1775 451 1805; x_wconf 84' lang='lat' dir='ltr'>Henricus</span> <span class='ocrx_word' id='word_1_159' title='bbox 471 1776 510 1804; x_wconf 90' lang='lat' dir='ltr'>de</span> <span class='ocrx_word' id='word_1_160' title='bbox 533 1775 649 1811; x_wconf 82' lang='lat' dir='ltr'>Clivis;</span> <span class='ocrx_word' id='word_1_161' title='bbox 676 1774 826 1815; x_wconf 87' lang='lat' dir='ltr'>magister</span> <span class='ocrx_word' id='word_1_162' title='bbox 852 1774 1000 1805; x_wconf 83' lang='lat' dir='ltr'>Albertus</span> <span class='ocrx_word' id='word_1_163' title='bbox 1030 1776 1068 1804; x_wconf 91' lang='lat' dir='ltr'>de</span> <span class='ocrx_word' id='word_1_164' title='bbox 1100 1775 1207 1804; x_wconf 89' lang='lat' dir='ltr'>Helm-</span> 
     </span>
     <span class='ocr_line' id='line_1_29' title="bbox 294 1824 1208 1864; baseline -0.001 -10"><span class='ocrx_word' id='word_1_165' title='bbox 294 1825 398 1860; x_wconf 83' lang='lat' dir='ltr'>stede;</span> <span class='ocrx_word' id='word_1_166' title='bbox 416 1824 565 1864; x_wconf 83' lang='lat' dir='ltr'>magister</span> <span class='ocrx_word' id='word_1_167' title='bbox 579 1824 733 1854; x_wconf 85' lang='lat' dir='ltr'>Zebaldus</span> <span class='ocrx_word' id='word_1_168' title='bbox 752 1825 790 1854; x_wconf 89' lang='lat' dir='ltr'>de</span> <span class='ocrx_word' id='word_1_169' title='bbox 808 1824 1040 1864; x_wconf 83' lang='lat' dir='ltr'>Norembergh;</span> <span class='ocrx_word' id='word_1_170' title='bbox 1058 1825 1208 1864; x_wconf 79' lang='lat' dir='ltr'>magister</span> 
     </span>
     <span class='ocr_line' id='line_1_30' title="bbox 294 1872 1205 1913; baseline 0 -11"><span class='ocrx_word' id='word_1_171' title='bbox 294 1872 492 1903; x_wconf 87' lang='lat' dir='ltr'>Hermannus</span> <span class='ocrx_word' id='word_1_172' title='bbox 511 1873 573 1912; x_wconf 91' lang='lat' dir='ltr'>[de]</span> <span class='ocrx_word' id='word_1_173' title='bbox 593 1873 710 1903; x_wconf 87' lang='lat' dir='ltr'>Rotwil</span> <span class='ocrx_word' id='word_1_174' title='bbox 732 1879 762 1902; x_wconf 91' lang='lat' dir='ltr'>et</span> <span class='ocrx_word' id='word_1_175' title='bbox 785 1883 845 1913; x_wconf 90' lang='lat' dir='ltr'>ego</span> <span class='ocrx_word' id='word_1_176' title='bbox 863 1873 1013 1913; x_wconf 88' lang='lat' dir='ltr'>magister</span> <span class='ocrx_word' id='word_1_177' title='bbox 1027 1873 1205 1908; x_wconf 87' lang='lat' dir='ltr'>Wizkinus,</span> 
     </span>
     <span class='ocr_line' id='line_1_31' title="bbox 294 1922 1207 1963; baseline 0.001 -12"><span class='ocrx_word' id='word_1_178' title='bbox 294 1922 333 1952; x_wconf 88' lang='lat' dir='ltr'>de</span> <span class='ocrx_word' id='word_1_179' title='bbox 355 1931 415 1962; x_wconf 86' lang='lat' dir='ltr'>qua</span> <span class='ocrx_word' id='word_1_180' title='bbox 434 1931 552 1952; x_wconf 89' lang='lat' dir='ltr'>summa</span> <span class='ocrx_word' id='word_1_181' title='bbox 573 1922 702 1952; x_wconf 79' lang='lat' dir='ltr'>fecimus</span> <span class='ocrx_word' id='word_1_182' title='bbox 723 1922 872 1952; x_wconf 81' lang='lat' dir='ltr'>solacium</span> <span class='ocrx_word' id='word_1_183' title='bbox 894 1922 1027 1962; x_wconf 90' lang='lat' dir='ltr'>singulis</span> <span class='ocrx_word' id='word_1_184' title='bbox 1047 1922 1207 1963; x_wconf 82' lang='lat' dir='ltr'>magistris</span> 
     </span>
     <span class='ocr_line' id='line_1_32' title="bbox 293 1971 1134 2012; baseline 0 -11"><span class='ocrx_word' id='word_1_185' title='bbox 293 1971 476 2001; x_wconf 81' lang='lat' dir='ltr'>reverendis</span> <span class='ocrx_word' id='word_1_186' title='bbox 490 1977 563 2001; x_wconf 87' lang='lat' dir='ltr'>tunc</span> <span class='ocrx_word' id='word_1_187' title='bbox 580 1971 780 2011; x_wconf 84' lang='lat' dir='ltr'>presentibus</span> <span class='ocrx_word' id='word_1_188' title='bbox 796 1971 936 2001; x_wconf 85' lang='lat' dir='ltr'>nacionis</span> <span class='ocrx_word' id='word_1_189' title='bbox 951 1971 1134 2012; x_wconf 85' lang='lat' dir='ltr'>Anglicane.</span> 
     </span>
    </p>
   </div>
   <div class='ocr_carea' id='block_1_5' title="bbox 707 2065 801 2095">
    <p class='ocr_par' dir='ltr' id='par_1_9' title="bbox 707 2065 801 2095">
     <span class='ocr_line' id='line_1_33' title="bbox 707 2065 801 2095; baseline 0 -1"><span class='ocrx_word' id='word_1_190' title='bbox 707 2065 801 2095; x_wconf 78' lang='lat'>1³51</span> 
     </span>
    </p>
   </div>
   <div class='ocr_carea' id='block_1_6' title="bbox 391 2135 1114 2226">
    <p class='ocr_par' dir='ltr' id='par_1_10' title="bbox 391 2135 1114 2226">
     <span class='ocr_line' id='line_1_34' title="bbox 391 2135 1114 2176; baseline 0 -10"><span class='ocrx_word' id='word_1_191' title='bbox 391 2135 632 2175; x_wconf 81' lang='lat' dir='ltr'>[Procuratio</span> <span class='ocrx_word' id='word_1_192' title='bbox 669 2136 843 2176; x_wconf 88' lang='lat' dir='ltr'>magistri</span> <span class='ocrx_word' id='word_1_193' title='bbox 880 2136 1032 2166; x_wconf 88' lang='lat' dir='ltr'>Sebaldi</span> <span class='ocrx_word' id='word_1_194' title='bbox 1070 2137 1114 2166; x_wconf 90' lang='lat' dir='ltr'>de</span> 
     </span>
     <span class='ocr_line' id='line_1_35' title="bbox 610 2185 893 2226; baseline 0 -11"><span class='ocrx_word' id='word_1_195' title='bbox 610 2185 893 2226; x_wconf 86' lang='lat' dir='ltr'>Nurenberga.]</span> 
     </span>
    </p>
   </div>
   <div class='ocr_carea' id='block_1_7' title="bbox 291 2264 1207 2648">
    <p class='ocr_par' dir='ltr' id='par_1_11' title="bbox 291 2264 1207 2648">
     <span class='ocr_line' id='line_1_36' title="bbox 333 2264 1207 2306; baseline 0.001 -12"><span class='ocrx_word' id='word_1_196' title='bbox 333 2264 425 2295; x_wconf 82' lang='lat' dir='ltr'>Anno</span> <span class='ocrx_word' id='word_1_197' title='bbox 447 2264 572 2295; x_wconf 88' lang='lat' dir='ltr'>Domini</span> <span class='ocrx_word' id='word_1_198' title='bbox 590 2266 690 2300; x_wconf 80' lang='lat'>1351⁰‚</span> <span class='ocrx_word' id='word_1_199' title='bbox 710 2266 852 2306; x_wconf 87' lang='lat' dir='ltr'>proxima</span> <span class='ocrx_word' id='word_1_200' title='bbox 875 2266 926 2296; x_wconf 87' lang='lat' dir='ltr'>die</span> <span class='ocrx_word' id='word_1_201' title='bbox 945 2265 1122 2295; x_wconf 81' lang='lat' dir='ltr'>dominica³</span> <span class='ocrx_word' id='word_1_202' title='bbox 1138 2272 1207 2295; x_wconf 89' lang='lat' dir='ltr'>ante</span> 
     </span>
     <span class='ocr_line' id='line_1_37' title="bbox 295 2313 1207 2356; baseline 0.002 -13"><span class='ocrx_word' id='word_1_203' title='bbox 295 2314 405 2344; x_wconf 83' lang='lat' dir='ltr'>festum</span> <span class='ocrx_word' id='word_1_204' title='bbox 421 2313 567 2354; x_wconf 87' lang='lat' dir='ltr'>Symonis</span> <span class='ocrx_word' id='word_1_205' title='bbox 586 2321 616 2344; x_wconf 90' lang='lat' dir='ltr'>et</span> <span class='ocrx_word' id='word_1_206' title='bbox 632 2314 723 2351; x_wconf 82' lang='lat' dir='ltr'>Jude,</span> <span class='ocrx_word' id='word_1_207' title='bbox 743 2315 820 2344; x_wconf 78' lang='lat' dir='ltr'>facta</span> <span class='ocrx_word' id='word_1_208' title='bbox 835 2315 1083 2356; x_wconf 80' lang='lat' dir='ltr'>congregacione</span> <span class='ocrx_word' id='word_1_209' title='bbox 1101 2315 1207 2345; x_wconf 80' lang='lat' dir='ltr'>nacio—</span> 
     </span>
     <span class='ocr_line' id='line_1_38' title="bbox 293 2361 1207 2404; baseline 0.002 -12"><span class='ocrx_word' id='word_1_210' title='bbox 293 2362 344 2392; x_wconf 84' lang='lat' dir='ltr'>nis</span> <span class='ocrx_word' id='word_1_211' title='bbox 370 2361 542 2402; x_wconf 83' lang='lat' dir='ltr'>Anglicane</span> <span class='ocrx_word' id='word_1_212' title='bbox 569 2363 651 2403; x_wconf 80' lang='lat' dir='ltr'>apud</span> <span class='ocrx_word' id='word_1_213' title='bbox 683 2363 901 2393; x_wconf 81' lang='lat' dir='ltr'>Predicatores</span> <span class='ocrx_word' id='word_1_214' title='bbox 930 2374 1026 2404; x_wconf 89' lang='lat' dir='ltr'>super</span> <span class='ocrx_word' id='word_1_215' title='bbox 1057 2364 1207 2394; x_wconf 84' lang='lat' dir='ltr'>electione</span> 
     </span>
     <span class='ocr_line' id='line_1_39' title="bbox 292 2412 1207 2452; baseline 0.001 -11"><span class='ocrx_word' id='word_1_216' title='bbox 292 2412 506 2452; x_wconf 84' lang='lat' dir='ltr'>procuratoris</span> <span class='ocrx_word' id='word_1_217' title='bbox 538 2412 688 2447; x_wconf 77' lang='lat' dir='ltr'>facienda,</span> <span class='ocrx_word' id='word_1_218' title='bbox 717 2412 834 2443; x_wconf 87' lang='lat' dir='ltr'>electus</span> <span class='ocrx_word' id='word_1_219' title='bbox 865 2413 921 2443; x_wconf 82' lang='lat' dir='ltr'>suit</span> <span class='ocrx_word' id='word_1_220' title='bbox 949 2413 1147 2443; x_wconf 89' lang='lat' dir='ltr'>concorditer</span> <span class='ocrx_word' id='word_1_221' title='bbox 1176 2413 1207 2443; x_wconf 89' lang='lat' dir='ltr'>in</span> 
     </span>
     <span class='ocr_line' id='line_1_40' title="bbox 293 2460 1207 2502; baseline 0.001 -12"><span class='ocrx_word' id='word_1_222' title='bbox 293 2467 526 2500; x_wconf 82' lang='lat' dir='ltr'>procuratorem</span> <span class='ocrx_word' id='word_1_223' title='bbox 546 2460 627 2490; x_wconf 90' lang='lat' dir='ltr'>dicte</span> <span class='ocrx_word' id='word_1_224' title='bbox 652 2461 793 2491; x_wconf 85' lang='lat' dir='ltr'>nacionis</span> <span class='ocrx_word' id='word_1_225' title='bbox 817 2461 965 2502; x_wconf 86' lang='lat' dir='ltr'>magister</span> <span class='ocrx_word' id='word_1_226' title='bbox 992 2461 1144 2491; x_wconf 87' lang='lat' dir='ltr'>Sebaldus</span> <span class='ocrx_word' id='word_1_227' title='bbox 1168 2462 1207 2491; x_wconf 89' lang='lat' dir='ltr'>de</span> 
     </span>
     <span class='ocr_line' id='line_1_41' title="bbox 293 2505 1207 2551; baseline 0 -11"><span class='ocrx_word' id='word_1_228' title='bbox 293 2505 497 2550; x_wconf 79' lang='lat' dir='ltr'>Nitrenbcrga</span> <span class='ocrx_word' id='word_1_229' title='bbox 515 2509 600 2539; x_wconf 89' lang='lat' dir='ltr'>nullo</span> <span class='ocrx_word' id='word_1_230' title='bbox 618 2509 744 2549; x_wconf 86' lang='lat' dir='ltr'>penitus</span> <span class='ocrx_word' id='word_1_231' title='bbox 762 2509 963 2546; x_wconf 85' lang='lat' dir='ltr'>reclamante,</span> <span class='ocrx_word' id='word_1_232' title='bbox 982 2510 1013 2540; x_wconf 92' lang='lat' dir='ltr'>in</span> <span class='ocrx_word' id='word_1_233' title='bbox 1028 2509 1116 2551; x_wconf 85' lang='lat' dir='ltr'>cujus</span> <span class='ocrx_word' id='word_1_234' title='bbox 1131 2521 1207 2550; x_wconf 91' lang='lat' dir='ltr'>pro-</span> 
     </span>
     <span class='ocr_line' id='line_1_42' title="bbox 293 2558 1204 2600; baseline 0.003 -13"><span class='ocrx_word' id='word_1_235' title='bbox 293 2558 447 2588; x_wconf 87' lang='lat' dir='ltr'>curatoria</span> <span class='ocrx_word' id='word_1_236' title='bbox 471 2558 574 2589; x_wconf 84' lang='lat' dir='ltr'>nullus</span> <span class='ocrx_word' id='word_1_237' title='bbox 595 2558 813 2589; x_wconf 84' lang='lat' dir='ltr'>determinavit</span> <span class='ocrx_word' id='word_1_238' title='bbox 834 2569 891 2589; x_wconf 88' lang='lat' dir='ltr'>nec</span> <span class='ocrx_word' id='word_1_239' title='bbox 913 2559 1114 2600; x_wconf 86' lang='lat' dir='ltr'>magistratus</span> <span class='ocrx_word' id='word_1_240' title='bbox 1132 2560 1204 2597; x_wconf 83' lang='lat' dir='ltr'>fuit;</span> 
     </span>
     <span class='ocr_line' id='line_1_43' title="bbox 291 2606 994 2648; baseline 0.003 -12"><span class='ocrx_word' id='word_1_241' title='bbox 291 2606 390 2647; x_wconf 83' lang='lat' dir='ltr'>igitur</span> <span class='ocrx_word' id='word_1_242' title='bbox 404 2617 461 2647; x_wconf 88' lang='lat' dir='ltr'>per</span> <span class='ocrx_word' id='word_1_243' title='bbox 475 2617 543 2637; x_wconf 88' lang='lat' dir='ltr'>eum</span> <span class='ocrx_word' id='word_1_244' title='bbox 561 2607 626 2638; x_wconf 90' lang='lat' dir='ltr'>null</span> <span class='ocrx_word' id='word_1_245' title='bbox 633 2618 671 2638; x_wconf 87' lang='lat' dir='ltr'>us</span> <span class='ocrx_word' id='word_1_246' title='bbox 688 2607 911 2648; x_wconf 81' lang='lat' dir='ltr'>registratus(?)</span> <span class='ocrx_word' id='word_1_247' title='bbox 927 2608 994 2638; x_wconf 80' lang='lat' dir='ltr'>ruit.</span> 
     </span>
    </p>
   </div>
   <div class='ocr_carea' id='block_1_8' title="bbox 380 2815 616 2982">
    <p class='ocr_par' dir='ltr' id='par_1_12' title="bbox 381 2815 588 2883">
     <span class='ocr_line' id='line_1_44' title="bbox 381 2815 588 2848; baseline 0.01 -9"><span class='ocrx_word' id='word_1_248' title='bbox 381 2815 411 2839; x_wconf 74' lang='lat'>2³</span> <span class='ocrx_word' id='word_1_249' title='bbox 426 2816 588 2848; x_wconf 66' lang='lat' dir='ltr'>Septembris.</span> 
     </span>
     <span class='ocr_line' id='line_1_45' title="bbox 382 2850 586 2883; baseline 0.01 -9"><span class='ocrx_word' id='word_1_250' title='bbox 382 2850 413 2874; x_wconf 70' lang='lat'>24</span> <span class='ocrx_word' id='word_1_251' title='bbox 424 2851 586 2883; x_wconf 72' lang='lat' dir='ltr'>Septen-brie.</span> 
     </span>
    </p>

    <p class='ocr_par' dir='ltr' id='par_1_13' title="bbox 380 2886 535 2911">
     <span class='ocr_line' id='line_1_46' title="bbox 380 2886 535 2911; baseline 0.013 -2"><span class='ocrx_word' id='word_1_252' title='bbox 380 2886 395 2909; x_wconf 75' lang='grc' dir='ltr'>Ιι</span> <span class='ocrx_word' id='word_1_253' title='bbox 409 2886 535 2911; x_wconf 72' lang='lat' dir='ltr'>Octobris.</span> 
     </span>
    </p>

    <p class='ocr_par' dir='ltr' id='par_1_14' title="bbox 380 2922 616 2982">
     <span class='ocr_line' id='line_1_47' title="bbox 380 2922 616 2947; baseline 0.008 -2"><span class='ocrx_word' id='word_1_254' title='bbox 380 2922 396 2944; x_wconf 76' lang='grc'>6</span> <span class='ocrx_word' id='word_1_255' title='bbox 407 2924 431 2945; x_wconf 75' lang='lat' dir='ltr'>et</span> <span class='ocrx_word' id='word_1_256' title='bbox 444 2922 474 2946; x_wconf 77' lang='lat'>17</span> <span class='ocrx_word' id='word_1_257' title='bbox 489 2922 616 2947; x_wconf 70' lang='lat' dir='ltr'>Octobris.</span> 
     </span>
     <span class='ocr_line' id='line_1_48' title="bbox 381 2958 552 2982; baseline 0.006 -1"><span class='ocrx_word' id='word_1_258' title='bbox 381 2958 411 2981; x_wconf 74' lang='lat'>2³</span> <span class='ocrx_word' id='word_1_259' title='bbox 426 2958 552 2982; x_wconf 66' lang='lat' dir='ltr'>octobris.</span> 
     </span>
    </p>
   </div>
   <div class='ocr_carea' id='block_1_9' title="bbox 323 2814 348 2981">
    <p class='ocr_par' dir='ltr' id='par_1_15' title="bbox 323 2814 348 2981">
     <span class='ocr_line' id='line_1_49' title="bbox 323 2814 348 2981; textangle 90"><span class='ocrx_word' id='word_1_260' title='bbox 323 2814 348 2981; x_wconf 58' lang='grc' dir='ltr'>ΡῩΡΒθτ·</span> 
     </span>
    </p>
   </div>
   <div class='ocr_carea' id='block_1_10' title="bbox 809 425 1720 456">
    <p class='ocr_par' dir='ltr' id='par_1_16' title="bbox 809 425 1720 456">
     <span class='ocr_line' id='line_1_50' title="bbox 809 425 1720 456; baseline -0.005 0"><span class='ocrx_word' id='word_1_261' title='bbox 809 430 924 456; x_wconf 86' lang='lat' dir='ltr'>LIBER</span> <span class='ocrx_word' id='word_1_262' title='bbox 943 426 1257 455; x_wconf 71' lang='lat' dir='ltr'>PROCURATORUM</span> <span class='ocrx_word' id='word_1_263' title='bbox 1277 426 1457 452; x_wconf 81' lang='lat' dir='ltr'>NATIONIS</span> <span class='ocrx_word' id='word_1_264' title='bbox 1476 425 1720 452; x_wconf 79' lang='lat' dir='ltr'>ANGLICANAE</span> 
     </span>
    </p>
   </div>
   <div class='ocr_carea' id='block_1_11' title="bbox 1261 704 1278 730">
    <p class='ocr_par' dir='ltr' id='par_1_17' title="bbox 1261 704 1278 730">
     <span class='ocr_line' id='line_1_51' title="bbox 1261 704 1278 730; baseline 0 0"><span class='ocrx_word' id='word_1_265' title='bbox 1261 704 1278 730; x_wconf 88' lang='lat'><strong>5</strong></span> 
     </span>
    </p>
   </div>
   <div class='ocr_carea' id='block_1_12' title="bbox 1243 950 1277 976">
    <p class='ocr_par' dir='ltr' id='par_1_18' title="bbox 1243 950 1277 976">
     <span class='ocr_line' id='line_1_52' title="bbox 1243 950 1277 976; baseline 0 0"><span class='ocrx_word' id='word_1_266' title='bbox 1243 950 1277 976; x_wconf 83' lang='lat'>1⁰</span> 
     </span>
    </p>
   </div>
   <div class='ocr_carea' id='block_1_13' title="bbox 1243 1196 1276 1222">
    <p class='ocr_par' dir='ltr' id='par_1_19' title="bbox 1243 1196 1276 1222">
     <span class='ocr_line' id='line_1_53' title="bbox 1243 1196 1276 1222; baseline 0.03 -1"><span class='ocrx_word' id='word_1_267' title='bbox 1243 1196 1276 1222; x_wconf 84' lang='lat'>15</span> 
     </span>
    </p>
   </div>
   <div class='ocr_carea' id='block_1_14' title="bbox 1243 1441 1277 1467">
    <p class='ocr_par' dir='ltr' id='par_1_20' title="bbox 1243 1441 1277 1467">
     <span class='ocr_line' id='line_1_54' title="bbox 1243 1441 1277 1467; baseline 0 0"><span class='ocrx_word' id='word_1_268' title='bbox 1243 1441 1277 1467; x_wconf 81' lang='lat'>20</span> 
     </span>
    </p>
   </div>
   <div class='ocr_carea' id='block_1_15' title="bbox 1244 1687 1278 1714">
    <p class='ocr_par' dir='ltr' id='par_1_21' title="bbox 1244 1687 1278 1714">
     <span class='ocr_line' id='line_1_55' title="bbox 1244 1687 1278 1714; baseline 0.029 -1"><span class='ocrx_word' id='word_1_269' title='bbox 1244 1687 1278 1714; x_wconf 85' lang='lat'>25</span> 
     </span>
    </p>
   </div>
   <div class='ocr_carea' id='block_1_16' title="bbox 1244 1933 1278 1959">
    <p class='ocr_par' dir='ltr' id='par_1_22' title="bbox 1244 1933 1278 1959">
     <span class='ocr_line' id='line_1_56' title="bbox 1244 1933 1278 1959; baseline 0 0"><span class='ocrx_word' id='word_1_270' title='bbox 1244 1933 1278 1959; x_wconf 85' lang='lat'>30</span> 
     </span>
    </p>
   </div>
   <div class='ocr_carea' id='block_1_17' title="bbox 1244 2179 1279 2206">
    <p class='ocr_par' dir='ltr' id='par_1_23' title="bbox 1244 2179 1279 2206">
     <span class='ocr_line' id='line_1_57' title="bbox 1244 2179 1279 2206; baseline 0.029 -1"><span class='ocrx_word' id='word_1_271' title='bbox 1244 2179 1279 2206; x_wconf 80' lang='lat'>35</span> 
     </span>
    </p>
   </div>
   <div class='ocr_carea' id='block_1_18' title="bbox 1245 2424 1279 2451">
    <p class='ocr_par' dir='ltr' id='par_1_24' title="bbox 1245 2424 1279 2451">
     <span class='ocr_line' id='line_1_58' title="bbox 1245 2424 1279 2451; baseline 0.029 -1"><span class='ocrx_word' id='word_1_272' title='bbox 1245 2424 1279 2451; x_wconf 75' lang='lat'>40</span> 
     </span>
    </p>
   </div>
   <div class='ocr_carea' id='block_1_19' title="bbox 1723 425 2222 530">
    <p class='ocr_par' dir='ltr' id='par_1_25' title="bbox 1723 425 2222 530">
     <span class='ocr_line' id='line_1_59' title="bbox 2174 425 2222 451; baseline 0 0"><span class='ocrx_word' id='word_1_273' title='bbox 2174 425 2222 451; x_wconf 74' lang='lat'>154</span> 
     </span>
     <span class='ocr_line' id='line_1_60' title="bbox 1723 501 1817 530; baseline -0.011 0"><span class='ocrx_word' id='word_1_274' title='bbox 1723 501 1817 530; x_wconf 82' lang='lat'>1351</span> 
     </span>
    </p>
   </div>
   <div class='ocr_carea' id='block_1_20' title="bbox 1405 572 2135 659">
    <p class='ocr_par' dir='ltr' id='par_1_26' title="bbox 1405 572 2135 659">
     <span class='ocr_line' id='line_1_61' title="bbox 1405 572 2135 612; baseline -0.001 -10"><span class='ocrx_word' id='word_1_275' title='bbox 1405 572 1645 612; x_wconf 86' lang='lat' dir='ltr'>[Procuratio</span> <span class='ocrx_word' id='word_1_276' title='bbox 1689 572 1861 612; x_wconf 86' lang='lat' dir='ltr'>magistri</span> <span class='ocrx_word' id='word_1_277' title='bbox 1905 572 2052 601; x_wconf 85' lang='lat' dir='ltr'>Alberti</span> <span class='ocrx_word' id='word_1_278' title='bbox 2093 573 2135 601; x_wconf 89' lang='lat' dir='ltr'>de</span> 
     </span>
     <span class='ocr_line' id='line_1_62' title="bbox 1630 622 1904 659; baseline -0.004 -8"><span class='ocrx_word' id='word_1_279' title='bbox 1630 622 1904 659; x_wconf 89' lang='lat' dir='ltr'>Helmestede.]</span> 
     </span>
    </p>
   </div>
   <div class='ocr_carea' id='block_1_21' title="bbox 1313 695 2224 1121">
    <p class='ocr_par' dir='ltr' id='par_1_27' title="bbox 1313 695 2224 1121">
     <span class='ocr_line' id='line_1_63' title="bbox 1357 695 2222 738; baseline -0.002 -11"><span class='ocrx_word' id='word_1_280' title='bbox 1357 700 1428 738; x_wconf 77' lang='lat' dir='ltr'>(Fal.</span> <span class='ocrx_word' id='word_1_281' title='bbox 1458 698 1504 737; x_wconf 88' lang='grc'>17)</span> <span class='ocrx_word' id='word_1_282' title='bbox 1530 697 1621 727; x_wconf 86' lang='lat' dir='ltr'>Anno</span> <span class='ocrx_word' id='word_1_283' title='bbox 1647 696 1772 726; x_wconf 88' lang='lat' dir='ltr'>Domini</span> <span class='ocrx_word' id='word_1_284' title='bbox 1801 695 2005 731; x_wconf 79' lang='lat' dir='ltr'><strong>M⁰CCC⁰510,</strong></span> <span class='ocrx_word' id='word_1_285' title='bbox 2034 696 2063 725; x_wconf 93' lang='lat' dir='ltr'>in</span> <span class='ocrx_word' id='word_1_286' title='bbox 2093 696 2222 737; x_wconf 77' lang='lat' dir='ltr'>vigilia‘</span> 
     </span>
     <span class='ocr_line' id='line_1_64' title="bbox 1316 744 2221 786; baseline -0.002 -10"><span class='ocrx_word' id='word_1_287' title='bbox 1316 747 1506 782; x_wconf 88' lang='lat' dir='ltr'>Eadmundi,</span> <span class='ocrx_word' id='word_1_288' title='bbox 1534 746 1566 775; x_wconf 91' lang='lat' dir='ltr'>in</span> <span class='ocrx_word' id='word_1_289' title='bbox 1594 744 1681 786; x_wconf 89' lang='lat' dir='ltr'>cujus</span> <span class='ocrx_word' id='word_1_290' title='bbox 1708 746 1758 775; x_wconf 91' lang='lat' dir='ltr'>die</span> <span class='ocrx_word' id='word_1_291' title='bbox 1787 752 1836 775; x_wconf 89' lang='lat' dir='ltr'>est</span> <span class='ocrx_word' id='word_1_292' title='bbox 1867 746 1976 775; x_wconf 84' lang='lat' dir='ltr'>festum</span> <span class='ocrx_word' id='word_1_293' title='bbox 2007 745 2221 785; x_wconf 88' lang='lat' dir='ltr'>Anglicorum,</span> 
     </span>
     <span class='ocr_line' id='line_1_65' title="bbox 1315 794 2224 836; baseline 0 -11"><span class='ocrx_word' id='word_1_294' title='bbox 1315 797 1393 826; x_wconf 84' lang='lat' dir='ltr'>facta</span> <span class='ocrx_word' id='word_1_295' title='bbox 1409 795 1656 836; x_wconf 85' lang='lat' dir='ltr'>congregacione</span> <span class='ocrx_word' id='word_1_296' title='bbox 1678 795 1818 824; x_wconf 92' lang='lat' dir='ltr'>nacionis</span> <span class='ocrx_word' id='word_1_297' title='bbox 1838 794 2010 834; x_wconf 86' lang='lat' dir='ltr'>Anglicane</span> <span class='ocrx_word' id='word_1_298' title='bbox 2026 796 2106 835; x_wconf 87' lang='lat' dir='ltr'>apud</span> <span class='ocrx_word' id='word_1_299' title='bbox 2127 795 2224 825; x_wconf 85' lang='lat' dir='ltr'>Sanc-</span> 
     </span>
     <span class='ocr_line' id='line_1_66' title="bbox 1314 844 2221 884; baseline -0.002 -9"><span class='ocrx_word' id='word_1_300' title='bbox 1314 851 1378 875; x_wconf 88' lang='lat' dir='ltr'>tum</span> <span class='ocrx_word' id='word_1_301' title='bbox 1387 845 1573 874; x_wconf 84' lang='lat' dir='ltr'>Maturinum</span> <span class='ocrx_word' id='word_1_302' title='bbox 1583 854 1678 884; x_wconf 84' lang='lat' dir='ltr'>super</span> <span class='ocrx_word' id='word_1_303' title='bbox 1688 844 1837 873; x_wconf 85' lang='lat' dir='ltr'>electione</span> <span class='ocrx_word' id='word_1_304' title='bbox 1850 844 2063 884; x_wconf 87' lang='lat' dir='ltr'>procuratoris</span> <span class='ocrx_word' id='word_1_305' title='bbox 2073 844 2221 880; x_wconf 83' lang='lat' dir='ltr'>facienda,</span> 
     </span>
     <span class='ocr_line' id='line_1_67' title="bbox 1315 893 2224 933; baseline -0.002 -9"><span class='ocrx_word' id='word_1_306' title='bbox 1315 895 1431 924; x_wconf 86' lang='lat' dir='ltr'>electus</span> <span class='ocrx_word' id='word_1_307' title='bbox 1450 894 1505 924; x_wconf 81' lang='lat' dir='ltr'>suit</span> <span class='ocrx_word' id='word_1_308' title='bbox 1523 894 1553 923; x_wconf 93' lang='lat' dir='ltr'>in</span> <span class='ocrx_word' id='word_1_309' title='bbox 1575 899 1806 933; x_wconf 85' lang='lat' dir='ltr'>procuratorem</span> <span class='ocrx_word' id='word_1_310' title='bbox 1823 893 1905 923; x_wconf 92' lang='lat' dir='ltr'>dicte</span> <span class='ocrx_word' id='word_1_311' title='bbox 1920 893 2060 922; x_wconf 89' lang='lat' dir='ltr'>nacionis</span> <span class='ocrx_word' id='word_1_312' title='bbox 2077 894 2224 933; x_wconf 83' lang='lat' dir='ltr'>magister</span> 
     </span>
     <span class='ocr_line' id='line_1_68' title="bbox 1314 941 2223 982; baseline -0.001 -9"><span class='ocrx_word' id='word_1_313' title='bbox 1314 943 1462 973; x_wconf 85' lang='lat' dir='ltr'>Albertus</span> <span class='ocrx_word' id='word_1_314' title='bbox 1487 944 1524 972; x_wconf 92' lang='lat' dir='ltr'>de</span> <span class='ocrx_word' id='word_1_315' title='bbox 1548 942 1744 972; x_wconf 87' lang='lat' dir='ltr'>Helmestede</span> <span class='ocrx_word' id='word_1_316' title='bbox 1768 942 1966 972; x_wconf 85' lang='lat' dir='ltr'>concorditer</span> <span class='ocrx_word' id='word_1_317' title='bbox 1988 941 2074 972; x_wconf 88' lang='lat' dir='ltr'>nullo</span> <span class='ocrx_word' id='word_1_318' title='bbox 2098 943 2223 982; x_wconf 90' lang='lat' dir='ltr'>penitus</span> 
     </span>
     <span class='ocr_line' id='line_1_69' title="bbox 1314 990 2223 1031; baseline -0.002 -9"><span class='ocrx_word' id='word_1_319' title='bbox 1314 992 1515 1027; x_wconf 87' lang='lat' dir='ltr'>reclamante,</span> <span class='ocrx_word' id='word_1_320' title='bbox 1543 992 1574 1021; x_wconf 91' lang='lat' dir='ltr'>in</span> <span class='ocrx_word' id='word_1_321' title='bbox 1603 990 1689 1031; x_wconf 87' lang='lat' dir='ltr'>cujus</span> <span class='ocrx_word' id='word_1_322' title='bbox 1721 990 1956 1031; x_wconf 87' lang='lat' dir='ltr'>procuracionis</span> <span class='ocrx_word' id='word_1_323' title='bbox 1986 992 2162 1031; x_wconf 89' lang='lat' dir='ltr'>[tempore],</span> <span class='ocrx_word' id='word_1_324' title='bbox 2192 991 2223 1021; x_wconf 88' lang='lat' dir='ltr'>in</span> 
     </span>
     <span class='ocr_line' id='line_1_70' title="bbox 1313 1039 2223 1082; baseline -0.001 -11"><span class='ocrx_word' id='word_1_325' title='bbox 1313 1041 1420 1082; x_wconf 86' lang='lat' dir='ltr'>vigilia</span> <span class='ocrx_word' id='word_1_326' title='bbox 1437 1041 1624 1080; x_wconf 85' lang='lat' dir='ltr'>[Nativitatis</span> <span class='ocrx_word' id='word_1_327' title='bbox 1635 1041 1657 1079; x_wconf 64' lang='grc' dir='ltr'>ἓ]</span> <span class='ocrx_word' id='word_1_328' title='bbox 1674 1039 1812 1071; x_wconf 89' lang='lat' dir='ltr'>Christi⁷</span> <span class='ocrx_word' id='word_1_329' title='bbox 1824 1050 1992 1070; x_wconf 80' lang='lat' dir='ltr'>concessus</span> <span class='ocrx_word' id='word_1_330' title='bbox 2004 1041 2060 1070; x_wconf 88' lang='lat' dir='ltr'>suit</span> <span class='ocrx_word' id='word_1_331' title='bbox 2074 1041 2223 1081; x_wconf 87' lang='lat' dir='ltr'>magistro</span> 
     </span>
     <span class='ocr_line' id='line_1_71' title="bbox 1314 1089 1951 1121; baseline -0.003 -1"><span class='ocrx_word' id='word_1_332' title='bbox 1314 1091 1446 1121; x_wconf 79' lang='lat' dir='ltr'>Johanni</span> <span class='ocrx_word' id='word_1_333' title='bbox 1462 1091 1500 1120; x_wconf 91' lang='lat' dir='ltr'>de</span> <span class='ocrx_word' id='word_1_334' title='bbox 1514 1089 1654 1119; x_wconf 89' lang='lat' dir='ltr'>Wezalia</span> <span class='ocrx_word' id='word_1_335' title='bbox 1670 1100 1749 1119; x_wconf 91' lang='lat' dir='ltr'>unus</span> <span class='ocrx_word' id='word_1_336' title='bbox 1765 1090 1951 1119; x_wconf 88' lang='lat' dir='ltr'>bacularius.</span> 
     </span>
    </p>
   </div>
   <div class='ocr_carea' id='block_1_22' title="bbox 1314 1188 2223 1366">
    <p class='ocr_par' dir='ltr' id='par_1_28' title="bbox 1314 1188 2223 1366">
     <span class='ocr_line' id='line_1_72' title="bbox 1355 1188 2223 1229; baseline -0.002 -10"><span class='ocrx_word' id='word_1_337' title='bbox 1355 1189 1431 1219; x_wconf 84' lang='lat' dir='ltr'>Item</span> <span class='ocrx_word' id='word_1_338' title='bbox 1447 1190 1524 1219; x_wconf 83' lang='lat' dir='ltr'>sacta</span> <span class='ocrx_word' id='word_1_339' title='bbox 1537 1188 1783 1229; x_wconf 84' lang='lat' dir='ltr'>congregacione</span> <span class='ocrx_word' id='word_1_340' title='bbox 1799 1198 1858 1218; x_wconf 88' lang='lat' dir='ltr'>una</span> <span class='ocrx_word' id='word_1_341' title='bbox 1873 1189 1954 1228; x_wconf 88' lang='lat' dir='ltr'>apud</span> <span class='ocrx_word' id='word_1_342' title='bbox 1971 1188 2115 1218; x_wconf 89' lang='lat' dir='ltr'>Sanctum</span> <span class='ocrx_word' id='word_1_343' title='bbox 2129 1189 2143 1218; x_wconf 86' lang='lat' dir='ltr'>J</span> <span class='ocrx_word' id='word_1_344' title='bbox 2149 1189 2223 1218; x_wconf 90' lang='lat' dir='ltr'>ulia-</span> 
     </span>
     <span class='ocr_line' id='line_1_73' title="bbox 1315 1237 2222 1278; baseline -0.001 -10"><span class='ocrx_word' id='word_1_345' title='bbox 1315 1249 1387 1268; x_wconf 91' lang='lat' dir='ltr'>num</span> <span class='ocrx_word' id='word_1_346' title='bbox 1403 1248 1507 1268; x_wconf 88' lang='lat' dir='ltr'>mense</span> <span class='ocrx_word' id='word_1_347' title='bbox 1514 1238 1612 1278; x_wconf 90' lang='lat' dir='ltr'>prime</span> <span class='ocrx_word' id='word_1_348' title='bbox 1627 1237 1842 1278; x_wconf 83' lang='lat' dir='ltr'>procuratorie</span> <span class='ocrx_word' id='word_1_349' title='bbox 1859 1238 2017 1276; x_wconf 85' lang='lat' dir='ltr'>exspirato</span> <span class='ocrx_word' id='word_1_350' title='bbox 2031 1247 2126 1278; x_wconf 86' lang='lat' dir='ltr'>super</span> <span class='ocrx_word' id='word_1_351' title='bbox 2141 1238 2222 1267; x_wconf 91' lang='lat' dir='ltr'>elec-</span> 
     </span>
     <span class='ocr_line' id='line_1_74' title="bbox 1314 1286 2223 1327; baseline -0.001 -10"><span class='ocrx_word' id='word_1_352' title='bbox 1314 1288 1397 1317; x_wconf 89' lang='lat' dir='ltr'>tione</span> <span class='ocrx_word' id='word_1_353' title='bbox 1415 1287 1638 1327; x_wconf 89' lang='lat' dir='ltr'>procuratoris,</span> <span class='ocrx_word' id='word_1_354' title='bbox 1657 1287 1854 1316; x_wconf 88' lang='lat' dir='ltr'>continuatus</span> <span class='ocrx_word' id='word_1_355' title='bbox 1876 1286 1932 1316; x_wconf 80' lang='lat' dir='ltr'>suit</span> <span class='ocrx_word' id='word_1_356' title='bbox 1946 1287 2104 1326; x_wconf 88' lang='lat' dir='ltr'>predictus</span> <span class='ocrx_word' id='word_1_357' title='bbox 2125 1287 2223 1327; x_wconf 85' lang='lat' dir='ltr'>magi-</span> 
     </span>
     <span class='ocr_line' id='line_1_75' title="bbox 1315 1336 1943 1366; baseline -0.002 0"><span class='ocrx_word' id='word_1_358' title='bbox 1315 1343 1379 1366; x_wconf 85' lang='lat' dir='ltr'>ster</span> <span class='ocrx_word' id='word_1_359' title='bbox 1389 1336 1586 1366; x_wconf 87' lang='lat' dir='ltr'>concorditer</span> <span class='ocrx_word' id='word_1_360' title='bbox 1601 1336 1686 1366; x_wconf 89' lang='lat' dir='ltr'>nullo</span> <span class='ocrx_word' id='word_1_361' title='bbox 1704 1336 1943 1365; x_wconf 79' lang='lat' dir='ltr'>contradicente.</span> 
     </span>
    </p>
   </div>
   <div class='ocr_carea' id='block_1_23' title="bbox 1719 1429 1816 1459">
    <p class='ocr_par' dir='ltr' id='par_1_29' title="bbox 1719 1429 1816 1459">
     <span class='ocr_line' id='line_1_76' title="bbox 1719 1429 1816 1459; baseline 0.021 -2"><span class='ocrx_word' id='word_1_362' title='bbox 1719 1429 1816 1459; x_wconf 78' lang='lat'><strong>1352</strong></span> 
     </span>
    </p>
   </div>
   <div class='ocr_carea' id='block_1_24' title="bbox 1317 1500 2221 1540">
    <p class='ocr_par' dir='ltr' id='par_1_30' title="bbox 1317 1500 2221 1540">
     <span class='ocr_line' id='line_1_77' title="bbox 1317 1500 2221 1540; baseline -0.001 -9"><span class='ocrx_word' id='word_1_363' title='bbox 1317 1501 1555 1540; x_wconf 86' lang='lat' dir='ltr'>[Procuratio</span> <span class='ocrx_word' id='word_1_364' title='bbox 1590 1500 1762 1540; x_wconf 86' lang='lat' dir='ltr'>magistri</span> <span class='ocrx_word' id='word_1_365' title='bbox 1800 1500 1955 1530; x_wconf 87' lang='lat' dir='ltr'>Henrici</span> <span class='ocrx_word' id='word_1_366' title='bbox 1991 1501 2034 1530; x_wconf 91' lang='lat' dir='ltr'>de</span> <span class='ocrx_word' id='word_1_367' title='bbox 2066 1500 2221 1539; x_wconf 89' lang='lat' dir='ltr'>Clivis.]</span> 
     </span>
    </p>
   </div>
   <div class='ocr_carea' id='block_1_25' title="bbox 1315 1582 2226 2803">
    <p class='ocr_par' dir='ltr' id='par_1_31' title="bbox 1315 1582 2225 1967">
     <span class='ocr_line' id='line_1_78' title="bbox 1354 1582 2224 1618; baseline -0.002 -4"><span class='ocrx_word' id='word_1_368' title='bbox 1354 1584 1446 1614; x_wconf 88' lang='lat' dir='ltr'>Anno</span> <span class='ocrx_word' id='word_1_369' title='bbox 1461 1583 1584 1613; x_wconf 92' lang='lat' dir='ltr'>Domini</span> <span class='ocrx_word' id='word_1_370' title='bbox 1600 1582 1804 1618; x_wconf 81' lang='lat' dir='ltr'>M⁰CCC⁰52⁰‚</span> <span class='ocrx_word' id='word_1_371' title='bbox 1820 1582 1850 1611; x_wconf 91' lang='lat' dir='ltr'>in</span> <span class='ocrx_word' id='word_1_372' title='bbox 1869 1582 2028 1612; x_wconf 80' lang='lat' dir='ltr'>crastino⁸</span> <span class='ocrx_word' id='word_1_373' title='bbox 2045 1583 2142 1613; x_wconf 88' lang='lat' dir='ltr'>sancti</span> <span class='ocrx_word' id='word_1_374' title='bbox 2160 1584 2224 1613; x_wconf 82' lang='lat' dir='ltr'>Fir-</span> 
     </span>
     <span class='ocr_line' id='line_1_79' title="bbox 1315 1631 2223 1672; baseline -0.001 -9"><span class='ocrx_word' id='word_1_375' title='bbox 1315 1633 1406 1669; x_wconf 89' lang='lat' dir='ltr'>mini,</span> <span class='ocrx_word' id='word_1_376' title='bbox 1429 1633 1506 1662; x_wconf 87' lang='lat' dir='ltr'>sacta</span> <span class='ocrx_word' id='word_1_377' title='bbox 1527 1632 1772 1672; x_wconf 88' lang='lat' dir='ltr'>congregacione</span> <span class='ocrx_word' id='word_1_378' title='bbox 1794 1631 1933 1662; x_wconf 90' lang='lat' dir='ltr'>nacionis</span> <span class='ocrx_word' id='word_1_379' title='bbox 1953 1631 2123 1672; x_wconf 87' lang='lat' dir='ltr'>Anglicane</span> <span class='ocrx_word' id='word_1_380' title='bbox 2142 1633 2223 1672; x_wconf 92' lang='lat' dir='ltr'>apud</span> 
     </span>
     <span class='ocr_line' id='line_1_80' title="bbox 1316 1681 2225 1722; baseline -0.002 -10"><span class='ocrx_word' id='word_1_381' title='bbox 1316 1682 1462 1713; x_wconf 87' lang='lat' dir='ltr'>Sanctum</span> <span class='ocrx_word' id='word_1_382' title='bbox 1486 1681 1639 1712; x_wconf 76' lang='lat' dir='ltr'>sulianum</span> <span class='ocrx_word' id='word_1_383' title='bbox 1663 1691 1831 1721; x_wconf 84' lang='lat' dir='ltr'>pauperem</span> <span class='ocrx_word' id='word_1_384' title='bbox 1853 1681 1996 1710; x_wconf 89' lang='lat' dir='ltr'>omnibus</span> <span class='ocrx_word' id='word_1_385' title='bbox 2019 1682 2177 1722; x_wconf 85' lang='lat' dir='ltr'>magistris</span> <span class='ocrx_word' id='word_1_386' title='bbox 2195 1688 2225 1711; x_wconf 90' lang='lat' dir='ltr'>et</span> 
     </span>
     <span class='ocr_line' id='line_1_81' title="bbox 1316 1730 2225 1772; baseline -0.001 -11"><span class='ocrx_word' id='word_1_387' title='bbox 1316 1731 1448 1772; x_wconf 88' lang='lat' dir='ltr'>singulis</span> <span class='ocrx_word' id='word_1_388' title='bbox 1464 1730 1601 1771; x_wconf 87' lang='lat' dir='ltr'>ejusdem</span> <span class='ocrx_word' id='word_1_389' title='bbox 1617 1730 1756 1760; x_wconf 84' lang='lat' dir='ltr'>nacionis</span> <span class='ocrx_word' id='word_1_390' title='bbox 1772 1730 1948 1759; x_wconf 83' lang='lat' dir='ltr'>convocatis</span> <span class='ocrx_word' id='word_1_391' title='bbox 1967 1740 2062 1770; x_wconf 86' lang='lat' dir='ltr'>super</span> <span class='ocrx_word' id='word_1_392' title='bbox 2074 1730 2225 1760; x_wconf 88' lang='lat' dir='ltr'>electione</span> 
     </span>
     <span class='ocr_line' id='line_1_82' title="bbox 1316 1779 2224 1820; baseline -0.001 -10"><span class='ocrx_word' id='word_1_393' title='bbox 1316 1780 1528 1820; x_wconf 87' lang='lat' dir='ltr'>procuratoris</span> <span class='ocrx_word' id='word_1_394' title='bbox 1552 1780 1700 1815; x_wconf 81' lang='lat' dir='ltr'>facienda,</span> <span class='ocrx_word' id='word_1_395' title='bbox 1726 1779 1843 1808; x_wconf 88' lang='lat' dir='ltr'>electus</span> <span class='ocrx_word' id='word_1_396' title='bbox 1863 1779 1918 1808; x_wconf 83' lang='lat' dir='ltr'>suit</span> <span class='ocrx_word' id='word_1_397' title='bbox 1938 1779 1969 1808; x_wconf 90' lang='lat' dir='ltr'>in</span> <span class='ocrx_word' id='word_1_398' title='bbox 1991 1786 2224 1819; x_wconf 89' lang='lat' dir='ltr'>procuratorem</span> 
     </span>
     <span class='ocr_line' id='line_1_83' title="bbox 1316 1828 2225 1871; baseline -0.002 -11"><span class='ocrx_word' id='word_1_399' title='bbox 1316 1829 1454 1871; x_wconf 88' lang='lat' dir='ltr'>ejusdem</span> <span class='ocrx_word' id='word_1_400' title='bbox 1474 1828 1614 1859; x_wconf 87' lang='lat' dir='ltr'>nacionis</span> <span class='ocrx_word' id='word_1_401' title='bbox 1634 1829 1781 1869; x_wconf 87' lang='lat' dir='ltr'>magister</span> <span class='ocrx_word' id='word_1_402' title='bbox 1797 1828 1952 1858; x_wconf 89' lang='lat' dir='ltr'>Henricus</span> <span class='ocrx_word' id='word_1_403' title='bbox 1974 1829 2012 1858; x_wconf 91' lang='lat' dir='ltr'>de</span> <span class='ocrx_word' id='word_1_404' title='bbox 2034 1828 2132 1858; x_wconf 86' lang='lat' dir='ltr'>Clivis</span> <span class='ocrx_word' id='word_1_405' title='bbox 2150 1838 2225 1858; x_wconf 88' lang='lat' dir='ltr'>con-</span> 
     </span>
     <span class='ocr_line' id='line_1_84' title="bbox 1316 1876 2225 1918; baseline -0.002 -9"><span class='ocrx_word' id='word_1_406' title='bbox 1316 1879 1453 1909; x_wconf 90' lang='lat' dir='ltr'>corditer</span> <span class='ocrx_word' id='word_1_407' title='bbox 1467 1879 1552 1908; x_wconf 90' lang='lat' dir='ltr'>nullo</span> <span class='ocrx_word' id='word_1_408' title='bbox 1568 1878 1691 1918; x_wconf 86' lang='lat' dir='ltr'>penitus</span> <span class='ocrx_word' id='word_1_409' title='bbox 1707 1878 1906 1912; x_wconf 82' lang='lat' dir='ltr'>reclamante,</span> <span class='ocrx_word' id='word_1_410' title='bbox 1924 1878 1955 1906; x_wconf 91' lang='lat' dir='ltr'>in</span> <span class='ocrx_word' id='word_1_411' title='bbox 1971 1876 2058 1918; x_wconf 87' lang='lat' dir='ltr'>cujus</span> <span class='ocrx_word' id='word_1_412' title='bbox 2074 1888 2225 1918; x_wconf 84' lang='lat' dir='ltr'>procura-</span> 
     </span>
     <span class='ocr_line' id='line_1_85' title="bbox 1316 1927 1970 1967; baseline -0.003 -9"><span class='ocrx_word' id='word_1_413' title='bbox 1316 1929 1416 1958; x_wconf 90' lang='lat' dir='ltr'>cionis</span> <span class='ocrx_word' id='word_1_414' title='bbox 1430 1927 1531 1957; x_wconf 84' lang='lat' dir='ltr'>officio</span> <span class='ocrx_word' id='word_1_415' title='bbox 1544 1934 1609 1957; x_wconf 83' lang='lat' dir='ltr'>acta</span> <span class='ocrx_word' id='word_1_416' title='bbox 1626 1933 1698 1957; x_wconf 89' lang='lat' dir='ltr'>sunt</span> <span class='ocrx_word' id='word_1_417' title='bbox 1712 1937 1772 1967; x_wconf 88' lang='lat' dir='ltr'>que</span> <span class='ocrx_word' id='word_1_418' title='bbox 1788 1933 1970 1966; x_wconf 86' lang='lat' dir='ltr'>sequuntur.</span> 
     </span>
    </p>

    <p class='ocr_par' dir='ltr' id='par_1_32' title="bbox 1316 1975 2226 2361">
     <span class='ocr_line' id='line_1_86' title="bbox 1357 1975 2225 2017; baseline -0.001 -10"><span class='ocrx_word' id='word_1_419' title='bbox 1357 1977 1392 2007; x_wconf 91' lang='lat' dir='ltr'>ln</span> <span class='ocrx_word' id='word_1_420' title='bbox 1417 1978 1537 2017; x_wconf 90' lang='lat' dir='ltr'>primis,</span> <span class='ocrx_word' id='word_1_421' title='bbox 1556 1977 1606 2006; x_wconf 88' lang='lat' dir='ltr'>die</span> <span class='ocrx_word' id='word_1_422' title='bbox 1625 1976 1722 2006; x_wconf 83' lang='lat' dir='ltr'>sancti</span> <span class='ocrx_word' id='word_1_423' title='bbox 1743 1976 1917 2006; x_wconf 83' lang='lat' dir='ltr'>Sebastiani</span> <span class='ocrx_word' id='word_1_424' title='bbox 1930 1975 1954 2011; x_wconf 80' lang='lat'>⁹,</span> <span class='ocrx_word' id='word_1_425' title='bbox 1975 1976 2050 2005; x_wconf 86' lang='lat' dir='ltr'>hora</span> <span class='ocrx_word' id='word_1_426' title='bbox 2065 1976 2225 2006; x_wconf 86' lang='lat' dir='ltr'>tertiarum</span> 
     </span>
     <span class='ocr_line' id='line_1_87' title="bbox 1316 2025 2225 2067; baseline -0.002 -11"><span class='ocrx_word' id='word_1_427' title='bbox 1316 2027 1394 2057; x_wconf 86' lang='lat' dir='ltr'>sacta</span> <span class='ocrx_word' id='word_1_428' title='bbox 1408 2026 1655 2067; x_wconf 88' lang='lat' dir='ltr'>congregacione</span> <span class='ocrx_word' id='word_1_429' title='bbox 1670 2025 1809 2055; x_wconf 88' lang='lat' dir='ltr'>nacionis</span> <span class='ocrx_word' id='word_1_430' title='bbox 1823 2035 1919 2065; x_wconf 89' lang='lat' dir='ltr'>super</span> <span class='ocrx_word' id='word_1_431' title='bbox 1931 2032 2074 2065; x_wconf 88' lang='lat' dir='ltr'>compotu</span> <span class='ocrx_word' id='word_1_432' title='bbox 2086 2026 2225 2065; x_wconf 85' lang='lat' dir='ltr'>magistri</span> 
     </span>
     <span class='ocr_line' id='line_1_88' title="bbox 1318 2074 2226 2115; baseline -0.003 -9"><span class='ocrx_word' id='word_1_433' title='bbox 1318 2076 1445 2106; x_wconf 86' lang='lat' dir='ltr'>Henrici</span> <span class='ocrx_word' id='word_1_434' title='bbox 1459 2076 1497 2105; x_wconf 93' lang='lat' dir='ltr'>de</span> <span class='ocrx_word' id='word_1_435' title='bbox 1510 2075 1616 2104; x_wconf 88' lang='lat' dir='ltr'>Minda</span> <span class='ocrx_word' id='word_1_436' title='bbox 1628 2074 1869 2115; x_wconf 87' lang='lat' dir='ltr'>vicereceptoris</span> <span class='ocrx_word' id='word_1_437' title='bbox 1883 2074 2023 2104; x_wconf 81' lang='lat' dir='ltr'>faciendo</span> <span class='ocrx_word' id='word_1_438' title='bbox 2036 2075 2117 2114; x_wconf 89' lang='lat' dir='ltr'>apud</span> <span class='ocrx_word' id='word_1_439' title='bbox 2132 2075 2226 2104; x_wconf 89' lang='lat' dir='ltr'>Sanc·</span> 
     </span>
     <span class='ocr_line' id='line_1_89' title="bbox 1317 2123 2226 2164; baseline -0.002 -9"><span class='ocrx_word' id='word_1_440' title='bbox 1317 2131 1379 2155; x_wconf 90' lang='lat' dir='ltr'>tum</span> <span class='ocrx_word' id='word_1_441' title='bbox 1391 2124 1590 2160; x_wconf 84' lang='lat' dir='ltr'>Maturinum‚</span> <span class='ocrx_word' id='word_1_442' title='bbox 1603 2123 1835 2164; x_wconf 90' lang='lat' dir='ltr'>computacione</span> <span class='ocrx_word' id='word_1_443' title='bbox 1847 2124 1983 2163; x_wconf 85' lang='lat' dir='ltr'>perfecta</span> <span class='ocrx_word' id='word_1_444' title='bbox 1997 2124 2034 2153; x_wconf 91' lang='lat' dir='ltr'>de</span> <span class='ocrx_word' id='word_1_445' title='bbox 2047 2124 2181 2163; x_wconf 87' lang='lat' dir='ltr'>receptis</span> <span class='ocrx_word' id='word_1_446' title='bbox 2197 2130 2226 2153; x_wconf 89' lang='lat' dir='ltr'>et</span> 
     </span>
     <span class='ocr_line' id='line_1_90' title="bbox 1316 2173 2225 2214; baseline -0.002 -10"><span class='ocrx_word' id='word_1_447' title='bbox 1316 2173 1468 2214; x_wconf 85' lang='lat' dir='ltr'>expositis</span> <span class='ocrx_word' id='word_1_448' title='bbox 1484 2174 1653 2210; x_wconf 81' lang='lat' dir='ltr'>defalcatis,</span> <span class='ocrx_word' id='word_1_449' title='bbox 1675 2173 1764 2203; x_wconf 85' lang='lat' dir='ltr'>nacio</span> <span class='ocrx_word' id='word_1_450' title='bbox 1784 2174 1945 2203; x_wconf 84' lang='lat' dir='ltr'>tenebatur</span> <span class='ocrx_word' id='word_1_451' title='bbox 1960 2173 2058 2202; x_wconf 88' lang='lat' dir='ltr'>eidem</span> <span class='ocrx_word' id='word_1_452' title='bbox 2077 2173 2225 2213; x_wconf 89' lang='lat' dir='ltr'>magistro</span> 
     </span>
     <span class='ocr_line' id='line_1_91' title="bbox 1317 2222 2225 2263; baseline -0.002 -10"><span class='ocrx_word' id='word_1_453' title='bbox 1317 2223 1454 2254; x_wconf 85' lang='lat' dir='ltr'>Henrico</span> <span class='ocrx_word' id='word_1_454' title='bbox 1473 2223 1503 2253; x_wconf 91' lang='lat' dir='ltr'>in</span> <span class='ocrx_word' id='word_1_455' title='bbox 1521 2229 1652 2263; x_wconf 85' lang='lat' dir='ltr'>quatuor</span> <span class='ocrx_word' id='word_1_456' title='bbox 1664 2222 1771 2258; x_wconf 84' lang='lat' dir='ltr'>scutis,</span> <span class='ocrx_word' id='word_1_457' title='bbox 1791 2222 1927 2262; x_wconf 84' lang='lat' dir='ltr'>acceptis</span> <span class='ocrx_word' id='word_1_458' title='bbox 1946 2222 2059 2261; x_wconf 90' lang='lat' dir='ltr'>quibus</span> <span class='ocrx_word' id='word_1_459' title='bbox 2072 2222 2225 2251; x_wconf 86' lang='lat' dir='ltr'>damlitte-</span> 
     </span>
     <span class='ocr_line' id='line_1_92' title="bbox 1316 2271 2225 2313; baseline -0.002 -11"><span class='ocrx_word' id='word_1_460' title='bbox 1316 2274 1361 2302; x_wconf 90' lang='lat' dir='ltr'>ris</span> <span class='ocrx_word' id='word_1_461' title='bbox 1376 2272 1583 2313; x_wconf 85' lang='lat' dir='ltr'>obligatoriis,</span> <span class='ocrx_word' id='word_1_462' title='bbox 1599 2272 1711 2312; x_wconf 89' lang='lat' dir='ltr'>quibus</span> <span class='ocrx_word' id='word_1_463' title='bbox 1727 2271 1826 2301; x_wconf 86' lang='lat' dir='ltr'>adhuc</span> <span class='ocrx_word' id='word_1_464' title='bbox 1841 2271 1936 2311; x_wconf 89' lang='lat' dir='ltr'>aliqui</span> <span class='ocrx_word' id='word_1_465' title='bbox 1953 2271 2090 2311; x_wconf 83' lang='lat' dir='ltr'>predicte</span> <span class='ocrx_word' id='word_1_466' title='bbox 2104 2271 2225 2300; x_wconf 88' lang='lat' dir='ltr'>nacioni</span> 
     </span>
     <span class='ocr_line' id='line_1_93' title="bbox 1316 2322 1634 2361; baseline -0.003 -10"><span class='ocrx_word' id='word_1_467' title='bbox 1316 2322 1429 2351; x_wconf 87' lang='lat' dir='ltr'>debitis</span> <span class='ocrx_word' id='word_1_468' title='bbox 1445 2322 1634 2361; x_wconf 86' lang='lat' dir='ltr'>obligantur.</span> 
     </span>
    </p>

    <p class='ocr_par' dir='ltr' id='par_1_33' title="bbox 1316 2369 2226 2549">
     <span class='ocr_line' id='line_1_94' title="bbox 1358 2369 2224 2411; baseline -0.002 -11"><span class='ocrx_word' id='word_1_469' title='bbox 1358 2371 1477 2411; x_wconf 90' lang='lat' dir='ltr'>lncepit</span> <span class='ocrx_word' id='word_1_470' title='bbox 1494 2371 1603 2400; x_wconf 91' lang='lat' dir='ltr'>eodem</span> <span class='ocrx_word' id='word_1_471' title='bbox 1620 2377 1758 2410; x_wconf 86' lang='lat' dir='ltr'>tempore</span> <span class='ocrx_word' id='word_1_472' title='bbox 1773 2370 1917 2399; x_wconf 89' lang='lat' dir='ltr'>dominus</span> <span class='ocrx_word' id='word_1_473' title='bbox 1932 2369 2066 2399; x_wconf 87' lang='lat' dir='ltr'>Thomas</span> <span class='ocrx_word' id='word_1_474' title='bbox 2080 2370 2117 2398; x_wconf 89' lang='lat' dir='ltr'>de</span> <span class='ocrx_word' id='word_1_475' title='bbox 2136 2370 2224 2399; x_wconf 85' lang='lat' dir='ltr'>Duns</span> 
     </span>
     <span class='ocr_line' id='line_1_95' title="bbox 1317 2418 2226 2460; baseline -0.003 -10"><span class='ocrx_word' id='word_1_476' title='bbox 1317 2421 1375 2450; x_wconf 86' lang='lat' dir='ltr'>sub</span> <span class='ocrx_word' id='word_1_477' title='bbox 1396 2420 1546 2460; x_wconf 85' lang='lat' dir='ltr'>magistro</span> <span class='ocrx_word' id='word_1_478' title='bbox 1564 2419 1690 2449; x_wconf 80' lang='lat' dir='ltr'>Galtero</span> <span class='ocrx_word' id='word_1_479' title='bbox 1708 2418 1944 2458; x_wconf 70' lang='lat' dir='ltr'>Wardehywe,</span> <span class='ocrx_word' id='word_1_480' title='bbox 1966 2429 2027 2458; x_wconf 91' lang='lat' dir='ltr'>quo</span> <span class='ocrx_word' id='word_1_481' title='bbox 2061 2418 2149 2448; x_wconf 83' lang='lat' dir='ltr'>nacio</span> <span class='ocrx_word' id='word_1_482' title='bbox 2177 2419 2226 2448; x_wconf 90' lang='lat' dir='ltr'>di-</span> 
     </span>
     <span class='ocr_line' id='line_1_96' title="bbox 1316 2467 2225 2509; baseline -0.003 -10"><span class='ocrx_word' id='word_1_483' title='bbox 1316 2469 1476 2509; x_wconf 89' lang='lat' dir='ltr'>spensavit</span> <span class='ocrx_word' id='word_1_484' title='bbox 1486 2468 1517 2498; x_wconf 90' lang='lat' dir='ltr'>in</span> <span class='ocrx_word' id='word_1_485' title='bbox 1533 2468 1692 2498; x_wconf 89' lang='lat' dir='ltr'>solvendis</span> <span class='ocrx_word' id='word_1_486' title='bbox 1701 2491 1708 2503; x_wconf 85' lang='grc'>,</span> <span class='ocrx_word' id='word_1_487' title='bbox 1721 2468 1859 2507; x_wconf 87' lang='lat' dir='ltr'>exceptis</span> <span class='ocrx_word' id='word_1_488' title='bbox 1874 2467 1972 2497; x_wconf 88' lang='lat' dir='ltr'>XXXI</span> <span class='ocrx_word' id='word_1_489' title='bbox 1984 2467 2092 2497; x_wconf 86' lang='lat' dir='ltr'>solidis</span> <span class='ocrx_word' id='word_1_490' title='bbox 2106 2468 2143 2497; x_wconf 88' lang='lat' dir='ltr'>de</span> <span class='ocrx_word' id='word_1_491' title='bbox 2155 2468 2225 2508; x_wconf 89' lang='lat' dir='ltr'>qui—</span> 
     </span>
     <span class='ocr_line' id='line_1_97' title="bbox 1316 2517 1961 2549; baseline -0.005 -1"><span class='ocrx_word' id='word_1_492' title='bbox 1316 2519 1375 2549; x_wconf 86' lang='lat' dir='ltr'>bus</span> <span class='ocrx_word' id='word_1_493' title='bbox 1392 2518 1570 2548; x_wconf 85' lang='lat' dir='ltr'>solvebatur</span> <span class='ocrx_word' id='word_1_494' title='bbox 1584 2517 1697 2547; x_wconf 91' lang='lat' dir='ltr'>rectori</span> <span class='ocrx_word' id='word_1_495' title='bbox 1713 2523 1742 2547; x_wconf 89' lang='lat' dir='ltr'>et</span> <span class='ocrx_word' id='word_1_496' title='bbox 1756 2517 1887 2546; x_wconf 86' lang='lat' dir='ltr'>bedellis</span> <span class='ocrx_word' id='word_1_497' title='bbox 1904 2523 1961 2546; x_wconf 92' lang='lat' dir='ltr'>etc.</span> 
     </span>
    </p>

    <p class='ocr_par' dir='ltr' id='par_1_34' title="bbox 1315 2565 2224 2803">
     <span class='ocr_line' id='line_1_98' title="bbox 1357 2565 2224 2607; baseline -0.002 -10"><span class='ocrx_word' id='word_1_498' title='bbox 1357 2567 1432 2597; x_wconf 91' lang='lat' dir='ltr'>ltem</span> <span class='ocrx_word' id='word_1_499' title='bbox 1455 2567 1571 2607; x_wconf 88' lang='lat' dir='ltr'>incepit</span> <span class='ocrx_word' id='word_1_500' title='bbox 1587 2567 1730 2597; x_wconf 89' lang='lat' dir='ltr'>dominus</span> <span class='ocrx_word' id='word_1_501' title='bbox 1748 2566 1905 2596; x_wconf 85' lang='lat' dir='ltr'>Johannes</span> <span class='ocrx_word' id='word_1_502' title='bbox 1929 2566 1966 2594; x_wconf 86' lang='lat' dir='ltr'>de</span> <span class='ocrx_word' id='word_1_503' title='bbox 1985 2565 2092 2595; x_wconf 87' lang='lat' dir='ltr'>Peblis</span> <span class='ocrx_word' id='word_1_504' title='bbox 2114 2565 2224 2595; x_wconf 75' lang='lat' dir='ltr'>scotus</span> 
     </span>
     <span class='ocr_line' id='line_1_99' title="bbox 1316 2613 2223 2657; baseline -0.003 -11"><span class='ocrx_word' id='word_1_505' title='bbox 1316 2618 1374 2647; x_wconf 85' lang='lat' dir='ltr'>sub</span> <span class='ocrx_word' id='word_1_506' title='bbox 1397 2617 1546 2657; x_wconf 85' lang='lat' dir='ltr'>magistro</span> <span class='ocrx_word' id='word_1_507' title='bbox 1564 2616 1690 2646; x_wconf 89' lang='lat' dir='ltr'>Galtero</span> <span class='ocrx_word' id='word_1_508' title='bbox 1708 2615 1943 2654; x_wconf 83' lang='lat' dir='ltr'>Wardelaywe,</span> <span class='ocrx_word' id='word_1_509' title='bbox 1971 2613 2057 2654; x_wconf 88' lang='lat' dir='ltr'>cujus</span> <span class='ocrx_word' id='word_1_510' title='bbox 2082 2615 2175 2644; x_wconf 88' lang='lat' dir='ltr'>bursa</span> <span class='ocrx_word' id='word_1_511' title='bbox 2197 2614 2223 2644; x_wconf 91' lang='lat'>11</span> 
     </span>
     <span class='ocr_line' id='line_1_100' title="bbox 1316 2663 2222 2704; baseline -0.004 -8"><span class='ocrx_word' id='word_1_512' title='bbox 1316 2666 1421 2702; x_wconf 87' lang='lat' dir='ltr'>solidi,</span> <span class='ocrx_word' id='word_1_513' title='bbox 1438 2666 1488 2696; x_wconf 91' lang='lat' dir='ltr'>cui</span> <span class='ocrx_word' id='word_1_514' title='bbox 1508 2665 1596 2695; x_wconf 89' lang='lat' dir='ltr'>nacio</span> <span class='ocrx_word' id='word_1_515' title='bbox 1618 2665 1695 2695; x_wconf 86' lang='lat' dir='ltr'>facta</span> <span class='ocrx_word' id='word_1_516' title='bbox 1711 2664 1958 2704; x_wconf 87' lang='lat' dir='ltr'>congregacione</span> <span class='ocrx_word' id='word_1_517' title='bbox 1979 2664 2059 2703; x_wconf 88' lang='lat' dir='ltr'>apud</span> <span class='ocrx_word' id='word_1_518' title='bbox 2079 2663 2222 2692; x_wconf 84' lang='lat' dir='ltr'>Sanctum</span> 
     </span>
     <span class='ocr_line' id='line_1_101' title="bbox 1315 2713 2223 2752; baseline -0.003 -7"><span class='ocrx_word' id='word_1_519' title='bbox 1315 2715 1503 2745; x_wconf 85' lang='lat' dir='ltr'>Maturinum</span> <span class='ocrx_word' id='word_1_520' title='bbox 1531 2714 1694 2744; x_wconf 89' lang='lat' dir='ltr'>terminum</span> <span class='ocrx_word' id='word_1_521' title='bbox 1719 2713 1889 2743; x_wconf 89' lang='lat' dir='ltr'>solucionis</span> <span class='ocrx_word' id='word_1_522' title='bbox 1916 2723 2015 2752; x_wconf 89' lang='lat' dir='ltr'>usque</span> <span class='ocrx_word' id='word_1_523' title='bbox 2047 2713 2084 2742; x_wconf 87' lang='lat' dir='ltr'>ad</span> <span class='ocrx_word' id='word_1_524' title='bbox 2115 2713 2223 2742; x_wconf 79' lang='lat' dir='ltr'>festum</span> 
     </span>
     <span class='ocr_line' id='line_1_102' title="bbox 1317 2762 1831 2803; baseline -0.006 -9"><span class='ocrx_word' id='word_1_525' title='bbox 1317 2764 1435 2795; x_wconf 86' lang='lat' dir='ltr'>Pasche</span> <span class='ocrx_word' id='word_1_526' title='bbox 1454 2764 1605 2794; x_wconf 79' lang='lat' dir='ltr'>inclusive</span> <span class='ocrx_word' id='word_1_527' title='bbox 1621 2762 1831 2803; x_wconf 82' lang='lat' dir='ltr'>prolongavit.</span> 
     </span>
    </p>
   </div>
   <div class='ocr_carea' id='block_1_26' title="bbox 1345 2816 1966 2949">
    <p class='ocr_par' dir='ltr' id='par_1_35' title="bbox 1345 2816 1605 2842">
     <span class='ocr_line' id='line_1_103' title="bbox 1345 2816 1605 2842; baseline -0.012 0"><span class='ocrx_word' id='word_1_528' title='bbox 1345 2819 1369 2842; x_wconf 80' lang='lat'>6.</span> <span class='ocrx_word' id='word_1_529' title='bbox 1403 2817 1433 2841; x_wconf 77' lang='lat'>19</span> <span class='ocrx_word' id='word_1_530' title='bbox 1447 2816 1605 2840; x_wconf 66' lang='lat' dir='ltr'>Nouembric.</span> 
     </span>
    </p>

    <p class='ocr_par' dir='ltr' id='par_1_36' title="bbox 1346 2850 1966 2913">
     <span class='ocr_line' id='line_1_104' title="bbox 1346 2850 1966 2885; baseline -0.006 -8"><span class='ocrx_word' id='word_1_531' title='bbox 1346 2854 1369 2877; x_wconf 90' lang='grc'>7.</span> <span class='ocrx_word' id='word_1_532' title='bbox 1400 2854 1519 2877; x_wconf 69' lang='lat' dir='ltr'>Fortem</span> <span class='ocrx_word' id='word_1_533' title='bbox 1535 2851 1586 2885; x_wconf 72' lang='lat' dir='ltr'>legi</span> <span class='ocrx_word' id='word_1_534' title='bbox 1597 2851 1672 2875; x_wconf 75' lang='lat' dir='ltr'>debet</span> <span class='ocrx_word' id='word_1_535' title='bbox 1685 2851 1825 2875; x_wconf 74' lang='lat' dir='ltr'>Catherine</span> <span class='ocrx_word' id='word_1_536' title='bbox 1838 2850 1878 2883; x_wconf 82' lang='lat'>(25</span> <span class='ocrx_word' id='word_1_537' title='bbox 1891 2850 1966 2882; x_wconf 66' lang='lat' dir='ltr'>Nou.)</span> 
     </span>
     <span class='ocr_line' id='line_1_105' title="bbox 1346 2887 1578 2913; baseline -0.009 0"><span class='ocrx_word' id='word_1_538' title='bbox 1346 2890 1369 2913; x_wconf 79' lang='lat'>8.</span> <span class='ocrx_word' id='word_1_539' title='bbox 1404 2889 1433 2912; x_wconf 80' lang='lat'>12</span> <span class='ocrx_word' id='word_1_540' title='bbox 1447 2887 1578 2912; x_wconf 73' lang='lat' dir='ltr'>Januarii.</span> 
     </span>
    </p>

    <p class='ocr_par' dir='ltr' id='par_1_37' title="bbox 1345 2923 1576 2949">
     <span class='ocr_line' id='line_1_106' title="bbox 1345 2923 1576 2949; baseline -0.009 0"><span class='ocrx_word' id='word_1_541' title='bbox 1345 2927 1370 2949; x_wconf 79' lang='lat'>9.</span> <span class='ocrx_word' id='word_1_542' title='bbox 1403 2925 1434 2948; x_wconf 84' lang='lat'>20</span> <span class='ocrx_word' id='word_1_543' title='bbox 1445 2923 1576 2948; x_wconf 72' lang='lat' dir='ltr'>Ianuarii.</span> 
     </span>
    </p>
   </div>
  </div>
 </body>
</html>
