2632 3464
394 427 443 451 811

392 503 579 542 Galencoep,
593 502 714 531 nemine
727 503 967 533 contradicente.
977 503 1139 533 Secundus
1149 504 1297 534 articulus

392 554 447 583 suit
465 564 559 593 super
576 553 862 593 supplicacionibus
879 561 910 584 et
929 554 1062 594 injuriis.
1080 555 1120 584 Et
1139 556 1298 595 supplica-

390 603 435 632 vit
450 609 632 642 procurator
646 604 818 642 precedens
831 610 863 632 ut
878 604 908 632 in
921 604 998 633 actis
1013 614 1071 643 per
1085 614 1153 633 eum
1167 604 1298 634 habere-

390 658 442 681 tur
467 658 574 691 gratus
596 658 626 681 et
650 653 927 682 recommendatus.
955 652 1051 692 Cujus
1074 653 1297 692 supplicacioni

391 701 498 730 annuit
521 701 621 730 nacio.
648 701 838 740 Supplicavit
858 701 953 730 eciam
971 702 1119 741 magister
1141 702 1297 733 Johannes

392 751 429 779 de
449 751 562 786 Zande,
586 750 661 779 alias
684 751 721 779 de
743 750 891 790 Campen,
909 752 992 789 quod
1010 761 1047 779 ex
1070 761 1131 790 quo
1150 752 1298 790 magister

391 799 523 838 Egidius
541 800 578 828 de
597 799 713 828 Jutfaes
729 799 778 838 pie
797 800 943 828 memorie
964 806 1161 829 concesserat
1175 800 1297 829 nacioni

390 849 445 878 XV
462 858 604 883 coronas,
626 858 684 887 pro
704 848 816 887 quibus
841 848 989 887 magister
1008 848 1139 888 Egidius
1161 849 1296 887 prefatus

391 904 538 937 posuerat
561 907 652 926 unum
675 897 788 926 librum
812 897 843 925 in
867 897 993 936 pignus,
1017 897 1104 926 nacio
1127 897 1220 926 vellet
1245 908 1297 926 re-

392 947 546 986 spondere
565 946 781 975 executoribus
802 945 933 984 predicti
951 946 1091 985 magistri
1112 946 1216 985 Egidii
1238 957 1297 985 pro

390 996 452 1025 illis
468 995 607 1034 pecuniis
624 996 661 1023 de
679 995 788 1034 primis
799 994 940 1034 pecuniis
951 994 1150 1033 proventuris
1161 995 1294 1025 nacioni.

392 1044 487 1084 Cujus
499 1044 721 1083 supplicacioni
734 1044 852 1073 favebat
862 1043 960 1078 nacio,
971 1044 1136 1073 dummodo
1147 1054 1198 1073 res
1207 1044 1252 1073 sic
1263 1054 1297 1074 se

390 1094 549 1128 haberent,
571 1093 651 1122 sicut
669 1092 811 1132 allegavit
830 1093 989 1131 predictus
1010 1093 1158 1132 magister
1180 1093 1297 1122 Johan-

391 1153 458 1172 nes.

430 1192 547 1221 Indieta
573 1190 817 1230 congregacione
839 1191 978 1220 nacionis
1000 1201 1079 1219 anno
1103 1201 1164 1230 quo
1189 1201 1294 1231 supra,

389 1242 438 1270 die
454 1248 560 1270 octava
577 1240 692 1269 mensis
708 1239 838 1278 Aprilis,
855 1241 936 1278 apud
951 1239 1095 1268 Sanctum
1108 1239 1294 1269 Maturinum

388 1297 457 1320 ante
472 1289 636 1330 prandium
656 1290 693 1317 ad
713 1289 955 1327 dispensandum
976 1295 1006 1318 et
1025 1298 1121 1328 super
1136 1289 1295 1329 supplica-

387 1339 527 1368 cionibus
544 1345 574 1367 et
588 1337 722 1377 injuriis,
736 1337 821 1367 venit
835 1338 873 1366 ad
886 1338 1046 1367 nacionem
1063 1338 1243 1368 Leonardus
1256 1339 1294 1368 de

387 1388 541 1427 Laybach‚
559 1394 588 1416 et
603 1388 724 1416 dicebat
741 1397 774 1416 se
791 1397 853 1415 non
870 1387 950 1416 scire
969 1388 1092 1416 modum
1110 1387 1249 1416 nacionis
1265 1394 1295 1417 et

386 1438 481 1478 igitur
496 1436 692 1476 supplicavit,
710 1442 742 1465 ut
761 1436 821 1465 sibi
837 1435 925 1465 nacio
939 1436 1015 1465 velit
1033 1446 1162 1475 parcere
1180 1443 1210 1466 et
1224 1447 1293 1466 eum

386 1487 545 1516 admittere
560 1487 596 1514 ad
613 1485 882 1515 determinanciam
897 1485 1065 1514 secundum
1078 1486 1201 1514 modum
1217 1495 1293 1514 con-

386 1543 515 1566 suetum.
536 1535 575 1564 Et
588 1535 645 1564 hoc
661 1534 816 1563 concessit
831 1534 930 1563 nacio.

426 1585 499 1614 ltem
524 1590 711 1623 congregata
736 1583 864 1612 nacione
886 1583 936 1612 die
961 1589 1109 1622 sequente
1129 1583 1160 1612 in
1185 1585 1292 1613 eodem

384 1635 452 1664 loco
465 1633 553 1673 juxta
573 1633 678 1662 horam
703 1642 814 1661 nonam
834 1632 918 1661 venit
942 1633 979 1660 ad
999 1633 1159 1661 nacionem
1178 1633 1291 1672 Hugho

384 1685 422 1713 de
439 1683 576 1717 Arbona‚
595 1689 624 1711 et
645 1681 831 1721 supplicavit
845 1687 878 1710 ut
897 1681 985 1710 nacio
1004 1682 1077 1711 velit
1095 1692 1162 1711 eum
1180 1682 1291 1711 admit-

382 1739 448 1762 tere
461 1733 498 1761 ad
510 1731 674 1770 jurandum
693 1737 837 1760 statutum
854 1730 1043 1769 paupertatis
1058 1741 1116 1769 pro
1132 1731 1290 1760 subdeter-

383 1781 544 1810 minancia.
571 1781 661 1818 Quod
683 1786 713 1809 et
734 1780 845 1809 factum
869 1786 926 1809 est.
948 1779 988 1808 Et
1006 1778 1124 1818 juravit
1146 1786 1290 1809 statutum

382 1830 571 1870 paupertatis
590 1839 691 1858 coram
708 1829 876 1868 magistris.

424 1880 513 1908 Facta
529 1878 773 1918 congregacione
785 1877 924 1907 nacionis
940 1878 1021 1917 apud
1035 1877 1178 1906 Sanctum
1193 1878 1290 1907 Matu-

382 1930 481 1958 rinum
506 1938 585 1957 anno
614 1938 675 1967 quo
702 1937 806 1966 supra,
830 1926 935 1956 XXV¹²
957 1927 1006 1955 die
1030 1927 1145 1955 mensis
1170 1926 1289 1966 Aprilis

381 1978 457 2007 hora
476 1979 522 2007 8vu
541 1987 635 2016 super
653 1977 774 2005 duobus
794 1976 944 2005 articulis.
967 1976 1091 2004 Primus
1110 1976 1149 2004 ad
1170 1976 1289 2005 delibe-

381 2028 509 2056 randum
541 2037 578 2055 an
606 2026 695 2055 litera
726 2035 874 2054 concessa
903 2024 1105 2054 Universitati
1133 2035 1171 2053 ex
1201 2032 1288 2064 parte

380 2076 465 2115 regis
476 2076 613 2115 placeret
625 2074 674 2104 vel
690 2084 762 2103 non.
779 2074 819 2103 Et
831 2074 1014 2103 deliberavit
1029 2073 1118 2102 nacio
1132 2074 1215 2112 quod
1230 2074 1285 2103 sic.

381 2125 541 2154 Secundus
563 2123 710 2152 articulus
738 2123 793 2152 fuit
820 2133 915 2162 super
945 2122 1230 2162 supplicacionibus
1259 2130 1288 2152 et

380 2173 513 2213 injuriis.
532 2172 571 2202 Et
593 2172 756 2211 requisivit
773 2172 916 2200 dominus
940 2178 1084 2210 receptor
1105 2178 1287 2210 procurato-

379 2233 443 2252 rem
459 2229 492 2251 ut
509 2223 621 2251 faceret
638 2221 913 2260 congregacionem
930 2221 1080 2255 nacionis,
1095 2220 1126 2249 in
1142 2231 1201 2260 qua
1216 2231 1287 2260 pos-

380 2279 427 2301 set
441 2277 619 2311 computare
634 2271 665 2299 in
680 2270 771 2309 plena
790 2270 929 2298 nacione.

420 2321 493 2350 Item
508 2319 782 2349 subdeterminavit
796 2319 908 2348 Petrus
919 2319 957 2347 de
974 2319 1052 2347 Gota
1070 2319 1127 2347 sub
1138 2319 1286 2358 magistro

379 2370 518 2399 Gerardo
532 2370 568 2398 de
579 2369 669 2403 Eten‚
683 2369 739 2397 sub
754 2367 1163 2407 principalideterminatore
1173 2368 1285 2397 Nicho-

378 2419 426 2447 lao
445 2418 655 2452 Possessoris,
673 2416 759 2456 cujus
772 2418 866 2446 bursa
878 2416 983 2445 nichil:

421 2468 493 2497 ltem
519 2466 793 2496 subdeterminavit
814 2466 1009 2494 Bernaerdus
1032 2465 1205 2494 Kfielnaer'
1227 2467 1284 2495 sub

379 2517 525 2555 magistro
556 2515 691 2545 Henrico
720 2516 757 2543 de
793 2514 1000 2543 Ghorinchem
1035 2515 1091 2543 sub
1118 2514 1282 2554 principali

378 2566 613 2594 determinatore
630 2564 827 2594 Coenraerdo
845 2564 882 2591 de
906 2559 1005 2598 Drie1‚
1023 2561 1109 2601 cujus
1125 2564 1220 2592 bursa
1235 2563 1285 2592 ni-

379 2614 449 2642 chil.

418 2668 491 2696 Item
512 2666 786 2696 subdeterminavit
804 2665 969 2694 Aelbertus
994 2665 1283 2704 Munodruchingen

378 2717 434 2744 sub
462 2717 609 2755 magistro
636 2715 775 2745 Johanne
800 2715 837 2743 de
862 2714 1013 2749 Boutbur‚
1036 2715 1093 2742 sub
1118 2714 1282 2752 principali

376 2765 613 2794 determinatore
631 2764 769 2793 Johanne
794 2763 992 2798 Ghoberstat,
1010 2761 1096 2802 cujus
1119 2763 1213 2791 bursa
1233 2762 1282 2791 ni-

376 2813 448 2842 chil.

407 2929 429 2951 1.
464 2929 535 2959 Infra
548 2928 668 2951 scribitur
679 2928 782 2951 Kolner.

407 2964 429 2987 2.
461 2964 525 2986 Acta
539 2963 613 2995 liujus
623 2963 818 2994 procuratoriae
836 2963 868 2986 ab
886 2962 938 2986 alio
956 2970 988 2985 ac
1004 2961 1120 2985 Iohanne
1137 2961 1169 2985 de
1185 2961 1279 2985 Galen-

916 435 918 437 ·
937 427 1161 454 AUCTARIUM
1181 428 1440 456 CHARTULARII
1458 429 1631 457 UNIVERS.
1654 430 1772 457 PARIS.

1335 951 1368 976 10

1334 1196 1367 1222 15

1331 1442 1364 1468 20

1328 1688 1362 1714 25

1327 1934 1360 1959 30

1325 2179 1358 2205 35

1323 2424 1356 2450 40

1321 2670 1354 2696 45

2260 435 2316 461 812

1446 506 1521 535 Item
1553 507 1767 538 determinavit
1798 508 1979 538 Leonardus
2007 510 2045 539 de
2075 509 2218 550 Laybach
2253 511 2315 541 sub

1406 555 1555 594 magistro
1573 556 1709 586 Henrico
1731 558 1768 586 de
1788 557 2008 594 Ghorinchem‚
2023 557 2111 599 cujus
2133 560 2227 589 bursa
2241 560 2310 591 XVI

1406 604 1536 634 denarii.

1446 653 1521 682 Item
1539 654 1753 684 determinavit
1772 655 1863 695 Hugo
1883 656 1920 685 de
1937 655 2065 686 Arboua
2086 658 2143 687 sub
2164 658 2316 698 magistro

1407 701 1583 732 Hermanno
1597 704 1634 733 de
1648 704 1809 743 Eshnghe,
1823 705 1880 734 sub
1894 705 2060 745 principali
2074 707 2316 737 determinatore

1407 750 1554 781 Heinrico
1570 753 1607 781 de
1624 753 1806 788 Dintheren,
1824 753 1911 793 cujus
1926 755 2021 783 bursa
2035 755 2142 785 nichil.

1447 800 1566 840 lncepit
1584 802 1726 831 dominus
1748 802 1904 832 Johannes
1922 803 2064 832 Eluwald
2085 804 2143 833 sub
2161 805 2314 844 magistro

1405 848 1546 879 Arnoldo
1557 850 1698 886 Wtwiic‚
1716 850 1803 891 cujus
1821 852 1915 881 bursa
1929 851 1969 881 Vl
1986 852 2089 881 solidi.

1818 945 1914 974 1400

1446 1012 1518 1052 (Fal.
1534 1016 1581 1053 54)
1612 1014 1790 1054 Sequitur
1820 1017 2058 1047 continuacio
2089 1017 2268 1057 ejusdem.

1447 1092 1587 1122 Indicta²
1611 1095 1856 1134 congregacione
1885 1097 2024 1126 nacionis
2055 1098 2135 1136 apud
2164 1098 2308 1128 Sanctum

1405 1141 1592 1171 Maturinum
1612 1153 1692 1172 anno
1712 1143 1837 1173 Domini
1853 1145 2015 1174 millesimo
2037 1147 2312 1187 quadringentesi—

1404 1200 1465 1226 mo,
1487 1198 1595 1230 quarta
1611 1192 1661 1221 die
1682 1191 1766 1232 Maij,
1786 1192 1862 1222 hora
1881 1200 1987 1223 octava
2004 1205 2099 1234 super
2115 1196 2215 1226 tribus
2234 1197 2314 1226 arti-

1405 1240 1493 1269 culis.
1511 1240 1634 1270 Primus
1649 1241 1687 1270 ad
1701 1242 1876 1281 eligendum
1890 1253 2002 1272 novum
2014 1250 2247 1282 procuratorem
2260 1245 2310 1275 vel
2340 1258 2343 1260 ·

1403 1290 1441 1318 ad
1455 1289 1696 1319 continuandum
1714 1297 1771 1320 etc.
1789 1291 1950 1321 Secundus
1965 1293 2004 1321 ad
2021 1293 2205 1322 audiendum
2224 1304 2313 1323 com-

1403 1344 1508 1376 potum
1524 1339 1707 1378 recepturis.
1722 1339 1851 1370 Tereius
1870 1350 1965 1379 super
1981 1341 2264 1380 supplicacionibus
2279 1349 2311 1372 et

1402 1385 1535 1426 injuriis.
1557 1387 1658 1428 Super
1676 1389 1778 1428 primo
1794 1389 1989 1419 continuatus
2011 1396 2058 1419 est
2079 1390 2110 1419 in
2126 1398 2309 1430 procurato-

1402 1446 1466 1465 rem
1490 1436 1647 1467 Johannes
1666 1437 1852 1478 Galencoep.
1878 1438 1979 1478 Super
1997 1439 2028 1467 2⁰
2047 1439 2176 1469 articulo
2199 1440 2306 1476 nichil,

1402 1485 1475 1524 quia
1492 1492 1636 1525 receptor
1655 1497 1716 1515 non
1735 1493 1799 1516 erat
1816 1497 1957 1526 presens.
1975 1488 2022 1517 De
2037 1489 2069 1517 3⁰
2087 1487 2216 1518 articulo
2231 1499 2313 1529 sup·

1402 1534 1527 1573 plicavit
1538 1542 1722 1574 procurator
1735 1537 1919 1575 precedens,
1931 1543 1963 1566 ut
1978 1537 2009 1565 in
2029 1537 2105 1566 actis
2121 1547 2178 1576 per
2192 1547 2259 1567 eum
2274 1538 2307 1568 in

1402 1593 1456 1613 sua
1477 1584 1690 1623 procuratoria
1711 1584 1877 1614 haberetur
1897 1592 2004 1625 gratus
2023 1592 2053 1615 et
2075 1587 2312 1616 recommenda—

1400 1638 1461 1662 tus.
1477 1632 1573 1673 Cujus
1589 1633 1813 1673 supplicacioni
1831 1635 1951 1664 favebat
1965 1635 2063 1664 nacio.

1441 1681 1532 1711 Facta
1545 1683 1790 1722 congregacione
1800 1683 1939 1713 nacionis
1952 1685 2033 1723 apud
2049 1684 2193 1714 Sanctum
2206 1684 2311 1714 Matu-
2333 1706 2336 1709 -

1399 1731 1500 1760 rinum
1518 1741 1598 1761 anno
1614 1741 1675 1771 quo
1691 1742 1796 1771 supra,
1821 1738 1906 1762 sexta
1927 1733 1976 1762 die
1994 1733 2068 1762 Maii
2089 1739 2162 1772 post
2185 1743 2309 1763 sermo·

1399 1790 1468 1809 nem
1479 1779 1491 1798 ³
1508 1780 1540 1809 in
1553 1780 1621 1810 loco
1636 1782 1754 1820 prefato
1770 1791 1864 1820 super
1879 1782 1999 1811 duobus
2015 1782 2163 1811 articulis.
2181 1782 2304 1812 Primus

1399 1830 1436 1858 ad
1456 1829 1640 1859 audiendum
1660 1836 1833 1869 compotum
1853 1830 2037 1870 recepturis,
2061 1841 2151 1870 quem
2172 1838 2307 1870 protunc

1398 1878 1487 1907 nacio
1502 1879 1617 1908 audivit
1624 1891 1631 1915 ;
1650 1879 1705 1908 sed
1722 1879 1817 1908 nichil
1836 1880 1945 1908 factum
1961 1880 2017 1908 suit
2032 1880 2208 1910 conclusive
2225 1881 2306 1910 fina-

1398 1927 1469 1957 liter
1483 1928 1520 1957 de
1537 1928 1765 1967 approbacione
1781 1928 1914 1967 compoti
1932 1928 2053 1967 prefati,
2068 1934 2098 1958 et
2119 1929 2202 1958 circa
2217 1929 2303 1959 illum

1398 1976 1558 2006 articulum
1578 1977 1679 2017 tetigit
1699 1983 1883 2016 procurator
1905 1977 2036 2016 qualiter
2059 1978 2182 2017 quidam
2204 1978 2310 2018 magi-

1398 2032 1462 2055 ster
1485 2026 1535 2055 die
1560 2027 1746 2066 precedente
1770 2026 1896 2065 incepit,
1924 2026 1990 2055 sine
2017 2033 2118 2055 tamen
2143 2027 2302 2056 solucione

1397 2074 1492 2104 franci
1508 2085 1566 2114 pro
1576 2074 1711 2114 jocundo
1722 2076 1853 2104 adventu
1867 2081 1896 2104 et
1909 2075 2004 2104 eciam
2019 2075 2116 2104 franci
2129 2085 2188 2115 pro
2203 2075 2303 2115 prima

1397 2124 1619 2163 procuratoria‚
1637 2134 1767 2163 quorum
1789 2124 1907 2163 primus
1928 2125 2097 2154 debebatur
2120 2124 2242 2154 nacioni
2264 2134 2301 2154 ex

1396 2173 1520 2212 antiqua
1535 2173 1769 2209 consuetudine,
1785 2174 1939 2202 secundus
1949 2174 2119 2202 debebatur
2133 2183 2170 2202 ex
2182 2173 2305 2202 delibe-

1395 2222 1518 2251 racione
1533 2222 1673 2252 nacionis
1687 2222 1762 2251 alias
1781 2232 1876 2261 super
1890 2222 1948 2251 hoc
1963 2221 2076 2251 habita.
2094 2222 2135 2251 Et
2148 2222 2302 2251 delibera-

1394 2271 1438 2300 vit
1459 2271 1546 2300 nacio
1574 2272 1657 2311 quod
1681 2271 1751 2301 talis
1775 2271 1933 2311 magister,
1958 2271 2010 2310 qui
2037 2271 2087 2300 die
2116 2271 2306 2310 precedente

1394 2320 1561 2359 inceperat,
1579 2320 1714 2350 solveret
1724 2320 1794 2350 illos
1806 2321 1883 2349 duos
1893 2321 2015 2349 francos
2028 2319 2108 2349 infra
2123 2319 2298 2359 quindecim

1394 2369 1472 2404 dies,
1490 2370 1573 2408 quod
1595 2375 1624 2398 et
1640 2369 1721 2404 fecit,
1745 2369 1817 2409 quia
1837 2369 1964 2398 tradidit
1985 2369 2055 2398 illos
2076 2369 2154 2397 duos
2176 2369 2299 2398 francos

1393 2417 1562 2448 Wilhelmo
1578 2417 1759 2447 suhbedello
1772 2418 1923 2447 nacionis.

1435 2466 1595 2496 Secundus
1611 2467 1757 2496 articulus
1775 2473 1841 2496 erat
1858 2476 1952 2505 super
1967 2465 2250 2507 supplicacionibus
2269 2472 2300 2495 et

1393 2515 1526 2555 injuriis.
1546 2516 1584 2545 Et
1601 2522 1752 2545 venerunt
1772 2517 1810 2545 ad
1829 2515 1987 2545 nacionem
2003 2515 2151 2554 magister
2166 2514 2299 2544 Richar-

1393 2565 1451 2594 dus
1466 2566 1504 2594 de
1523 2565 1646 2594 Loenen
1662 2571 1692 2594 et
1707 2565 1853 2604 magister
1868 2564 2024 2593 Johannes
2039 2564 2077 2592 de
2093 2563 2206 2598 Zande,
2223 2563 2300 2592 alias

1393 2614 1430 2642 de
1456 2614 1603 2652 Campen,
1627 2613 1848 2653 supplicantes,
1874 2618 1988 2642 attento
2009 2613 2092 2651 quod
2114 2612 2202 2641 nacio
2221 2612 2304 2642 alias

1393 2669 1589 2692 concesserat
1607 2662 1868 2702 supplicacionem
1884 2671 2000 2696 eorum,
2022 2661 2140 2690 scilicet
2159 2662 2240 2700 quod
2260 2671 2298 2691 ex

1393 2723 1453 2751 quo
1472 2712 1619 2751 magister
1642 2711 1773 2752 Egidius
1793 2712 1831 2740 de
1848 2711 1963 2740 Jutfaes
1980 2710 2031 2749 pie
2054 2710 2199 2739 memorie
2221 2720 2298 2739 con-

1393 2767 1528 2790 cesserat
1543 2761 1665 2790 nacioni
1679 2759 1854 2800 quindecim
1869 2769 2000 2789 coronas
2015 2765 2086 2794 etc.,
2098 2765 2192 2798 prout
2206 2758 2302 2788 habe-

1391 2816 1441 2839 tur
1456 2810 1487 2838 in
1505 2809 1717 2848 procuratoria
1736 2809 1932 2848 precedente,
1952 2808 2117 2837 dummodo
2132 2818 2184 2837 res
2200 2808 2245 2837 sic
2262 2818 2301 2837 se

1390 2933 1449 2956 coep
1464 2924 1559 2955 scripta
1569 2926 1637 2948 sunt.

1420 2961 1443 2983 3.
1478 2959 1545 2991 Quia
1558 2959 1690 2983 Johannes
1703 2962 1762 2983 unte
1773 2961 1878 2990 portam
1892 2959 1939 2982 lat.
