2632 3464
0 3268 9 3408 -,.,.-.r<-.

295 457 346 482 577
804 457 918 484 LIBER
940 455 1251 483 PROCURATORUM
1273 456 1452 483 NATlONlS
1470 457 1716 483 ANGMCANAE
2172 461 2223 486 578

294 533 395 563 tocius
412 533 574 569 redeundi,
590 540 621 563 et
635 534 718 574 quod
734 534 761 563 si
778 533 899 563 rotulus
914 533 1036 562 interim
1054 533 1202 572 expedia-

294 589 355 617 tur,
374 583 458 622 quod
475 582 508 612 in
525 583 593 613 loco
613 593 670 613 suo
687 588 852 612 remaneat.
878 582 918 611 Et
942 581 1001 611 hoc
1018 588 1114 611 totum
1136 589 1202 611 erat

293 631 474 667 admissum,
493 638 639 672 quantum
655 639 703 662 est
717 632 748 661 in
763 631 892 661 nacione
905 630 928 660 ⁸.

335 681 410 710 ltem
428 682 505 710 sacta
520 681 575 711 suit
592 681 798 721 congregacio
816 680 983 715 facultatis,
1002 680 1135 710 ΧΧΙΙΙΙ·
1150 681 1200 710 die

293 729 414 765 Marcii,
437 730 476 760 ad
500 730 644 760 Sanctum
663 730 817 759 lulianum
837 739 1003 769 pauperem
1021 731 1059 759 ad
1080 729 1200 769 eligen-

292 779 364 808 dum
392 785 555 814 rectorem,
591 785 621 809 et
651 779 693 808 ibi
726 785 798 808 tunc
831 778 980 818 temporis
1014 778 1200 818 supplicavit

292 828 413 858 nacioni
431 828 580 868 magister
593 827 727 858 Jacobus
742 828 780 857 de
796 827 902 863 Dacia,
918 828 1001 868 quod
1020 828 1046 857 si
1065 829 1198 858 rotulum

292 877 451 918 contingat
465 876 604 917 expediri
618 877 656 906 ad
671 877 787 906 curiam
798 877 869 917 ipso
879 878 1018 911 absente,
1031 878 1103 917 quia
1117 877 1200 907 vole-

292 927 343 956 bat
353 927 390 956 ad
400 932 504 966 partes
513 927 659 956 recedere
671 925 761 965 (bona
776 926 835 955 tide
851 926 1034 965 promittens
1045 927 1199 966 expeditis

291 975 432 1016 negociis
447 975 550 1005 redire
569 985 585 1005 e
605 977 768 1023 converso)
788 975 871 1014 quod
892 982 963 1004 tunc
984 982 1152 1015 poneretur
1169 977 1199 1006 in

291 1034 348 1054 suo
366 1024 434 1054 loco
451 1025 531 1054 sicut
549 1031 625 1054 erat.
643 1024 683 1054 Et
702 1024 759 1054 fuit
773 1023 907 1054 admissa
923 1024 1114 1064 supplicacio
1131 1025 1199 1066 ejus

291 1074 322 1103 in
338 1079 486 1113 quantum
503 1073 592 1103 nacio
609 1073 721 1113 potuit.

332 1122 407 1152 ltem
437 1123 488 1152 die
518 1122 624 1152 ultima
653 1122 763 1152 Marcii
800 1123 876 1152 sacta
907 1123 963 1152 suit
993 1124 1199 1164 congregacio

290 1171 430 1201 nacionis
443 1171 615 1212 Anglicane
631 1181 687 1211 per
695 1170 914 1212 juramentum,
930 1172 961 1201 in
977 1182 1037 1212 qua
1052 1173 1200 1213 magister

289 1220 448 1250 Arnoldus
479 1227 610 1261 protunc
645 1230 773 1250 manens
802 1221 834 1250 in
866 1221 1009 1251 Sorbona
1037 1222 1202 1261 proposuit

289 1270 384 1310 quod,
403 1270 526 1310 quando
541 1269 715 1310 eligebatur
731 1270 821 1310 prior
838 1270 869 1299 in
890 1269 1043 1305 Sex-bona,
1061 1271 1200 1312 magistri

289 1319 328 1348 de
342 1318 412 1348 aliis
429 1319 529 1348 tribus
544 1319 739 1355 nacionibus,
755 1319 832 1349 socii
849 1319 987 1359 predicte
1004 1320 1114 1350 domus
1127 1319 1199 1360 (non

289 1374 429 1398 tenentes
447 1368 570 1398 modum
586 1367 747 1398 electionis
763 1368 838 1398 alias
855 1368 967 1403 visum,
983 1369 1102 1399 scilicet
1116 1371 1199 1409 quod

289 1417 421 1446 debebat
451 1427 522 1447 esse
549 1418 588 1446 de
616 1417 754 1456 qualibet
779 1417 908 1447 nacione
931 1427 1011 1447 unus
1031 1425 1197 1454 scrutator,

289 1466 344 1495 sed
361 1472 477 1496 tantum
501 1472 565 1496 tres
583 1472 773 1496 scrutatores
790 1476 847 1506 per
861 1476 915 1496 eos
933 1467 982 1496 vel
1003 1477 1059 1507 per
1077 1468 1197 1508 aliquos

288 1524 394 1544 eorum
419 1515 488 1545 sacti
514 1521 596 1550 sunt,
622 1515 781 1556 magistris
809 1516 848 1545 de
875 1516 1003 1545 nacione
1027 1515 1198 1556 Anglicana

289 1564 544 1603 protestantibus,
559 1564 739 1594 electionem
753 1565 779 1594 si
797 1564 900 1604 aliqua
913 1565 992 1594 soret
1006 1576 1068 1594 non
1083 1566 1196 1599 valere}

286 1613 325 1642 ad
336 1612 433 1652 ipsam
442 1613 623 1643 electionem
632 1613 747 1653 prioris
757 1620 988 1653 processerunt,
1002 1621 1031 1643 et
1042 1615 1086 1644 sic
1096 1615 1197 1645 exclu-

286 1662 360 1691 dere
374 1662 534 1692 nacionem
560 1662 763 1702 Anglicanam
787 1662 981 1692 videbantur.
1005 1663 1073 1701 Quo
1091 1665 1195 1694 audito

287 1710 375 1741 nacio
390 1711 529 1751 predicta
542 1711 652 1741 volens
677 1712 715 1741 de
739 1712 830 1741 modo
850 1711 1010 1742 electionis
1033 1713 1149 1752 prioris
1168 1720 1198 1744 et

287 1759 325 1789 de
342 1760 622 1790 consuetudinibus
637 1770 672 1790 ac
687 1761 809 1790 statutis
828 1761 965 1800 predicte
983 1761 1144 1792 electionis
1157 1773 1195 1792 an

286 1818 367 1849 opus
405 1815 489 1839 essct
514 1819 548 1839 se
585 1809 814 1848 [in]tromittere
841 1810 1000 1840 nacionem
1023 1811 1194 1848 informari,

286 1858 372 1888 dedit
385 1868 480 1898 super
500 1858 559 1888 boc
585 1859 748 1898 deputatos
772 1865 858 1889 extra
886 1860 1010 1889 domum
1027 1861 1195 1900 predictam

286 1913 445 1937 manentes
468 1917 596 1937 numero
616 1914 692 1943 tres,
714 1908 860 1938 videlicet
885 1909 1066 1949 magistrum
1087 1910 1195 1939 Jorda-

286 1966 375 1991 num,
416 1956 598 1996 magistrum
635 1957 806 1987 Gerardum
847 1957 972 1994 Calcar,
1013 1959 1192 1998 magistrum

286 2004 440 2034 Matheum
464 2005 588 2035 Scotum
612 2015 680 2035 cum
706 2006 781 2042 illis,
805 2007 858 2047 qui
881 2013 1012 2047 protunc
1033 2009 1194 2039 manebant

285 2053 317 2083 in
337 2054 478 2093 predicta
493 2054 585 2084 domo
604 2054 757 2085 Sorbone.

325 2102 431 2132 Primo
472 2103 651 2133 licenciatus
690 2104 746 2134 fuit
780 2105 924 2135 dominus
966 2106 1120 2137 Henricus
1154 2109 1192 2138 dc

285 2151 406 2182 Swecia
423 2153 481 2182 sub
508 2152 658 2193 magistro
671 2153 787 2183 Jacobo
808 2154 847 2183 de
869 2154 974 2191 Dacia,
994 2154 1080 2196 cujus
1099 2157 1193 2187 bursa

283 2200 324 2231 Vl
343 2201 447 2231 solidi.

324 2249 399 2280 ltem
421 2250 601 2280 licenciatus
631 2251 686 2281 suit
711 2252 854 2282 dominus
886 2253 998 2283 Petrus
1026 2254 1129 2284 Lucke
1153 2256 1191 2285 de

284 2299 379 2329 Dacia
398 2300 456 2329 sub
481 2300 631 2340 magistro
654 2300 770 2330 Jacobo
790 2301 828 2330 dc
856 2301 962 2338 Dacia,
985 2302 1072 2343 cujus
1098 2305 1190 2334 bursa

283 2346 323 2377 vl
339 2347 432 2378 solidi
451 2354 482 2378 et
496 2348 535 2379 Vl
552 2350 683 2379 denarii.

322 2396 399 2427 Item
413 2397 592 2428 licenciatus
608 2398 664 2428 fuit
678 2399 822 2429 dominus
841 2399 994 2430 Henricus
1007 2401 1190 2432 Camerinan

283 2446 340 2475 sub
355 2446 504 2486 magistro
520 2446 661 2477 Gerardo
678 2448 716 2477 de
732 2447 857 2483 Calkar,
875 2448 961 2489 cujus
977 2450 1071 2480 bursa
1086 2450 1112 2480 V
1130 2451 1188 2481 sol.

682 2541 780 2573 1379

282 2611 355 2651 (Fal.
388 2611 463 2651 22¹³)
499 2611 589 2642 Acta
636 2613 672 2642 in
718 2613 979 2652 procuratoria
1017 2615 1188 2654 magistri

341 2658 523 2690 Johnnnis
552 2660 815 2691 Munscheman
843 2662 885 2691 de
915 2662 1127 2702 Maguncia.

321 2738 412 2769 Anno
426 2739 549 2770 Domini
569 2740 614 2770 Μο
627 2741 722 2772 CCC⁰
739 2742 888 2778 Lxxlx0,
909 2742 965 2773 Vll
998 2744 1048 2773 die
1071 2745 1187 2774 mensis

280 2787 411 2828 Aprilis,
434 2789 509 2819 sacta
525 2790 772 2831 congregacione
784 2792 821 2821 ad
841 2792 985 2822 Sanctum
1000 2793 1186 2823 Maturinum

281 2837 318 2866 ad
341 2837 516 2877 eligendum
534 2846 766 2878 procuratorem
791 2846 822 2870 et
843 2841 1029 2871 audiendum
1059 2852 1188 2882 compo-

312 2946 334 2970 ¹.
368 2946 420 2970 Sed
437 2954 468 2971 ne
484 2955 550 2971 unus
568 2947 669 2980 quidem
687 2948 713 2973 in
733 2950 816 2974 rotulo
834 2950 948 2975 nationis
965 2951 1126 2984 Angh'canac
1143 2960 1186 2976 οη.

280 2982 342 3006 1³79
351 2981 479 3014 (Ch-nul.
492 2982 537 3011 ΙΙΙ,
549 2991 575 3015 p.
589 2983 644 3015 2⁶⁹)
655 2983 850 3009 inscribuntur.

360 3027 475 3047 amari-n
484 3027 608 3048 chan-urii
618 3028 706 3050 vntum.
719 3029 786 3051 Pam.
797 3041 821 3045 —
834 3029 850 3051 Ι.

1239 979 1272 1004 10

1239 1225 1271 1250 15

1236 1470 1270 1496 20

1234 1717 1268 1742 25

1232 1962 1266 1988 30

1229 2207 1263 2234 35

1228 2452 1262 2478 40

1227 2697 1261 2723 45

1310 539 1373 562 tum
1391 533 1575 572 receptoris‚
1594 533 1710 562 electus
1730 534 1783 563 suit
1801 535 1997 564 concorditer
2021 535 2051 564 in
2071 546 2223 574 procura-

1310 587 1408 610 torem
1428 582 1622 622 prescriptus
1645 583 1792 622 magister
1814 583 1971 613 Johannes
1996 584 2215 614 Munscheman

1310 631 1348 659 (le
1368 630 1542 670 Maguncia,
1571 631 1602 660 in
1622 631 1709 671 cujus
1736 633 1969 671 procuracionis
1992 639 2130 672 tempore
2153 641 2219 664 acta

1310 686 1382 709 sunt
1397 690 1457 719 que
1473 687 1656 720 sequuntur.

1350 729 1456 758 Primo
1472 729 1529 758 XII
1543 730 1593 758 die
1605 730 1720 759 mensis
1735 730 1901 770 prescripti
1913 732 2111 770 congregatis
2123 732 2215 772 magi-

1310 778 1385 807 stris
1402 778 1542 807 nacionis
1557 780 1595 807 ad
1613 779 1758 808 Sanctum
1777 779 1963 808 Maturinum
1985 780 2022 808 ad
2038 780 2215 810 deliberan-

1310 827 1380 856 dum
1403 837 1498 866 super
1520 827 1704 867 quibusdam
1727 828 1865 858 articulis
1882 828 1994 867 positis
2013 829 2044 858 in
2062 829 2216 859 delibera-

1310 875 1429 905 cionem
1444 886 1499 916 per
1513 877 1670 906 dominum
1691 884 1842 906 rectorem
1851 876 1874 911 ²,
1897 888 1963 907 cum
1980 885 2111 918 protunc
2126 879 2220 908 eciam

1311 925 1402 954 suerit
1425 926 1631 965 congregacio
1655 926 1888 963 Universitatis,
1917 927 2103 966 supplicavit
2120 929 2220 968 magi-

1310 981 1374 1004 ster
1388 974 1577 1004 wilhelmus
1593 975 1675 1009 Zacl,
1697 976 1779 1015 quod
1798 976 1824 1004 si
1842 976 2036 1016 contingeret
2048 977 2114 1006 fieri
2130 984 2221 1006 rotu-

1309 1023 1370 1053 lum
1387 1023 1619 1059 Universitatis‚
1642 1025 1723 1064 quod
1749 1024 1847 1054 eidem
1867 1025 2087 1064 imponeretur.
2107 1026 2146 1055 Et
2163 1027 2218 1056 fuit

1310 1071 1376 1112 ejus
1392 1073 1585 1112 supplicacio
1603 1083 1763 1103 concessa.

1351 1122 1425 1151 ltem
1459 1122 1647 1161 supplicavit
1677 1124 1782 1152 eadem
1810 1123 1859 1152 die
1889 1123 2036 1163 magister
2066 1124 2218 1154 Rudolfus

1309 1171 1394 1205 Tam,
1425 1171 1633 1210 Trajectensis
1664 1173 1811 1207 diocesis,
1838 1172 1981 1202 similiter
2006 1179 2036 1202 et
2061 1174 2215 1203 concede-

1310 1221 1410 1250 batur.

1370 1327 1437 1357 Isti
1468 1334 1553 1357 sunt
1586 1328 1648 1368 qui
1673 1327 1895 1368 juraverunt
1932 1329 2042 1358 michi
2073 1336 2157 1359 ante

1559 1377 1724 1416 ipsorum
1750 1378 1962 1407 licenciam.

1348 1466 1454 1495 Primo
1471 1466 1614 1496 dominus
1633 1467 1791 1496 Johannes
1816 1468 1853 1496 de
1876 1467 2089 1497 Aemsterdam
2109 1468 2217 1508 incep-

1306 1522 1395 1545 turus
1417 1517 1475 1545 sub
1502 1515 1652 1555 magistro
1667 1516 1807 1546 Johanne
1823 1517 1961 1546 Luberti.
1984 1517 2082 1546 Solvit
2107 1528 2217 1558 recep-

1307 1565 1378 1600 tori,
1395 1571 1425 1594 et
1438 1565 1537 1604 ipsius
1554 1565 1649 1594 bursa
1666 1565 1706 1594 Vl
1724 1565 1829 1595 solidi.

1347 1663 1421 1692 ltem
1434 1663 1601 1703 penultima
1617 1663 1668 1693 die
1684 1663 1800 1693 mensis
1814 1663 1933 1704 Aprilis
1953 1665 2031 1694 sacta
2047 1676 2214 1706 congrega-

1306 1713 1395 1742 cione
1409 1713 1549 1742 nacionis
1562 1713 1599 1742 ad
1617 1713 1762 1742 Sanctum
1781 1713 1968 1743 Maturinum
1986 1715 2023 1743 ad
2040 1714 2215 1754 supplican-

1305 1762 1388 1796 dum,
1416 1762 1670 1802 supplicaverunt
1691 1762 1792 1802 primo
1819 1763 1969 1803 magister
1993 1763 2150 1793 Johannes
2177 1765 2214 1793 de

1304 1810 1534 1846 Aemsterdam‚
1571 1812 1654 1851 quod
1695 1811 1722 1841 si
1760 1812 1920 1852 contingat
1958 1812 2023 1842 lieri
2061 1813 2193 1842 rotulum
2206 1837 2212 1848 ‚

1305 1860 1387 1899 quod
1403 1859 1448 1889 illi
1468 1860 1688 1899 imponeretur.
1708 1861 1747 1890 Et
1761 1861 1818 1890 fuit
1838 1861 2029 1901 supplicacio
2045 1861 2111 1902 ejus
2131 1872 2208 1891 con-

1304 1919 1405 1938 cessa.

1344 1958 1419 1988 Item
1436 1959 1516 1988 idem
1532 1960 1680 1999 magister
1694 1958 1896 2000 projocundo
1909 1970 1966 1989 suo
1978 1960 2103 1989 introitu
2118 1961 2209 1990 solvit

1304 2018 1395 2038 unum
1419 2009 1568 2043 francum,
1586 2009 1638 2048 qui
1658 2015 1788 2048 protunc
1805 2019 1865 2038 non
1882 2010 1936 2038 suit
1948 2015 2141 2049 perpotatus‚
2158 2011 2212 2039 sed

1302 2067 1359 2097 per
1375 2067 1421 2086 me
1438 2064 1670 2097 procuratorem
1686 2065 1862 2087 reservatus
1878 2059 1914 2087 ad
1933 2059 2016 2087 aliud
2033 2065 2165 2098 tempus.

1342 2106 1416 2136 Item
1439 2107 1470 2136 2⁰
1493 2107 1662 2141 Johannes.
1685 2107 1827 2137 budellus
1850 2108 2001 2142 nacionis,
2027 2107 2212 2147 supplicavit

1301 2156 1424 2185 nomine
1440 2156 1580 2196 magistri
1597 2156 1748 2186 Johannis
1763 2157 1801 2185 de
1818 2156 1966 2190 Marchia.
1983 2158 2066 2196 quod
2087 2157 2113 2186 si
2137 2167 2213 2186 con-

1300 2205 1435 2245 tingeret
1451 2205 1517 2234 fieri
1545 2205 1689 2239 rotulum,
1710 2206 1792 2244 quod
1818 2205 1862 2235 illi
1887 2205 2100 2245 imponeretur
2124 2206 2211 2235 simi-

1301 2254 1371 2283 liter
1383 2261 1416 2283 ut
1433 2255 1531 2294 prius.
1550 2254 1588 2284 Et
1606 2255 1662 2284 suit
1679 2265 1871 2284 concessum.

1341 2303 1414 2333 Item
1433 2304 1465 2332 3⁰
1479 2304 1667 2344 supplicavit
1682 2305 1830 2343 magister
1847 2304 1988 2334 Andreas
2008 2305 2210 2344 Leyderdam,

1299 2353 1382 2392 quod
1398 2352 1425 2382 si
1441 2353 1636 2393 contingeret
1656 2353 1721 2382 fieri
1744 2353 1887 2386 rotulum.
1908 2354 1990 2393 quod
2011 2354 2053 2382 illi
2071 2354 2212 2392 impone-

1300 2407 1386 2431 retur
1396 2401 1419 2431 3.
1454 2402 1492 2431 Et
1524 2402 1579 2432 suit
1606 2412 1799 2431 concessum.
1833 2403 1870 2431 Et
1899 2403 1971 2431 dicti
2012 2402 2151 2441 magistri
2181 2403 2211 2431 iu

1299 2451 1404 2480 eadem
1426 2451 1672 2491 congregacione
1689 2451 1834 2480 dixerunt
1859 2461 1892 2481 se
1915 2451 2116 2486 imminuis,
2140 2453 2211 2480 bre·
2260 2463 2263 2467 ·

1299 2499 1378 2529 viter
1391 2500 1531 2529 Parisius
1546 2501 1708 2529 redeundi.

1341 2549 1415 2578 ltem
1442 2549 1545 2578 ultima
1570 2549 1620 2578 die
1652 2549 1767 2578 mensis
1793 2549 1910 2588 Aprilis
1934 2550 2009 2578 sacta
2036 2559 2211 2588 congrega-

1299 2598 1387 2627 cione
1411 2598 1551 2627 nacionis
1566 2599 1604 2627 ad
1630 2598 1774 2627 Sanctum
1805 2598 2005 2632 Maturinum,
2024 2598 2210 2637 supplicavit

1299 2645 1447 2686 magister
1462 2647 1642 2676 Gen-hardus
1650 2647 1760 2676 Calcat·
1774 2647 1966 2686 proliccncia
1984 2646 2206 2676 transeundiad

1299 2702 1403 2734 partes
1423 2706 1495 2725 suas
1505 2706 1563 2736 pro
1580 2695 1735 2735 aliquibus
1751 2697 1815 2725 suis
1836 2696 1974 2735 negociis
1992 2695 2207 2735 expediendis,

1298 2743 1473 2774 intencione
1496 2751 1595 2774 tamen
1619 2745 1767 2774 redeundi
1787 2755 1876 2784 quam
1898 2745 1958 2774 cito
1980 2744 2208 2773 commodosius

1299 2800 1414 2833 posset.
1443 2794 1636 2834 Supplicavit
1661 2795 1788 2833 insuper
1817 2794 1916 2822 dictus
1944 2793 2103 2832 magister,
2129 2799 2161 2822 ut
2191 2804 2207 2822 a

1298 2841 1456 2882 legacione
1472 2853 1537 2877 sua,
1555 2853 1614 2882 qua
1631 2843 1749 2881 legatus
1766 2853 1819 2871 seu
1835 2843 1964 2871 nuncius
1982 2842 2205 2872 universitatis

1328 2954 1351 2977 2.
1384 2953 1530 2977 Johannem
1543 2953 1575 2976 de
1589 2953 1700 2981 Sti-alen,
1714 2953 1803 2977 Martii
1815 2953 1935 2977 ‘lli-Jum'i
1949 2954 1986 2977 23.

1328 2990 1351 3012 3.
1386 2990 1432 3012 Mn.
1448 2989 1653 3020 imponerentur.
