<?xml version="1.0" encoding="UTF-8"?>
<!DOCTYPE html PUBLIC "-//W3C//DTD XHTML 1.0 Transitional//EN"
    "http://www.w3.org/TR/xhtml1/DTD/xhtml1-transitional.dtd">
<html xmlns="http://www.w3.org/1999/xhtml" xml:lang="en" lang="en">
 <head>
  <title>
</title>
<meta http-equiv="Content-Type" content="text/html;charset=utf-8" />
  <meta name='ocr-system' content='tesseract 3.04.00' />
  <meta name='ocr-capabilities' content='ocr_page ocr_carea ocr_par ocr_line ocrx_word'/>
</head>
<body>
  <div class='ocr_page' id='page_1' title='image "auctariumchartul01univuoft_0442.png"; bbox 0 0 2632 3464; ppageno 0'>
   <div class='ocr_carea' id='block_1_1' title="bbox 1002 0 2632 247">
    <p class='ocr_par' dir='ltr' id='par_1_1' title="bbox 1002 0 2632 247">
     <span class='ocr_line' id='line_1_1' title="bbox 1002 0 2632 247; baseline 0 3217"><span class='ocrx_word' id='word_1_1' title='bbox 1002 0 2632 247; x_wconf 95' lang='lat' dir='ltr'> </span> 
     </span>
    </p>
   </div>
   <div class='ocr_carea' id='block_1_2' title="bbox 427 435 2346 466">
    <p class='ocr_par' dir='ltr' id='par_1_2' title="bbox 427 435 2346 466">
     <span class='ocr_line' id='line_1_2' title="bbox 427 435 2346 466; baseline 0 0"><span class='ocrx_word' id='word_1_2' title='bbox 427 441 476 466; x_wconf 88' lang='lat'>707</span> <span class='ocrx_word' id='word_1_3' title='bbox 964 436 1187 463; x_wconf 86' lang='lat' dir='ltr'>AUCTARIUM</span> <span class='ocrx_word' id='word_1_4' title='bbox 1208 435 1466 462; x_wconf 81' lang='lat' dir='ltr'>CHARTULARII</span> <span class='ocrx_word' id='word_1_5' title='bbox 1487 436 1660 464; x_wconf 86' lang='lat' dir='ltr'>UNIVERS.</span> <span class='ocrx_word' id='word_1_6' title='bbox 1683 437 1799 464; x_wconf 80' lang='lat' dir='ltr'>PARIS.</span> <span class='ocrx_word' id='word_1_7' title='bbox 2293 439 2346 466; x_wconf 84' lang='grc'>708</span> 
     </span>
    </p>
   </div>
   <div class='ocr_carea' id='block_1_3' title="bbox 423 513 1332 2660">
    <p class='ocr_par' dir='ltr' id='par_1_3' title="bbox 423 513 1332 2507">
     <span class='ocr_line' id='line_1_3' title="bbox 425 513 1331 551; baseline -0.006 -5"><span class='ocrx_word' id='word_1_8' title='bbox 425 519 462 546; x_wconf 84' lang='lat' dir='ltr'>ad</span> <span class='ocrx_word' id='word_1_9' title='bbox 478 518 599 546; x_wconf 90' lang='lat' dir='ltr'>domum</span> <span class='ocrx_word' id='word_1_10' title='bbox 618 517 655 544; x_wconf 87' lang='lat' dir='ltr'>de</span> <span class='ocrx_word' id='word_1_11' title='bbox 671 526 760 543; x_wconf 81' lang='lat' dir='ltr'>cornu</span> <span class='ocrx_word' id='word_1_12' title='bbox 778 515 865 548; x_wconf 75' lang='lat' dir='ltr'>cervi,</span> <span class='ocrx_word' id='word_1_13' title='bbox 881 520 910 543; x_wconf 90' lang='lat' dir='ltr'>et</span> <span class='ocrx_word' id='word_1_14' title='bbox 927 513 1074 542; x_wconf 89' lang='lat' dir='ltr'>habentes</span> <span class='ocrx_word' id='word_1_15' title='bbox 1087 519 1331 551; x_wconf 87' lang='lat' dir='ltr'>carpentatorem</span> 
     </span>
     <span class='ocr_line' id='line_1_4' title="bbox 423 561 1331 602; baseline -0.008 -6"><span class='ocrx_word' id='word_1_16' title='bbox 423 566 542 596; x_wconf 84' lang='lat' dir='ltr'>visitari</span> <span class='ocrx_word' id='word_1_17' title='bbox 563 567 699 594; x_wconf 76' lang='lat' dir='ltr'>fecerunt</span> <span class='ocrx_word' id='word_1_18' title='bbox 724 565 817 593; x_wconf 88' lang='lat' dir='ltr'>fracta</span> <span class='ocrx_word' id='word_1_19' title='bbox 839 570 868 592; x_wconf 88' lang='lat' dir='ltr'>et</span> <span class='ocrx_word' id='word_1_20' title='bbox 887 563 1074 602; x_wconf 80' lang='lat' dir='ltr'>reparanda,</span> <span class='ocrx_word' id='word_1_21' title='bbox 1100 568 1129 590; x_wconf 91' lang='lat' dir='ltr'>et</span> <span class='ocrx_word' id='word_1_22' title='bbox 1154 562 1240 590; x_wconf 86' lang='lat' dir='ltr'>factis</span> <span class='ocrx_word' id='word_1_23' title='bbox 1260 561 1331 590; x_wconf 91' lang='lat' dir='ltr'>hinc</span> 
     </span>
     <span class='ocr_line' id='line_1_5' title="bbox 426 610 1330 650; baseline -0.007 -6"><span class='ocrx_word' id='word_1_24' title='bbox 426 617 497 644; x_wconf 90' lang='lat' dir='ltr'>inde</span> <span class='ocrx_word' id='word_1_25' title='bbox 509 614 641 644; x_wconf 90' lang='lat' dir='ltr'>diversis</span> <span class='ocrx_word' id='word_1_26' title='bbox 657 612 899 642; x_wconf 86' lang='lat' dir='ltr'>allocucionibus</span> <span class='ocrx_word' id='word_1_27' title='bbox 913 618 941 640; x_wconf 91' lang='lat' dir='ltr'>et</span> <span class='ocrx_word' id='word_1_28' title='bbox 957 611 1081 640; x_wconf 83' lang='lat' dir='ltr'>avisatis</span> <span class='ocrx_word' id='word_1_29' title='bbox 1096 610 1247 650; x_wconf 84' lang='lat' dir='ltr'>negociis,</span> <span class='ocrx_word' id='word_1_30' title='bbox 1263 621 1330 639; x_wconf 82' lang='lat' dir='ltr'>exe-</span> 
     </span>
     <span class='ocr_line' id='line_1_6' title="bbox 425 660 1330 704; baseline -0.007 -11"><span class='ocrx_word' id='word_1_31' title='bbox 425 665 471 704; x_wconf 85' lang='lat' dir='ltr'>git</span> <span class='ocrx_word' id='word_1_32' title='bbox 486 664 617 693; x_wconf 86' lang='lat' dir='ltr'>finaliter</span> <span class='ocrx_word' id='word_1_33' title='bbox 637 673 695 702; x_wconf 89' lang='lat' dir='ltr'>pro</span> <span class='ocrx_word' id='word_1_34' title='bbox 714 662 912 701; x_wconf 89' lang='lat' dir='ltr'>reparacione</span> <span class='ocrx_word' id='word_1_35' title='bbox 928 660 1062 689; x_wconf 91' lang='lat' dir='ltr'>omnium</span> <span class='ocrx_word' id='word_1_36' title='bbox 1085 661 1123 688; x_wconf 90' lang='lat' dir='ltr'>ad</span> <span class='ocrx_word' id='word_1_37' title='bbox 1146 670 1233 688; x_wconf 91' lang='lat' dir='ltr'>suum</span> <span class='ocrx_word' id='word_1_38' title='bbox 1252 670 1330 699; x_wconf 88' lang='lat' dir='ltr'>opus</span> 
     </span>
     <span class='ocr_line' id='line_1_7' title="bbox 424 708 1328 746; baseline -0.007 -3"><span class='ocrx_word' id='word_1_39' title='bbox 424 713 582 743; x_wconf 89' lang='lat' dir='ltr'>XXXVIII</span> <span class='ocrx_word' id='word_1_40' title='bbox 599 714 731 746; x_wconf 86' lang='lat' dir='ltr'>francos,</span> <span class='ocrx_word' id='word_1_41' title='bbox 749 717 779 740; x_wconf 91' lang='lat' dir='ltr'>et</span> <span class='ocrx_word' id='word_1_42' title='bbox 796 710 930 739; x_wconf 85' lang='lat' dir='ltr'>exhibita</span> <span class='ocrx_word' id='word_1_43' title='bbox 947 710 1069 738; x_wconf 90' lang='lat' dir='ltr'>fuerunt</span> <span class='ocrx_word' id='word_1_44' title='bbox 1085 708 1183 738; x_wconf 92' lang='lat' dir='ltr'>solum</span> <span class='ocrx_word' id='word_1_45' title='bbox 1202 708 1328 737; x_wconf 90' lang='lat' dir='ltr'>XXXII.</span> 
     </span>
     <span class='ocr_line' id='line_1_8' title="bbox 426 757 1329 802; baseline -0.007 -10"><span class='ocrx_word' id='word_1_46' title='bbox 426 763 465 792; x_wconf 91' lang='lat' dir='ltr'>Et</span> <span class='ocrx_word' id='word_1_47' title='bbox 481 769 587 802; x_wconf 86' lang='lat' dir='ltr'>postea</span> <span class='ocrx_word' id='word_1_48' title='bbox 605 762 654 790; x_wconf 91' lang='lat' dir='ltr'>isti</span> <span class='ocrx_word' id='word_1_49' title='bbox 675 767 738 790; x_wconf 90' lang='lat' dir='ltr'>tres</span> <span class='ocrx_word' id='word_1_50' title='bbox 757 759 893 799; x_wconf 74' lang='lat' dir='ltr'>regressi</span> <span class='ocrx_word' id='word_1_51' title='bbox 911 759 948 787; x_wconf 87' lang='lat' dir='ltr'>ad</span> <span class='ocrx_word' id='word_1_52' title='bbox 970 758 1114 787; x_wconf 86' lang='lat' dir='ltr'>Sanctum</span> <span class='ocrx_word' id='word_1_53' title='bbox 1130 757 1329 793; x_wconf 86' lang='lat' dir='ltr'>Maturiuum,</span> 
     </span>
     <span class='ocr_line' id='line_1_9' title="bbox 425 807 1329 849; baseline -0.008 -8"><span class='ocrx_word' id='word_1_54' title='bbox 425 812 477 841; x_wconf 92' lang='lat' dir='ltr'>ubi</span> <span class='ocrx_word' id='word_1_55' title='bbox 494 817 558 840; x_wconf 85' lang='lat' dir='ltr'>erat</span> <span class='ocrx_word' id='word_1_56' title='bbox 572 809 776 849; x_wconf 78' lang='lat' dir='ltr'>congregacio</span> <span class='ocrx_word' id='word_1_57' title='bbox 788 808 911 842; x_wconf 86' lang='lat' dir='ltr'>indicta,</span> <span class='ocrx_word' id='word_1_58' title='bbox 926 807 1044 836; x_wconf 86' lang='lat' dir='ltr'>scilicet</span> <span class='ocrx_word' id='word_1_59' title='bbox 1056 813 1250 846; x_wconf 90' lang='lat' dir='ltr'>procurator,</span> <span class='ocrx_word' id='word_1_60' title='bbox 1268 807 1329 845; x_wconf 91' lang='lat' dir='ltr'>[de]</span> 
     </span>
     <span class='ocr_line' id='line_1_10' title="bbox 425 855 1328 899; baseline -0.008 -9"><span class='ocrx_word' id='word_1_61' title='bbox 425 860 575 899; x_wconf 86' lang='lat' dir='ltr'>Angusia,</span> <span class='ocrx_word' id='word_1_62' title='bbox 593 866 623 888; x_wconf 93' lang='lat' dir='ltr'>et</span> <span class='ocrx_word' id='word_1_63' title='bbox 640 864 793 897; x_wconf 87' lang='lat' dir='ltr'>receptor,</span> <span class='ocrx_word' id='word_1_64' title='bbox 815 856 1009 896; x_wconf 91' lang='lat' dir='ltr'>reperierunt</span> <span class='ocrx_word' id='word_1_65' title='bbox 1024 856 1189 895; x_wconf 88' lang='lat' dir='ltr'>magistros</span> <span class='ocrx_word' id='word_1_66' title='bbox 1206 855 1328 890; x_wconf 89' lang='lat' dir='ltr'>multos,</span> 
     </span>
     <span class='ocr_line' id='line_1_11' title="bbox 427 905 1331 948; baseline -0.007 -9"><span class='ocrx_word' id='word_1_67' title='bbox 427 916 456 939; x_wconf 91' lang='lat' dir='ltr'>et</span> <span class='ocrx_word' id='word_1_68' title='bbox 478 910 554 948; x_wconf 92' lang='lat' dir='ltr'>ipsis</span> <span class='ocrx_word' id='word_1_69' title='bbox 577 909 689 937; x_wconf 86' lang='lat' dir='ltr'>ibidem</span> <span class='ocrx_word' id='word_1_70' title='bbox 715 907 804 936; x_wconf 89' lang='lat' dir='ltr'>simul</span> <span class='ocrx_word' id='word_1_71' title='bbox 826 906 1028 935; x_wconf 80' lang='lat' dir='ltr'>existentibus</span> <span class='ocrx_word' id='word_1_72' title='bbox 1051 911 1235 945; x_wconf 86' lang='lat' dir='ltr'>procurator</span> <span class='ocrx_word' id='word_1_73' title='bbox 1261 905 1331 934; x_wconf 90' lang='lat' dir='ltr'>fecit</span> 
     </span>
     <span class='ocr_line' id='line_1_12' title="bbox 425 954 1330 994; baseline -0.007 -6"><span class='ocrx_word' id='word_1_74' title='bbox 425 958 619 988; x_wconf 82' lang='lat' dir='ltr'>relacionem.</span> <span class='ocrx_word' id='word_1_75' title='bbox 636 957 702 993; x_wconf 89' lang='lat' dir='ltr'>Qua</span> <span class='ocrx_word' id='word_1_76' title='bbox 720 957 795 984; x_wconf 80' lang='lat' dir='ltr'>facta</span> <span class='ocrx_word' id='word_1_77' title='bbox 811 962 841 984; x_wconf 91' lang='lat' dir='ltr'>et</span> <span class='ocrx_word' id='word_1_78' title='bbox 858 954 1029 994; x_wconf 87' lang='lat' dir='ltr'>propositis</span> <span class='ocrx_word' id='word_1_79' title='bbox 1047 954 1185 983; x_wconf 76' lang='lat' dir='ltr'>articulis</span> <span class='ocrx_word' id='word_1_80' title='bbox 1203 954 1330 983; x_wconf 88' lang='lat' dir='ltr'>ordina-</span> 
     </span>
     <span class='ocr_line' id='line_1_13' title="bbox 425 1003 1332 1045; baseline -0.007 -8"><span class='ocrx_word' id='word_1_81' title='bbox 425 1015 487 1037; x_wconf 88' lang='lat' dir='ltr'>tum</span> <span class='ocrx_word' id='word_1_82' title='bbox 501 1014 566 1036; x_wconf 91' lang='lat' dir='ltr'>erat</span> <span class='ocrx_word' id='word_1_83' title='bbox 581 1007 662 1045; x_wconf 90' lang='lat' dir='ltr'>quod</span> <span class='ocrx_word' id='word_1_84' title='bbox 679 1011 784 1034; x_wconf 85' lang='lat' dir='ltr'>essent</span> <span class='ocrx_word' id='word_1_85' title='bbox 796 1004 943 1043; x_wconf 85' lang='lat' dir='ltr'>deputati,</span> <span class='ocrx_word' id='word_1_86' title='bbox 964 1004 1082 1032; x_wconf 90' lang='lat' dir='ltr'>scilicet</span> <span class='ocrx_word' id='word_1_87' title='bbox 1093 1004 1130 1032; x_wconf 90' lang='lat' dir='ltr'>de</span> <span class='ocrx_word' id='word_1_88' title='bbox 1146 1003 1285 1042; x_wconf 89' lang='lat' dir='ltr'>Angusia</span> <span class='ocrx_word' id='word_1_89' title='bbox 1302 1009 1332 1032; x_wconf 90' lang='lat' dir='ltr'>et</span> 
     </span>
     <span class='ocr_line' id='line_1_14' title="bbox 425 1052 1330 1092; baseline -0.006 -7"><span class='ocrx_word' id='word_1_90' title='bbox 425 1058 462 1085; x_wconf 91' lang='lat' dir='ltr'>de</span> <span class='ocrx_word' id='word_1_91' title='bbox 481 1056 676 1085; x_wconf 89' lang='lat' dir='ltr'>Claromonte</span> <span class='ocrx_word' id='word_1_92' title='bbox 700 1064 758 1083; x_wconf 92' lang='lat' dir='ltr'>una</span> <span class='ocrx_word' id='word_1_93' title='bbox 780 1064 847 1082; x_wconf 92' lang='lat' dir='ltr'>cum</span> <span class='ocrx_word' id='word_1_94' title='bbox 870 1060 1068 1092; x_wconf 79' lang='lat' dir='ltr'>procuratore</span> <span class='ocrx_word' id='word_1_95' title='bbox 1090 1053 1128 1081; x_wconf 91' lang='lat' dir='ltr'>ad</span> <span class='ocrx_word' id='word_1_96' title='bbox 1145 1052 1330 1091; x_wconf 83' lang='lat' dir='ltr'>diligencius</span> 
     </span>
     <span class='ocr_line' id='line_1_15' title="bbox 426 1101 1331 1144; baseline -0.006 -10"><span class='ocrx_word' id='word_1_97' title='bbox 426 1105 671 1144; x_wconf 85' lang='lat' dir='ltr'>investigandum</span> <span class='ocrx_word' id='word_1_98' title='bbox 687 1113 754 1132; x_wconf 90' lang='lat' dir='ltr'>cum</span> <span class='ocrx_word' id='word_1_99' title='bbox 773 1103 840 1131; x_wconf 90' lang='lat' dir='ltr'>aliis</span> <span class='ocrx_word' id='word_1_100' title='bbox 865 1102 1131 1141; x_wconf 84' lang='lat' dir='ltr'>procuratoribus.</span> <span class='ocrx_word' id='word_1_101' title='bbox 1149 1101 1189 1130; x_wconf 88' lang='lat' dir='ltr'>Et</span> <span class='ocrx_word' id='word_1_102' title='bbox 1207 1101 1248 1130; x_wconf 90' lang='lat' dir='ltr'>ita</span> <span class='ocrx_word' id='word_1_103' title='bbox 1267 1101 1331 1129; x_wconf 82' lang='lat' dir='ltr'>sac-</span> 
     </span>
     <span class='ocr_line' id='line_1_16' title="bbox 425 1151 1331 1192; baseline -0.004 -9"><span class='ocrx_word' id='word_1_104' title='bbox 425 1161 487 1184; x_wconf 85' lang='lat' dir='ltr'>tum</span> <span class='ocrx_word' id='word_1_105' title='bbox 507 1160 564 1188; x_wconf 83' lang='lat' dir='ltr'>est,</span> <span class='ocrx_word' id='word_1_106' title='bbox 582 1153 664 1192; x_wconf 93' lang='lat' dir='ltr'>quod</span> <span class='ocrx_word' id='word_1_107' title='bbox 682 1158 790 1191; x_wconf 91' lang='lat' dir='ltr'>postea</span> <span class='ocrx_word' id='word_1_108' title='bbox 805 1152 910 1180; x_wconf 89' lang='lat' dir='ltr'>eadem</span> <span class='ocrx_word' id='word_1_109' title='bbox 926 1151 975 1180; x_wconf 92' lang='lat' dir='ltr'>die</span> <span class='ocrx_word' id='word_1_110' title='bbox 994 1151 1152 1190; x_wconf 88' lang='lat' dir='ltr'>predictus</span> <span class='ocrx_word' id='word_1_111' title='bbox 1168 1156 1331 1190; x_wconf 89' lang='lat' dir='ltr'>carpenta-</span> 
     </span>
     <span class='ocr_line' id='line_1_17' title="bbox 425 1199 1331 1239; baseline -0.006 -7"><span class='ocrx_word' id='word_1_112' title='bbox 425 1210 474 1232; x_wconf 90' lang='lat' dir='ltr'>tor</span> <span class='ocrx_word' id='word_1_113' title='bbox 495 1202 648 1231; x_wconf 87' lang='lat' dir='ltr'>ordinavit</span> <span class='ocrx_word' id='word_1_114' title='bbox 667 1201 815 1235; x_wconf 79' lang='lat' dir='ltr'>cedulam,</span> <span class='ocrx_word' id='word_1_115' title='bbox 833 1210 923 1239; x_wconf 90' lang='lat' dir='ltr'>quam</span> <span class='ocrx_word' id='word_1_116' title='bbox 943 1199 1070 1228; x_wconf 80' lang='lat' dir='ltr'>tradidit</span> <span class='ocrx_word' id='word_1_117' title='bbox 1090 1199 1256 1238; x_wconf 88' lang='lat' dir='ltr'>receptori,</span> <span class='ocrx_word' id='word_1_118' title='bbox 1278 1199 1331 1238; x_wconf 85' lang='lat' dir='ltr'>qui</span> 
     </span>
     <span class='ocr_line' id='line_1_18' title="bbox 425 1249 1331 1289; baseline -0.006 -8"><span class='ocrx_word' id='word_1_119' title='bbox 425 1263 490 1281; x_wconf 90' lang='lat' dir='ltr'>eam</span> <span class='ocrx_word' id='word_1_120' title='bbox 513 1252 596 1280; x_wconf 81' lang='lat' dir='ltr'>misit</span> <span class='ocrx_word' id='word_1_121' title='bbox 617 1250 822 1289; x_wconf 82' lang='lat' dir='ltr'>procuratori,</span> <span class='ocrx_word' id='word_1_122' title='bbox 840 1249 891 1288; x_wconf 90' lang='lat' dir='ltr'>qui</span> <span class='ocrx_word' id='word_1_123' title='bbox 913 1255 1096 1288; x_wconf 89' lang='lat' dir='ltr'>procurator</span> <span class='ocrx_word' id='word_1_124' title='bbox 1116 1249 1272 1277; x_wconf 90' lang='lat' dir='ltr'>transiens</span> <span class='ocrx_word' id='word_1_125' title='bbox 1293 1249 1331 1276; x_wconf 92' lang='lat' dir='ltr'>ad</span> 
     </span>
     <span class='ocr_line' id='line_1_19' title="bbox 425 1297 1332 1337; baseline -0.006 -7"><span class='ocrx_word' id='word_1_126' title='bbox 425 1303 546 1330; x_wconf 90' lang='lat' dir='ltr'>domum</span> <span class='ocrx_word' id='word_1_127' title='bbox 561 1311 650 1328; x_wconf 81' lang='lat' dir='ltr'>cornu</span> <span class='ocrx_word' id='word_1_128' title='bbox 663 1301 742 1327; x_wconf 74' lang='lat' dir='ltr'>cervi</span> <span class='ocrx_word' id='word_1_129' title='bbox 756 1298 839 1327; x_wconf 92' lang='lat' dir='ltr'>misit</span> <span class='ocrx_word' id='word_1_130' title='bbox 852 1308 910 1337; x_wconf 90' lang='lat' dir='ltr'>pro</span> <span class='ocrx_word' id='word_1_131' title='bbox 924 1298 1191 1337; x_wconf 86' lang='lat' dir='ltr'>carpentatoribus</span> <span class='ocrx_word' id='word_1_132' title='bbox 1206 1297 1287 1332; x_wconf 87' lang='lat' dir='ltr'>aliis,</span> <span class='ocrx_word' id='word_1_133' title='bbox 1302 1303 1332 1326; x_wconf 89' lang='lat' dir='ltr'>et</span> 
     </span>
     <span class='ocr_line' id='line_1_20' title="bbox 423 1346 1331 1390; baseline -0.004 -11"><span class='ocrx_word' id='word_1_134' title='bbox 423 1351 493 1390; x_wconf 90' lang='lat' dir='ltr'>quia</span> <span class='ocrx_word' id='word_1_135' title='bbox 509 1360 570 1379; x_wconf 92' lang='lat' dir='ltr'>non</span> <span class='ocrx_word' id='word_1_136' title='bbox 584 1349 685 1388; x_wconf 89' lang='lat' dir='ltr'>potuit</span> <span class='ocrx_word' id='word_1_137' title='bbox 699 1348 811 1376; x_wconf 90' lang='lat' dir='ltr'>habere</span> <span class='ocrx_word' id='word_1_138' title='bbox 827 1347 1009 1386; x_wconf 85' lang='lat' dir='ltr'>magistrum</span> <span class='ocrx_word' id='word_1_139' title='bbox 1024 1347 1194 1376; x_wconf 84' lang='lat' dir='ltr'>Johannem</span> <span class='ocrx_word' id='word_1_140' title='bbox 1210 1347 1247 1375; x_wconf 93' lang='lat' dir='ltr'>de</span> <span class='ocrx_word' id='word_1_141' title='bbox 1264 1346 1331 1375; x_wconf 89' lang='lat' dir='ltr'>An-</span> 
     </span>
     <span class='ocr_line' id='line_1_21' title="bbox 427 1395 1329 1439; baseline -0.004 -11"><span class='ocrx_word' id='word_1_142' title='bbox 427 1400 515 1439; x_wconf 85' lang='lat' dir='ltr'>gusia</span> <span class='ocrx_word' id='word_1_143' title='bbox 542 1409 597 1427; x_wconf 89' lang='lat' dir='ltr'>nec</span> <span class='ocrx_word' id='word_1_144' title='bbox 632 1398 812 1437; x_wconf 88' lang='lat' dir='ltr'>magistrum</span> <span class='ocrx_word' id='word_1_145' title='bbox 847 1396 1017 1425; x_wconf 85' lang='lat' dir='ltr'>Johannem</span> <span class='ocrx_word' id='word_1_146' title='bbox 1050 1396 1088 1424; x_wconf 90' lang='lat' dir='ltr'>de</span> <span class='ocrx_word' id='word_1_147' title='bbox 1120 1395 1329 1430; x_wconf 85' lang='lat' dir='ltr'>Claromonte,</span> 
     </span>
     <span class='ocr_line' id='line_1_22' title="bbox 424 1444 1331 1488; baseline -0.004 -11"><span class='ocrx_word' id='word_1_148' title='bbox 424 1449 542 1488; x_wconf 85' lang='lat' dir='ltr'>recepit</span> <span class='ocrx_word' id='word_1_149' title='bbox 572 1447 752 1486; x_wconf 88' lang='lat' dir='ltr'>magistrum</span> <span class='ocrx_word' id='word_1_150' title='bbox 780 1445 927 1474; x_wconf 89' lang='lat' dir='ltr'>Thomam</span> <span class='ocrx_word' id='word_1_151' title='bbox 953 1446 990 1474; x_wconf 93' lang='lat' dir='ltr'>de</span> <span class='ocrx_word' id='word_1_152' title='bbox 1018 1445 1157 1479; x_wconf 88' lang='lat' dir='ltr'>Foresta,</span> <span class='ocrx_word' id='word_1_153' title='bbox 1184 1450 1214 1473; x_wconf 88' lang='lat' dir='ltr'>et</span> <span class='ocrx_word' id='word_1_154' title='bbox 1241 1444 1331 1474; x_wconf 92' lang='lat' dir='ltr'>simul</span> 
     </span>
     <span class='ocr_line' id='line_1_23' title="bbox 423 1494 1331 1533; baseline -0.006 -6"><span class='ocrx_word' id='word_1_155' title='bbox 423 1503 621 1527; x_wconf 89' lang='lat' dir='ltr'>accesserunt</span> <span class='ocrx_word' id='word_1_156' title='bbox 635 1497 673 1524; x_wconf 89' lang='lat' dir='ltr'>ad</span> <span class='ocrx_word' id='word_1_157' title='bbox 689 1497 822 1525; x_wconf 84' lang='lat' dir='ltr'>domurn.</span> <span class='ocrx_word' id='word_1_158' title='bbox 839 1495 877 1523; x_wconf 90' lang='lat' dir='ltr'>Et</span> <span class='ocrx_word' id='word_1_159' title='bbox 892 1495 1005 1523; x_wconf 87' lang='lat' dir='ltr'>ibidem</span> <span class='ocrx_word' id='word_1_160' title='bbox 1020 1494 1216 1533; x_wconf 89' lang='lat' dir='ltr'>reperierunt</span> <span class='ocrx_word' id='word_1_161' title='bbox 1231 1494 1331 1523; x_wconf 91' lang='lat' dir='ltr'>domi-</span> 
     </span>
     <span class='ocr_line' id='line_1_24' title="bbox 427 1543 1332 1576; baseline -0.006 0"><span class='ocrx_word' id='word_1_162' title='bbox 427 1557 498 1576; x_wconf 89' lang='lat' dir='ltr'>num</span> <span class='ocrx_word' id='word_1_163' title='bbox 535 1547 674 1575; x_wconf 85' lang='lat' dir='ltr'>abbatem</span> <span class='ocrx_word' id='word_1_164' title='bbox 708 1544 953 1573; x_wconf 77' lang='lat' dir='ltr'>inhabitatorem.</span> <span class='ocrx_word' id='word_1_165' title='bbox 995 1543 1091 1572; x_wconf 88' lang='lat' dir='ltr'>Simul</span> <span class='ocrx_word' id='word_1_166' title='bbox 1125 1544 1332 1572; x_wconf 87' lang='lat' dir='ltr'>ascenderunt</span> 
     </span>
     <span class='ocr_line' id='line_1_25' title="bbox 425 1592 1330 1635; baseline -0.006 -10"><span class='ocrx_word' id='word_1_167' title='bbox 425 1596 568 1635; x_wconf 88' lang='lat' dir='ltr'>superius</span> <span class='ocrx_word' id='word_1_168' title='bbox 584 1596 622 1624; x_wconf 90' lang='lat' dir='ltr'>ad</span> <span class='ocrx_word' id='word_1_169' title='bbox 636 1601 760 1628; x_wconf 91' lang='lat' dir='ltr'>tectum,</span> <span class='ocrx_word' id='word_1_170' title='bbox 775 1600 805 1622; x_wconf 92' lang='lat' dir='ltr'>et</span> <span class='ocrx_word' id='word_1_171' title='bbox 819 1593 955 1622; x_wconf 87' lang='lat' dir='ltr'>breviter</span> <span class='ocrx_word' id='word_1_172' title='bbox 967 1598 1163 1631; x_wconf 88' lang='lat' dir='ltr'>carpentator</span> <span class='ocrx_word' id='word_1_173' title='bbox 1178 1592 1330 1631; x_wconf 90' lang='lat' dir='ltr'>principa-</span> 
     </span>
     <span class='ocr_line' id='line_1_26' title="bbox 426 1641 1332 1684; baseline -0.006 -10"><span class='ocrx_word' id='word_1_174' title='bbox 426 1646 464 1674; x_wconf 88' lang='lat' dir='ltr'>lis</span> <span class='ocrx_word' id='word_1_175' title='bbox 481 1645 574 1684; x_wconf 92' lang='lat' dir='ltr'>peciit</span> <span class='ocrx_word' id='word_1_176' title='bbox 588 1643 713 1673; x_wconf 89' lang='lat' dir='ltr'>XXXVI</span> <span class='ocrx_word' id='word_1_177' title='bbox 732 1644 864 1671; x_wconf 87' lang='lat' dir='ltr'>francos.</span> <span class='ocrx_word' id='word_1_178' title='bbox 883 1642 922 1670; x_wconf 89' lang='lat' dir='ltr'>Et</span> <span class='ocrx_word' id='word_1_179' title='bbox 941 1641 1071 1670; x_wconf 81' lang='lat' dir='ltr'>finaliter</span> <span class='ocrx_word' id='word_1_180' title='bbox 1088 1641 1282 1680; x_wconf 87' lang='lat' dir='ltr'>procuratori</span> <span class='ocrx_word' id='word_1_181' title='bbox 1302 1647 1332 1670; x_wconf 88' lang='lat' dir='ltr'>et</span> 
     </span>
     <span class='ocr_line' id='line_1_27' title="bbox 426 1690 1331 1732; baseline -0.004 -10"><span class='ocrx_word' id='word_1_182' title='bbox 426 1694 477 1722; x_wconf 90' lang='lat' dir='ltr'>alii</span> <span class='ocrx_word' id='word_1_183' title='bbox 497 1693 639 1732; x_wconf 87' lang='lat' dir='ltr'>apparuit</span> <span class='ocrx_word' id='word_1_184' title='bbox 654 1692 735 1731; x_wconf 93' lang='lat' dir='ltr'>quod</span> <span class='ocrx_word' id='word_1_185' title='bbox 754 1691 872 1731; x_wconf 88' lang='lat' dir='ltr'>primus</span> <span class='ocrx_word' id='word_1_186' title='bbox 888 1696 1083 1729; x_wconf 89' lang='lat' dir='ltr'>carpentator</span> <span class='ocrx_word' id='word_1_187' title='bbox 1098 1696 1162 1719; x_wconf 89' lang='lat' dir='ltr'>erat</span> <span class='ocrx_word' id='word_1_188' title='bbox 1176 1690 1331 1728; x_wconf 89' lang='lat' dir='ltr'>recipien—</span> 
     </span>
     <span class='ocr_line' id='line_1_28' title="bbox 425 1739 1331 1780; baseline -0.004 -9"><span class='ocrx_word' id='word_1_189' title='bbox 425 1744 494 1777; x_wconf 87' lang='lat' dir='ltr'>dus,</span> <span class='ocrx_word' id='word_1_190' title='bbox 511 1752 573 1771; x_wconf 92' lang='lat' dir='ltr'>non</span> <span class='ocrx_word' id='word_1_191' title='bbox 593 1742 733 1770; x_wconf 86' lang='lat' dir='ltr'>obstante</span> <span class='ocrx_word' id='word_1_192' title='bbox 756 1741 838 1780; x_wconf 93' lang='lat' dir='ltr'>quod</span> <span class='ocrx_word' id='word_1_193' title='bbox 856 1740 953 1769; x_wconf 91' lang='lat' dir='ltr'>voluit</span> <span class='ocrx_word' id='word_1_194' title='bbox 977 1739 1089 1768; x_wconf 88' lang='lat' dir='ltr'>habere</span> <span class='ocrx_word' id='word_1_195' title='bbox 1112 1739 1181 1778; x_wconf 91' lang='lat' dir='ltr'>plus</span> <span class='ocrx_word' id='word_1_196' title='bbox 1199 1740 1237 1768; x_wconf 89' lang='lat' dir='ltr'>de</span> <span class='ocrx_word' id='word_1_197' title='bbox 1257 1740 1331 1768; x_wconf 90' lang='lat' dir='ltr'>duo-</span> 
     </span>
     <span class='ocr_line' id='line_1_29' title="bbox 426 1788 1331 1828; baseline -0.004 -8"><span class='ocrx_word' id='word_1_198' title='bbox 426 1793 483 1820; x_wconf 91' lang='lat' dir='ltr'>bus</span> <span class='ocrx_word' id='word_1_199' title='bbox 503 1791 627 1819; x_wconf 85' lang='lat' dir='ltr'>srancis.</span> <span class='ocrx_word' id='word_1_200' title='bbox 648 1789 688 1819; x_wconf 89' lang='lat' dir='ltr'>Et</span> <span class='ocrx_word' id='word_1_201' title='bbox 701 1790 796 1828; x_wconf 87' lang='lat' dir='ltr'>igitur</span> <span class='ocrx_word' id='word_1_202' title='bbox 817 1795 926 1828; x_wconf 90' lang='lat' dir='ltr'>postea</span> <span class='ocrx_word' id='word_1_203' title='bbox 942 1794 1084 1827; x_wconf 88' lang='lat' dir='ltr'>receptus</span> <span class='ocrx_word' id='word_1_204' title='bbox 1103 1794 1160 1823; x_wconf 82' lang='lat' dir='ltr'>est,</span> <span class='ocrx_word' id='word_1_205' title='bbox 1179 1794 1209 1817; x_wconf 90' lang='lat' dir='ltr'>et</span> <span class='ocrx_word' id='word_1_206' title='bbox 1232 1788 1331 1827; x_wconf 87' lang='lat' dir='ltr'>magi-</span> 
     </span>
     <span class='ocr_line' id='line_1_30' title="bbox 426 1837 1330 1879; baseline -0.004 -10"><span class='ocrx_word' id='word_1_207' title='bbox 426 1847 489 1869; x_wconf 88' lang='lat' dir='ltr'>ster</span> <span class='ocrx_word' id='word_1_208' title='bbox 505 1840 635 1879; x_wconf 89' lang='lat' dir='ltr'>Egidius</span> <span class='ocrx_word' id='word_1_209' title='bbox 648 1839 790 1868; x_wconf 89' lang='lat' dir='ltr'>concedit</span> <span class='ocrx_word' id='word_1_210' title='bbox 805 1838 950 1877; x_wconf 88' lang='lat' dir='ltr'>pecunias</span> <span class='ocrx_word' id='word_1_211' title='bbox 963 1837 1081 1876; x_wconf 87' lang='lat' dir='ltr'>aliquas</span> <span class='ocrx_word' id='word_1_212' title='bbox 1098 1847 1165 1866; x_wconf 91' lang='lat' dir='ltr'>cum</span> <span class='ocrx_word' id='word_1_213' title='bbox 1181 1837 1242 1866; x_wconf 91' lang='lat' dir='ltr'>illis</span> <span class='ocrx_word' id='word_1_214' title='bbox 1254 1847 1330 1876; x_wconf 83' lang='lat' dir='ltr'>quas</span> 
     </span>
     <span class='ocr_line' id='line_1_31' title="bbox 424 1886 1332 1925; baseline -0.006 -6"><span class='ocrx_word' id='word_1_215' title='bbox 424 1896 544 1919; x_wconf 90' lang='lat' dir='ltr'>tenetur</span> <span class='ocrx_word' id='word_1_216' title='bbox 559 1889 653 1917; x_wconf 89' lang='lat' dir='ltr'>abbas</span> <span class='ocrx_word' id='word_1_217' title='bbox 666 1888 852 1916; x_wconf 85' lang='lat' dir='ltr'>inhabitator</span> <span class='ocrx_word' id='word_1_218' title='bbox 869 1888 988 1916; x_wconf 92' lang='lat' dir='ltr'>domus.</span> <span class='ocrx_word' id='word_1_219' title='bbox 1007 1886 1068 1915; x_wconf 87' lang='lat' dir='ltr'>Sed</span> <span class='ocrx_word' id='word_1_220' title='bbox 1086 1887 1174 1915; x_wconf 90' lang='lat' dir='ltr'>nacio</span> <span class='ocrx_word' id='word_1_221' title='bbox 1188 1887 1332 1925; x_wconf 91' lang='lat' dir='ltr'>promisit</span> 
     </span>
     <span class='ocr_line' id='line_1_32' title="bbox 426 1935 1332 1978; baseline -0.003 -11"><span class='ocrx_word' id='word_1_222' title='bbox 426 1939 605 1978; x_wconf 88' lang='lat' dir='ltr'>magistrum</span> <span class='ocrx_word' id='word_1_223' title='bbox 627 1937 770 1977; x_wconf 84' lang='lat' dir='ltr'>Egidium</span> <span class='ocrx_word' id='word_1_224' title='bbox 792 1943 896 1965; x_wconf 89' lang='lat' dir='ltr'>tenere</span> <span class='ocrx_word' id='word_1_225' title='bbox 919 1936 1125 1974; x_wconf 87' lang='lat' dir='ltr'>indempnem,</span> <span class='ocrx_word' id='word_1_226' title='bbox 1147 1935 1192 1964; x_wconf 89' lang='lat' dir='ltr'>sic</span> <span class='ocrx_word' id='word_1_227' title='bbox 1214 1935 1332 1964; x_wconf 88' lang='lat' dir='ltr'>scilicet</span> 
     </span>
     <span class='ocr_line' id='line_1_33' title="bbox 425 1985 1332 2027; baseline -0.004 -10"><span class='ocrx_word' id='word_1_228' title='bbox 425 1989 508 2027; x_wconf 93' lang='lat' dir='ltr'>quod</span> <span class='ocrx_word' id='word_1_229' title='bbox 530 1988 684 2026; x_wconf 89' lang='lat' dir='ltr'>reciperet</span> <span class='ocrx_word' id='word_1_230' title='bbox 703 1993 762 2015; x_wconf 82' lang='lat' dir='ltr'>tam</span> <span class='ocrx_word' id='word_1_231' title='bbox 778 1986 815 2014; x_wconf 94' lang='lat' dir='ltr'>de</span> <span class='ocrx_word' id='word_1_232' title='bbox 831 1986 882 2014; x_wconf 86' lang='lat' dir='ltr'>illa</span> <span class='ocrx_word' id='word_1_233' title='bbox 901 1986 1004 2020; x_wconf 90' lang='lat' dir='ltr'>domo,</span> <span class='ocrx_word' id='word_1_234' title='bbox 1025 1991 1054 2013; x_wconf 93' lang='lat' dir='ltr'>et</span> <span class='ocrx_word' id='word_1_235' title='bbox 1075 1985 1112 2013; x_wconf 90' lang='lat' dir='ltr'>de</span> <span class='ocrx_word' id='word_1_236' title='bbox 1127 1985 1184 2013; x_wconf 83' lang='lat' dir='ltr'>alia</span> <span class='ocrx_word' id='word_1_237' title='bbox 1209 1995 1268 2023; x_wconf 93' lang='lat' dir='ltr'>que</span> <span class='ocrx_word' id='word_1_238' title='bbox 1285 1991 1332 2014; x_wconf 92' lang='lat' dir='ltr'>est</span> 
     </span>
     <span class='ocr_line' id='line_1_34' title="bbox 426 2034 1331 2074; baseline -0.003 -9"><span class='ocrx_word' id='word_1_239' title='bbox 426 2038 457 2065; x_wconf 92' lang='lat' dir='ltr'>in</span> <span class='ocrx_word' id='word_1_240' title='bbox 472 2037 541 2066; x_wconf 87' lang='lat' dir='ltr'>vico</span> <span class='ocrx_word' id='word_1_241' title='bbox 564 2035 702 2065; x_wconf 88' lang='lat' dir='ltr'>Brunelli</span> <span class='ocrx_word' id='word_1_242' title='bbox 722 2045 820 2074; x_wconf 88' lang='lat' dir='ltr'>usque</span> <span class='ocrx_word' id='word_1_243' title='bbox 842 2035 879 2063; x_wconf 91' lang='lat' dir='ltr'>ad</span> <span class='ocrx_word' id='word_1_244' title='bbox 896 2044 1043 2063; x_wconf 90' lang='lat' dir='ltr'>summam</span> <span class='ocrx_word' id='word_1_245' title='bbox 1061 2044 1150 2073; x_wconf 91' lang='lat' dir='ltr'>quam</span> <span class='ocrx_word' id='word_1_246' title='bbox 1171 2034 1331 2072; x_wconf 89' lang='lat' dir='ltr'>expositu-</span> 
     </span>
     <span class='ocr_line' id='line_1_35' title="bbox 427 2082 1330 2123; baseline -0.004 -8"><span class='ocrx_word' id='word_1_247' title='bbox 427 2097 480 2115; x_wconf 90' lang='lat' dir='ltr'>rus</span> <span class='ocrx_word' id='word_1_248' title='bbox 496 2092 588 2115; x_wconf 88' lang='lat' dir='ltr'>esset.</span> <span class='ocrx_word' id='word_1_249' title='bbox 608 2085 647 2113; x_wconf 91' lang='lat' dir='ltr'>Et</span> <span class='ocrx_word' id='word_1_250' title='bbox 664 2085 719 2113; x_wconf 90' lang='lat' dir='ltr'>hec</span> <span class='ocrx_word' id='word_1_251' title='bbox 733 2084 900 2123; x_wconf 85' lang='lat' dir='ltr'>promissio</span> <span class='ocrx_word' id='word_1_252' title='bbox 919 2084 995 2112; x_wconf 87' lang='lat' dir='ltr'>facta</span> <span class='ocrx_word' id='word_1_253' title='bbox 1008 2089 1055 2112; x_wconf 88' lang='lat' dir='ltr'>est</span> <span class='ocrx_word' id='word_1_254' title='bbox 1068 2083 1117 2112; x_wconf 90' lang='lat' dir='ltr'>die</span> <span class='ocrx_word' id='word_1_255' title='bbox 1135 2082 1201 2111; x_wconf 71' lang='lat' dir='ltr'>XVa</span> <span class='ocrx_word' id='word_1_256' title='bbox 1213 2083 1285 2112; x_wconf 81' lang='lat' dir='ltr'>Julii</span> <span class='ocrx_word' id='word_1_257' title='bbox 1300 2083 1330 2111; x_wconf 93' lang='lat' dir='ltr'>in</span> 
     </span>
     <span class='ocr_line' id='line_1_36' title="bbox 426 2131 1331 2171; baseline -0.004 -7"><span class='ocrx_word' id='word_1_258' title='bbox 426 2135 538 2164; x_wconf 88' lang='lat' dir='ltr'>Sancto</span> <span class='ocrx_word' id='word_1_259' title='bbox 556 2134 720 2167; x_wconf 76' lang='lat' dir='ltr'>Maturius),</span> <span class='ocrx_word' id='word_1_260' title='bbox 740 2133 791 2162; x_wconf 94' lang='lat' dir='ltr'>ubi</span> <span class='ocrx_word' id='word_1_261' title='bbox 816 2139 887 2161; x_wconf 91' lang='lat' dir='ltr'>tunc</span> <span class='ocrx_word' id='word_1_262' title='bbox 908 2139 972 2161; x_wconf 89' lang='lat' dir='ltr'>erat</span> <span class='ocrx_word' id='word_1_263' title='bbox 989 2132 1103 2160; x_wconf 91' lang='lat' dir='ltr'>indicta</span> <span class='ocrx_word' id='word_1_264' title='bbox 1125 2131 1331 2171; x_wconf 81' lang='lat' dir='ltr'>congregacio</span> 
     </span>
     <span class='ocr_line' id='line_1_37' title="bbox 426 2181 1331 2220; baseline -0.003 -8"><span class='ocrx_word' id='word_1_265' title='bbox 426 2184 563 2212; x_wconf 82' lang='lat' dir='ltr'>nacionis</span> <span class='ocrx_word' id='word_1_266' title='bbox 588 2184 624 2212; x_wconf 89' lang='lat' dir='ltr'>ad</span> <span class='ocrx_word' id='word_1_267' title='bbox 649 2183 833 2211; x_wconf 91' lang='lat' dir='ltr'>audiendum</span> <span class='ocrx_word' id='word_1_268' title='bbox 856 2181 973 2210; x_wconf 90' lang='lat' dir='ltr'>litteras</span> <span class='ocrx_word' id='word_1_269' title='bbox 1004 2181 1115 2209; x_wconf 86' lang='lat' dir='ltr'>missas</span> <span class='ocrx_word' id='word_1_270' title='bbox 1154 2191 1210 2219; x_wconf 92' lang='lat' dir='ltr'>per</span> <span class='ocrx_word' id='word_1_271' title='bbox 1233 2181 1331 2220; x_wconf 87' lang='lat' dir='ltr'>magi-</span> 
     </span>
     <span class='ocr_line' id='line_1_38' title="bbox 426 2230 1330 2268; baseline -0.004 -6"><span class='ocrx_word' id='word_1_272' title='bbox 426 2240 522 2262; x_wconf 88' lang='lat' dir='ltr'>strum</span> <span class='ocrx_word' id='word_1_273' title='bbox 538 2232 707 2261; x_wconf 64' lang='lat' dir='ltr'>Iohannem</span> <span class='ocrx_word' id='word_1_274' title='bbox 717 2232 755 2259; x_wconf 91' lang='lat' dir='ltr'>de</span> <span class='ocrx_word' id='word_1_275' title='bbox 768 2230 894 2260; x_wconf 83' lang='lat' dir='ltr'>Austria</span> <span class='ocrx_word' id='word_1_276' title='bbox 907 2230 1088 2268; x_wconf 82' lang='lat' dir='ltr'>superfacto</span> <span class='ocrx_word' id='word_1_277' title='bbox 1102 2230 1225 2258; x_wconf 91' lang='lat' dir='ltr'>unionis</span> <span class='ocrx_word' id='word_1_278' title='bbox 1236 2230 1330 2258; x_wconf 90' lang='lat' dir='ltr'>eccle-</span> 
     </span>
     <span class='ocr_line' id='line_1_39' title="bbox 426 2279 1330 2320; baseline -0.006 -9"><span class='ocrx_word' id='word_1_279' title='bbox 426 2283 482 2311; x_wconf 87' lang='lat' dir='ltr'>sie.</span> <span class='ocrx_word' id='word_1_280' title='bbox 508 2282 546 2310; x_wconf 86' lang='lat' dir='ltr'>Et</span> <span class='ocrx_word' id='word_1_281' title='bbox 569 2281 641 2320; x_wconf 92' lang='lat' dir='ltr'>quia</span> <span class='ocrx_word' id='word_1_282' title='bbox 663 2281 694 2309; x_wconf 96' lang='lat' dir='ltr'>in</span> <span class='ocrx_word' id='word_1_283' title='bbox 714 2280 775 2309; x_wconf 92' lang='lat' dir='ltr'>illis</span> <span class='ocrx_word' id='word_1_284' title='bbox 798 2280 908 2308; x_wconf 91' lang='lat' dir='ltr'>litteris</span> <span class='ocrx_word' id='word_1_285' title='bbox 932 2289 992 2307; x_wconf 94' lang='lat' dir='ltr'>non</span> <span class='ocrx_word' id='word_1_286' title='bbox 1015 2285 1080 2307; x_wconf 87' lang='lat' dir='ltr'>erat</span> <span class='ocrx_word' id='word_1_287' title='bbox 1102 2279 1229 2317; x_wconf 88' lang='lat' dir='ltr'>aliquid,</span> <span class='ocrx_word' id='word_1_288' title='bbox 1257 2279 1330 2317; x_wconf 92' lang='lat' dir='ltr'>quin</span> 
     </span>
     <span class='ocr_line' id='line_1_40' title="bbox 426 2327 1331 2369; baseline -0.006 -9"><span class='ocrx_word' id='word_1_289' title='bbox 426 2332 609 2360; x_wconf 85' lang='lat' dir='ltr'>credebatur</span> <span class='ocrx_word' id='word_1_290' title='bbox 625 2330 722 2369; x_wconf 87' lang='lat' dir='ltr'>magis</span> <span class='ocrx_word' id='word_1_291' title='bbox 738 2339 806 2358; x_wconf 90' lang='lat' dir='ltr'>esse</span> <span class='ocrx_word' id='word_1_292' title='bbox 822 2329 851 2357; x_wconf 91' lang='lat' dir='ltr'>in</span> <span class='ocrx_word' id='word_1_293' title='bbox 864 2328 976 2357; x_wconf 79' lang='lat' dir='ltr'>litteris</span> <span class='ocrx_word' id='word_1_294' title='bbox 991 2327 1221 2362; x_wconf 85' lang='lat' dir='ltr'>Universitatis,</span> <span class='ocrx_word' id='word_1_295' title='bbox 1237 2338 1331 2366; x_wconf 89' lang='lat' dir='ltr'>super</span> 
     </span>
     <span class='ocr_line' id='line_1_41' title="bbox 427 2377 1328 2419; baseline -0.004 -10"><span class='ocrx_word' id='word_1_296' title='bbox 427 2380 539 2419; x_wconf 87' lang='lat' dir='ltr'>quibus</span> <span class='ocrx_word' id='word_1_297' title='bbox 563 2380 593 2408; x_wconf 91' lang='lat' dir='ltr'>in</span> <span class='ocrx_word' id='word_1_298' title='bbox 618 2379 667 2407; x_wconf 93' lang='lat' dir='ltr'>die</span> <span class='ocrx_word' id='word_1_299' title='bbox 689 2377 829 2417; x_wconf 88' lang='lat' dir='ltr'>sequenti</span> <span class='ocrx_word' id='word_1_300' title='bbox 850 2378 981 2406; x_wconf 89' lang='lat' dir='ltr'>debebat</span> <span class='ocrx_word' id='word_1_301' title='bbox 998 2387 1066 2405; x_wconf 91' lang='lat' dir='ltr'>esse</span> <span class='ocrx_word' id='word_1_302' title='bbox 1092 2377 1297 2416; x_wconf 82' lang='lat' dir='ltr'>congregacio</span> <span class='ocrx_word' id='word_1_303' title='bbox 1322 2388 1328 2405; x_wconf 81' lang='lat' dir='ltr'>z</span> 
     </span>
     <span class='ocr_line' id='line_1_42' title="bbox 425 2425 1330 2465; baseline -0.004 -7"><span class='ocrx_word' id='word_1_304' title='bbox 425 2430 495 2458; x_wconf 90' lang='lat' dir='ltr'>ideo</span> <span class='ocrx_word' id='word_1_305' title='bbox 519 2429 607 2457; x_wconf 91' lang='lat' dir='ltr'>nacio</span> <span class='ocrx_word' id='word_1_306' title='bbox 628 2427 721 2456; x_wconf 89' lang='lat' dir='ltr'>nichil</span> <span class='ocrx_word' id='word_1_307' title='bbox 747 2436 842 2465; x_wconf 89' lang='lat' dir='ltr'>super</span> <span class='ocrx_word' id='word_1_308' title='bbox 862 2426 924 2454; x_wconf 90' lang='lat' dir='ltr'>illis</span> <span class='ocrx_word' id='word_1_309' title='bbox 949 2425 1141 2461; x_wconf 87' lang='lat' dir='ltr'>deliberavit,</span> <span class='ocrx_word' id='word_1_310' title='bbox 1165 2432 1330 2464; x_wconf 90' lang='lat' dir='ltr'>expectans</span> 
     </span>
     <span class='ocr_line' id='line_1_43' title="bbox 427 2474 1008 2507; baseline -0.007 0"><span class='ocrx_word' id='word_1_311' title='bbox 427 2478 572 2507; x_wconf 88' lang='lat' dir='ltr'>lecturam</span> <span class='ocrx_word' id='word_1_312' title='bbox 592 2477 761 2506; x_wconf 89' lang='lat' dir='ltr'>litterarum</span> <span class='ocrx_word' id='word_1_313' title='bbox 780 2474 1008 2504; x_wconf 88' lang='lat' dir='ltr'>Universitatis.</span> 
     </span>
    </p>

    <p class='ocr_par' dir='ltr' id='par_1_4' title="bbox 426 2523 1330 2660">
     <span class='ocr_line' id='line_1_44' title="bbox 466 2523 1330 2565; baseline -0.005 -10"><span class='ocrx_word' id='word_1_314' title='bbox 466 2527 537 2564; x_wconf 79' lang='lat' dir='ltr'>(Fol.</span> <span class='ocrx_word' id='word_1_315' title='bbox 556 2528 593 2555; x_wconf 82' lang='lat'>20</span> <span class='ocrx_word' id='word_1_316' title='bbox 606 2526 629 2565; x_wconf 79' lang='lat' dir='ltr'>b)</span> <span class='ocrx_word' id='word_1_317' title='bbox 644 2525 748 2554; x_wconf 87' lang='lat' dir='ltr'>Prima</span> <span class='ocrx_word' id='word_1_318' title='bbox 765 2524 898 2563; x_wconf 87' lang='lat' dir='ltr'>Augusti</span> <span class='ocrx_word' id='word_1_319' title='bbox 917 2523 948 2552; x_wconf 92' lang='lat' dir='ltr'>in</span> <span class='ocrx_word' id='word_1_320' title='bbox 975 2523 1024 2552; x_wconf 89' lang='lat' dir='ltr'>die</span> <span class='ocrx_word' id='word_1_321' title='bbox 1046 2523 1142 2552; x_wconf 88' lang='lat' dir='ltr'>sancti</span> <span class='ocrx_word' id='word_1_322' title='bbox 1161 2523 1257 2558; x_wconf 84' lang='lat' dir='ltr'>Petri,</span> <span class='ocrx_word' id='word_1_323' title='bbox 1282 2523 1330 2552; x_wconf 91' lang='lat' dir='ltr'>in-</span> 
     </span>
     <span class='ocr_line' id='line_1_45' title="bbox 426 2572 1329 2614; baseline -0.004 -10"><span class='ocrx_word' id='word_1_324' title='bbox 426 2576 506 2604; x_wconf 84' lang='lat' dir='ltr'>dicta</span> <span class='ocrx_word' id='word_1_325' title='bbox 541 2574 785 2614; x_wconf 81' lang='lat' dir='ltr'>congregacione</span> <span class='ocrx_word' id='word_1_326' title='bbox 817 2572 1035 2602; x_wconf 88' lang='lat' dir='ltr'>Universitatis</span> <span class='ocrx_word' id='word_1_327' title='bbox 1067 2573 1148 2611; x_wconf 91' lang='lat' dir='ltr'>apud</span> <span class='ocrx_word' id='word_1_328' title='bbox 1187 2572 1329 2601; x_wconf 89' lang='lat' dir='ltr'>Sanctum</span> 
     </span>
     <span class='ocr_line' id='line_1_46' title="bbox 428 2621 1329 2660; baseline -0.003 -7"><span class='ocrx_word' id='word_1_329' title='bbox 428 2625 630 2659; x_wconf 87' lang='lat' dir='ltr'>Bernardum,</span> <span class='ocrx_word' id='word_1_330' title='bbox 642 2630 671 2652; x_wconf 95' lang='lat' dir='ltr'>et</span> <span class='ocrx_word' id='word_1_331' title='bbox 679 2629 744 2652; x_wconf 83' lang='lat' dir='ltr'>erat</span> <span class='ocrx_word' id='word_1_332' title='bbox 753 2622 899 2651; x_wconf 82' lang='lat' dir='ltr'>articulus</span> <span class='ocrx_word' id='word_1_333' title='bbox 909 2622 947 2650; x_wconf 90' lang='lat' dir='ltr'>ad</span> <span class='ocrx_word' id='word_1_334' title='bbox 956 2621 1159 2650; x_wconf 88' lang='lat' dir='ltr'>nominandos</span> <span class='ocrx_word' id='word_1_335' title='bbox 1168 2628 1329 2660; x_wconf 88' lang='lat' dir='ltr'>suspectos</span> 
     </span>
    </p>
   </div>
   <div class='ocr_carea' id='block_1_4' title="bbox 426 2717 1331 2998">
    <p class='ocr_par' dir='ltr' id='par_1_5' title="bbox 426 2717 1331 2998">
     <span class='ocr_line' id='line_1_47' title="bbox 458 2717 1330 2750; baseline -0.003 -6"><span class='ocrx_word' id='word_1_336' title='bbox 458 2722 480 2744; x_wconf 74' lang='lat'>1.</span> <span class='ocrx_word' id='word_1_337' title='bbox 514 2721 605 2744; x_wconf 80' lang='lat' dir='ltr'>Petrus</span> <span class='ocrx_word' id='word_1_338' title='bbox 619 2721 649 2743; x_wconf 87' lang='lat' dir='ltr'>de</span> <span class='ocrx_word' id='word_1_339' title='bbox 662 2720 771 2743; x_wconf 64' lang='lat' dir='ltr'>Aillinco</span> <span class='ocrx_word' id='word_1_340' title='bbox 783 2719 941 2750; x_wconf 72' lang='lat' dir='ltr'>designatur,</span> <span class='ocrx_word' id='word_1_341' title='bbox 955 2718 999 2750; x_wconf 83' lang='lat' dir='ltr'>qui</span> <span class='ocrx_word' id='word_1_342' title='bbox 1012 2719 1072 2741; x_wconf 82' lang='lat' dir='ltr'>dum</span> <span class='ocrx_word' id='word_1_343' title='bbox 1085 2720 1149 2741; x_wconf 69' lang='lat' dir='ltr'>esset</span> <span class='ocrx_word' id='word_1_344' title='bbox 1162 2717 1330 2742; x_wconf 70' lang='lat' dir='ltr'>cancellarius</span> 
     </span>
     <span class='ocr_line' id='line_1_48' title="bbox 428 2753 1331 2786; baseline -0.003 -7"><span class='ocrx_word' id='word_1_345' title='bbox 428 2757 519 2785; x_wconf 54' lang='lat' dir='ltr'>Paris„</span> <span class='ocrx_word' id='word_1_346' title='bbox 532 2765 573 2779; x_wconf 78' lang='lat' dir='ltr'>an.</span> <span class='ocrx_word' id='word_1_347' title='bbox 589 2757 656 2783; x_wconf 75' lang='lat'>1395,</span> <span class='ocrx_word' id='word_1_348' title='bbox 671 2755 753 2786; x_wconf 76' lang='lat' dir='ltr'>April.</span> <span class='ocrx_word' id='word_1_349' title='bbox 763 2756 784 2781; x_wconf 83' lang='lat'>2,</span> <span class='ocrx_word' id='word_1_350' title='bbox 798 2763 813 2777; x_wconf 83' lang='lat' dir='ltr'>a</span> <span class='ocrx_word' id='word_1_351' title='bbox 827 2754 964 2777; x_wconf 72' lang='lat' dir='ltr'>Benedicta</span> <span class='ocrx_word' id='word_1_352' title='bbox 972 2755 1033 2777; x_wconf 89' lang='grc' dir='ltr'><em>ΧΙΙΙ</em></span> <span class='ocrx_word' id='word_1_353' title='bbox 1040 2754 1124 2784; x_wconf 70' lang='lat' dir='ltr'>faetus</span> <span class='ocrx_word' id='word_1_354' title='bbox 1137 2757 1173 2776; x_wconf 72' lang='lat' dir='ltr'>est</span> <span class='ocrx_word' id='word_1_355' title='bbox 1184 2753 1259 2784; x_wconf 67' lang='lat' dir='ltr'>episc,</span> <span class='ocrx_word' id='word_1_356' title='bbox 1271 2754 1331 2776; x_wconf 77' lang='lat' dir='ltr'>Ani-</span> 
     </span>
     <span class='ocr_line' id='line_1_49' title="bbox 427 2789 1329 2822; baseline -0.003 -8"><span class='ocrx_word' id='word_1_357' title='bbox 427 2793 502 2815; x_wconf 78' lang='lat' dir='ltr'>cieus.</span> <span class='ocrx_word' id='word_1_358' title='bbox 525 2792 583 2822; x_wconf 59' lang='lat' dir='ltr'>(uid.</span> <span class='ocrx_word' id='word_1_359' title='bbox 600 2791 727 2815; x_wconf 81' lang='lat' dir='ltr'>Chartul..</span> <span class='ocrx_word' id='word_1_360' title='bbox 743 2791 787 2819; x_wconf 81' lang='lat'>111,</span> <span class='ocrx_word' id='word_1_361' title='bbox 801 2799 827 2822; x_wconf 91' lang='lat' dir='ltr'>p.</span> <span class='ocrx_word' id='word_1_362' title='bbox 846 2791 900 2817; x_wconf 79' lang='lat'>259,</span> <span class='ocrx_word' id='word_1_363' title='bbox 912 2792 963 2812; x_wconf 80' lang='lat' dir='ltr'>not.</span> <span class='ocrx_word' id='word_1_364' title='bbox 982 2790 1030 2820; x_wconf 85' lang='lat'>33).</span> <span class='ocrx_word' id='word_1_365' title='bbox 1044 2791 1093 2812; x_wconf 82' lang='lat' dir='ltr'>An.</span> <span class='ocrx_word' id='word_1_366' title='bbox 1110 2789 1205 2817; x_wconf 82' lang='lat' dir='ltr'>eodem,</span> <span class='ocrx_word' id='word_1_367' title='bbox 1221 2789 1292 2812; x_wconf 84' lang='lat' dir='ltr'>Febr.</span> <span class='ocrx_word' id='word_1_368' title='bbox 1306 2789 1329 2817; x_wconf 86' lang='lat'>1,</span> 
     </span>
     <span class='ocr_line' id='line_1_50' title="bbox 428 2824 1329 2858; baseline -0.002 -9"><span class='ocrx_word' id='word_1_369' title='bbox 428 2828 451 2849; x_wconf 82' lang='lat' dir='ltr'>in</span> <span class='ocrx_word' id='word_1_370' title='bbox 469 2827 570 2858; x_wconf 79' lang='lat' dir='ltr'>publico</span> <span class='ocrx_word' id='word_1_371' title='bbox 586 2829 708 2850; x_wconf 71' lang='lat' dir='ltr'>conventu</span> <span class='ocrx_word' id='word_1_372' title='bbox 724 2826 817 2854; x_wconf 59' lang='lat' dir='ltr'>Paris„</span> <span class='ocrx_word' id='word_1_373' title='bbox 835 2825 863 2848; x_wconf 80' lang='lat' dir='ltr'>id</span> <span class='ocrx_word' id='word_1_374' title='bbox 881 2827 918 2848; x_wconf 72' lang='lat' dir='ltr'>ent</span> <span class='ocrx_word' id='word_1_375' title='bbox 938 2825 963 2848; x_wconf 78' lang='lat' dir='ltr'>[n</span> <span class='ocrx_word' id='word_1_376' title='bbox 977 2825 1105 2856; x_wconf 79' lang='lat' dir='ltr'>principio</span> <span class='ocrx_word' id='word_1_377' title='bbox 1124 2824 1203 2855; x_wconf 88' lang='lat' dir='ltr'>primi</span> <span class='ocrx_word' id='word_1_378' title='bbox 1220 2824 1329 2847; x_wconf 88' lang='lat' dir='ltr'>Concilii</span> 
     </span>
     <span class='ocr_line' id='line_1_51' title="bbox 429 2860 1330 2893; baseline -0.003 -8"><span class='ocrx_word' id='word_1_379' title='bbox 429 2863 510 2886; x_wconf 81' lang='lat' dir='ltr'>Puris.</span> <span class='ocrx_word' id='word_1_380' title='bbox 522 2871 658 2885; x_wconf 78' lang='lat' dir='ltr'>sermonem</span> <span class='ocrx_word' id='word_1_381' title='bbox 671 2861 786 2893; x_wconf 79' lang='lat' dir='ltr'>protulit,</span> <span class='ocrx_word' id='word_1_382' title='bbox 799 2862 824 2884; x_wconf 83' lang='lat' dir='ltr'>in</span> <span class='ocrx_word' id='word_1_383' title='bbox 838 2869 887 2892; x_wconf 86' lang='lat' dir='ltr'>quo</span> <span class='ocrx_word' id='word_1_384' title='bbox 895 2860 972 2892; x_wconf 62' lang='lat' dir='ltr'>juxta</span> <span class='ocrx_word' id='word_1_385' title='bbox 989 2860 1164 2883; x_wconf 76' lang='lat' dir='ltr'>Unwersitatis</span> <span class='ocrx_word' id='word_1_386' title='bbox 1179 2860 1330 2882; x_wconf 72' lang='lat' dir='ltr'>sententiam</span> 
     </span>
     <span class='ocr_line' id='line_1_52' title="bbox 428 2895 1329 2928; baseline -0.003 -8"><span class='ocrx_word' id='word_1_387' title='bbox 428 2898 496 2920; x_wconf 77' lang='lat' dir='ltr'>viam</span> <span class='ocrx_word' id='word_1_388' title='bbox 517 2898 643 2921; x_wconf 80' lang='lat' dir='ltr'>cessionis</span> <span class='ocrx_word' id='word_1_389' title='bbox 664 2899 770 2920; x_wconf 79' lang='lat' dir='ltr'>duorum</span> <span class='ocrx_word' id='word_1_390' title='bbox 788 2905 915 2928; x_wconf 79' lang='lat' dir='ltr'>poparum</span> <span class='ocrx_word' id='word_1_391' title='bbox 936 2899 962 2919; x_wconf 82' lang='lat' dir='ltr'>ut</span> <span class='ocrx_word' id='word_1_392' title='bbox 982 2895 1118 2918; x_wconf 76' lang='lat' dir='ltr'>breviorem</span> <span class='ocrx_word' id='word_1_393' title='bbox 1139 2898 1163 2918; x_wconf 75' lang='lat' dir='ltr'>et</span> <span class='ocrx_word' id='word_1_394' title='bbox 1183 2895 1329 2918; x_wconf 80' lang='lat' dir='ltr'>lucidiorem</span> 
     </span>
     <span class='ocr_line' id='line_1_53' title="bbox 426 2931 1329 2964; baseline -0.002 -9"><span class='ocrx_word' id='word_1_395' title='bbox 426 2934 582 2964; x_wconf 73' lang='lat' dir='ltr'>proponebat</span> <span class='ocrx_word' id='word_1_396' title='bbox 594 2934 654 2963; x_wconf 71' lang='lat' dir='ltr'>(vid.</span> <span class='ocrx_word' id='word_1_397' title='bbox 666 2934 760 2956; x_wconf 77' lang='lat' dir='ltr'>Cbi&#39;on.</span> <span class='ocrx_word' id='word_1_398' title='bbox 771 2933 804 2955; x_wconf 90' lang='lat' dir='ltr'>du</span> <span class='ocrx_word' id='word_1_399' title='bbox 817 2933 861 2955; x_wconf 88' lang='lat' dir='ltr'>rel.</span> <span class='ocrx_word' id='word_1_400' title='bbox 874 2932 905 2955; x_wconf 89' lang='lat' dir='ltr'>de</span> <span class='ocrx_word' id='word_1_401' title='bbox 915 2932 1050 2962; x_wconf 83' lang='lat' dir='ltr'>St-Denys,</span> <span class='ocrx_word' id='word_1_402' title='bbox 1062 2932 1092 2959; x_wconf 84' lang='lat'>11,</span> <span class='ocrx_word' id='word_1_403' title='bbox 1103 2931 1167 2962; x_wconf 74' lang='lat'>224).</span> <span class='ocrx_word' id='word_1_404' title='bbox 1177 2933 1237 2954; x_wconf 70' lang='lat' dir='ltr'>Mox</span> <span class='ocrx_word' id='word_1_405' title='bbox 1245 2933 1329 2954; x_wconf 80' lang='lat' dir='ltr'>tamen</span> 
     </span>
     <span class='ocr_line' id='line_1_54' title="bbox 427 2966 1329 2998; baseline -0.002 -7"><span class='ocrx_word' id='word_1_406' title='bbox 427 2969 552 2991; x_wconf 69' lang='lat' dir='ltr'>Auenione</span> <span class='ocrx_word' id='word_1_407' title='bbox 566 2978 618 2991; x_wconf 79' lang='lat' dir='ltr'>cum</span> <span class='ocrx_word' id='word_1_408' title='bbox 635 2968 771 2991; x_wconf 67' lang='lat' dir='ltr'>Brnezlicto</span> <span class='ocrx_word' id='word_1_409' title='bbox 784 2969 845 2991; x_wconf 79' lang='grc' dir='ltr'><em>ΧΙΙΙ</em></span> <span class='ocrx_word' id='word_1_410' title='bbox 857 2967 903 2996; x_wconf 86' lang='lat' dir='ltr'>(ad</span> <span class='ocrx_word' id='word_1_411' title='bbox 920 2975 992 2998; x_wconf 87' lang='lat' dir='ltr'>quem</span> <span class='ocrx_word' id='word_1_412' title='bbox 1010 2970 1144 2998; x_wconf 80' lang='lat' dir='ltr'>praeterea</span> <span class='ocrx_word' id='word_1_413' title='bbox 1162 2966 1271 2990; x_wconf 79' lang='lat' dir='ltr'>rotulum</span> <span class='ocrx_word' id='word_1_414' title='bbox 1279 2974 1329 2997; x_wconf 72' lang='lat' dir='ltr'>pro</span> 
     </span>
    </p>
   </div>
   <div class='ocr_carea' id='block_1_5' title="bbox 1368 959 1401 984">
    <p class='ocr_par' dir='ltr' id='par_1_6' title="bbox 1368 959 1401 984">
     <span class='ocr_line' id='line_1_55' title="bbox 1368 959 1401 984; baseline 0.03 -1"><span class='ocrx_word' id='word_1_415' title='bbox 1368 959 1401 984; x_wconf 93' lang='lat'>10</span> 
     </span>
    </p>
   </div>
   <div class='ocr_carea' id='block_1_6' title="bbox 1369 1203 1402 1228">
    <p class='ocr_par' dir='ltr' id='par_1_7' title="bbox 1369 1203 1402 1228">
     <span class='ocr_line' id='line_1_56' title="bbox 1369 1203 1402 1228; baseline 0 0"><span class='ocrx_word' id='word_1_416' title='bbox 1369 1203 1402 1228; x_wconf 87' lang='grc'>15</span> 
     </span>
    </p>
   </div>
   <div class='ocr_carea' id='block_1_7' title="bbox 1368 1449 1402 1474">
    <p class='ocr_par' dir='ltr' id='par_1_8' title="bbox 1368 1449 1402 1474">
     <span class='ocr_line' id='line_1_57' title="bbox 1368 1449 1402 1474; baseline 0 0"><span class='ocrx_word' id='word_1_417' title='bbox 1368 1449 1402 1474; x_wconf 81' lang='lat'>20</span> 
     </span>
    </p>
   </div>
   <div class='ocr_carea' id='block_1_8' title="bbox 1369 1694 1402 1720">
    <p class='ocr_par' dir='ltr' id='par_1_9' title="bbox 1369 1694 1402 1720">
     <span class='ocr_line' id='line_1_58' title="bbox 1369 1694 1402 1720; baseline 0.03 -1"><span class='ocrx_word' id='word_1_418' title='bbox 1369 1694 1402 1720; x_wconf 85' lang='lat'>25</span> 
     </span>
    </p>
   </div>
   <div class='ocr_carea' id='block_1_9' title="bbox 1368 1939 1402 1964">
    <p class='ocr_par' dir='ltr' id='par_1_10' title="bbox 1368 1939 1402 1964">
     <span class='ocr_line' id='line_1_59' title="bbox 1368 1939 1402 1964; baseline 0 0"><span class='ocrx_word' id='word_1_419' title='bbox 1368 1939 1402 1964; x_wconf 88' lang='grc'>30</span> 
     </span>
    </p>
   </div>
   <div class='ocr_carea' id='block_1_10' title="bbox 1369 2185 1402 2210">
    <p class='ocr_par' dir='ltr' id='par_1_11' title="bbox 1369 2185 1402 2210">
     <span class='ocr_line' id='line_1_60' title="bbox 1369 2185 1402 2210; baseline 0 0"><span class='ocrx_word' id='word_1_420' title='bbox 1369 2185 1402 2210; x_wconf 88' lang='grc'>35</span> 
     </span>
    </p>
   </div>
   <div class='ocr_carea' id='block_1_11' title="bbox 1368 2430 1401 2456">
    <p class='ocr_par' dir='ltr' id='par_1_12' title="bbox 1368 2430 1401 2456">
     <span class='ocr_line' id='line_1_61' title="bbox 1368 2430 1401 2456; baseline 0.03 -1"><span class='ocrx_word' id='word_1_421' title='bbox 1368 2430 1401 2456; x_wconf 87' lang='grc'>40</span> 
     </span>
    </p>
   </div>
   <div class='ocr_carea' id='block_1_12' title="bbox 1435 513 2347 1094">
    <p class='ocr_par' dir='ltr' id='par_1_13' title="bbox 1435 513 2347 1094">
     <span class='ocr_line' id='line_1_62' title="bbox 1440 513 2345 554; baseline 0.004 -13"><span class='ocrx_word' id='word_1_422' title='bbox 1440 513 1471 542; x_wconf 91' lang='lat' dir='ltr'>in</span> <span class='ocrx_word' id='word_1_423' title='bbox 1480 513 1606 542; x_wconf 90' lang='lat' dir='ltr'>materia</span> <span class='ocrx_word' id='word_1_424' title='bbox 1618 514 1742 546; x_wconf 79' lang='lat' dir='ltr'>unionis</span> <span class='ocrx_word' id='word_1_425' title='bbox 1756 515 1886 544; x_wconf 87' lang='lat' dir='ltr'>ecclesie</span> <span class='ocrx_word' id='word_1_426' title='bbox 1898 524 1956 554; x_wconf 88' lang='lat' dir='ltr'>per</span> <span class='ocrx_word' id='word_1_427' title='bbox 1965 514 2150 544; x_wconf 83' lang='lat' dir='ltr'>relacionem</span> <span class='ocrx_word' id='word_1_428' title='bbox 2162 516 2345 545; x_wconf 80' lang='lat' dir='ltr'>nunciorum</span> 
     </span>
     <span class='ocr_line' id='line_1_63' title="bbox 1439 561 2346 594; baseline 0.003 -3"><span class='ocrx_word' id='word_1_429' title='bbox 1439 561 1659 592; x_wconf 87' lang='lat' dir='ltr'>Universitatis</span> <span class='ocrx_word' id='word_1_430' title='bbox 1681 563 1847 592; x_wconf 89' lang='lat' dir='ltr'>missorum</span> <span class='ocrx_word' id='word_1_431' title='bbox 1865 564 1903 592; x_wconf 90' lang='lat' dir='ltr'>ad</span> <span class='ocrx_word' id='word_1_432' title='bbox 1927 564 2119 594; x_wconf 85' lang='lat' dir='ltr'>Avinionem.</span> <span class='ocrx_word' id='word_1_433' title='bbox 2140 564 2180 593; x_wconf 84' lang='lat' dir='ltr'>Et</span> <span class='ocrx_word' id='word_1_434' title='bbox 2198 564 2346 594; x_wconf 88' lang='lat' dir='ltr'>nominati</span> 
     </span>
     <span class='ocr_line' id='line_1_64' title="bbox 1441 612 2347 652; baseline 0.003 -12"><span class='ocrx_word' id='word_1_435' title='bbox 1441 612 1563 641; x_wconf 83' lang='lat' dir='ltr'>fuerunt</span> <span class='ocrx_word' id='word_1_436' title='bbox 1577 621 1643 647; x_wconf 68' lang='lat' dir='ltr'>seit,</span> <span class='ocrx_word' id='word_1_437' title='bbox 1661 622 1790 652; x_wconf 82' lang='lat' dir='ltr'>quorum</span> <span class='ocrx_word' id='word_1_438' title='bbox 1806 623 1885 642; x_wconf 91' lang='lat' dir='ltr'>unus</span> <span class='ocrx_word' id='word_1_439' title='bbox 1904 612 2022 642; x_wconf 88' lang='lat' dir='ltr'>scilicet</span> <span class='ocrx_word' id='word_1_440' title='bbox 2040 613 2183 643; x_wconf 90' lang='lat' dir='ltr'>dominus</span> <span class='ocrx_word' id='word_1_441' title='bbox 2198 613 2347 643; x_wconf 85' lang='lat' dir='ltr'>Anicieu-</span> 
     </span>
     <span class='ocr_line' id='line_1_65' title="bbox 1439 659 2347 701; baseline 0.003 -12"><span class='ocrx_word' id='word_1_442' title='bbox 1439 660 1483 689; x_wconf 90' lang='lat' dir='ltr'>sis</span> <span class='ocrx_word' id='word_1_443' title='bbox 1501 659 1509 678; x_wconf 87' lang='lat'><strong><em>⁴</em></strong></span> <span class='ocrx_word' id='word_1_444' title='bbox 1537 660 1714 690; x_wconf 89' lang='lat' dir='ltr'>intendebat</span> <span class='ocrx_word' id='word_1_445' title='bbox 1742 671 1775 690; x_wconf 89' lang='lat' dir='ltr'>se</span> <span class='ocrx_word' id='word_1_446' title='bbox 1805 671 1963 691; x_wconf 84' lang='lat' dir='ltr'>excusare.</span> <span class='ocrx_word' id='word_1_447' title='bbox 1996 662 2035 691; x_wconf 91' lang='lat' dir='ltr'>Et</span> <span class='ocrx_word' id='word_1_448' title='bbox 2060 668 2244 701; x_wconf 88' lang='lat' dir='ltr'>procurator</span> <span class='ocrx_word' id='word_1_449' title='bbox 2274 663 2347 692; x_wconf 89' lang='lat' dir='ltr'>red-</span> 
     </span>
     <span class='ocr_line' id='line_1_66' title="bbox 1439 710 2346 751; baseline 0.003 -13"><span class='ocrx_word' id='word_1_450' title='bbox 1439 710 1540 738; x_wconf 90' lang='lat' dir='ltr'>dendo</span> <span class='ocrx_word' id='word_1_451' title='bbox 1556 710 1812 740; x_wconf 84' lang='lat' dir='ltr'>deliberacionem</span> <span class='ocrx_word' id='word_1_452' title='bbox 1827 711 1967 740; x_wconf 86' lang='lat' dir='ltr'>nacionis</span> <span class='ocrx_word' id='word_1_453' title='bbox 1980 711 2012 740; x_wconf 87' lang='lat' dir='ltr'>in</span> <span class='ocrx_word' id='word_1_454' title='bbox 2025 711 2166 740; x_wconf 82' lang='lat' dir='ltr'>facultate</span> <span class='ocrx_word' id='word_1_455' title='bbox 2177 711 2346 751; x_wconf 85' lang='lat' dir='ltr'>requisitus</span> 
     </span>
     <span class='ocr_line' id='line_1_67' title="bbox 1440 759 2345 799; baseline 0.003 -12"><span class='ocrx_word' id='word_1_456' title='bbox 1440 768 1497 797; x_wconf 89' lang='lat' dir='ltr'>per</span> <span class='ocrx_word' id='word_1_457' title='bbox 1512 759 1590 788; x_wconf 90' lang='lat' dir='ltr'>duos</span> <span class='ocrx_word' id='word_1_458' title='bbox 1605 760 1783 799; x_wconf 87' lang='lat' dir='ltr'>magistros,</span> <span class='ocrx_word' id='word_1_459' title='bbox 1803 766 1954 799; x_wconf 87' lang='lat' dir='ltr'>quatenus</span> <span class='ocrx_word' id='word_1_460' title='bbox 1971 760 2089 789; x_wconf 89' lang='lat' dir='ltr'>diceret</span> <span class='ocrx_word' id='word_1_461' title='bbox 2100 766 2203 790; x_wconf 89' lang='lat' dir='ltr'>utrum</span> <span class='ocrx_word' id='word_1_462' title='bbox 2219 760 2345 790; x_wconf 87' lang='lat' dir='ltr'>habere-</span> 
     </span>
     <span class='ocr_line' id='line_1_68' title="bbox 1439 808 2346 849; baseline 0.003 -13"><span class='ocrx_word' id='word_1_463' title='bbox 1439 813 1490 836; x_wconf 86' lang='lat' dir='ltr'>tur</span> <span class='ocrx_word' id='word_1_464' title='bbox 1504 808 1647 837; x_wconf 88' lang='lat' dir='ltr'>dominus</span> <span class='ocrx_word' id='word_1_465' title='bbox 1666 808 1843 838; x_wconf 87' lang='lat' dir='ltr'>Aniciensis</span> <span class='ocrx_word' id='word_1_466' title='bbox 1862 815 2037 848; x_wconf 87' lang='lat' dir='ltr'>suspectus,</span> <span class='ocrx_word' id='word_1_467' title='bbox 2055 815 2085 838; x_wconf 88' lang='lat' dir='ltr'>et</span> <span class='ocrx_word' id='word_1_468' title='bbox 2103 815 2204 838; x_wconf 87' lang='lat' dir='ltr'>utrum</span> <span class='ocrx_word' id='word_1_469' title='bbox 2223 810 2291 849; x_wconf 87' lang='lat' dir='ltr'>ipse</span> <span class='ocrx_word' id='word_1_470' title='bbox 2308 810 2346 839; x_wconf 91' lang='lat' dir='ltr'>de</span> 
     </span>
     <span class='ocr_line' id='line_1_69' title="bbox 1440 858 2346 898; baseline 0.003 -13"><span class='ocrx_word' id='word_1_471' title='bbox 1440 862 1542 886; x_wconf 89' lang='lat' dir='ltr'>cetero</span> <span class='ocrx_word' id='word_1_472' title='bbox 1567 858 1693 887; x_wconf 85' lang='lat' dir='ltr'>deberet</span> <span class='ocrx_word' id='word_1_473' title='bbox 1724 858 1839 887; x_wconf 89' lang='lat' dir='ltr'>intrare</span> <span class='ocrx_word' id='word_1_474' title='bbox 1868 858 2144 898; x_wconf 85' lang='lat' dir='ltr'>congregacionem</span> <span class='ocrx_word' id='word_1_475' title='bbox 2170 870 2176 887; x_wconf 70' lang='grc' dir='ltr'>ε</span> <span class='ocrx_word' id='word_1_476' title='bbox 2203 858 2346 888; x_wconf 85' lang='lat' dir='ltr'>dominus</span> 
     </span>
     <span class='ocr_line' id='line_1_70' title="bbox 1438 907 2347 947; baseline 0.003 -13"><span class='ocrx_word' id='word_1_477' title='bbox 1438 912 1624 944; x_wconf 88' lang='lat' dir='ltr'>procurator</span> <span class='ocrx_word' id='word_1_478' title='bbox 1642 907 1814 946; x_wconf 87' lang='lat' dir='ltr'>respondit,</span> <span class='ocrx_word' id='word_1_479' title='bbox 1837 908 1919 947; x_wconf 91' lang='lat' dir='ltr'>quod</span> <span class='ocrx_word' id='word_1_480' title='bbox 1938 907 2095 936; x_wconf 89' lang='lat' dir='ltr'>nesciebat</span> <span class='ocrx_word' id='word_1_481' title='bbox 2109 917 2143 937; x_wconf 81' lang='lat' dir='ltr'>se</span> <span class='ocrx_word' id='word_1_482' title='bbox 2158 907 2271 937; x_wconf 87' lang='lat' dir='ltr'>habere</span> <span class='ocrx_word' id='word_1_483' title='bbox 2288 907 2347 938; x_wconf 91' lang='lat' dir='ltr'>hoc</span> 
     </span>
     <span class='ocr_line' id='line_1_71' title="bbox 1439 955 2347 999; baseline 0.002 -16"><span class='ocrx_word' id='word_1_484' title='bbox 1439 963 1496 993; x_wconf 90' lang='lat' dir='ltr'>per</span> <span class='ocrx_word' id='word_1_485' title='bbox 1510 955 1680 999; x_wconf 76' lang='lat' dir='ltr'>nacionem.</span> <span class='ocrx_word' id='word_1_486' title='bbox 1699 956 1738 984; x_wconf 89' lang='lat' dir='ltr'>Et</span> <span class='ocrx_word' id='word_1_487' title='bbox 1753 962 1855 985; x_wconf 87' lang='lat' dir='ltr'>rector</span> <span class='ocrx_word' id='word_1_488' title='bbox 1868 956 2031 996; x_wconf 86' lang='lat' dir='ltr'>requisivit</span> <span class='ocrx_word' id='word_1_489' title='bbox 2043 963 2276 996; x_wconf 87' lang='lat' dir='ltr'>procuratorem</span> <span class='ocrx_word' id='word_1_490' title='bbox 2291 966 2347 996; x_wconf 87' lang='lat' dir='ltr'>per</span> 
     </span>
     <span class='ocr_line' id='line_1_72' title="bbox 1435 1002 2347 1045; baseline 0.002 -13"><span class='ocrx_word' id='word_1_491' title='bbox 1435 1002 1653 1042; x_wconf 84' lang='lat' dir='ltr'>juramentum,</span> <span class='ocrx_word' id='word_1_492' title='bbox 1677 1011 1827 1044; x_wconf 89' lang='lat' dir='ltr'>quatenus</span> <span class='ocrx_word' id='word_1_493' title='bbox 1850 1015 1944 1044; x_wconf 89' lang='lat' dir='ltr'>super</span> <span class='ocrx_word' id='word_1_494' title='bbox 1961 1005 2021 1034; x_wconf 90' lang='lat' dir='ltr'>hiis</span> <span class='ocrx_word' id='word_1_495' title='bbox 2039 1006 2152 1034; x_wconf 86' lang='lat' dir='ltr'>faceret</span> <span class='ocrx_word' id='word_1_496' title='bbox 2173 1015 2347 1045; x_wconf 80' lang='lat' dir='ltr'>congrega-</span> 
     </span>
     <span class='ocr_line' id='line_1_73' title="bbox 1438 1052 2346 1094; baseline 0.002 -13"><span class='ocrx_word' id='word_1_497' title='bbox 1438 1052 1557 1082; x_wconf 87' lang='lat' dir='ltr'>cionem</span> <span class='ocrx_word' id='word_1_498' title='bbox 1575 1053 1606 1082; x_wconf 92' lang='lat' dir='ltr'>in</span> <span class='ocrx_word' id='word_1_499' title='bbox 1624 1053 1725 1083; x_wconf 91' lang='lat' dir='ltr'>nonis.</span> <span class='ocrx_word' id='word_1_500' title='bbox 1751 1053 1926 1094; x_wconf 87' lang='lat' dir='ltr'>Respondit</span> <span class='ocrx_word' id='word_1_501' title='bbox 1944 1061 2128 1093; x_wconf 89' lang='lat' dir='ltr'>procurator</span> <span class='ocrx_word' id='word_1_502' title='bbox 2145 1055 2228 1094; x_wconf 90' lang='lat' dir='ltr'>quod</span> <span class='ocrx_word' id='word_1_503' title='bbox 2245 1053 2346 1083; x_wconf 89' lang='lat' dir='ltr'>liben-</span> 
     </span>
    </p>
   </div>
   <div class='ocr_carea' id='block_1_13' title="bbox 1439 1102 2385 1142">
    <p class='ocr_par' dir='ltr' id='par_1_14' title="bbox 1439 1102 2385 1142">
     <span class='ocr_line' id='line_1_74' title="bbox 1439 1102 2385 1142; baseline 0.002 -11"><span class='ocrx_word' id='word_1_504' title='bbox 1439 1108 1486 1131; x_wconf 88' lang='lat' dir='ltr'>ter</span> <span class='ocrx_word' id='word_1_505' title='bbox 1516 1103 1638 1131; x_wconf 87' lang='lat' dir='ltr'>faceret.</span> <span class='ocrx_word' id='word_1_506' title='bbox 1666 1102 1705 1132; x_wconf 89' lang='lat' dir='ltr'>Et</span> <span class='ocrx_word' id='word_1_507' title='bbox 1725 1109 1835 1142; x_wconf 89' lang='lat' dir='ltr'>postea</span> <span class='ocrx_word' id='word_1_508' title='bbox 1859 1109 2044 1142; x_wconf 89' lang='lat' dir='ltr'>procurator</span> <span class='ocrx_word' id='word_1_509' title='bbox 2066 1103 2187 1133; x_wconf 88' lang='lat' dir='ltr'>locutus</span> <span class='ocrx_word' id='word_1_510' title='bbox 2209 1109 2257 1132; x_wconf 86' lang='lat' dir='ltr'>est</span> <span class='ocrx_word' id='word_1_511' title='bbox 2278 1113 2346 1133; x_wconf 89' lang='lat' dir='ltr'>cum</span> <span class='ocrx_word' id='word_1_512' title='bbox 2383 1119 2385 1123; x_wconf 93' lang='lat'>·</span> 
     </span>
    </p>
   </div>
   <div class='ocr_carea' id='block_1_14' title="bbox 1438 1151 2348 2659">
    <p class='ocr_par' dir='ltr' id='par_1_15' title="bbox 1438 1151 2348 1278">
     <span class='ocr_line' id='line_1_75' title="bbox 1440 1151 2348 1192; baseline 0.002 -12"><span class='ocrx_word' id='word_1_513' title='bbox 1440 1151 1564 1180; x_wconf 91' lang='lat' dir='ltr'>domino</span> <span class='ocrx_word' id='word_1_514' title='bbox 1573 1158 1693 1181; x_wconf 88' lang='lat' dir='ltr'>rectore</span> <span class='ocrx_word' id='word_1_515' title='bbox 1703 1152 1845 1187; x_wconf 91' lang='lat' dir='ltr'>dicendo,</span> <span class='ocrx_word' id='word_1_516' title='bbox 1854 1153 2008 1192; x_wconf 89' lang='lat' dir='ltr'>quomodo</span> <span class='ocrx_word' id='word_1_517' title='bbox 2017 1152 2255 1182; x_wconf 86' lang='lat' dir='ltr'>conveniencius</span> <span class='ocrx_word' id='word_1_518' title='bbox 2263 1159 2348 1182; x_wconf 85' lang='lat' dir='ltr'>esset</span> 
     </span>
     <span class='ocr_line' id='line_1_76' title="bbox 1438 1201 2345 1240; baseline 0.002 -11"><span class='ocrx_word' id='word_1_519' title='bbox 1438 1210 1497 1239; x_wconf 90' lang='lat' dir='ltr'>pro</span> <span class='ocrx_word' id='word_1_520' title='bbox 1520 1201 1569 1229; x_wconf 90' lang='lat' dir='ltr'>die</span> <span class='ocrx_word' id='word_1_521' title='bbox 1596 1201 1737 1240; x_wconf 89' lang='lat' dir='ltr'>sequenti</span> <span class='ocrx_word' id='word_1_522' title='bbox 1751 1201 1788 1230; x_wconf 90' lang='lat' dir='ltr'>de</span> <span class='ocrx_word' id='word_1_523' title='bbox 1810 1211 1908 1230; x_wconf 90' lang='lat' dir='ltr'>mane.</span> <span class='ocrx_word' id='word_1_524' title='bbox 1933 1201 1973 1230; x_wconf 90' lang='lat' dir='ltr'>Et</span> <span class='ocrx_word' id='word_1_525' title='bbox 1994 1202 2119 1231; x_wconf 92' lang='lat' dir='ltr'>domino</span> <span class='ocrx_word' id='word_1_526' title='bbox 2140 1201 2254 1231; x_wconf 88' lang='lat' dir='ltr'>rectori</span> <span class='ocrx_word' id='word_1_527' title='bbox 2276 1202 2345 1240; x_wconf 79' lang='lat' dir='ltr'>pla-</span> 
     </span>
     <span class='ocr_line' id='line_1_77' title="bbox 1441 1255 1514 1278; baseline 0 0"><span class='ocrx_word' id='word_1_528' title='bbox 1441 1255 1514 1278; x_wconf 83' lang='lat' dir='ltr'>cuit.</span> 
     </span>
    </p>

    <p class='ocr_par' dir='ltr' id='par_1_16' title="bbox 1439 1298 2347 1779">
     <span class='ocr_line' id='line_1_78' title="bbox 1481 1298 2346 1339; baseline 0.001 -12"><span class='ocrx_word' id='word_1_529' title='bbox 1481 1298 1582 1335; x_wconf 83' lang='lat' dir='ltr'>Quare</span> <span class='ocrx_word' id='word_1_530' title='bbox 1607 1298 1638 1327; x_wconf 90' lang='lat' dir='ltr'>in</span> <span class='ocrx_word' id='word_1_531' title='bbox 1667 1299 1716 1328; x_wconf 88' lang='lat' dir='ltr'>die</span> <span class='ocrx_word' id='word_1_532' title='bbox 1746 1299 1887 1338; x_wconf 84' lang='lat' dir='ltr'>sequenti</span> <span class='ocrx_word' id='word_1_533' title='bbox 1911 1299 2025 1328; x_wconf 90' lang='lat' dir='ltr'>indicta</span> <span class='ocrx_word' id='word_1_534' title='bbox 2049 1306 2114 1328; x_wconf 89' lang='lat' dir='ltr'>erat</span> <span class='ocrx_word' id='word_1_535' title='bbox 2139 1299 2346 1339; x_wconf 84' lang='lat' dir='ltr'>congregacio</span> 
     </span>
     <span class='ocr_line' id='line_1_79' title="bbox 1440 1347 2346 1388; baseline 0.002 -12"><span class='ocrx_word' id='word_1_536' title='bbox 1440 1348 1519 1386; x_wconf 89' lang='lat' dir='ltr'>apud</span> <span class='ocrx_word' id='word_1_537' title='bbox 1538 1347 1682 1377; x_wconf 85' lang='lat' dir='ltr'>Sanctum</span> <span class='ocrx_word' id='word_1_538' title='bbox 1700 1348 1898 1383; x_wconf 88' lang='lat' dir='ltr'>Maturinum‚</span> <span class='ocrx_word' id='word_1_539' title='bbox 1914 1354 1944 1377; x_wconf 88' lang='lat' dir='ltr'>et</span> <span class='ocrx_word' id='word_1_540' title='bbox 1959 1348 2072 1377; x_wconf 88' lang='lat' dir='ltr'>ibidem</span> <span class='ocrx_word' id='word_1_541' title='bbox 2095 1349 2265 1388; x_wconf 86' lang='lat' dir='ltr'>propositis</span> <span class='ocrx_word' id='word_1_542' title='bbox 2283 1348 2346 1378; x_wconf 83' lang='lat' dir='ltr'>illis</span> 
     </span>
     <span class='ocr_line' id='line_1_80' title="bbox 1439 1396 2346 1437; baseline 0 -11"><span class='ocrx_word' id='word_1_543' title='bbox 1439 1396 1589 1431; x_wconf 85' lang='lat' dir='ltr'>articulis,</span> <span class='ocrx_word' id='word_1_544' title='bbox 1618 1398 1884 1436; x_wconf 86' lang='lat' dir='ltr'>superaddebatur</span> <span class='ocrx_word' id='word_1_545' title='bbox 1919 1397 2014 1432; x_wconf 87' lang='lat' dir='ltr'>alius,</span> <span class='ocrx_word' id='word_1_546' title='bbox 2049 1398 2088 1426; x_wconf 90' lang='lat' dir='ltr'>ad</span> <span class='ocrx_word' id='word_1_547' title='bbox 2124 1407 2215 1437; x_wconf 88' lang='lat' dir='ltr'>quem</span> <span class='ocrx_word' id='word_1_548' title='bbox 2251 1397 2346 1427; x_wconf 87' lang='lat' dir='ltr'>eciam</span> 
     </span>
     <span class='ocr_line' id='line_1_81' title="bbox 1439 1445 2347 1486; baseline 0.002 -12"><span class='ocrx_word' id='word_1_549' title='bbox 1439 1445 1553 1475; x_wconf 90' lang='lat' dir='ltr'>indicta</span> <span class='ocrx_word' id='word_1_550' title='bbox 1582 1452 1646 1475; x_wconf 89' lang='lat' dir='ltr'>erat</span> <span class='ocrx_word' id='word_1_551' title='bbox 1674 1446 1897 1486; x_wconf 88' lang='lat' dir='ltr'>congregacio,</span> <span class='ocrx_word' id='word_1_552' title='bbox 1924 1446 2069 1476; x_wconf 87' lang='lat' dir='ltr'>videlicet</span> <span class='ocrx_word' id='word_1_553' title='bbox 2099 1446 2171 1486; x_wconf 87' lang='lat' dir='ltr'>quia</span> <span class='ocrx_word' id='word_1_554' title='bbox 2203 1446 2347 1476; x_wconf 82' lang='lat' dir='ltr'>dominus</span> 
     </span>
     <span class='ocr_line' id='line_1_82' title="bbox 1439 1495 2346 1535; baseline 0.001 -11"><span class='ocrx_word' id='word_1_555' title='bbox 1439 1501 1582 1534; x_wconf 89' lang='lat' dir='ltr'>receptor</span> <span class='ocrx_word' id='word_1_556' title='bbox 1602 1495 1712 1524; x_wconf 90' lang='lat' dir='ltr'>multas</span> <span class='ocrx_word' id='word_1_557' title='bbox 1735 1495 1881 1534; x_wconf 89' lang='lat' dir='ltr'>pecunias</span> <span class='ocrx_word' id='word_1_558' title='bbox 1903 1496 2047 1535; x_wconf 86' lang='lat' dir='ltr'>exposuit</span> <span class='ocrx_word' id='word_1_559' title='bbox 2069 1506 2127 1535; x_wconf 90' lang='lat' dir='ltr'>pro</span> <span class='ocrx_word' id='word_1_560' title='bbox 2146 1496 2346 1535; x_wconf 78' lang='lat' dir='ltr'>reparacione</span> 
     </span>
     <span class='ocr_line' id='line_1_83' title="bbox 1439 1544 2346 1584; baseline 0.002 -12"><span class='ocrx_word' id='word_1_561' title='bbox 1439 1545 1548 1573; x_wconf 90' lang='lat' dir='ltr'>domus</span> <span class='ocrx_word' id='word_1_562' title='bbox 1559 1545 1602 1573; x_wconf 82' lang='lat' dir='ltr'>ad</span> <span class='ocrx_word' id='word_1_563' title='bbox 1613 1555 1704 1573; x_wconf 81' lang='lat' dir='ltr'>cornu</span> <span class='ocrx_word' id='word_1_564' title='bbox 1715 1546 1803 1579; x_wconf 74' lang='lat' dir='ltr'>cervi,</span> <span class='ocrx_word' id='word_1_565' title='bbox 1816 1551 1846 1573; x_wconf 89' lang='lat' dir='ltr'>et</span> <span class='ocrx_word' id='word_1_566' title='bbox 1855 1544 1954 1573; x_wconf 86' lang='lat' dir='ltr'>adhuc</span> <span class='ocrx_word' id='word_1_567' title='bbox 1965 1550 2123 1584; x_wconf 85' lang='lat' dir='ltr'>oporteret</span> <span class='ocrx_word' id='word_1_568' title='bbox 2134 1544 2241 1584; x_wconf 88' lang='lat' dir='ltr'>plures</span> <span class='ocrx_word' id='word_1_569' title='bbox 2253 1554 2346 1584; x_wconf 89' lang='lat' dir='ltr'>expo-</span> 
     </span>
     <span class='ocr_line' id='line_1_84' title="bbox 1439 1592 2346 1632; baseline 0 -10"><span class='ocrx_word' id='word_1_570' title='bbox 1439 1603 1524 1628; x_wconf 88' lang='lat' dir='ltr'>nere,</span> <span class='ocrx_word' id='word_1_571' title='bbox 1544 1594 1627 1632; x_wconf 91' lang='lat' dir='ltr'>quod</span> <span class='ocrx_word' id='word_1_572' title='bbox 1645 1593 1732 1622; x_wconf 91' lang='lat' dir='ltr'>nacio</span> <span class='ocrx_word' id='word_1_573' title='bbox 1746 1593 1936 1632; x_wconf 84' lang='lat' dir='ltr'>provideret.</span> <span class='ocrx_word' id='word_1_574' title='bbox 1953 1593 2054 1632; x_wconf 86' lang='lat' dir='ltr'>Super</span> <span class='ocrx_word' id='word_1_575' title='bbox 2069 1593 2128 1622; x_wconf 89' lang='lat' dir='ltr'>isto</span> <span class='ocrx_word' id='word_1_576' title='bbox 2142 1593 2248 1622; x_wconf 89' lang='lat' dir='ltr'>ultimo</span> <span class='ocrx_word' id='word_1_577' title='bbox 2266 1592 2346 1622; x_wconf 89' lang='lat' dir='ltr'>deli-</span> 
     </span>
     <span class='ocr_line' id='line_1_85' title="bbox 1440 1642 2347 1682; baseline 0 -12"><span class='ocrx_word' id='word_1_578' title='bbox 1440 1642 1577 1671; x_wconf 89' lang='lat' dir='ltr'>beratum</span> <span class='ocrx_word' id='word_1_579' title='bbox 1603 1648 1668 1672; x_wconf 89' lang='lat' dir='ltr'>erat</span> <span class='ocrx_word' id='word_1_580' title='bbox 1689 1642 1772 1682; x_wconf 92' lang='lat' dir='ltr'>quod</span> <span class='ocrx_word' id='word_1_581' title='bbox 1793 1642 1937 1671; x_wconf 90' lang='lat' dir='ltr'>dominus</span> <span class='ocrx_word' id='word_1_582' title='bbox 1958 1648 2102 1681; x_wconf 90' lang='lat' dir='ltr'>receptor</span> <span class='ocrx_word' id='word_1_583' title='bbox 2124 1647 2294 1681; x_wconf 82' lang='lat' dir='ltr'>exponeret</span> <span class='ocrx_word' id='word_1_584' title='bbox 2317 1647 2347 1670; x_wconf 89' lang='lat' dir='ltr'>et</span> 
     </span>
     <span class='ocr_line' id='line_1_86' title="bbox 1440 1691 2346 1731; baseline -0.001 -11"><span class='ocrx_word' id='word_1_585' title='bbox 1440 1691 1590 1730; x_wconf 88' lang='lat' dir='ltr'>quidquid</span> <span class='ocrx_word' id='word_1_586' title='bbox 1606 1698 1784 1731; x_wconf 88' lang='lat' dir='ltr'>exponeret,</span> <span class='ocrx_word' id='word_1_587' title='bbox 1803 1691 1891 1720; x_wconf 90' lang='lat' dir='ltr'>nacio</span> <span class='ocrx_word' id='word_1_588' title='bbox 1907 1691 2052 1720; x_wconf 90' lang='lat' dir='ltr'>redderet</span> <span class='ocrx_word' id='word_1_589' title='bbox 2065 1701 2132 1720; x_wconf 91' lang='lat' dir='ltr'>eum</span> <span class='ocrx_word' id='word_1_590' title='bbox 2149 1691 2346 1730; x_wconf 87' lang='lat' dir='ltr'>indempnem</span> 
     </span>
     <span class='ocr_line' id='line_1_87' title="bbox 1440 1739 2211 1779; baseline -0.001 -10"><span class='ocrx_word' id='word_1_591' title='bbox 1440 1740 1621 1779; x_wconf 88' lang='lat' dir='ltr'>et-plenarie</span> <span class='ocrx_word' id='word_1_592' title='bbox 1637 1739 1729 1769; x_wconf 88' lang='lat' dir='ltr'>vellet</span> <span class='ocrx_word' id='word_1_593' title='bbox 1741 1739 1800 1769; x_wconf 91' lang='lat' dir='ltr'>sibi</span> <span class='ocrx_word' id='word_1_594' title='bbox 1816 1739 1848 1768; x_wconf 90' lang='lat' dir='ltr'>in</span> <span class='ocrx_word' id='word_1_595' title='bbox 1866 1739 2008 1768; x_wconf 87' lang='lat' dir='ltr'>omnibus</span> <span class='ocrx_word' id='word_1_596' title='bbox 2024 1739 2211 1768; x_wconf 79' lang='lat' dir='ltr'>satisfacere.</span> 
     </span>
    </p>

    <p class='ocr_par' dir='ltr' id='par_1_17' title="bbox 1438 1788 2347 2659">
     <span class='ocr_line' id='line_1_88' title="bbox 1481 1788 2347 1827; baseline -0.001 -9"><span class='ocrx_word' id='word_1_597' title='bbox 1481 1789 1527 1818; x_wconf 94' lang='lat' dir='ltr'>De</span> <span class='ocrx_word' id='word_1_598' title='bbox 1566 1789 1633 1818; x_wconf 89' lang='lat' dir='ltr'>aliis</span> <span class='ocrx_word' id='word_1_599' title='bbox 1665 1795 1764 1818; x_wconf 92' lang='lat' dir='ltr'>autem</span> <span class='ocrx_word' id='word_1_600' title='bbox 1802 1789 1922 1818; x_wconf 90' lang='lat' dir='ltr'>duobus</span> <span class='ocrx_word' id='word_1_601' title='bbox 1955 1788 2079 1827; x_wconf 85' lang='lat' dir='ltr'>punctis</span> <span class='ocrx_word' id='word_1_602' title='bbox 2118 1788 2347 1818; x_wconf 85' lang='lat' dir='ltr'>deliberabatur</span> 
     </span>
     <span class='ocr_line' id='line_1_89' title="bbox 1439 1837 2346 1878; baseline -0.002 -10"><span class='ocrx_word' id='word_1_603' title='bbox 1439 1840 1521 1878; x_wconf 92' lang='lat' dir='ltr'>quod</span> <span class='ocrx_word' id='word_1_604' title='bbox 1540 1839 1606 1877; x_wconf 90' lang='lat' dir='ltr'>ipse</span> <span class='ocrx_word' id='word_1_605' title='bbox 1618 1837 1630 1856; x_wconf 75' lang='lat'>²</span> <span class='ocrx_word' id='word_1_606' title='bbox 1648 1847 1708 1867; x_wconf 92' lang='lat' dir='ltr'>non</span> <span class='ocrx_word' id='word_1_607' title='bbox 1732 1837 1896 1867; x_wconf 83' lang='lat' dir='ltr'>haberetur</span> <span class='ocrx_word' id='word_1_608' title='bbox 1917 1843 2091 1872; x_wconf 86' lang='lat' dir='ltr'>excusatus,</span> <span class='ocrx_word' id='word_1_609' title='bbox 2111 1837 2166 1866; x_wconf 89' lang='lat' dir='ltr'>sed</span> <span class='ocrx_word' id='word_1_610' title='bbox 2182 1843 2346 1877; x_wconf 88' lang='lat' dir='ltr'>suspectus</span> 
     </span>
     <span class='ocr_line' id='line_1_90' title="bbox 1439 1886 2347 1926; baseline -0.001 -10"><span class='ocrx_word' id='word_1_611' title='bbox 1439 1888 1538 1917; x_wconf 86' lang='lat' dir='ltr'>adhuc</span> <span class='ocrx_word' id='word_1_612' title='bbox 1563 1888 1594 1916; x_wconf 91' lang='lat' dir='ltr'>in</span> <span class='ocrx_word' id='word_1_613' title='bbox 1617 1887 1668 1916; x_wconf 89' lang='lat' dir='ltr'>illa</span> <span class='ocrx_word' id='word_1_614' title='bbox 1691 1887 1818 1916; x_wconf 86' lang='lat' dir='ltr'>materia</span> <span class='ocrx_word' id='word_1_615' title='bbox 1841 1886 1965 1916; x_wconf 90' lang='lat' dir='ltr'>unionis</span> <span class='ocrx_word' id='word_1_616' title='bbox 1993 1886 2133 1916; x_wconf 89' lang='lat' dir='ltr'>ecclesie.</span> <span class='ocrx_word' id='word_1_617' title='bbox 2161 1886 2236 1915; x_wconf 85' lang='lat' dir='ltr'>Item</span> <span class='ocrx_word' id='word_1_618' title='bbox 2263 1886 2347 1926; x_wconf 90' lang='lat' dir='ltr'>quod</span> 
     </span>
     <span class='ocr_line' id='line_1_91' title="bbox 1439 1934 2345 1974; baseline -0.001 -10"><span class='ocrx_word' id='word_1_619' title='bbox 1439 1946 1501 1965; x_wconf 93' lang='lat' dir='ltr'>non</span> <span class='ocrx_word' id='word_1_620' title='bbox 1514 1936 1642 1964; x_wconf 86' lang='lat' dir='ltr'>intraret</span> <span class='ocrx_word' id='word_1_621' title='bbox 1654 1935 1692 1964; x_wconf 95' lang='lat' dir='ltr'>de</span> <span class='ocrx_word' id='word_1_622' title='bbox 1705 1941 1807 1964; x_wconf 88' lang='lat' dir='ltr'>cetero</span> <span class='ocrx_word' id='word_1_623' title='bbox 1820 1934 2097 1974; x_wconf 85' lang='lat' dir='ltr'>congregacionem</span> <span class='ocrx_word' id='word_1_624' title='bbox 2113 1934 2345 1969; x_wconf 83' lang='lat' dir='ltr'>Universitatis,</span> 
     </span>
     <span class='ocr_line' id='line_1_92' title="bbox 1439 1983 2343 2024; baseline -0.003 -9"><span class='ocrx_word' id='word_1_625' title='bbox 1439 1992 1470 2015; x_wconf 89' lang='lat' dir='ltr'>et</span> <span class='ocrx_word' id='word_1_626' title='bbox 1497 1985 1673 2024; x_wconf 87' lang='lat' dir='ltr'>specialiter</span> <span class='ocrx_word' id='word_1_627' title='bbox 1697 1984 1820 2023; x_wconf 90' lang='lat' dir='ltr'>quando</span> <span class='ocrx_word' id='word_1_628' title='bbox 1846 1990 2029 2013; x_wconf 86' lang='lat' dir='ltr'>tractaretur</span> <span class='ocrx_word' id='word_1_629' title='bbox 2054 1984 2092 2012; x_wconf 90' lang='lat' dir='ltr'>de</span> <span class='ocrx_word' id='word_1_630' title='bbox 2118 1983 2177 2012; x_wconf 87' lang='lat' dir='ltr'>ista</span> <span class='ocrx_word' id='word_1_631' title='bbox 2207 1983 2343 2012; x_wconf 89' lang='lat' dir='ltr'>materia.</span> 
     </span>
     <span class='ocr_line' id='line_1_93' title="bbox 1438 2031 2346 2073; baseline -0.002 -10"><span class='ocrx_word' id='word_1_632' title='bbox 1438 2034 1604 2073; x_wconf 89' lang='lat' dir='ltr'>Aliquibus</span> <span class='ocrx_word' id='word_1_633' title='bbox 1622 2033 1806 2068; x_wconf 90' lang='lat' dir='ltr'>dicentibus,</span> <span class='ocrx_word' id='word_1_634' title='bbox 1828 2033 1912 2071; x_wconf 91' lang='lat' dir='ltr'>quod</span> <span class='ocrx_word' id='word_1_635' title='bbox 1934 2033 1965 2061; x_wconf 93' lang='lat' dir='ltr'>in</span> <span class='ocrx_word' id='word_1_636' title='bbox 1984 2032 2032 2061; x_wconf 90' lang='lat' dir='ltr'>die</span> <span class='ocrx_word' id='word_1_637' title='bbox 2052 2032 2231 2071; x_wconf 90' lang='lat' dir='ltr'>precedenti</span> <span class='ocrx_word' id='word_1_638' title='bbox 2250 2031 2346 2061; x_wconf 79' lang='lat' dir='ltr'>nichil</span> 
     </span>
     <span class='ocr_line' id='line_1_94' title="bbox 1439 2081 2345 2121; baseline -0.002 -9"><span class='ocrx_word' id='word_1_639' title='bbox 1439 2084 1583 2112; x_wconf 89' lang='lat' dir='ltr'>dixerunt</span> <span class='ocrx_word' id='word_1_640' title='bbox 1600 2082 1630 2111; x_wconf 91' lang='lat' dir='ltr'>in</span> <span class='ocrx_word' id='word_1_641' title='bbox 1651 2081 1897 2121; x_wconf 83' lang='lat' dir='ltr'>congregacione</span> <span class='ocrx_word' id='word_1_642' title='bbox 1917 2081 2073 2116; x_wconf 88' lang='lat' dir='ltr'>nacionis;</span> <span class='ocrx_word' id='word_1_643' title='bbox 2093 2081 2162 2110; x_wconf 88' lang='lat' dir='ltr'>aliis</span> <span class='ocrx_word' id='word_1_644' title='bbox 2180 2082 2263 2120; x_wconf 89' lang='lat' dir='ltr'>quod</span> <span class='ocrx_word' id='word_1_645' title='bbox 2283 2091 2345 2110; x_wconf 89' lang='lat' dir='ltr'>non</span> 
     </span>
     <span class='ocr_line' id='line_1_95' title="bbox 1439 2130 2345 2172; baseline -0.003 -10"><span class='ocrx_word' id='word_1_646' title='bbox 1439 2137 1677 2172; x_wconf 87' lang='lat' dir='ltr'>expectaverunt</span> <span class='ocrx_word' id='word_1_647' title='bbox 1689 2131 1794 2165; x_wconf 89' lang='lat' dir='ltr'>finem;</span> <span class='ocrx_word' id='word_1_648' title='bbox 1815 2130 1884 2159; x_wconf 87' lang='lat' dir='ltr'>aliis</span> <span class='ocrx_word' id='word_1_649' title='bbox 1900 2131 1983 2170; x_wconf 92' lang='lat' dir='ltr'>quod</span> <span class='ocrx_word' id='word_1_650' title='bbox 1999 2130 2248 2159; x_wconf 87' lang='lat' dir='ltr'>deliberaverunt</span> <span class='ocrx_word' id='word_1_651' title='bbox 2262 2130 2345 2169; x_wconf 90' lang='lat' dir='ltr'>quod</span> 
     </span>
     <span class='ocr_line' id='line_1_96' title="bbox 1439 2178 2345 2219; baseline -0.003 -9"><span class='ocrx_word' id='word_1_652' title='bbox 1439 2181 1603 2210; x_wconf 87' lang='lat' dir='ltr'>haberetur</span> <span class='ocrx_word' id='word_1_653' title='bbox 1618 2186 1781 2219; x_wconf 89' lang='lat' dir='ltr'>suspectus</span> <span class='ocrx_word' id='word_1_654' title='bbox 1797 2185 1826 2208; x_wconf 89' lang='lat' dir='ltr'>et</span> <span class='ocrx_word' id='word_1_655' title='bbox 1839 2180 1922 2219; x_wconf 93' lang='lat' dir='ltr'>quod</span> <span class='ocrx_word' id='word_1_656' title='bbox 1939 2189 2001 2208; x_wconf 91' lang='lat' dir='ltr'>non</span> <span class='ocrx_word' id='word_1_657' title='bbox 2015 2179 2154 2214; x_wconf 84' lang='lat' dir='ltr'>intraret,</span> <span class='ocrx_word' id='word_1_658' title='bbox 2173 2185 2231 2207; x_wconf 88' lang='lat' dir='ltr'>etc.</span> <span class='ocrx_word' id='word_1_659' title='bbox 2244 2191 2252 2214; x_wconf 87' lang='lat'>;</span> <span class='ocrx_word' id='word_1_660' title='bbox 2277 2178 2345 2208; x_wconf 85' lang='lat' dir='ltr'>aliis</span> 
     </span>
     <span class='ocr_line' id='line_1_97' title="bbox 1440 2227 2346 2267; baseline -0.003 -8"><span class='ocrx_word' id='word_1_661' title='bbox 1440 2230 1543 2259; x_wconf 87' lang='lat' dir='ltr'>multis</span> <span class='ocrx_word' id='word_1_662' title='bbox 1561 2229 1655 2259; x_wconf 86' lang='lat' dir='ltr'>eciam</span> <span class='ocrx_word' id='word_1_663' title='bbox 1675 2229 1850 2258; x_wconf 88' lang='lat' dir='ltr'>dicentibus</span> <span class='ocrx_word' id='word_1_664' title='bbox 1869 2229 1951 2267; x_wconf 94' lang='lat' dir='ltr'>quod</span> <span class='ocrx_word' id='word_1_665' title='bbox 1969 2238 2031 2257; x_wconf 91' lang='lat' dir='ltr'>non</span> <span class='ocrx_word' id='word_1_666' title='bbox 2052 2234 2139 2257; x_wconf 87' lang='lat' dir='ltr'>erant</span> <span class='ocrx_word' id='word_1_667' title='bbox 2155 2228 2187 2256; x_wconf 89' lang='lat' dir='ltr'>in</span> <span class='ocrx_word' id='word_1_668' title='bbox 2205 2227 2254 2256; x_wconf 88' lang='lat' dir='ltr'>die</span> <span class='ocrx_word' id='word_1_669' title='bbox 2271 2237 2346 2267; x_wconf 86' lang='lat' dir='ltr'>pre-</span> 
     </span>
     <span class='ocr_line' id='line_1_98' title="bbox 1440 2276 2345 2318; baseline -0.003 -10"><span class='ocrx_word' id='word_1_670' title='bbox 1440 2279 1559 2308; x_wconf 89' lang='lat' dir='ltr'>cedenti</span> <span class='ocrx_word' id='word_1_671' title='bbox 1577 2279 1659 2318; x_wconf 90' lang='lat' dir='ltr'>apud</span> <span class='ocrx_word' id='word_1_672' title='bbox 1681 2278 1825 2307; x_wconf 88' lang='lat' dir='ltr'>Sanctum</span> <span class='ocrx_word' id='word_1_673' title='bbox 1846 2277 2050 2306; x_wconf 87' lang='lat' dir='ltr'>Bernardum.</span> <span class='ocrx_word' id='word_1_674' title='bbox 2069 2277 2116 2306; x_wconf 85' lang='lat' dir='ltr'>Ex</span> <span class='ocrx_word' id='word_1_675' title='bbox 2137 2276 2254 2315; x_wconf 88' lang='lat' dir='ltr'>quibus</span> <span class='ocrx_word' id='word_1_676' title='bbox 2270 2286 2345 2316; x_wconf 87' lang='lat' dir='ltr'>pro-</span> 
     </span>
     <span class='ocr_line' id='line_1_99' title="bbox 1439 2325 2345 2366; baseline -0.003 -9"><span class='ocrx_word' id='word_1_677' title='bbox 1439 2334 1562 2358; x_wconf 87' lang='lat' dir='ltr'>curator</span> <span class='ocrx_word' id='word_1_678' title='bbox 1579 2327 1731 2356; x_wconf 88' lang='lat' dir='ltr'>conclusit</span> <span class='ocrx_word' id='word_1_679' title='bbox 1747 2326 1809 2361; x_wconf 90' lang='lat' dir='ltr'>illa,</span> <span class='ocrx_word' id='word_1_680' title='bbox 1831 2336 1926 2366; x_wconf 86' lang='lat' dir='ltr'>super</span> <span class='ocrx_word' id='word_1_681' title='bbox 1948 2326 2060 2365; x_wconf 90' lang='lat' dir='ltr'>quibus</span> <span class='ocrx_word' id='word_1_682' title='bbox 2081 2325 2224 2355; x_wconf 90' lang='lat' dir='ltr'>dominus</span> <span class='ocrx_word' id='word_1_683' title='bbox 2242 2331 2345 2354; x_wconf 87' lang='lat' dir='ltr'>rector</span> 
     </span>
     <span class='ocr_line' id='line_1_100' title="bbox 1438 2373 2342 2417; baseline -0.004 -11"><span class='ocrx_word' id='word_1_684' title='bbox 1438 2387 1496 2417; x_wconf 89' lang='lat' dir='ltr'>per</span> <span class='ocrx_word' id='word_1_685' title='bbox 1513 2387 1601 2406; x_wconf 88' lang='lat' dir='ltr'>suum</span> <span class='ocrx_word' id='word_1_686' title='bbox 1614 2375 1820 2416; x_wconf 88' lang='lat' dir='ltr'>juramentum</span> <span class='ocrx_word' id='word_1_687' title='bbox 1836 2385 1904 2404; x_wconf 90' lang='lat' dir='ltr'>eum</span> <span class='ocrx_word' id='word_1_688' title='bbox 1915 2374 2089 2414; x_wconf 86' lang='lat' dir='ltr'>requisivit,</span> <span class='ocrx_word' id='word_1_689' title='bbox 2105 2374 2251 2403; x_wconf 89' lang='lat' dir='ltr'>videlicet</span> <span class='ocrx_word' id='word_1_690' title='bbox 2264 2373 2342 2403; x_wconf 82' lang='lat' dir='ltr'>ista:</span> 
     </span>
     <span class='ocr_line' id='line_1_101' title="bbox 1439 2422 2346 2464; baseline -0.007 -8"><span class='ocrx_word' id='word_1_691' title='bbox 1439 2427 1558 2456; x_wconf 90' lang='lat' dir='ltr'>scilicet</span> <span class='ocrx_word' id='word_1_692' title='bbox 1599 2426 1678 2464; x_wconf 77' lang='lat' dir='ltr'>quod</span> <span class='ocrx_word' id='word_1_693' title='bbox 1715 2425 1851 2453; x_wconf 87' lang='lat' dir='ltr'>dominus</span> <span class='ocrx_word' id='word_1_694' title='bbox 1888 2425 2054 2453; x_wconf 73' lang='lat' dir='ltr'>Aniciensis</span> <span class='ocrx_word' id='word_1_695' title='bbox 2092 2422 2252 2451; x_wconf 79' lang='lat' dir='ltr'>haberetur</span> <span class='ocrx_word' id='word_1_696' title='bbox 2289 2433 2346 2462; x_wconf 84' lang='lat' dir='ltr'>per</span> 
     </span>
     <span class='ocr_line' id='line_1_102' title="bbox 1438 2473 2345 2512; baseline -0.004 -9"><span class='ocrx_word' id='word_1_697' title='bbox 1438 2477 1592 2504; x_wconf 84' lang='lat' dir='ltr'>nacionem</span> <span class='ocrx_word' id='word_1_698' title='bbox 1604 2481 1757 2512; x_wconf 77' lang='lat' dir='ltr'>suspectus</span> <span class='ocrx_word' id='word_1_699' title='bbox 1763 2484 1774 2506; x_wconf 88' lang='lat'><em>;</em></span> <span class='ocrx_word' id='word_1_700' title='bbox 1790 2473 1919 2501; x_wconf 83' lang='lat' dir='ltr'>secundo</span> <span class='ocrx_word' id='word_1_701' title='bbox 1930 2473 2009 2511; x_wconf 84' lang='lat' dir='ltr'>quod</span> <span class='ocrx_word' id='word_1_702' title='bbox 2019 2473 2056 2500; x_wconf 86' lang='lat' dir='ltr'>de</span> <span class='ocrx_word' id='word_1_703' title='bbox 2070 2479 2167 2500; x_wconf 81' lang='lat' dir='ltr'>cetero</span> <span class='ocrx_word' id='word_1_704' title='bbox 2180 2482 2236 2500; x_wconf 88' lang='lat' dir='ltr'>non</span> <span class='ocrx_word' id='word_1_705' title='bbox 2252 2473 2345 2500; x_wconf 79' lang='lat' dir='ltr'>intra-</span> 
     </span>
     <span class='ocr_line' id='line_1_103' title="bbox 1439 2520 2344 2562; baseline -0.004 -10"><span class='ocrx_word' id='word_1_706' title='bbox 1439 2532 1482 2552; x_wconf 82' lang='lat' dir='ltr'>ret</span> <span class='ocrx_word' id='word_1_707' title='bbox 1495 2524 1767 2562; x_wconf 76' lang='lat' dir='ltr'>congregacionem,</span> <span class='ocrx_word' id='word_1_708' title='bbox 1785 2528 1842 2551; x_wconf 89' lang='lat' dir='ltr'>etc.</span> <span class='ocrx_word' id='word_1_709' title='bbox 1864 2521 1982 2559; x_wconf 88' lang='lat' dir='ltr'>Quibus</span> <span class='ocrx_word' id='word_1_710' title='bbox 2002 2521 2120 2550; x_wconf 90' lang='lat' dir='ltr'>duabus</span> <span class='ocrx_word' id='word_1_711' title='bbox 2135 2520 2344 2549; x_wconf 88' lang='lat' dir='ltr'>conclusioni-</span> 
     </span>
     <span class='ocr_line' id='line_1_104' title="bbox 1439 2569 2344 2610; baseline -0.004 -8"><span class='ocrx_word' id='word_1_712' title='bbox 1439 2574 1496 2602; x_wconf 88' lang='lat' dir='ltr'>bus</span> <span class='ocrx_word' id='word_1_713' title='bbox 1513 2572 1624 2601; x_wconf 87' lang='lat' dir='ltr'>habitis</span> <span class='ocrx_word' id='word_1_714' title='bbox 1642 2572 1702 2600; x_wconf 92' lang='lat' dir='ltr'>duo</span> <span class='ocrx_word' id='word_1_715' title='bbox 1724 2570 1865 2610; x_wconf 85' lang='lat' dir='ltr'>magistri</span> <span class='ocrx_word' id='word_1_716' title='bbox 1886 2569 2127 2609; x_wconf 88' lang='lat' dir='ltr'>requisiverunt,</span> <span class='ocrx_word' id='word_1_717' title='bbox 2145 2570 2227 2608; x_wconf 92' lang='lat' dir='ltr'>quod</span> <span class='ocrx_word' id='word_1_718' title='bbox 2249 2569 2344 2598; x_wconf 90' lang='lat' dir='ltr'>eciam</span> 
     </span>
     <span class='ocr_line' id='line_1_105' title="bbox 1439 2617 2344 2659; baseline -0.004 -9"><span class='ocrx_word' id='word_1_719' title='bbox 1439 2621 1675 2650; x_wconf 88' lang='lat' dir='ltr'>concluderetur</span> <span class='ocrx_word' id='word_1_720' title='bbox 1690 2629 1745 2659; x_wconf 87' lang='lat' dir='ltr'>per</span> <span class='ocrx_word' id='word_1_721' title='bbox 1760 2625 2003 2659; x_wconf 89' lang='lat' dir='ltr'>procuratorem,</span> <span class='ocrx_word' id='word_1_722' title='bbox 2023 2619 2106 2657; x_wconf 91' lang='lat' dir='ltr'>quod</span> <span class='ocrx_word' id='word_1_723' title='bbox 2120 2617 2172 2647; x_wconf 90' lang='lat' dir='ltr'>illa</span> <span class='ocrx_word' id='word_1_724' title='bbox 2187 2624 2252 2647; x_wconf 90' lang='lat' dir='ltr'>erat</span> <span class='ocrx_word' id='word_1_725' title='bbox 2266 2617 2344 2647; x_wconf 90' lang='lat' dir='ltr'>deli-</span> 
     </span>
    </p>
   </div>
   <div class='ocr_carea' id='block_1_15' title="bbox 1438 2715 2345 2989">
    <p class='ocr_par' dir='ltr' id='par_1_18' title="bbox 1438 2715 2345 2989">
     <span class='ocr_line' id='line_1_106' title="bbox 1438 2715 2344 2748; baseline -0.002 -7"><span class='ocrx_word' id='word_1_726' title='bbox 1438 2726 1482 2741; x_wconf 89' lang='lat' dir='ltr'>an.</span> <span class='ocrx_word' id='word_1_727' title='bbox 1497 2719 1516 2746; x_wconf 87' lang='lat'>1,</span> <span class='ocrx_word' id='word_1_728' title='bbox 1529 2718 1563 2741; x_wconf 86' lang='lat' dir='ltr'>id.</span> <span class='ocrx_word' id='word_1_729' title='bbox 1575 2717 1689 2741; x_wconf 80' lang='lat' dir='ltr'>Decemb.</span> <span class='ocrx_word' id='word_1_730' title='bbox 1705 2716 1842 2748; x_wconf 66' lang='lat' dir='ltr'>signatum,</span> <span class='ocrx_word' id='word_1_731' title='bbox 1858 2715 1883 2739; x_wconf 84' lang='lat' dir='ltr'>in</span> <span class='ocrx_word' id='word_1_732' title='bbox 1895 2724 1945 2747; x_wconf 83' lang='lat' dir='ltr'>quo</span> <span class='ocrx_word' id='word_1_733' title='bbox 1954 2715 2032 2739; x_wconf 79' lang='lat' dir='ltr'>etiam</span> <span class='ocrx_word' id='word_1_734' title='bbox 2045 2715 2167 2739; x_wconf 84' lang='lat' dir='ltr'>Nicolaus</span> <span class='ocrx_word' id='word_1_735' title='bbox 2180 2716 2212 2739; x_wconf 84' lang='lat' dir='ltr'>de</span> <span class='ocrx_word' id='word_1_736' title='bbox 2222 2715 2344 2739; x_wconf 83' lang='lat' dir='ltr'>Glamen-</span> 
     </span>
     <span class='ocr_line' id='line_1_107' title="bbox 1439 2751 2345 2784; baseline -0.002 -8"><span class='ocrx_word' id='word_1_737' title='bbox 1439 2753 1479 2784; x_wconf 86' lang='lat' dir='ltr'>gis</span> <span class='ocrx_word' id='word_1_738' title='bbox 1494 2767 1521 2771; x_wconf 95' lang='lat'>—</span> <span class='ocrx_word' id='word_1_739' title='bbox 1534 2753 1583 2776; x_wconf 73' lang='lat' dir='ltr'>uid.</span> <span class='ocrx_word' id='word_1_740' title='bbox 1598 2753 1716 2777; x_wconf 77' lang='lat' dir='ltr'>Chnrtul.</span> <span class='ocrx_word' id='word_1_741' title='bbox 1736 2752 1769 2775; x_wconf 85' lang='lat' dir='ltr'>lv</span> <span class='ocrx_word' id='word_1_742' title='bbox 1780 2765 1812 2769; x_wconf 94' lang='lat'>—</span> <span class='ocrx_word' id='word_1_743' title='bbox 1827 2751 1974 2783; x_wconf 66' lang='lat' dir='ltr'>destinauit)</span> <span class='ocrx_word' id='word_1_744' title='bbox 1990 2753 2159 2774; x_wconf 69' lang='lat' dir='ltr'>commoratus</span> <span class='ocrx_word' id='word_1_745' title='bbox 2174 2753 2263 2774; x_wconf 80' lang='lat' dir='ltr'>contra</span> <span class='ocrx_word' id='word_1_746' title='bbox 2277 2753 2345 2774; x_wconf 71' lang='lat' dir='ltr'>vlam</span> 
     </span>
     <span class='ocr_line' id='line_1_108' title="bbox 1439 2785 2343 2820; baseline -0.003 -8"><span class='ocrx_word' id='word_1_747' title='bbox 1439 2789 1566 2816; x_wconf 71' lang='lat' dir='ltr'>cmionio,</span> <span class='ocrx_word' id='word_1_748' title='bbox 1582 2788 1742 2820; x_wconf 77' lang='lat' dir='ltr'>proindeque</span> <span class='ocrx_word' id='word_1_749' title='bbox 1759 2790 1847 2811; x_wconf 78' lang='lat' dir='ltr'>contra</span> <span class='ocrx_word' id='word_1_750' title='bbox 1860 2786 2024 2810; x_wconf 79' lang='lat' dir='ltr'>intentionem</span> <span class='ocrx_word' id='word_1_751' title='bbox 2044 2786 2220 2810; x_wconf 69' lang='lat' dir='ltr'>Uniueraitatis</span> <span class='ocrx_word' id='word_1_752' title='bbox 2238 2785 2343 2809; x_wconf 82' lang='lat' dir='ltr'>labora-</span> 
     </span>
     <span class='ocr_line' id='line_1_109' title="bbox 1439 2822 2344 2855; baseline -0.003 -8"><span class='ocrx_word' id='word_1_753' title='bbox 1439 2827 1481 2852; x_wconf 77' lang='lat' dir='ltr'>vzt,</span> <span class='ocrx_word' id='word_1_754' title='bbox 1495 2827 1519 2847; x_wconf 79' lang='lat' dir='ltr'>el</span> <span class='ocrx_word' id='word_1_755' title='bbox 1534 2833 1566 2847; x_wconf 70' lang='lat' dir='ltr'>ez·</span> <span class='ocrx_word' id='word_1_756' title='bbox 1585 2826 1660 2855; x_wconf 78' lang='lat' dir='ltr'>parte</span> <span class='ocrx_word' id='word_1_757' title='bbox 1677 2822 1810 2846; x_wconf 75' lang='lat' dir='ltr'>Benedicti</span> <span class='ocrx_word' id='word_1_758' title='bbox 1826 2822 1872 2845; x_wconf 78' lang='lat' dir='ltr'>diu</span> <span class='ocrx_word' id='word_1_759' title='bbox 1891 2822 1967 2845; x_wconf 68' lang='lat' dir='ltr'>stetit.</span> <span class='ocrx_word' id='word_1_760' title='bbox 1989 2822 2145 2846; x_wconf 66' lang='lat' dir='ltr'>Univereitas</span> <span class='ocrx_word' id='word_1_761' title='bbox 2164 2830 2219 2846; x_wconf 81' lang='lat' dir='ltr'>eum</span> <span class='ocrx_word' id='word_1_762' title='bbox 2236 2829 2284 2853; x_wconf 85' lang='lat' dir='ltr'>pro</span> <span class='ocrx_word' id='word_1_763' title='bbox 2302 2829 2344 2844; x_wconf 76' lang='lat' dir='ltr'>eu-</span> 
     </span>
     <span class='ocr_line' id='line_1_110' title="bbox 1438 2856 2344 2891; baseline -0.003 -8"><span class='ocrx_word' id='word_1_764' title='bbox 1438 2862 1522 2891; x_wconf 65' lang='lat' dir='ltr'>apecto</span> <span class='ocrx_word' id='word_1_765' title='bbox 1538 2859 1657 2887; x_wconf 75' lang='lat' dir='ltr'>habebat,</span> <span class='ocrx_word' id='word_1_766' title='bbox 1671 2858 1787 2889; x_wconf 83' lang='lat' dir='ltr'>idemque</span> <span class='ocrx_word' id='word_1_767' title='bbox 1802 2857 1913 2888; x_wconf 47' lang='lat' dir='ltr'>illesqui</span> <span class='ocrx_word' id='word_1_768' title='bbox 1928 2859 1988 2881; x_wconf 81' lang='lat' dir='ltr'>ante</span> <span class='ocrx_word' id='word_1_769' title='bbox 2007 2857 2108 2889; x_wconf 74' lang='lat' dir='ltr'>aliquo-3</span> <span class='ocrx_word' id='word_1_770' title='bbox 2122 2865 2203 2880; x_wconf 72' lang='lat' dir='ltr'>annos</span> <span class='ocrx_word' id='word_1_771' title='bbox 2217 2856 2344 2880; x_wconf 81' lang='lat' dir='ltr'>cancella-</span> 
     </span>
     <span class='ocr_line' id='line_1_111' title="bbox 1438 2892 2345 2924; baseline -0.003 -6"><span class='ocrx_word' id='word_1_772' title='bbox 1438 2895 1503 2918; x_wconf 83' lang='lat' dir='ltr'>rium</span> <span class='ocrx_word' id='word_1_773' title='bbox 1510 2894 1651 2918; x_wconf 78' lang='lat' dir='ltr'>Blanchart</span> <span class='ocrx_word' id='word_1_774' title='bbox 1660 2894 1693 2916; x_wconf 85' lang='lat' dir='ltr'>ab</span> <span class='ocrx_word' id='word_1_775' title='bbox 1711 2893 1879 2917; x_wconf 75' lang='lat' dir='ltr'>Univeroitate</span> <span class='ocrx_word' id='word_1_776' title='bbox 1892 2893 2033 2924; x_wconf 70' lang='lat' dir='ltr'>expulerat,</span> <span class='ocrx_word' id='word_1_777' title='bbox 2043 2895 2071 2916; x_wconf 79' lang='lat' dir='ltr'>ut</span> <span class='ocrx_word' id='word_1_778' title='bbox 2080 2892 2154 2915; x_wconf 80' lang='lat' dir='ltr'>homo</span> <span class='ocrx_word' id='word_1_779' title='bbox 2167 2892 2303 2924; x_wconf 76' lang='lat' dir='ltr'>ambiguae</span> <span class='ocrx_word' id='word_1_780' title='bbox 2312 2892 2345 2923; x_wconf 85' lang='lat' dir='ltr'>fi-</span> 
     </span>
     <span class='ocr_line' id='line_1_112' title="bbox 1439 2927 2343 2962; baseline -0.002 -9"><span class='ocrx_word' id='word_1_781' title='bbox 1439 2930 1482 2953; x_wconf 83' lang='lat' dir='ltr'>dei</span> <span class='ocrx_word' id='word_1_782' title='bbox 1490 2929 1535 2962; x_wconf 78' lang='lat' dir='ltr'>(ut,</span> <span class='ocrx_word' id='word_1_783' title='bbox 1544 2938 1595 2952; x_wconf 84' lang='lat' dir='ltr'>non</span> <span class='ocrx_word' id='word_1_784' title='bbox 1603 2929 1648 2952; x_wconf 88' lang='lat' dir='ltr'>diu</span> <span class='ocrx_word' id='word_1_785' title='bbox 1659 2928 1735 2960; x_wconf 79' lang='lat' dir='ltr'>afuit,</span> <span class='ocrx_word' id='word_1_786' title='bbox 1745 2937 1787 2952; x_wconf 85' lang='lat' dir='ltr'>an.</span> <span class='ocrx_word' id='word_1_787' title='bbox 1800 2929 1871 2960; x_wconf 77' lang='lat'>1406)</span> <span class='ocrx_word' id='word_1_788' title='bbox 1881 2937 1894 2951; x_wconf 87' lang='lat' dir='ltr'>e</span> <span class='ocrx_word' id='word_1_789' title='bbox 1904 2930 1995 2952; x_wconf 70' lang='lat' dir='ltr'>senatu</span> <span class='ocrx_word' id='word_1_790' title='bbox 2006 2928 2181 2952; x_wconf 64' lang='lat' dir='ltr'>{Miner-sitatis</span> <span class='ocrx_word' id='word_1_791' title='bbox 2192 2927 2287 2960; x_wconf 75' lang='lat' dir='ltr'>ejectae</span> <span class='ocrx_word' id='word_1_792' title='bbox 2297 2929 2343 2951; x_wconf 73' lang='lat' dir='ltr'>eet.</span> 
     </span>
     <span class='ocr_line' id='line_1_113' title="bbox 1469 2964 1789 2989; baseline -0.006 0"><span class='ocrx_word' id='word_1_793' title='bbox 1469 2966 1492 2989; x_wconf 81' lang='grc'>2.</span> <span class='ocrx_word' id='word_1_794' title='bbox 1511 2966 1603 2989; x_wconf 82' lang='lat' dir='ltr'>Petrus</span> <span class='ocrx_word' id='word_1_795' title='bbox 1622 2964 1653 2988; x_wconf 89' lang='lat' dir='ltr'>de</span> <span class='ocrx_word' id='word_1_796' title='bbox 1671 2964 1789 2988; x_wconf 80' lang='lat' dir='ltr'>Ailliaco.</span> 
     </span>
    </p>
   </div>
   <div class='ocr_carea' id='block_1_16' title="bbox 2615 755 2632 1070">
    <p class='ocr_par' dir='ltr' id='par_1_19' title="bbox 2615 755 2632 1070">
     <span class='ocr_line' id='line_1_114' title="bbox 2615 755 2632 1070; textangle 90"><span class='ocrx_word' id='word_1_797' title='bbox 2623 942 2632 1070; x_wconf 42' lang='lat' dir='ltr'>“ma-1⁵2..</span> <span class='ocrx_word' id='word_1_798' title='bbox 2619 912 2632 936; x_wconf 65' lang='lat'>.-1</span> <span class='ocrx_word' id='word_1_799' title='bbox 2626 887 2632 902; x_wconf 42' lang='lat' dir='ltr'>p.</span> <span class='ocrx_word' id='word_1_800' title='bbox 2615 860 2632 875; x_wconf 51' lang='lat' dir='ltr'>,g</span> <span class='ocrx_word' id='word_1_801' title='bbox 2619 762 2632 852; x_wconf 42' lang='lat' dir='ltr'>fimi-m</span> <span class='ocrx_word' id='word_1_802' title='bbox 2628 755 2632 759; x_wconf 85' lang='lat'>.</span> 
     </span>
    </p>
   </div>
   <div class='ocr_carea' id='block_1_17' title="bbox 2615 1074 2632 2126">
    <p class='ocr_par' dir='ltr' id='par_1_20' title="bbox 2615 1074 2632 2126">
     <span class='ocr_line' id='line_1_115' title="bbox 2615 1074 2632 2126; baseline 0 0"><span class='ocrx_word' id='word_1_803' title='bbox 2615 1074 2632 2126; x_wconf 95' lang='lat' dir='ltr'> </span> 
     </span>
    </p>
   </div>
   <div class='ocr_carea' id='block_1_18' title="bbox 2615 2283 2632 2874">
    <p class='ocr_par' dir='ltr' id='par_1_21' title="bbox 2615 2283 2632 2874">
     <span class='ocr_line' id='line_1_116' title="bbox 2615 2283 2632 2874; baseline 0 590"><span class='ocrx_word' id='word_1_804' title='bbox 2615 2283 2632 2874; x_wconf 95' lang='lat' dir='ltr'> </span> 
     </span>
    </p>
   </div>
   <div class='ocr_carea' id='block_1_19' title="bbox 2608 3203 2632 3464">
    <p class='ocr_par' dir='ltr' id='par_1_22' title="bbox 2608 3203 2632 3464">
     <span class='ocr_line' id='line_1_117' title="bbox 2608 3203 2632 3464; baseline 0 0"><span class='ocrx_word' id='word_1_805' title='bbox 2608 3203 2632 3464; x_wconf 95' lang='lat' dir='ltr'> </span> 
     </span>
    </p>
   </div>
  </div>
 </body>
</html>
