2632 3464
291 438 345 464 405

332 513 408 544 Item
431 513 617 553 supplicavit
637 513 785 553 magister
808 511 996 542 Wilbelmus
1018 510 1193 549 Wadenoy,

290 562 364 603 quia
378 562 463 592 scole
478 562 510 592 in
524 562 637 602 quibus
651 561 770 602 legerat
781 571 845 591 non
859 566 1003 600 poterant
1018 559 1131 595 claudi,
1149 559 1195 589 sic

289 612 375 651 quod
393 612 588 641 deferrentur
608 610 712 640 omnia
731 609 798 649 ejus
818 609 974 644 stramina,
1000 609 1083 648 quod
1109 618 1195 638 com-

289 660 446 690 mitterent
463 659 631 699 receptori,
649 659 733 699 quod
752 664 868 688 emeret
884 667 1000 692 seram,
1023 663 1053 687 et
1075 657 1195 687 fortiter

289 708 495 739 firmarentur.
515 706 612 748 Cujus
627 707 817 748 supplicacio
833 713 899 736 erat
914 706 1059 736 admissa.

329 757 404 788 Item
415 757 530 797 incepit
539 757 682 786 dominus
698 755 855 786 Johannes
874 755 1012 795 Philippi
1026 755 1084 784 sub
1099 755 1192 794 magi-

289 812 357 836 stro
367 805 562 836 Tbeodorico
573 805 611 835 de
623 804 752 840 Thonis,
764 805 817 844 qui
829 803 942 844 juravit
952 810 1097 834 statutum
1105 802 1191 844 [pau-

290 855 444 895 pertatisJ.

691 946 788 976 13⁷1

397 1017 626 1048 Procuracio
657 1016 817 1046 Gerardi
853 1017 896 1046 de
927 1016 1079 1046 Calker.

326 1098 418 1128 Anno
442 1097 567 1128 Domini
591 1097 637 1127 Μ·
658 1096 753 1127 CCC⁰
768 1095 899 1132 LXXI‘,
920 1096 998 1126 facta
1017 1106 1190 1137 congrega-

287 1146 376 1176 cione
388 1146 528 1176 nacionis
541 1145 712 1186 Anglicane
725 1146 807 1185 apud
817 1145 961 1175 Sanctum
975 1145 991 1174 J
995 1144 1128 1175 ulianum
1139 1145 1189 1174 die

285 1194 370 1225 xxi-
393 1195 508 1224 mensis
526 1193 685 1230 Octobris,
708 1195 746 1224 ad
767 1193 943 1234 eligendum
958 1200 1189 1233 procuratorem

285 1249 316 1273 et
334 1243 520 1274 audiendum
545 1250 720 1283 compotum
742 1242 927 1282 recepturis,
947 1242 1063 1272 electus
1084 1243 1140 1272 suit
1157 1242 1188 1272 in

284 1298 518 1332 procuratorem
532 1291 670 1332 ejusdem
685 1285 825 1322 nacionis
839 1290 998 1321 Gerardus
1012 1292 1051 1320 de
1064 1291 1187 1327 Caum,

284 1340 317 1371 in
334 1339 422 1381 cujus
435 1341 659 1381 procuracione
674 1341 752 1370 facta
769 1346 841 1370 sunt
855 1340 912 1370 hec
929 1350 988 1380 que
1004 1346 1187 1380 sequuntur.

326 1388 432 1419 Primo
446 1389 478 1419 in
486 1390 592 1419 eadem
606 1389 853 1430 congregacione
867 1395 1012 1428 receptor
1025 1399 1086 1418 non
1103 1399 1188 1419 com-

284 1438 413 1479 putavit,
434 1439 490 1468 sed
511 1438 651 1479 magistri
673 1438 808 1468 unanimi
830 1447 985 1468 consensu
1005 1437 1189 1468 differebant

283 1493 459 1527 compotum
467 1497 556 1517 suum
562 1497 660 1527 usque
669 1488 707 1516 ad
716 1487 885 1526 proximam
896 1487 1184 1527 congregacionem.

324 1535 399 1566 ltem
414 1535 514 1576 primo
537 1535 652 1575 incepit
670 1535 815 1566 dominus
833 1535 985 1565 Godscal-

282 1594 339 1663 3¹⁸
355 1585 395 1640 de
411 1584 541 1615 Livonia
555 1586 614 1615 sub
626 1585 777 1625 magistro
793 1584 929 1615 Henrico
947 1586 985 1615 de
1060 1562 1160 1642 (ἱῖἑὲΐ

315 1643 408 1712 ⁸¹22:-
421 1681 536 1722 incepit
555 1682 700 1712 dominus
718 1682 876 1712 Sanderus
892 1681 983 1712 Fabri
1026 1661 1184 1740 ιχῧὲζῑίἱί.

282 1731 342 1761 sub
354 1731 473 1761 eodem.
1000 1757 1006 1770 Ι

321 1779 395 1820 (Pol.
418 1782 466 1820 29)
487 1779 562 1810 ltem
579 1780 695 1820 incepit
709 1781 853 1811 dominus
875 1780 1058 1811 Guillelmus
1075 1782 1187 1812 Lambs

283 1829 342 1859 sub
356 1828 505 1870 magistro
529 1828 706 1859 Hermanno
726 1829 962 1865 Buttenbroich,
985 1829 1072 1870 cujus
1093 1832 1187 1861 bursa

282 1877 389 1913 nichil,
408 1877 479 1918 quia
487 1876 604 1919 juravit
619 1884 765 1908 statutum
782 1879 985 1919 paupertatis.

324 1926 399 1957 ltem
424 1926 456 1956 in
476 1926 526 1956 die
545 1926 686 1957 sabbati²
702 1933 772 1958 ante
791 1929 900 1958 festum
918 1929 1015 1958 sancti
1033 1929 1187 1959 Edmondi

284 1975 339 2005 suit
359 1976 438 2005 sacta
463 1976 670 2017 congregacio
697 1977 837 2006 nacionis
861 1978 898 2006 ad
921 1977 1125 2008 ordinandum
1148 1979 1186 2008 de

281 2024 413 2064 pecunia
427 2023 567 2054 nacionis
581 2025 660 2054 etde
676 2024 754 2055 festo
771 2024 903 2055 Emondi
916 2031 946 2055 et
959 2026 997 2055 ad
1012 2026 1186 2066 supplican-

282 2073 355 2102 dum
369 2079 400 2102 et
413 2073 451 2102 ad
467 2073 643 2113 eligendum
664 2079 884 2114 procuratores
903 2084 961 2114 pro
981 2075 1070 2104 sesto.
1089 2075 1185 2105 Electi

282 2122 404 2152 fuerunt
421 2121 581 2152 Mercilius
606 2122 644 2152 de
670 2122 788 2163 lnghen
814 2129 846 2153 et
863 2132 921 2163 ego
943 2123 1011 2163 ipse
1029 2123 1186 2155 Gerardus

280 2170 475 2211 prescriptus
493 2171 524 2200 in
539 2177 757 2211 procuratores
772 2181 830 2211 pro
843 2172 932 2202 festo.

322 2219 397 2249 ltem
415 2219 602 2259 supplicavit
622 2220 766 2250 dominus
785 2220 969 2251 Guillelmns
990 2221 1184 2257 Duesborch,

281 2267 382 2298 dictus
401 2267 524 2304 bamba,
542 2278 599 2308 pro
614 2268 790 2308 quitacione
807 2270 970 2299 bursarum
984 2270 1022 2300 de
1039 2271 1186 2311 magiste-

282 2316 345 2351 rio.
370 2317 443 2357 quia
466 2326 595 2357 pauper.
626 2317 685 2348 Cui
714 2327 896 2348 concessum
923 2319 994 2354 suit,
1020 2320 1185 2350 dummodo

275 2364 397 2406 juraret
417 2371 579 2402 statutum,
611 2373 641 2396 et
662 2367 735 2396 dum
754 2374 886 2407 poneret
906 2367 1024 2397 literam
1045 2368 1185 2398 officialis

278 2414 521 2454 recognitoriam
531 2414 555 2451 ⁸,
572 2421 602 2445 et
620 2416 746 2455 quando
764 2417 801 2445 ad
820 2416 1015 2456 pinguiorem
1035 2418 1185 2447 fortunam

281 2463 452 2499 deveniret,
466 2463 543 2494 istas
558 2464 670 2494 bursas
685 2464 820 2494 solveret
833 2465 912 2495 bona
924 2465 994 2495 fide.

323 2511 396 2542 ltem
426 2512 627 2543 deliberatum
667 2514 722 2543 fuit
750 2513 862 2543 ibidem
896 2515 979 2555 quod
1007 2514 1186 2546 visitaretur

313 2630 336 2656 1.
370 2632 418 2656 ne.
432 2631 584 2657 liccem.

311 2667 336 2691 2.
369 2667 399 2691 ta
412 2667 569 2692 manubria.

312 2702 336 2727 8.
369 2703 442 2735 Quae
448 2702 535 2727 adhuc
545 2706 658 2736 mpemt
670 2704 695 2728 in
705 2703 779 2728 Arch.
798 2704 910 2730 Univaen.
924 2705 1016 2734 Parim,
1033 2705 1108 2730 theca
1121 2706 1184 2735 xlv,

282 2742 310 2762 η·
322 2738 336 2762 7
353 2746 358 2762 ;
377 2739 450 2762 Anno
463 2738 566 2763 Domini
582 2738 619 2764 Ι·
634 2739 707 2764 000·
724 2740 820 2769 uxr,
838 2740 880 2765 die
898 2740 1001 2765 sabbati
1018 2744 1078 2773 pont
1090 2742 1186 2766 festum

283 2772 353 2797 boati
365 2772 470 2798 nmini
483 2773 606 2799 hiemalia
617 2774 698 2806 (1871,
710 2776 829 2801 unvero-h.
840 2776 880 2808 15)
893 2784 982 2801 coram
995 2776 1071 2801 nobi·
1081 2777 1184 2802 officiali

282 2807 428 2833 rari-{eui
446 2812 556 2842 proptor
580 2810 630 2835 hoe
655 2811 830 2843 personaliter
848 2812 1006 2836 eon-titutu-
1028 2812 1185 2844 Wyllermua

282 2843 379 2868 Lamb-
391 2843 423 2868 ἀ.
435 2844 585 2877 Duyaborg,
595 2846 707 2871 clericu-
718 2846 867 2872 lioentintu·
878 2848 904 2871 in
915 2847 1016 2872 artibus
1027 2855 1057 2872 ac
1068 2847 1184 2872 Pari-iu·

282 2878 402 2907 scolaris,
422 2881 575 2912 recognovit
592 2884 619 2905 et
638 2882 775 2906 moronu-
797 2886 838 2907 est
855 2891 883 2907 ae
902 2883 997 2908 debere
1023 2886 1048 2907 et
1068 2883 1185 2916 legitime

281 2914 364 2938 teneri
388 2922 420 2939 ae
443 2915 545 2940 solvor·
570 2916 672 2941 nacioni
698 2918 842 2950 Anglieane
866 2919 1064 2951 quatuordecim
1086 2919 1184 2944 solido·

281 2949 364 2981 paria.
385 2957 466 2975 cansa
491 2950 631 2976 Macrum
658 2952 802 2985 magi-terii
823 2954 850 2978 in
873 2954 993 2983 artibus:
1017 2958 1114 2987 quanto
1132 2955 1184 2979 cito

1209 4 1252 26 35„
1284 7 1343 27 fl...)-
1363 3 1372 9 ι,
1395 3 1416 19 ‚a
1501 2 1534 12 ,,-,.
1545 0 1719 22 252ng
1671 13 1674 18 Ι

793 436 906 462 LIBER
926 433 1237 462 PROCURATORUM
1257 433 1436 460 NATIONIS
1455 435 1700 461 ANGLICANAE

1248 709 1264 736 ⁵

1229 954 1263 980 10

1226 1198 1260 1225 15

1225 1443 1259 1469 20

1223 1687 1258 1714 25

1222 2178 1257 2204 35

2153 438 2204 464 406

1302 509 1395 539 archa
1418 510 1558 539 nacionis
1590 521 1646 550 pro
1680 511 1778 540 literis
1802 511 1996 550 obligatoriis
2023 513 2060 541 de
2093 514 2207 543 debitis

1302 557 1452 588 nacionis.
1482 558 1555 588 ltem
1583 559 1766 589 deliberavit
1791 559 1879 588 nacio
1909 561 1992 599 quod
2019 562 2123 590 eadem
2157 562 2206 591 die

1302 606 1451 636 intremus
1473 608 1642 643 tabernam,
1668 608 1739 648 quia
1769 614 1856 637 erant
1879 609 1940 638 duo
1963 610 2033 638 novi
2054 610 2205 650 magistri,

1301 665 1432 695 quorum
1452 656 1582 696 quilibet
1603 657 1695 686 solvit
1718 667 1811 686 unum
1833 658 1969 687 francum
1994 668 2050 697 pro
2069 657 2206 698 jocundo

1301 704 1441 740 introitu,
1479 715 1610 744 quorum
1650 706 1703 735 uni
1733 716 1845 735 nomen
1880 706 2028 746 magister
2060 706 2205 737 Nicolaus

1301 753 1428 789 Mathie,
1449 754 1537 783 alteri
1554 765 1666 784 nomen
1682 754 1829 794 magister
1843 754 1998 784 Johannes
2015 755 2164 795 Philippi.

1342 802 1416 831 ltem
1432 803 1464 832 in
1483 803 1588 832 eadem
1606 803 1853 843 congregacione
1873 803 2056 834 deliberavit
2074 805 2161 834 nacio
2175 812 2207 834 ut

1301 850 1488 881 haberentur
1502 858 1645 882 cantores
1664 853 1840 892 solempnes
1856 853 1887 882 in
1903 852 2034 882 ecclesia
2051 863 2109 892 pro
2128 854 2206 884 sesto

1300 900 1398 929 sancti
1417 900 1559 936 Emondi,
1579 907 1609 931 et
1626 901 1689 931 illis
1709 902 1884 931 solveretur
1901 902 1938 931 de
1954 902 2084 941 pecunia
2102 903 2206 932 nacio-

1300 958 1360 978 nis.

1704 1044 1799 1074 1371

1378 1114 1624 1144 Continuacio
1658 1114 1819 1155 ejusdem
1850 1117 2121 1155 procuratoris.

1338 1193 1412 1224 Item
1427 1195 1477 1224 die
1491 1194 1606 1224 XVlll·
1621 1195 1736 1225 mensis
1748 1195 1933 1225 Novembris
1945 1196 2021 1225 facta
2034 1206 2203 1236 congrega-

1296 1243 1384 1272 cione
1394 1244 1476 1283 apud
1484 1243 1627 1274 Sanctum
1637 1244 1652 1274 J
1657 1244 1791 1274 ulianum
1804 1254 1971 1284 pauperem
1978 1245 2014 1274 ad
2027 1244 2203 1284 eligendum

1296 1298 1527 1331 procuratorem
1551 1299 1581 1322 et
1602 1293 1787 1322 audiendum
1812 1299 1986 1332 compotum
2018 1293 2201 1332 receptoris‚

1295 1341 1490 1371 continuatus
1498 1341 1641 1371 fuitidem
1655 1341 1814 1372 Gerardus
1825 1342 1862 1371 de
1874 1342 1996 1377 Calker,
2008 1342 2202 1372 differebant-

1295 1399 1355 1429 que
1371 1390 1510 1430 magistri
1525 1397 1700 1430 compotum
1715 1391 1887 1430 receptoris
1903 1401 2000 1430 usque
2020 1392 2058 1420 ad
2073 1401 2202 1431 congre·

1296 1439 1456 1478 gacionem
1474 1446 1665 1478 sequentem.

1337 1487 1410 1517 ltem
1424 1488 1455 1517 in
1466 1488 1515 1518 die
1526 1488 1607 1518 beati
1623 1488 1754 1518 Emondi
1767 1489 1852 1528 regis
1864 1489 1988 1518 intravit
2001 1489 2088 1518 nacio
2102 1490 2201 1518 taber-

1295 1546 1363 1565 nam
1378 1537 1422 1566 aa
1435 1538 1509 1566 duos
1524 1538 1655 1576 gladios,
1667 1537 1927 1577 congregatisque
1943 1537 2085 1567 omnibus
2107 1538 2200 1578 magi·

1295 1584 1370 1614 stris
1387 1585 1526 1615 nacionis
1544 1585 1715 1625 Anglicane
1730 1596 1764 1615 ac
1781 1586 1910 1615 bedellis
1926 1586 2092 1621 facultatis,
2111 1593 2202 1625 prout

1295 1633 1391 1663 moris
1405 1640 1453 1664 est
1467 1634 1498 1664 in
1514 1634 1564 1664 illa
1581 1635 1643 1669 die,
1661 1635 1854 1675 consumpsit
1867 1635 1956 1664 nacio
1972 1635 2085 1664 ibidem
2101 1636 2201 1664 omni-

1295 1683 1353 1712 bus
1367 1683 1508 1713 deductis
1528 1683 1596 1713 xvi
1617 1684 1713 1714 libras
1728 1684 1907 1724 parisiens„
1926 1684 2085 1714 defalcatis
2101 1685 2201 1714 tribus

1295 1731 1420 1767 francis.
1437 1742 1516 1772 quos
1539 1732 1698 1762 solverunt
1714 1732 1854 1772 magistri
1875 1732 2059 1762 Guillelmus
2076 1733 2199 1768 Lambs,

1295 1779 1452 1811 Sanderus
1471 1781 1575 1817 Fabri,
1592 1781 1775 1812 Gotscalcus
1792 1782 1830 1811 de
1848 1781 1976 1811 Livonia
1994 1792 2051 1822 pro
2062 1781 2200 1822 jocundo

1295 1829 1434 1860 introitu.

1336 1879 1410 1908 ltem
1431 1879 1519 1909 xm·
1543 1879 1593 1909 die
1619 1879 1734 1910 mensis
1760 1879 1940 1909 Decembris
1970 1880 2046 1909 sacta
2068 1890 2201 1920 congre-

1294 1928 1423 1968 gacione
1441 1928 1580 1958 nacionis
1601 1929 1683 1969 apud
1702 1928 1847 1958 Sanctum
1862 1928 2015 1958 lulianum
2035 1939 2200 1968 pauperem

1294 1977 1332 2006 ad
1354 1977 1600 2017 supplicandum,
1623 1977 1809 2017 supplicavit
1829 1978 1976 2017 magister
1996 1978 2142 2008 Albertus
2162 1979 2200 2007 de

1296 2025 1424 2056 Pruscia
1449 2033 1611 2066 quatenus,
1642 2027 1668 2056 si
1699 2027 1894 2066 contingeret
1918 2027 1983 2056 lieri
2008 2027 2139 2056 rotulum
2169 2027 2199 2056 in

1294 2075 1438 2104 absencia
1466 2086 1520 2105 sua
1551 2082 1678 2115 propter
1711 2075 1827 2105 obitum
1859 2076 1974 2104 domini
1998 2086 2076 2116 pape
2089 2075 2112 2111 ⁴,
2139 2086 2200 2106 non

1294 2124 1435 2154 obstante
1454 2124 1598 2154 absencia
1618 2135 1673 2154 sua
1695 2131 1801 2164 posset
1824 2125 1939 2164 imponi
1962 2124 2074 2154 rotulo.
2102 2125 2199 2162 Quam

1294 2173 1554 2213 supplicacionem
1573 2180 1794 2203 concesserunt
1814 2183 1921 2203 omnes
1940 2174 2090 2213 magistri,
2110 2175 2200 2203 dum-

1294 2222 1385 2251 modo
1417 2228 1517 2252 tamen
1541 2222 1675 2252 solveret
1704 2222 1861 2252 solvenda.
1888 2221 2076 2262 Adjecerunt
2104 2223 2199 2252 eciam

1293 2271 1376 2310 quod
1392 2281 1429 2301 ex
1451 2281 1512 2311 quo
1531 2271 1598 2311 ipse
1619 2278 1684 2301 erat
1698 2281 1880 2301 recessurus
1897 2272 1935 2300 ad
1951 2277 2054 2311 partes
2071 2282 2153 2305 suas,
2170 2278 2199 2301 et

1293 2329 1361 2349 cum
1388 2320 1535 2360 magister
1556 2320 1686 2350 Michael
1708 2321 1746 2350 de
1776 2320 1905 2350 Pruscia
1933 2327 2015 2350 esset
2043 2320 2199 2360 obligatus

1254 2387 1258 2391 -
1293 2369 1415 2398 nacioni
1439 2368 1578 2408 predicte
1606 2370 1636 2399 in
1661 2370 1790 2409 quadam
1817 2379 1933 2398 sumina
1965 2370 2093 2408 pecunie
2130 2376 2199 2408 post

1221 2421 1256 2448 4⁰

1293 2424 1468 2458 compotum
1490 2418 1662 2458 receptorie
1687 2428 1742 2448 sue
1763 2418 1920 2453 derelicte,
1947 2429 2036 2458 quam
2064 2419 2197 2447 nondum

1293 2467 1396 2502 solvit,
1422 2473 1572 2507 quatenus
1594 2467 1753 2507 predictus
1778 2467 1925 2507 magister
1946 2467 2092 2496 Albertus
2118 2467 2198 2496 rcci-

1294 2522 1380 2555 peret
1409 2516 1438 2545 in
1470 2527 1504 2546 se
1531 2527 1610 2546 onus
1635 2516 1779 2546 monendi
1803 2522 1833 2545 et
1857 2516 2060 2555 extorquendi
2087 2516 2197 2545 dictam

1293 2634 1427 2659 devenerit
1438 2634 1471 2658 ad
1486 2634 1652 2667 pinguiorem
1667 2635 1808 2662 fortunam,
1823 2634 1908 2658 solvet
1917 2634 1995 2657 istam
2007 2641 2136 2658 summam
2148 2634 2198 2658 sub

1293 2678 1362 2703 pena
1370 2670 1676 2695 excommunicationis...
1692 2670 1786 2694 Datum
1799 2673 1827 2693 ut
1843 2678 1932 2701 auprn.

1323 2707 1346 2731 Ιι.
1379 2706 1430 2738 Qui
1447 2708 1532 2730 lamen
1546 2705 1606 2738 pluo
1623 2714 1701 2738 quam
1714 2714 1760 2738 per
1782 2714 1827 2729 ses
1844 2713 1925 2728 annun
1945 2704 2030 2727 adhuc
2047 2704 2113 2728 inter
2130 2705 2197 2728 νίνοιι

1291 2742 1350 2775 ficit.
1364 2741 1416 2766 Sed
1427 2742 1500 2773 sama
1511 2745 1572 2766 tunc
1583 2742 1687 2765 duravit
1700 2741 1726 2765 in
1744 2741 1912 2765 vnivenitate
1926 2739 2007 2763 Ιάνίι.
2019 2748 2113 2772 papan·
2133 2741 2197 2764 Gre-

1289 2777 1390 2810 gorium
1408 2777 1444 2801 ΧΙ
1462 2777 1532 2801 breui
1552 2777 1709 2804 moriturum,
1733 2776 1856 2808 imprimin
1884 2784 1927 2799 an.
1954 2776 2029 2804 1³7³;
2056 2775 2197 2799 innitimur

1292 2813 1358 2838 enin·
1373 2813 1399 2837 in
1411 2812 1499 2836 auimo
1512 2812 1576 2845 solio
1592 2813 1648 2844 (Mb
1662 2812 1756 2843 Musu-
1769 2811 1936 2843 manuscripti
1947 2814 2033 2835 notam
2049 2819 2064 2835 α
2073 2819 2196 2844 procura-

1291 2851 1346 2872 tore
1363 2848 1475 2880 quodam
1498 2847 1575 2880 quani
1594 2855 1642 2879 per
1656 2847 1743 2879 jocum
1771 2846 1929 2878 adscriptam
1953 2855 1960 2870 .-
1981 2855 1992 2869 ιι
2019 2846 2112 2870 Datum
2134 2846 2195 2870 anni

1293 2884 1403 2911 Lxxm,
1413 2883 1526 2908 secunda
1536 2882 1578 2907 dio
1584 2883 1681 2907 men-ia
1689 2883 1769 2910 Junii,
1777 2885 1802 2906 et
1811 2882 1947 2906 dicebatur
1954 2881 2091 2909 assertive.
2099 2890 2195 2913 papam

1293 2919 1361 2943 inira
1373 2922 1427 2943 tren
1441 2926 1543 2943 menaea
1553 2926 1568 2942 a
1579 2918 1639 2942 duta
1653 2918 1813 2950 presentium
1827 2917 1982 2941 moriturum
1996 2917 2051 2941 uine
2061 2917 2172 2941 delectu.
2182 2927 2196 2939 u

2170 0 2285 19 'ffivssjffic
2309 0 2321 19 ’π
2353 0 2358 2 ἡ
2377 0 2385 3 *-
2412 0 2415 2 ’
2458 1 2463 5 ›
2476 0 2497 5 ’ν
2510 0 2519 9 κ
2536 0 2540 3 ·
