2632 3464
304 406 358 432 313

346 484 421 514 ltem
431 483 538 512 eodem
549 481 599 510 die
609 480 786 521 procuravit
793 480 1036 510 satisfaccionem
1047 481 1210 510 bursarum

305 542 430 563 suarum
445 531 572 560 licencie
590 531 670 560 idem
683 530 826 559 dominus
843 528 1001 564 Nicolaus,
1017 528 1106 558 litera
1125 539 1210 558 reco-

304 581 460 622 gnitionis
476 579 634 610 sentencie
646 578 706 608 late
722 579 761 608 ad
778 577 835 607 hoc
854 578 943 607 facta.

344 630 421 660 Item
445 629 523 658 facta
553 627 800 667 congregacione
827 627 865 656 ad
890 626 1034 656 Sanctum
1056 626 1210 656 lulianum

303 681 343 710 ad
354 678 590 719 supplicandum
606 682 636 706 et
650 675 853 706 ordinandum
867 675 906 704 de
918 675 1048 715 pecunia
1058 675 1209 710 nacionis,

305 727 493 769 supplicavit
510 726 659 766 magister
682 724 840 754 Hubertus
864 724 903 753 de
923 724 1104 763 Horwynen
1125 730 1159 753 ut
1179 724 1211 753 in

304 788 379 808 casu
395 787 457 816 quo
468 776 556 806 fieret
568 773 688 804 rotulus
703 773 735 802 in
748 772 814 812 ejus
827 773 983 808 absencia,
998 773 1066 812 ipse
1082 782 1211 812 repone-

305 834 390 858 retur
407 827 444 856 ad
459 824 604 859 rotulum,
623 823 707 863 quod
719 822 780 852 sibi
793 822 850 852 fuit
863 831 1046 852 concessum
1064 827 1211 861 quantum

305 877 336 906 in
347 875 476 905 nacione
488 879 582 903 esset.
600 872 675 902 Item
691 871 877 911 supplicavit
888 881 946 910 pro
957 871 1211 900 accomodacione

305 925 346 955 Vl
370 925 543 954 francorum
563 931 658 962 super
677 921 775 950 libros
796 920 850 955 3⁶¹,
869 920 947 949 duos
970 920 1094 959 quidem
1111 920 1213 949 conti-

306 980 415 1004 nentes
422 970 651 1012 philosophiam
662 969 842 999 Aristotelis
855 975 886 998 et
903 969 961 998 3¹¹¹¹¹
972 968 1126 998 Summam
1138 968 1212 998 Tra-

305 1021 412 1053 nensis
423 1020 447 1055 ⁴,
464 1020 548 1060 quod
569 1018 630 1048 sibi
645 1018 701 1048 suit
715 1027 909 1052 concessum,
928 1018 1074 1047 duntaxat
1093 1017 1212 1047 literam

305 1072 417 1102 dictam
435 1069 591 1099 sentencie
607 1068 666 1097 late
683 1067 840 1096 inducium
863 1066 1062 1106 persolvendi
1082 1066 1141 1095 sibi
1161 1067 1212 1095 de-

307 1126 444 1161 putatum
465 1122 662 1158 procuraret,
683 1125 762 1155 quos
781 1115 879 1144 libros
896 1121 1005 1155 posset
1026 1125 1084 1154 pro
1107 1115 1212 1144 eadem

307 1168 439 1210 pecunia
453 1166 614 1196 exsolvere
626 1165 769 1194 dominus
781 1164 939 1194 Johannes
949 1165 988 1194 de
1003 1163 1154 1194 Swinken
1164 1163 1213 1193 vel

307 1217 464 1248 Henricus
476 1217 514 1245 de
531 1213 673 1255 Trajecto
690 1213 842 1243 inferiori.

345 1267 423 1296 Item
439 1266 470 1294 in
485 1263 593 1304 vigilia
608 1263 706 1294 sancti
726 1261 898 1302 [lobannis]
915 1261 1054 1302 Baptiste
1067 1261 1213 1291 acceden-

306 1324 354 1348 tes
378 1317 416 1346 ad
444 1314 567 1344 archam
593 1311 821 1352 reposuerunt²
843 1311 941 1341 libros
958 1310 1020 1351 jam
1051 1311 1151 1340 dictos
1175 1311 1212 1339 ad

304 1365 428 1395 archam
440 1363 622 1402 literamque
633 1360 781 1402 ejusdem.

347 1414 423 1444 item
447 1413 478 1442 in
500 1411 636 1441 crastino
664 1410 798 1440 crastine
825 1407 921 1448 diey²
941 1408 1039 1438 sancti
1063 1407 1213 1438 Johannis

306 1462 447 1502 Baptiste
459 1460 602 1490 dominus
613 1459 791 1489 Geraerdus
806 1457 907 1487 dictus
917 1456 1023 1486 Wilde
1034 1456 1213 1486 licenciatus

307 1511 363 1541 fuit
380 1511 438 1540 sub
453 1509 602 1549 magistro
620 1507 782 1546 Marsyllo,
800 1506 852 1546 qui
870 1505 1020 1536 satisfecit
1036 1515 1094 1545 pro
1109 1505 1214 1535 bursis

306 1570 361 1590 sue
372 1558 500 1589 licencie
514 1557 556 1587 lx
566 1556 684 1587 solidos
698 1555 838 1585 cautione
848 1554 1042 1594 fidejussoria
1054 1560 1084 1583 et
1095 1554 1214 1583 literam

306 1609 422 1639 domini
445 1605 595 1637 officialis.
619 1605 694 1635 Item
714 1605 794 1634 idem
812 1604 928 1644 incepit
944 1604 1002 1634 suh
1017 1603 1100 1632 dicto
1115 1602 1214 1643 magi-

313 1665 378 1688 stro
403 1656 545 1687 Marsilio
572 1655 603 1685 in
627 1653 755 1694 vigilia⁴
779 1653 877 1683 sancti
904 1653 989 1683 Petri
1010 1652 1154 1692 Apostoli
1175 1653 1214 1681 de

308 1716 433 1737 carcere
442 1705 466 1741 ¹⁵,
482 1704 696 1734 satisfaccione
710 1702 895 1742 obligatoria
911 1701 974 1742 jam
991 1702 1072 1731 data.

348 1755 424 1786 ltem
439 1753 583 1784 dominus
599 1751 784 1782 Frederieus
797 1751 948 1792 Zegeman
962 1751 1000 1780 de
1016 1749 1148 1779 Saxonia
1164 1749 1213 1779 die

307 1803 400 1834 lune⁶
418 1809 491 1844 post
509 1802 591 1832 diem
613 1801 711 1831 sancti
730 1800 816 1830 Petri
843 1806 874 1830 et
895 1799 983 1830 Pauli
1003 1799 1213 1839 apostolorum

307 1854 338 1884 in
366 1853 484 1882 artibus
515 1850 694 1881 licenciatus
722 1849 870 1879 satisfecit
898 1849 936 1878 de
971 1848 1100 1878 licencia
1125 1847 1215 1877 litera

305 1902 423 1933 domini
440 1900 578 1931 officialis
594 1898 803 1939 recognitoria
816 1897 967 1928 sententie
981 1897 1051 1927 late.

348 1951 422 1981 ltem
445 1950 580 1980 secunda
602 1949 652 1978 die
679 1947 795 1978 mensis
818 1947 891 1977 Julii
915 1946 1047 1976 accessit
1069 1945 1213 1976 dominus

307 2007 451 2040 receptor
463 2010 522 2029 una
538 2008 656 2028 mecum
674 1998 712 2027 ad
727 1996 862 2031 archam,
881 2002 911 2026 et
923 1995 1213 2035 tuncimposuimus

306 2051 383 2081 istas
398 2049 504 2079 literas
519 2049 557 2078 ad
573 2046 694 2077 archam
710 2058 717 2075 ε
733 2046 834 2086 prima
848 2046 905 2075 suit
915 2045 1084 2074 Alexandri
1095 2045 1133 2074 de
1145 2044 1213 2074 Etal

308 2109 367 2140 pro
391 2097 633 2128 determinancia
660 2105 716 2126 sua
739 2101 885 2125 renovata
911 2104 929 2124 a
954 2094 1032 2123 sesto
1062 2093 1213 2124 lobannis

308 2148 466 2189 Baptiste3
500 2147 530 2176 2·
559 2146 615 2175 suit
646 2144 763 2175 Thome
794 2143 961 2179 Effluham,
988 2149 1018 2173 et
1044 2144 1133 2172 ambo
1163 2143 1213 2172 isti

306 2197 459 2227 hahentur
476 2195 507 2225 in
523 2195 628 2224 endem
643 2193 743 2224 litera.

347 2246 421 2276 ltem
439 2244 556 2275 domini
568 2242 723 2273 Waltheri
741 2243 778 2272 de
791 2241 1024 2282 Wyscensteyg
1039 2251 1096 2280 pro
1109 2241 1213 2270 deter-

307 2294 468 2325 minancia.
652 2294 658 2300 '

348 2343 422 2373 Item
437 2341 578 2382 magistri
595 2340 746 2371 Johannis
762 2341 800 2370 de
818 2339 948 2369 Woerst
966 2349 1022 2379 pro
1040 2339 1169 2368 licencia
1184 2345 1214 2368 et

310 2392 498 2433 magisteryo
516 2390 616 2421 simul.

349 2441 423 2471 ltem
439 2439 580 2480 magistri
600 2438 719 2468 Alfardi
737 2439 774 2468 de
792 2437 831 2473 A,
850 2437 968 2468 literam
986 2437 1213 2478 recognicionis

309 2499 364 2520 sue
379 2489 519 2519 licencie.
716 2523 720 2527 q

349 2538 424 2569 ltem
443 2537 559 2568 domini
573 2537 760 2567 Wolbrandi
780 2536 854 2565 dicti
872 2536 969 2566 Cesar
990 2545 1047 2575 pro
1067 2535 1214 2565 determi-

339 2643 362 2667 1.
395 2644 444 2667 Mn.
466 2642 620 2667 Trimolten.
644 2642 695 2675 Agi
716 2642 815 2666 videtur
838 2641 870 2666 de
893 2641 1001 2666 Summa
1023 2641 1157 2666 chel'ridi
1181 2641 1213 2666 de

308 2678 405 2707 Trono,
419 2678 475 2702 Via.
484 2678 619 2707 Sonmsa,
628 2677 721 2703 Gesch.
732 2677 759 2701 d.
768 2677 875 2706 Quellen
883 2677 931 2701 des
943 2677 1004 2701 kan.
1017 2677 1119 2705 Rechts.
1131 2677 1164 2705 ll,
1173 2678 1212 2701 89.

338 2714 363 2738 2.
395 2715 445 2739 Nn.
457 2713 584 2746 repon-ij.

338 2750 363 2774 2.
393 2750 425 2773 2⁶
435 2748 515 2773 Ιιιιίί.

337 2785 362 2808 b.
394 2785 425 2808 28
433 2784 514 2808 Iunii.

339 2822 363 2844 5.
396 2820 438 2844 Sic
452 2820 556 2846 dietum.
570 2818 631 2852 quia
648 2819 792 2852 Capitulum
805 2819 831 2843 in
850 2819 962 2851 Vesperi·
973 2819 1036 2852 senti
1048 2821 1092 2843 SS.
1107 2819 1178 2844 Petri
1189 2822 1213 2844 et

308 2854 386 2879 Pauli
394 2855 482 2887 incipit
493 2863 499 2879 2
512 2855 605 2880 Petrus
617 2854 722 2887 quidem
737 2855 893 2879 servabatur
905 2855 930 2880 in
946 2862 1059 2879 carcere.
1074 2855 1213 2887 Significa-

309 2890 344 2915 ιίο
355 2891 442 2923 utiquc
450 2898 520 2919 ram,
529 2899 596 2922 quae
604 2891 680 2915 etaiam
689 2890 759 2915 deut
767 2890 839 2922 apud
843 2891 1013 2919 Guonnxn,
1022 2890 1213 2923 zeitreehnung·

309 2926 355 2951 des
368 2925 510 2951 deutschen
525 2926 699 2955 titul-lun,
711 2926 731 2955 1,
745 2926 791 2950 1⁵³
802 2934 858 2958 sqq.

803 404 916 430 LIBER
937 403 1249 431 PROCURATORUM
1268 403 1448 430 NATIONIS
1471 404 1715 431 ANGLICANAE

1249 924 1283 950 10

1250 1171 1283 1196 15

1250 1415 1284 1441 20

1251 1658 1284 1684 25

1250 1903 1285 1929 30

1250 2149 1284 2174 35

1251 2394 1284 2420 4⁰

2172 404 2223 430 314

1319 480 1426 509 nancia
1452 486 1482 509 et
1505 479 1634 509 licencia
1657 486 1802 509 renovata
1826 490 1841 508 a
1866 480 1915 508 die
1941 480 2038 508 sancti
2061 480 2222 509 Johannis.

1360 528 1434 558 ltem
1464 529 1620 558 Frederici
1649 529 1722 558 dicti
1749 529 1900 567 Zegeman
1927 529 2167 558 determinancie
2195 536 2226 559 et

1318 577 1447 607 licencie
1463 578 1564 607 simul.

1359 626 1434 656 Item
1449 627 1589 666 magistri
1606 626 1739 656 Gotsridi
1754 627 1791 655 de
1809 626 1882 665 Tyla
1897 625 2025 655 licencie
2039 636 2104 655 sue.

1359 675 1452 715 (Fol.1
1476 676 1505 715 b)
1515 675 1527 694 ⁷
1542 676 1616 705 ltem
1628 675 1759 705 litteram
1771 674 1957 714 quitacionis
1975 675 2114 704 nacionis
2129 675 2226 704 Galli-

1319 734 1393 753 cane
1415 725 1453 754 de
1473 725 1669 765 septuaginta
1694 724 1803 754 solidis
1826 724 1886 752 sibi
1907 723 2017 753 solutis
2039 734 2096 763 pro
2119 724 2226 763 locayo

1319 782 1443 802 suarum
1466 773 1631 802 scolarum.
1658 773 1732 802 ltem
1755 773 1873 802 literam
1896 772 2042 802 Gaufredi
2066 772 2226 801 Michaelis

1319 821 1496 861 apothecari
1518 823 1556 851 de
1582 821 1665 851 XXV
1690 821 1799 850 solidis
1820 831 1879 861 pro
1906 821 2000 850 scolis
2037 823 2093 849 VII
2117 822 2226 849 artium

1318 870 1438 900 literam
1452 870 1648 910 quitacionis.
1669 871 1743 900 Item
1760 870 1849 899 aliam
1862 869 2048 910 quitacionis
2063 870 2101 898 de
2115 869 2227 899 XXXX

1320 919 1442 955 solidis,
1473 929 1552 959 quos
1583 925 1727 959 receptor
1759 929 1820 948 non
1852 918 2040 958 computavit
2068 919 2105 947 de
2133 918 2226 947 scolis

1320 968 1531 998 inferioribus.
1550 968 1623 998 ltem
1640 969 1770 1008 pignora
1786 968 1902 998 domini
1918 967 2036 997 Nicolai
2050 968 2087 996 de
2106 967 2227 1007 Prusya

1319 1027 1378 1057 pro
1393 1027 1449 1047 sua
1461 1017 1598 1047 licencia.
1618 1017 1682 1046 Hec
1701 1018 1754 1046 ibi.

1361 1066 1436 1095 Item
1456 1067 1474 1096 3
1496 1066 1546 1096 die
1565 1066 1682 1096 mensis
1701 1066 1774 1096 Julii
1794 1066 1946 1095 licenciati
1968 1065 2090 1095 fuerunt
2111 1066 2226 1094 domini

1322 1115 1413 1155 Hugo
1431 1116 1468 1145 de
1482 1116 1563 1145 Delf.

1362 1164 1436 1193 Item
1451 1164 1665 1194 VVolbrandus
1681 1164 1789 1194 Cesar.

1362 1213 1616 1243 Bartholomaeus
1630 1213 1838 1252 Wi1[he1m]y.

1361 1261 1507 1291 Alfardus
1529 1263 1567 1291 de
1589 1262 1628 1297 A,
1657 1262 1714 1291 sub
1739 1261 1888 1301 magistro
1911 1261 2068 1295 Marsssio,
2098 1271 2228 1300 quorum

1321 1310 1489 1340 satisfactio
1502 1310 1583 1340 dicta
1599 1320 1655 1350 per
1668 1310 1774 1339 literas
1786 1309 1847 1349 jam
1864 1311 1901 1339 ad
1917 1309 2038 1338 archam
2055 1309 2227 1348 impositas.

1362 1359 1436 1389 Item
1455 1360 1486 1388 in
1504 1358 1660 1389 crastino⁸
1678 1359 1850 1388 Divisionis
1871 1358 2113 1398 Appostolorum
2136 1358 2230 1397 magi-

1322 1415 1387 1438 ster
1401 1407 1560 1438 Marsilius
1576 1408 1708 1437 exsolvit
1726 1407 1898 1447 pecuniam,
1915 1418 1972 1447 pro
1991 1417 2050 1446 qua
2066 1418 2099 1436 se
2113 1407 2228 1446 obliga-

1321 1463 1408 1486 verat
1422 1467 1479 1496 pro
1493 1457 1618 1486 domino
1633 1456 1772 1486 Johanne
1790 1457 1827 1485 de
1844 1456 2038 1485 Ledenberk.

1363 1505 1437 1535 ltem
1460 1505 1492 1534 in
1508 1504 1636 1545 vigilia⁰
1652 1505 1750 1534 sancti
1772 1504 1930 1534 Laurentii
1950 1505 2082 1544 exempti
2108 1506 2231 1534 suerunt

1321 1554 1393 1584 libri
1415 1564 1472 1593 per
1494 1553 1665 1583 Johannem
1697 1555 1735 1582 de
1762 1553 1919 1593 Swynken
1954 1563 2012 1593 pro
2038 1563 2092 1582 sex
2117 1553 2229 1582 francis

1322 1603 1480 1633 concessis
1496 1603 1644 1643 magistro
1663 1602 1802 1632 Huberto
1823 1612 1918 1642 super
1933 1603 2073 1637 eosdem,v
2087 1608 2116 1631 et
2133 1612 2230 1641 expo-

1322 1651 1374 1681 siti
1389 1652 1427 1680 de
1442 1651 1545 1681 archa.

1363 1702 1437 1732 Item
1464 1703 1491 1732 11
1514 1702 1606 1732 solidi
1627 1702 1761 1742 expositi
1785 1703 1906 1732 fuerunt
1928 1712 1986 1742 pro
2007 1702 2139 1742 ligatura
2157 1701 2229 1730 libri

1321 1751 1422 1791 hujus.

1362 1801 1437 1830 Item
1451 1799 1506 1830 XX
1519 1800 1611 1830 solidi
1622 1800 1828 1839 procuratori.

1363 1849 1437 1879 Item
1463 1850 1645 1879 accedentes
1673 1849 1711 1878 ad
1737 1849 1859 1879 archam
1886 1848 2086 1888 exposuimus
2110 1848 2228 1878 literam

1322 1898 1438 1928 domini
1454 1898 1604 1928 Johannis
1620 1898 1814 1938 Leymburch
1832 1908 1890 1937 pro
1908 1908 1964 1927 suo
1977 1897 2227 1927 determinancia.

1362 1947 1437 1977 ltem
1453 1947 1485 1976 in
1503 1947 1552 1977 die
1569 1947 1666 1977 sancti
1687 1947 1835 1986 Ladwyci
1848 1946 1875 1965 ⁴⁰
1889 1948 1927 1976 ad
1944 1946 2066 1976 archam
2083 1946 2230 1986 exposui-

1321 2006 1389 2026 mus
1404 1996 1431 2026 Π
1447 1996 1545 2026 libros
1555 1997 1593 2026 de
1606 1996 1709 2031 archa,
1728 1996 1847 2025 scilicet
1862 1995 2095 2035 Philosophiam
2109 2001 2229 2024 natura—

1322 2045 1381 2075 lem
1392 2044 1518 2085 majoris
1526 2045 1704 2080 voluminis,
1717 2055 1807 2084 quam
1818 2045 1951 2074 exsolvit
1961 2045 2108 2084 magister
2118 2043 2229 2073 Arnol-

1322 2095 1379 2124 dus
1389 2095 1427 2124 de
1441 2094 1567 2124 Belsten
1581 2104 1640 2124 una
1655 2104 1722 2124 cum
1739 2094 1863 2123 Summa
1874 2093 2008 2123 Gotsridi
2026 2103 2081 2132 pro
2089 2093 2229 2122 Johanne

1323 2142 1395 2184 Sag,
1415 2142 1502 2183 cujus
1518 2144 1612 2172 bursa
1627 2142 1867 2173 determinancie
1882 2142 1954 2172 V111
1971 2142 2075 2171 solidi.

1363 2193 1437 2222 ltem
1459 2192 1663 2232 imposuimus
1686 2192 1790 2221 literas
1811 2191 2012 2231 obligatorias
2037 2191 2149 2220 ibidem

1321 2243 1359 2271 ad
1369 2241 1504 2276 archam,
1517 2251 1644 2281 quarum
1654 2241 1754 2280 prima
1764 2241 1914 2270 Johannis
1926 2240 2039 2279 Mawyl
2053 2240 2147 2269 Secti.

1363 2290 1437 2320 ltem
1454 2290 1616 2320 Wilhelmi
1630 2289 1723 2319 Zahel

1363 2339 1437 2369 ltem
1452 2338 1594 2369 Goswini
1610 2340 1647 2368 de
1663 2338 1770 2368 Remel

1363 2388 1437 2418 Item
1455 2388 1605 2417 Johannis
1622 2387 1746 2417 Rucher
1759 2386 1781 2405 ¹⁴

1363 2437 1437 2467 ltem
1454 2437 1597 2477 Hugonis
1613 2437 1650 2466 de
1667 2436 1767 2476 Delph

1363 2487 1438 2516 Item
1469 2485 1600 2516 Arnoldi
1634 2485 1783 2525 Oryngen
1815 2491 1844 2514 et
1877 2484 2026 2514 johannis
2059 2484 2147 2514 Blum

1322 2535 1413 2565 simul

2198 2481 2227 2540 pro
2189 2217 2219 2467 determinancia.

1352 2643 1375 2666 6.
1409 2642 1439 2665 30
1451 2641 1531 2665 lunii.

1352 2678 1375 2701 7.
1408 2677 1494 2701 Prima
1507 2677 1575 2701 linea
1587 2676 1671 2701 deleta
1686 2680 1732 2701 eol.

1351 2714 1374 2737 8.
1409 2713 1438 2736 16
1449 2711 1520 2737 Iulii.

1351 2750 1375 2773 9.
1408 2750 1424 2772 9
1435 2748 1552 2780 Augusti.

1351 2784 1390 2808 10.
1425 2785 1445 2808 1.
1457 2792 1479 2807 e.
1497 2783 1594 2808 Ladici.
1611 2783 1674 2815 Ejus
1684 2784 1776 2815 sescum
1788 2785 1803 2806 9
1816 2782 1933 2813 Augusti.

1353 2820 1389 2843 li.
1430 2819 1473 2843 rel
1485 2819 1591 2843 Ruther.
1609 2819 1654 2843 Vir
1669 2819 1734 2842 idem
1750 2821 1787 2841 est
1804 2818 1846 2841 ille
1858 2826 1972 2850 nequem.
1990 2817 2036 2850 qm'
2044 2818 2100 2849 jam
2116 2817 2182 2841 Maii
2196 2817 2222 2841 ³1

1320 2855 1432 2888 ejusdem
1448 2855 1512 2879 anni
1532 2854 1674 2886 recognovit
1691 2863 1717 2877 se
1731 2854 1823 2877 debere
1838 2862 1884 2885 pro
1901 2861 1948 2877 aua
1965 2853 2069 2877 lictntia
2086 2853 2223 2885 quamdam

1319 2899 1451 2915 summam.
1470 2892 1587 2914 Inurum.
1607 2890 1755 2917 laceratum,
1773 2889 1797 2913 in
1815 2889 1889 2913 Arc-ln.
1913 2889 2023 2913 vniam.
2047 2888 2138 2918 Paria,
2156 2888 2225 2912 thee.

1321 2926 1384 2955 xlv,
1398 2930 1425 2950 n·
1439 2925 1465 2950 il
1481 2933 1487 2950 τ
1500 2927 1572 2950 Anno
1586 2925 1687 2950 Domini
1699 2925 1839 2949 millesimo
1851 2925 1940 2949 CCC-³
1951 2925 2001 2949 ΒΧ·
2014 2925 2091 2953 ww,
2105 2924 2147 2949 die
2159 2932 2226 2949 mer·
