2632 3464
443 418 492 443 387
979 413 1199 440 AUCTARIUM
1222 411 1481 438 CHARTULARII
1501 411 1674 438 UNIVERS.
1698 413 1815 440 PARIS.
2305 416 2356 443 388

438 493 527 522 simul
564 493 620 521 sub
663 492 809 531 magistro
855 491 1010 520 Gerrardo
1050 490 1163 519 Kalkar
1198 488 1341 534 dominus

436 542 591 571 ,lohannes
606 541 712 579 Heyen
728 542 765 569 de
782 538 996 574 Ruremfindffi
1015 539 1084 568 item
1101 538 1243 567 dominus
1260 536 1341 565 Hen-

436 591 519 619 ricus
540 590 653 618 Robini
675 590 711 618 de
735 586 942 618 Ruremfmde.
969 589 1068 617 Bursa
1087 586 1250 625 cujuslibet
1268 584 1340 613 VIII

437 639 541 674 solidi,
558 639 595 667 de
612 638 724 677 quibus
740 639 828 666 ambo
844 637 1059 666 satisfecerunt
1074 634 1236 674 receptori.

479 688 551 716 Item
573 688 602 716 in
624 686 868 726 congregacione
891 687 929 714 ad
951 685 1185 724 supplicandum
1210 684 1286 712 facta
1310 682 1340 711 in

436 737 545 776 primis
570 736 682 765 Nostre
708 735 838 764 Domine
863 735 893 763 in
919 735 1031 763 Sancto
1052 734 1185 767 Juliano,
1210 732 1259 761 die
1279 741 1340 770 quo

437 795 542 824 supra,
567 784 819 823 supplicaverunt
842 783 989 822 magister
1014 782 1189 811 Gerrardus
1214 780 1339 815 Kalkar,

437 834 508 863 item
525 834 671 872 magister
688 833 842 861 Jordanus
858 833 895 860 de
912 832 1020 866 Clivis,
1037 837 1068 860 ut
1084 831 1172 859 nacio
1188 829 1280 859 vellet
1295 830 1340 858 eis

436 883 605 911 concedere
626 892 681 920 pro
705 882 809 910 eodem
831 891 910 909 anno
928 881 1030 909 futuro
1053 879 1165 914 scolas,
1183 879 1214 907 in
1228 878 1340 917 quibus

438 938 569 970 protunc
582 930 685 969 legere
699 936 939 964 consueverant;
958 935 987 958 et
998 929 1078 958 dicte
1092 927 1340 967 supplicaciones

436 981 481 1009 eis
503 989 650 1008 concesse
672 979 793 1008 suerunt
813 989 827 1007 a
847 978 979 1017 singulis
1002 978 1160 1017 magistris
1184 977 1341 1016 presenti-

438 1030 506 1058 bus.
529 1028 567 1057 Et
589 1028 707 1056 reddita
725 1027 950 1056 deliberacione
969 1037 1025 1066 per
1043 1037 1090 1055 me
1107 1033 1339 1066 procuratorem

437 1083 683 1116 supervenerunt
697 1076 791 1115 aliqui
807 1076 958 1116 magistri,
977 1076 1115 1104 dicentes
1129 1075 1213 1114 quod
1229 1085 1265 1103 ex
1279 1085 1340 1114 quo

437 1126 628 1155 solummodo
654 1131 758 1154 essent
779 1125 878 1154 vocati
903 1126 939 1153 ad
966 1125 1203 1164 supplicandum
1223 1130 1253 1153 et
1277 1134 1339 1153 non

435 1175 649 1209 ordinandum,
665 1184 726 1202 non
744 1180 874 1213 possent
890 1173 1030 1213 magistri
1048 1179 1178 1212 protunc
1194 1173 1339 1202 ordinare

436 1225 473 1252 de
488 1223 593 1257 scolis,
610 1223 649 1251 ita
667 1224 749 1261 quod
763 1223 907 1252 dixerunt
921 1233 953 1251 se
970 1223 1148 1252 interimere
1160 1222 1257 1251 dictas
1269 1232 1339 1261 sup-

435 1272 633 1312 plicaciones.

476 1321 548 1349 Item
572 1321 686 1359 incepit
695 1320 863 1350 xxlxadie
878 1321 992 1349 mensis
1011 1319 1173 1359 ejus[dem]
1191 1319 1337 1349 dominus

434 1370 616 1399 Wermerus
634 1369 706 1408 May
715 1370 752 1398 de
769 1369 983 1408 Pfhorczhayn
1000 1369 1075 1398 alias
1091 1370 1128 1398 de
1151 1369 1263 1398 Suevia
1282 1370 1339 1398 sub

435 1419 581 1458 magistro
599 1418 734 1447 Henrico
751 1419 788 1447 de
805 1418 929 1453 Hassia,
947 1418 1034 1457 cujus
1053 1420 1146 1447 bursa
1163 1418 1219 1447 VII
1233 1418 1336 1447 solidi.

437 1468 510 1496 Item
539 1467 668 1496 redemit
700 1467 767 1506 ipse
797 1477 886 1496 unam
920 1467 1038 1497 literam
1074 1467 1289 1507 obligatoriam
1323 1478 1340 1496 a

435 1516 562 1545 nacione
580 1526 635 1555 pro
651 1516 771 1545 duobus
787 1516 912 1545 francis.

476 1565 549 1594 Item
571 1565 676 1593 eodem
702 1565 750 1593 die
775 1566 849 1594 facta
870 1565 1116 1605 congregacione
1140 1566 1171 1594 in
1190 1566 1281 1594 nonis
1301 1566 1339 1594 ad

435 1614 680 1652 supplicandum,
699 1614 910 1652 supplicarunt
920 1615 1066 1654 magister
1075 1614 1233 1643 Arnoldus
1242 1614 1337 1649 Neve,

435 1662 580 1702 magister
595 1662 752 1691 Arnoldus
770 1663 808 1691 de
825 1663 985 1702 Oringhen
1002 1670 1030 1692 et
1048 1664 1196 1702 magister
1214 1663 1339 1692 Ghisel-

434 1713 539 1740 bertus
546 1711 737 1740 Groesbeich
745 1718 895 1750 quatenus
905 1713 992 1741 nacio
1003 1713 1095 1742 vellet
1103 1713 1148 1741 eis
1156 1713 1337 1747 concedere,

434 1766 467 1788 ut
483 1766 613 1799 possent
630 1760 745 1799 imponi
764 1761 865 1789 rotulo
888 1761 1134 1790 resormacionis.
1156 1761 1195 1790 Et
1212 1771 1339 1790 conces-

436 1819 501 1837 sum
525 1815 571 1837 est
594 1809 639 1837 eis
662 1810 719 1837 sub
740 1809 855 1838 eisdem
881 1809 1116 1839 condicionibus
1138 1811 1250 1849 quibus
1271 1810 1339 1839 aliis

433 1863 481 1886 est
514 1868 704 1892 concessum,
733 1864 762 1886 et
789 1858 849 1897 ipsi
874 1865 937 1887 tres
962 1859 1052 1888 simul
1074 1860 1226 1888 dederunt
1248 1870 1339 1888 unam

433 1906 549 1935 literam
566 1906 705 1935 officialis
723 1913 756 1935 ut
775 1917 879 1946 supra,
900 1914 929 1936 et
947 1909 1017 1937 data
1038 1915 1085 1938 est
1106 1908 1150 1937 eis
1172 1919 1231 1937 una
1251 1909 1339 1938 litera

433 1956 470 1983 ad
490 1956 645 1989 nuncium,
665 1962 697 1984 ut
715 1956 783 1984 aliis
797 1963 844 1985 est
860 1957 983 1986 factum.

475 2004 548 2033 Item
565 2004 688 2033 intravit
703 2005 790 2033 nacio
808 2012 880 2044 post
893 2006 1169 2045 congregacionem
1181 2008 1338 2036 tabernam

434 2054 476 2081 ad
490 2053 627 2081 huchiam
643 2054 744 2092 Egidii
758 2053 789 2082 in
806 2054 875 2083 vico
890 2054 1026 2090 Cithare,
1047 2062 1076 2084 et
1090 2055 1132 2084 ibi
1146 2056 1340 2095 consumpsit

434 2112 525 2131 unum
551 2102 698 2137 francum,
718 2113 807 2141 quem
828 2103 920 2132 solvit
942 2103 1090 2143 magister
1120 2104 1338 2134 Ghiselbertus

436 2150 627 2179 Groesbeich
646 2161 702 2189 pro
719 2161 774 2180 suo
783 2150 922 2191 jocundo
938 2152 1076 2182 introitu.

475 2199 548 2228 Item
566 2199 659 2228 tercia
677 2200 725 2228 die
742 2200 856 2229 mensis
878 2201 1039 2230 Februarii
1057 2212 1136 2231 anno
1154 2204 1243 2232 1371ο
1263 2203 1339 2232 facta

433 2248 677 2287 congregacione
689 2249 827 2278 nacionis
840 2257 912 2289 post
920 2251 1195 2290 congregacionem
1208 2251 1337 2281 Univer-

434 2297 532 2326 sitatis
547 2297 577 2325 in
595 2298 685 2326 domo
700 2297 932 2327 Predicatorum
948 2300 985 2328 ad
1002 2300 1249 2339 supplicandum,
1267 2311 1337 2340 sup-

432 2346 586 2384 plicarunt
606 2346 752 2385 magister
773 2346 989 2377 Ghiselbertus
1007 2349 1044 2377 de
1063 2349 1241 2378 Groesbeke
1262 2360 1338 2389 qua-

434 2401 533 2429 tenus,
558 2394 583 2423 si
607 2394 637 2423 in
660 2396 803 2424 absencia
819 2396 865 2424 sui
887 2397 1079 2436 contingeret
1100 2398 1167 2426 fieri
1187 2398 1335 2433 rotulum,

434 2444 514 2482 quod
532 2450 637 2482 posset
652 2444 779 2483 imponi.
798 2444 893 2484 Cujus
910 2446 1100 2485 supplicacio
1116 2447 1172 2476 fuit
1188 2458 1338 2477 concessa

434 2492 543 2521 solutis
553 2492 722 2528 solvendis,
736 2499 765 2522 et
773 2493 804 2521 in
814 2501 958 2532 quantum
968 2496 1088 2524 steterit
1097 2506 1154 2534 per
1165 2497 1335 2526 nacionem.

436 2541 507 2569 Item
526 2541 711 2580 supplicavit
724 2542 872 2581 magister
880 2543 994 2581 Symon
1010 2551 1159 2583 quatenus
1174 2552 1282 2584 posset
1294 2546 1338 2574 in-

437 2589 536 2629 [poni]
552 2590 652 2618 rotulo
676 2591 919 2620 reformacionis.
945 2591 1040 2631 Cujus
1057 2593 1247 2632 supplicacio
1263 2604 1337 2623 con-

435 2638 598 2666 cedebatur
628 2639 656 2666 in
679 2640 774 2667 forma
797 2650 856 2678 qua
876 2640 944 2669 aliis
970 2641 1025 2669 suit
1045 2652 1201 2671 concessa.
1230 2643 1338 2672 Posuit

438 2686 554 2714 literam
569 2687 718 2716 officialis.

475 2735 547 2763 Item
568 2737 701 2764 secunda
721 2737 769 2765 die
788 2737 865 2766 facta
881 2739 1126 2778 congregacione
1146 2741 1285 2769 nacionis
1306 2741 1336 2769 in

440 2783 550 2812 Sancto
570 2784 722 2813 Maturino
744 2785 819 2814 hora
837 2786 934 2825 prime
952 2788 989 2815 ad
1007 2788 1191 2817 audiendum
1210 2800 1336 2829 compu-

466 2902 487 2959 lb.
520 2904 546 2924 ln
561 2903 673 2935 mut-gine
686 2904 812 2934 superiore
824 2914 831 2928 .-
845 2907 918 2928 Anno
932 2906 1034 2930 Domini
1048 2907 1117 2936 1371,
1132 2908 1172 2931 10·
1184 2908 1225 2932 die
1239 2909 1336 2932 mensis

436 2937 468 2959 Fe
490 2937 576 2960 runt-ii

1379 686 1394 712 5

1378 932 1411 957 10

1378 1178 1410 1203 15

1378 1423 1411 1448 20

1377 1669 1410 1694 25

1377 1915 1410 1940 30

1376 2161 1409 2187 35

1376 2406 1409 2432 40

1376 2651 1408 2676 45

1451 493 1514 516 tum
1531 488 1767 518 inrotulatorum
1783 496 1813 519 et
1824 490 1862 518 ad
1875 490 2123 529 supplicandum,
2142 498 2358 532 computarunt

1451 535 1682 567 inrotulatores.
1709 538 1750 568 Et
1775 538 1885 568 solutis
1909 539 2052 568 omnihus
2076 539 2190 569 debitis
2218 540 2357 570 nacionis

1450 593 1665 616 remanserunt
1678 587 1800 616 nacioni
1814 594 1859 617 tot
1876 588 1983 623 franci,
2001 588 2089 617 sicud
2105 589 2136 617 in
2153 587 2234 618 libro
2251 599 2356 629 recep-

1450 640 1539 664 tor1s;

1491 683 1565 712 Item
1593 684 1780 724 supplicavit
1803 685 1951 724 magister
1987 685 2174 715 Bertholdus
2206 693 2356 726 quatenus

1450 732 1488 761 de
1509 733 1643 772 receptis
1666 743 1721 773 per
1740 744 1808 763 eum
1825 734 1914 763 nacio
1933 736 2073 764 crederet
2090 735 2151 764 sibi
2171 735 2215 764 111
2235 737 2356 766 francos

1449 791 1548 820 usque
1563 782 1601 811 ad
1619 782 1728 812 festum
1742 782 1872 812 Pasche.
1892 784 1965 813 Item
1981 783 2185 813 consimiliter
2202 784 2356 824 supplica-

1449 830 1493 859 vit
1510 831 1657 870 magister
1678 831 1833 861 Jordanus
1856 833 1893 862 de
1912 833 2010 862 Clivis
2029 843 2085 872 pro
2103 833 2255 863 dilacione
2271 834 2357 863 solu-

1449 879 1549 908 cionis
1562 879 1602 909 VI
1620 880 1804 916 francorum,
1817 887 1847 910 et
1861 882 2010 921 magister
2023 882 2182 911 Gerardus
2193 883 2230 911 de
2244 882 2358 912 Kalkar

1449 938 1508 967 pro
1525 928 1626 958 tribus
1637 929 1762 965 francis,
1773 940 1852 969 quos
1868 931 1959 959 debet
1977 941 2035 970 pro
2054 932 2186 970 quodam
2207 931 2356 971 magistro

1449 978 1575 1007 absente
1591 988 1628 1007 ex
1642 984 1727 1017 parte
1744 979 1792 1008 sui
1807 978 1985 1008 inrotulato.
2003 979 2141 1016 Quorum
2153 980 2357 1020 supplicacio-

1449 1036 1504 1055 nes
1523 1027 1645 1056 fuerunt
1660 1037 1820 1063 concesse,
1832 1029 1997 1058 dummodo
2011 1029 2145 1058 facerent
2158 1029 2356 1059 sufficientem

1449 1075 1626 1105 caucionem
1635 1076 1768 1111 nacioni,
1777 1076 1896 1106 scilicet
1904 1078 2006 1106 dando
2013 1077 2062 1107 vel
2071 1079 2216 1117 ponendo
2224 1078 2358 1118 pignora

1449 1124 1497 1153 vel
1516 1124 1635 1154 literam
1659 1125 1809 1155 officialis.
1835 1125 1874 1155 Et
1895 1126 1976 1155 idem
1997 1133 2106 1166 postea
2131 1128 2358 1157 concedebatur

1449 1173 1541 1202 michi
1567 1173 1699 1203 Johanni
1725 1175 1763 1203 de
1790 1174 1896 1204 Duren
1917 1185 1975 1215 pro
1999 1175 2099 1205 tribus
2122 1176 2247 1212 francis,
2269 1182 2302 1206 ut
2324 1176 2357 1205 in

1450 1222 1531 1251 libro
1546 1223 1729 1262 recepturis.

1492 1271 1566 1301 Item
1584 1272 1624 1301 Χ*
1637 1272 1687 1301 die
1704 1273 1820 1302 mensis
1837 1273 1999 1302 Februarii
2015 1274 2091 1303 facta
2108 1273 2357 1314 congregacione

1449 1320 1480 1350 in
1496 1321 1606 1360 primis
1622 1321 1735 1351 Nostre
1751 1322 1883 1351 Domine
1898 1323 1980 1361 apud
1993 1322 2138 1352 Sanctum
2155 1323 2355 1359 Maturinum,

1449 1371 1638 1410 computavit
1651 1370 1794 1400 dominus
1809 1377 1964 1411 receptor.

1859 1465 1953 1494 1371

1476 1535 1551 1575 (Fal.
1584 1535 1665 1575 23)⁴.
1694 1535 1783 1564 Acta
1813 1535 2075 1574 procuratorie
2108 1535 2258 1565 Radolfi
2286 1536 2328 1565 de

1818 1584 1981 1614 Lubeke.

1488 1665 1578 1694 Anno
1605 1665 1730 1694 Domini
1754 1671 1784 1694 et
1805 1665 1854 1693 die
1877 1664 1993 1693 mensis
2015 1664 2128 1703 quibus
2154 1674 2248 1704 supra
2272 1665 2356 1706 apud

1449 1714 1594 1744 Sanctum
1607 1714 1795 1743 Maturinum
1810 1714 1887 1743 facta
1903 1713 2150 1753 congregacione
2161 1713 2302 1743 nacionis
2317 1715 2356 1743 ad

1451 1763 1627 1804 eligendum
1646 1769 1891 1803 procuratorem,
1912 1763 1951 1791 ad
1970 1762 2154 1792 audiendum
2180 1768 2355 1802 computum

1449 1813 1565 1842 domini
1589 1812 1761 1851 receptoris
1788 1818 1817 1841 et
1834 1813 1871 1841 ad
1894 1811 2142 1851 supplicandum,
2163 1811 2279 1841 electus
2300 1812 2357 1841 fuit

1450 1863 1480 1892 in
1495 1868 1728 1902 procuratorem
1744 1861 1892 1901 magister
1908 1861 2056 1890 Radolsus
2080 1860 2299 1890 Kummerveld
2318 1861 2355 1890 de

1448 1911 1574 1940 Lubeke
1584 1911 1621 1940 ab
1630 1911 1773 1940 omnibus
1784 1909 1979 1939 unanimiter.
1992 1910 2026 1939 In
2036 1908 2124 1949 cujus
2132 1909 2357 1949 procuracione

1449 1967 1516 1990 acta
1531 1961 1654 1990 fuerunt
1667 1959 1875 1998 infrascripta.

1490 2007 1596 2036 Primo
1615 2007 1645 2035 in
1666 2007 1770 2035 eadem
1789 2005 2035 2045 congregacione
2051 2005 2239 2045 computavit
2254 2005 2356 2035 domi-

1448 2067 1506 2086 nus
1519 2062 1663 2095 receptor
1680 2055 1830 2090 nacionis,
1850 2061 1880 2084 et
1892 2054 2035 2084 omnihus
2051 2054 2245 2094 computatis,
2258 2054 2356 2084 desal-

1448 2106 1524 2135 catis
1543 2112 1572 2134 et
1586 2104 1842 2144 recompensatis,
1859 2104 1890 2133 in
1912 2105 1948 2132 12
1964 2104 2078 2133 francis
2095 2109 2250 2133 manserat
2266 2104 2356 2133 debi-

1447 2161 1496 2184 tor
1515 2154 1666 2183 nacionis.

1488 2204 1562 2233 Item
1582 2203 1729 2242 magister
1743 2202 1899 2231 Johannes
1911 2201 2094 2231 Michahelis
2110 2202 2147 2230 de
2159 2201 2266 2231 Dfiren
2279 2211 2355 2240 sup-

1447 2252 1574 2292 plicavit
1582 2251 1703 2281 nacioni
1713 2261 1770 2290 pro
1780 2251 1930 2280 dilacione
1944 2250 2112 2280 solucionis
2127 2249 2219 2280 trium
2233 2251 2355 2279 franco-

1447 2311 1515 2331 rum
1532 2311 1629 2341 usque
1647 2301 1684 2330 ad
1699 2301 1809 2330 festum
1821 2299 1950 2329 pasche.
1961 2300 2058 2337 Quam
2066 2298 2351 2338 [supplicacionem]

1448 2351 1511 2380 sibi
1521 2350 1742 2379 concessitsub
1753 2349 1808 2378 hac
1825 2348 2005 2378 condicione
2020 2348 2103 2388 quod
2112 2348 2192 2377 idem
2207 2348 2355 2388 magister

1447 2397 1568 2427 nacioni
1580 2397 1685 2426 literas
1703 2396 1819 2425 domini
1835 2395 1974 2425 officialis
1989 2394 2144 2430 Paris-‚in
2161 2394 2274 2434 quibus
2288 2394 2355 2424 dic-

1448 2454 1547 2476 torum
1558 2447 1731 2475 francorum
1741 2444 1930 2474 solucionem
1939 2444 2351 2483 promitteret‚presentaret.

1489 2496 1563 2525 Item
1579 2495 1628 2524 die
1643 2494 1715 2524 ΧΗ*
1730 2493 1846 2523 mensis
1864 2492 1951 2533 cujus
1967 2502 2072 2532 supra,
2090 2493 2166 2521 facta
2179 2502 2353 2532 congrega-

1447 2545 1534 2574 cione
1551 2543 1770 2574 Universitatis
1790 2549 1819 2572 et
1834 2542 1973 2572 nacionis
1992 2542 2069 2571 hora
2086 2541 2255 2581 primarum
2273 2542 2354 2581 apud

1448 2596 1591 2623 Sanctum
1620 2592 1824 2627 Maturinum,
1857 2591 1973 2630 juravit
2009 2590 2169 2630 predictus
2203 2590 2353 2619 Radolsus

1443 2642 1615 2682 juramenta
1644 2639 1910 2681 procuratorum²‚
1944 2640 2015 2679 quia
2033 2649 2091 2679 pro
2108 2649 2162 2668 sue
2193 2638 2354 2668 electionis

1448 2698 1585 2730 tempore
1604 2691 1660 2720 fuit
1675 2691 1798 2719 absens.

1488 2741 1562 2769 Item
1587 2739 1771 2768 deliberavit
1795 2738 1883 2767 nacio
1905 2744 2036 2777 protunc
2062 2747 2156 2776 super
2180 2736 2354 2776 propositis

1408 2822 1410 2825 ¹
1448 2790 1477 2818 in
1514 2788 1721 2818 Universitate
1757 2793 1888 2827 protunc
1919 2797 1976 2826 per
2009 2785 2166 2815 dominum
2202 2791 2353 2814 rectorem

1478 2909 1500 2933 2.
1539 2907 1593 2932 Vid.
1612 2907 1741 2936 Chai-tul„
1756 2907 1788 2935 II,
1804 2911 1830 2929 n·²
1843 2906 1947 2935 1185,1.

2627 1045 2632 1052 ,
2621 868 2632 997 ....-Ᾰ.,--.
2615 747 2632 851 ..m-...lm
2624 674 2632 727 ..5ss
