2632 3464
697 476 794 506 18⁵9

390 548 673 588 [Ghiselbertus
701 548 799 588 Paep
832 547 874 576 de
903 546 1097 584 Naerden]

328 624 420 654 Anno
442 624 566 654 Domini
586 625 686 659 13590,
704 623 755 652 die
769 623 806 652 21
827 621 944 652 mensis
962 621 1107 651 Octobris
1122 621 1199 650 facta

289 673 536 714 congregacione
553 672 692 702 nacionis
710 671 880 711 Anglicane
902 671 933 700 in
952 670 1063 710 primis
1085 670 1198 700 Nostre

290 722 422 752 Domine
443 723 481 752 ad
500 721 643 751 Sanctum
660 720 814 751 lulianum
834 729 1002 760 pauperem
1019 719 1057 748 ad
1078 718 1199 759 eligen-

289 772 361 801 dum
378 776 621 811 procuratorem,
632 769 748 799 electus
758 769 822 798 ficit
831 779 868 798 ex
879 768 1032 798 communi
1043 778 1198 797 consensu

290 820 507 860 magistrorum
526 819 557 848 in
570 824 802 858 procuratorem
815 817 963 858 magister
980 816 1198 846 Ghiselbertus

290 868 375 909 Paep
398 869 436 898 de
458 868 612 902 Naerden,
638 866 847 907 Trajectensis
869 866 1025 906 dyocesis,
1053 865 1083 895 in
1112 865 1198 905 cujus

288 916 525 958 procur[atoria]
542 922 609 946 acta
624 922 696 946 sunt
708 915 764 945 hec
779 925 840 955 que
853 921 1010 944 secuntur.

330 966 435 996 Primo
453 966 558 995 eadem
573 965 623 995 dic
637 964 815 1005 propinavit
830 964 987 1004 magistris
1001 973 1094 994 unum
1107 973 1199 1003 pran-

290 1015 374 1045 dium
385 1015 430 1044 ad
433 1017 604 1054 ymaginem
611 1015 709 1043 sancti
718 1014 865 1044 Iohannis
875 1013 905 1042 in
914 1013 983 1042 vico
993 1013 1030 1042 de
1039 1013 1183 1051 Bever[e]
1190 1035 1196 1041 .

331 1063 406 1094 Item
433 1063 622 1103 computavit
657 1068 812 1102 receptor,
843 1062 927 1101 quod
958 1061 1075 1101 recepit
1105 1071 1199 1091 unum

290 1119 443 1143 mutonem
462 1122 530 1142 cum
548 1112 650 1151 aquila
666 1117 696 1141 et
713 1111 730 1140 4
746 1121 876 1151 grossos
895 1111 1050 1150 antiquos.

700 1206 718 1234 1
723 1205 797 1235 359

394 1279 585 1309 Henricus
614 1279 657 1308 de
683 1277 825 1318 Lingno
854 1278 896 1307 de
926 1277 1097 1317 Kcmpen.

330 1360 422 1390 Anno
452 1358 576 1389 Domini
601 1359 700 1394 1359⁰‚
727 1358 758 1387 in
780 1358 908 1387 octava⁴
939 1357 1036 1387 sancti
1057 1356 1199 1391 Martini,

291 1409 368 1438 facta
381 1407 627 1448 congregacione
640 1407 779 1436 nacionis
787 1406 957 1446 Anglicane
966 1407 1046 1445 apud
1057 1406 1201 1435 Sanctum

290 1457 444 1488 lulianum
461 1466 626 1496 pauperem
634 1456 673 1485 ad
683 1455 857 1495 eligendum
870 1461 1112 1494 procuratorem,
1124 1454 1200 1484 elec-

293 1512 343 1536 tus
362 1506 418 1536 fuit
434 1506 584 1545 magister
610 1504 765 1534 Henricus
788 1504 938 1534 Johannis
964 1504 1002 1533 de
1026 1503 1147 1544 Lingno
1170 1503 1200 1533 in

291 1561 523 1595 procuratorem
542 1553 627 1583 nullo
642 1553 828 1583 reclamante
839 1576 846 1589 ,
866 1553 897 1582 in
912 1551 1000 1592 cujus
1018 1559 1201 1592 procurato-

293 1604 339 1633 ria
355 1604 432 1633 facta
445 1609 518 1632 sunt
534 1602 601 1632 hec.

330 1650 458 1682 Primo⁸
475 1651 507 1680 in
528 1651 578 1680 die
603 1657 707 1680 sancte
726 1649 892 1680 Katerine³
917 1650 1011 1680 missa
1035 1650 1124 1685 facta,
1146 1650 1202 1680 fuit

290 1700 407 1731 electus
422 1700 454 1730 in
472 1700 664 1740 provisorem
686 1699 846 1739 provincie
865 1698 1074 1738 [Almannie]⁴
1100 1699 1201 1728 domi-

290 1760 349 1780 nus
365 1749 523 1790 Rutgerus
542 1749 580 1778 de
601 1748 701 1784 Vinle,
723 1749 805 1788 apud
827 1748 972 1778 Sanctum
994 1748 1198 1778 Bernardum.

291 1798 366 1829 ltem
397 1799 428 1828 in
453 1798 634 1838 magistrum
665 1798 774 1827 domus
805 1797 953 1838 magister
981 1797 1136 1827 Henricus
1162 1798 1200 1827 de

293 1848 432 1887 Kempen
447 1846 471 1877 ’5.
491 1847 566 1877 Item
591 1847 623 1876 in
644 1853 863 1887 procuratores
879 1846 1022 1876 dominus
1044 1846 1200 1876 Johannes

293 1897 403 1927 Stinke
421 1903 452 1926 et
465 1896 612 1926 dominus
627 1895 784 1926 Johannes
797 1894 860 1936 [de]
879 1895 996 1925 Rostoc
1007 1894 1031 1924 ⁶.

699 1988 797 2018 1³59

514 2059 703 2089 Henricus
729 2060 771 2089 de
802 2059 956 2100 Lingno.

331 2139 422 2170 Anno
436 2139 560 2170 Domini
574 2145 607 2169 ut
621 2149 727 2179 supra,
738 2139 789 2168 die
801 2140 850 2168 16·
864 2140 980 2169 mensis
997 2139 1178 2170 Decembris
1190 2163 1196 2176 ,

292 2190 369 2219 saeta
379 2188 626 2228 congregacione
635 2187 774 2218 nacionis
782 2187 952 2228 Anglicane
964 2190 1045 2229 apud
1054 2189 1197 2228 Sanctum

291 2237 445 2268 lulianum
461 2237 499 2267 ad
515 2237 690 2276 eligendum
705 2236 753 2266 vel
764 2237 1003 2267 continuandum
1019 2244 1198 2278 procurato-

293 2296 356 2316 rem
376 2292 406 2316 et
427 2286 465 2316 ad
491 2285 740 2326 supplicandum,
762 2285 956 2315 continuatus
981 2286 1035 2316 fuit
1052 2287 1199 2327 magister

293 2335 446 2365 Henricus
457 2334 614 2364 ¹lohannes
625 2335 662 2363 de
676 2334 798 2374 Lingno
813 2335 851 2364 de
867 2334 1016 2374 Kempen,
1033 2335 1198 2366 Colonien-

293 2384 338 2414 sis
355 2384 511 2424 dyocesis,
535 2384 566 2413 in
583 2382 668 2423 cujus
684 2383 902 2423 procuratione
916 2390 982 2413 acta
995 2390 1067 2414 sunt
1081 2384 1148 2414 hec.

333 2433 438 2463 Primo
461 2433 568 2462 eodem
591 2432 642 2462 die
664 2432 851 2472 supplicavit
873 2431 1035 2463 Conradus
1056 2434 1198 2464 budellus

292 2480 390 2522 major
405 2481 544 2522 predicte
561 2481 712 2517 nacionis,
732 2482 814 2521 quod
834 2491 901 2511 curn
924 2481 1060 2521 Nycolao
1074 2482 1198 2513 budello

293 2530 405 2560 minori
426 2530 495 2560 dies
519 2530 635 2570 prefixa
660 2531 757 2560 fuerat
780 2541 796 2559 a
819 2540 875 2560 suo
895 2540 1020 2561 recessu
1039 2541 1138 2572 usque
1160 2532 1197 2561 ad

294 2581 403 2609 testum
433 2579 531 2609 sancti
559 2578 693 2618 Remigii
708 2578 732 2614 ⁷,
757 2585 787 2608 et
813 2579 934 2609 interim
959 2589 1021 2609 non
1044 2580 1196 2615 venisset,

293 2628 376 2668 quod
411 2628 438 2658 si
468 2627 570 2668 aliqua
608 2627 739 2668 pecunia
773 2628 913 2668 predicto
957 2628 1094 2668 Nycolao
1130 2630 1196 2660 dari

293 2676 421 2706 deberet
429 2683 481 2707 aut
490 2677 660 2712 debuisset,
673 2677 755 2716 quod
768 2677 928 2717 predictus
943 2677 1106 2708 Conradus
1117 2678 1197 2708 illam

325 2782 347 2806 1.
382 2782 411 2806 ¹⁸
423 2782 579 2807 Novembris.

324 2819 348 2842 ².
382 2817 510 2842 Primam...
523 2818 617 2844 tto-too
627 2821 718 2852 postea
731 2819 815 2844 dalem
826 2822 893 2843 nunt.

325 2855 347 2877 8.
381 2854 412 2877 25
425 2853 578 2878 Novembris.

325 2889 347 2912 Ιι,
382 2888 424 2912 sie
431 2889 545 2921 ”appleri
555 2889 637 2918 debet,
650 2892 678 2913 ut
690 2892 798 2922 apparel
808 2890 877 2921 infra
890 2890 926 2914 ad
937 2899 980 2915 aa.
992 2891 1061 2918 1³76.
1075 2891 1089 2915 4
1100 2890 1197 2916 Martii.

294 2923 387 2955 Agilm·
395 2924 427 2947 de
439 2924 516 2948 domo
529 2924 725 2950 Alta-unorum.

788 399 902 426 LIBER
922 397 1232 438 PROCURATORUM
1251 395 1431 423 NATIONIS
1449 396 1695 422 ANGLICANAE

1237 919 1270 945 10

1237 1164 1271 1190 15

1238 1410 1272 1436 20

1238 1655 1272 1682 25

1237 1902 1271 1928 30

1236 2148 1270 2174 35

1236 2393 1270 2420 40

1235 2638 1268 2665 45

2157 397 2211 423 254

1306 472 1466 512 pecuniam
1477 471 1614 507 haberet,
1624 482 1691 501 cum
1703 472 1788 501 solus
1800 473 1921 502 interim
1930 473 2065 502 laborem
2075 474 2209 503 fecisset.

1347 521 1422 550 Item
1442 520 1626 560 supplicavit
1646 521 1726 550 idem
1751 521 1914 550 Conradus
1936 523 2019 560 quod
2037 523 2074 551 ab
2092 523 2144 552 illo
2162 523 2212 552 die

1306 570 1367 599 sibi
1381 571 1506 599 daretur
1518 570 1636 599 lucrum
1651 569 1766 598 budelli
1783 570 1923 604 minoris,
1941 571 2039 599 donec
2055 571 2213 610 predictus

1306 619 1462 658 Nycolaus
1481 619 1601 648 veniret
1622 618 1671 648 vel
1686 618 1765 648 alius
1788 618 1888 647 minor
1904 618 2046 648 budellus
2068 630 2123 659 per
2140 631 2213 659 pre-

1306 667 1417 697 dictam
1446 668 1606 697 nacionem
1633 668 1814 707 eligeretur.
1843 666 1940 707 Cujus
1964 668 2213 707 supplicaciones

1308 717 1430 746 fuerunt
1445 727 1594 746 concesse
1615 717 1673 746 sub
1696 716 1749 745 tali
1768 717 1962 751 condicione,
1985 717 2082 756 prima
2096 718 2214 747 scilicet

1307 767 1389 806 quod
1419 766 1446 795 si
1480 766 1639 806 predictus
1675 765 1830 805 Nycolaus
1862 766 1997 802 veniret,
2033 767 2116 805 quod
2146 767 2214 806 ipse

1307 825 1411 844 secum
1431 815 1558 844 deberet
1575 815 1684 854 partiri
1704 821 1734 844 et
1753 814 1812 844 sihi
1831 815 1903 844 dare
1922 814 2113 844 medietatem
2131 815 2213 845 illius

1306 864 1438 904 pecunie
1462 874 1551 903 quam
1575 863 1734 893 habuisset
1753 864 1790 892 de
1812 873 1938 893 recessu
1962 873 2018 893 suo
2044 864 2082 892 ad
2104 864 2212 894 festum

1307 913 1405 942 sancti
1424 913 1568 952 Remigii.
1588 912 1728 942 Secunda
1745 919 1844 942 autem
1859 912 2048 952 supplicacio
2066 923 2214 942 concessa

1308 962 1364 992 suit
1381 962 1524 991 similiter
1540 968 1570 991 et
1582 972 1618 991 eo
1631 963 1722 991 modo
1738 972 1799 1001 quo
1815 962 1914 1001 ipsam
1926 962 2102 1002 proposuit.

1349 1011 1422 1040 ltem
1452 1011 1596 1051 exposuit
1620 1017 1764 1050 receptor
1793 1010 2037 1050 [Philippinum
2066 1012 2103 1040 ad
2130 1010 2213 1040 litem

1309 1060 1402 1099 [inter
1415 1060 1586 1090 facultatem
1599 1066 1629 1089 et
1647 1059 1837 1100 theologos],
1853 1066 1912 1089 etc.

1349 1109 1423 1139 Item
1441 1110 1478 1138 13
1497 1110 1547 1138 die
1564 1109 1701 1139 Januarii
1719 1110 1797 1138 sacta
1815 1109 2062 1149 congregacione
2075 1109 2113 1138 ad
2130 1119 2215 1138 com-

1308 1159 1488 1198 putandum,
1524 1159 1668 1188 omnibus
1699 1158 1856 1187 defalcatis
1887 1163 1917 1187 et
1943 1158 2093 1197 expositis
2126 1158 2215 1187 nacio

1308 1208 1470 1237 tenebatur
1495 1207 1650 1246 receptori
1683 1208 1698 1236 1
1731 1213 1849 1237 scutum
1879 1206 2029 1236 Johannis
2065 1213 2095 1237 et
2124 1217 2214 1237 unam

1308 1257 1433 1286 terciam
1449 1263 1478 1286 et
1495 1256 1655 1286 dimidium
1670 1266 1814 1296 grossum
1828 1256 1996 1296 antiquum.

1713 1349 1810 1379 1360

1537 1420 1739 1459 [Henricus
1754 1421 1796 1450 de
1813 1420 1990 1460 Lingno.]

1349 1501 1439 1531 Anno
1452 1507 1485 1531 ut
1500 1511 1604 1541 supra,
1620 1501 1670 1530 die
1685 1502 1721 1530 13
1735 1500 1873 1530 Januarii
1887 1501 1963 1530 facta
1974 1501 2216 1541 congregatione

1309 1551 1444 1580 nationis
1459 1551 1540 1590 apud
1561 1550 1704 1579 Sanctum
1720 1549 1873 1579 Julianum
1893 1550 1931 1578 ad
1946 1549 2120 1589 eligendum
2142 1560 2217 1589 pro-

1309 1606 1480 1630 curatorem
1496 1599 1581 1628 nullo
1596 1598 1826 1628 contradicente
1841 1598 2036 1628 continuatus
2052 1599 2107 1629 suit
2122 1599 2216 1638 magi·

1310 1655 1374 1679 ster
1398 1649 1552 1678 Henricus
1569 1648 1744 1686 Jo[hannis]
1767 1649 1804 1677 de
1827 1647 1948 1687 Lingno
1969 1648 2006 1677 de
2032 1647 2159 1687 Kempe,
2185 1648 2216 1677 in

1309 1697 1396 1738 cujus
1410 1698 1632 1737 procuracione
1646 1698 1722 1726 sacta
1739 1703 1811 1726 sunt
1826 1696 1892 1726 hec.

1714 1790 1811 1820 1360

1350 1866 1421 1903 (Fal.
1441 1865 1478 1893 43
1493 1862 1517 1902 b)
1547 1862 1804 1892 Theodericus
1829 1861 1961 1902 Dystel
1985 1862 2027 1891 de
2055 1861 2172 1891 Unna.

1349 1944 1439 1974 Anno
1459 1943 1582 1973 Domini
1599 1944 1698 1978 1360⁰‚
1716 1943 1766 1972 die
1777 1943 1896 1972 decimo
1912 1942 2027 1971 mensis
2042 1942 2213 1976 Februarii,

1309 1994 1385 2023 sacta
1405 1992 1652 2032 congregacione
1670 1991 1892 2021 Universitatis
1915 1992 1951 2020 ad
1976 1991 2119 2020 Sanctum
2141 1991 2215 2020 Ber-

1307 2042 1436 2071 nardum
1461 2047 1491 2071 et
1514 2041 1609 2070 eciam
1630 2040 1807 2080 specialiter
1830 2041 1969 2070 nacionis
1991 2040 2161 2080 Anglicane
2185 2041 2215 2069 in

1308 2091 1417 2130 primis
1434 2090 1538 2120 Sancti
1551 2089 1658 2120 Jacobi
1672 2090 1709 2119 ad
1721 2089 1895 2129 eligendum
1910 2090 1958 2119 vel
1975 2089 2214 2119 continuandum

1307 2146 1551 2180 procuratorem,
1571 2138 1686 2168 electus
1704 2139 1758 2168 suit
1775 2138 1972 2168 concorditer
1988 2138 2018 2167 in
2036 2145 2214 2178 procurato-

1307 2199 1370 2219 rem
1381 2188 1519 2218 nacionis
1532 2187 1702 2228 Anglicane
1714 2187 1926 2217 Theodericus
1939 2188 2040 2217 dictus
2056 2187 2163 2227 Dystel
2177 2188 2215 2216 de

1308 2237 1410 2272 Unna,
1423 2238 1454 2267 in
1463 2236 1550 2277 cujus
1563 2237 1786 2276 procuracione
1797 2242 1869 2266 sunt
1879 2243 1945 2266 acta
1956 2247 2015 2276 que
2030 2242 2212 2275 sequuntur.

1348 2286 1453 2316 Primo
1467 2287 1543 2316 facta
1558 2286 1804 2326 congregacione
1821 2286 1961 2315 nacionis
1979 2285 2149 2325 Anglicane
2164 2285 2214 2314 die

1307 2336 1358 2365 20⁰
1368 2335 1505 2375 ejusdem
1518 2335 1634 2364 mensis
1647 2335 1729 2375 apud
1742 2334 1886 2364 Sanctum
1896 2334 2049 2364 lulianum
2062 2335 2091 2363 in
2103 2334 2214 2373 primis

1307 2384 1419 2414 Nostre
1446 2385 1576 2414 Domine
1605 2384 1642 2413 ad
1668 2383 1915 2423 supplicandum,
1945 2393 2125 2412 concessum
2159 2383 2214 2412 suit

1307 2433 1431 2463 domino
1445 2433 1590 2463 Conrado
1610 2433 1744 2462 Klokere
1758 2433 1840 2472 quod
1856 2433 1943 2462 nacio
1959 2438 2135 2471 expectaret
2152 2431 2212 2461 sibi

1307 2482 1495 2512 solucionem
1512 2483 1675 2511 bursarum
1691 2491 1814 2511 suarum
1831 2482 1869 2511 de
1889 2481 2028 2515 licencia,
2048 2481 2213 2510 dummodo

1306 2532 1419 2561 faceret
1434 2531 1611 2561 caucionem
1630 2530 1779 2560 literalem
1794 2530 2004 2559 satisfaciendi
2021 2530 2117 2569 ipsam
2135 2530 2214 2558 infra

1306 2581 1384 2610 duos
1409 2590 1507 2610 annos
1534 2581 1592 2609 sub
1617 2589 1695 2619 pena
1721 2578 2051 2609 excommunicacionis
2075 2578 2214 2607 officialis

1307 2628 1516 2669 Parysiensis,
1531 2635 1560 2658 et
1573 2627 1693 2668 juraret
1709 2629 1807 2657 facere
1821 2627 2014 2667 diligenciam
2036 2628 2071 2656 ad
2089 2626 2214 2656 solven-

1306 2678 1377 2708 dum
1393 2677 1482 2718 prius
1495 2677 1522 2708 si
1539 2677 1676 2718 possetss.

1337 2787 1360 2809 5.
1393 2786 1421 2808 ln
1433 2785 1548 2817 margine
1560 2783 1613 2807 alio
1625 2783 1773 2807 charactere
1783 2791 1838 2807 cur.
1849 2782 1964 2814 jocundo
1977 2782 2079 2806 solvent
2091 2782 2214 2806 solveret.

1336 2821 1360 2843 6.
1395 2821 1442 2844 Mn.
1456 2820 1555 2844 Rostut..

1337 2856 1361 2879 7.
1394 2857 1505 2880 Eeontra
1517 2855 1566 2879 uid.
1581 2863 1667 2886 supra,
1681 2863 1707 2887 p.
1721 2855 1775 2882 2¹05,
1787 2855 1825 2878 fiss.

1338 2892 1361 2915 8.
1401 2891 1453 2915 vid.
1467 2891 1659 2915 incitamentum
1672 2890 1788 2921 officiali·
1801 2889 1871 2921 iufra
1884 2897 1910 2921 p.
1924 2890 1977 2917 26³.
1990 2891 2042 2912 nol.
2054 2890 2077 2913 5.
