<?xml version="1.0" encoding="UTF-8"?>
<!DOCTYPE html PUBLIC "-//W3C//DTD XHTML 1.0 Transitional//EN"
    "http://www.w3.org/TR/xhtml1/DTD/xhtml1-transitional.dtd">
<html xmlns="http://www.w3.org/1999/xhtml" xml:lang="en" lang="en">
 <head>
  <title>
</title>
<meta http-equiv="Content-Type" content="text/html;charset=utf-8" />
  <meta name='ocr-system' content='tesseract 3.04.00' />
  <meta name='ocr-capabilities' content='ocr_page ocr_carea ocr_par ocr_line ocrx_word'/>
</head>
<body>
  <div class='ocr_page' id='page_1' title='image "auctariumchartul01univuoft_0020.png"; bbox 0 0 2632 3464; ppageno 0'>
   <div class='ocr_carea' id='block_1_1' title="bbox 759 675 2029 717">
    <p class='ocr_par' dir='ltr' id='par_1_1' title="bbox 759 675 2029 717">
     <span class='ocr_line' id='line_1_1' title="bbox 759 675 2029 717; baseline 0.006 -8"><span class='ocrx_word' id='word_1_1' title='bbox 759 675 1103 711; x_wconf 86' lang='lat' dir='ltr'><strong>MEMORABILIA</strong></span> <span class='ocrx_word' id='word_1_2' title='bbox 1131 675 1361 712; x_wconf 91' lang='lat' dir='ltr'>NATIONIS</span> <span class='ocrx_word' id='word_1_3' title='bbox 1387 676 1698 713; x_wconf 87' lang='lat' dir='ltr'><strong>ANGLICANAE</strong></span> <span class='ocrx_word' id='word_1_4' title='bbox 1729 678 2029 717; x_wconf 89' lang='lat' dir='ltr'>PARISIENSIS</span> 
     </span>
    </p>
   </div>
   <div class='ocr_carea' id='block_1_2' title="bbox 1056 872 1734 922">
    <p class='ocr_par' dir='ltr' id='par_1_2' title="bbox 1056 872 1734 922">
     <span class='ocr_line' id='line_1_2' title="bbox 1056 872 1734 922; baseline 0.006 -16"><span class='ocrx_word' id='word_1_5' title='bbox 1056 872 1087 906; x_wconf 84' lang='lat'>1.</span> <span class='ocrx_word' id='word_1_6' title='bbox 1131 873 1313 915; x_wconf 86' lang='lat' dir='ltr'><strong>Nomen,</strong></span> <span class='ocrx_word' id='word_1_7' title='bbox 1355 872 1572 922; x_wconf 82' lang='lat' dir='ltr'>sigillum,</span> <span class='ocrx_word' id='word_1_8' title='bbox 1617 886 1734 910; x_wconf 88' lang='lat' dir='ltr'>arca.</span> 
     </span>
    </p>
   </div>
   <div class='ocr_carea' id='block_1_3' title="bbox 419 999 2358 2513">
    <p class='ocr_par' dir='ltr' id='par_1_3' title="bbox 420 999 2358 1663">
     <span class='ocr_line' id='line_1_3' title="bbox 474 999 2356 1050; baseline 0.005 -15"><span class='ocrx_word' id='word_1_9' title='bbox 474 1002 621 1036; x_wconf 86' lang='lat' dir='ltr'>Nomen</span> <span class='ocrx_word' id='word_1_10' title='bbox 642 999 878 1050; x_wconf 78' lang='lat' dir='ltr'>Anglz‘canae</span> <span class='ocrx_word' id='word_1_11' title='bbox 898 1002 1066 1036; x_wconf 76' lang='lat' dir='ltr'>nationis</span> <span class='ocrx_word' id='word_1_12' title='bbox 1083 1014 1103 1036; x_wconf 93' lang='lat' dir='ltr'>a</span> <span class='ocrx_word' id='word_1_13' title='bbox 1123 1008 1297 1050; x_wconf 88' lang='lat' dir='ltr'>tempore</span> <span class='ocrx_word' id='word_1_14' title='bbox 1318 1015 1394 1050; x_wconf 94' lang='lat' dir='ltr'>quo</span> <span class='ocrx_word' id='word_1_15' title='bbox 1415 1004 1626 1040; x_wconf 90' lang='lat' dir='ltr'>constituta</span> <span class='ocrx_word' id='word_1_16' title='bbox 1645 1012 1704 1040; x_wconf 92' lang='lat' dir='ltr'>est</span> <span class='ocrx_word' id='word_1_17' title='bbox 1723 1005 1950 1042; x_wconf 80' lang='lat' dir='ltr'>parisiensis</span> <span class='ocrx_word' id='word_1_18' title='bbox 1966 1007 2202 1044; x_wconf 89' lang='lat' dir='ltr'>Universitas</span> <span class='ocrx_word' id='word_1_19' title='bbox 2224 1009 2263 1044; x_wconf 93' lang='lat' dir='ltr'>in</span> <span class='ocrx_word' id='word_1_20' title='bbox 2284 1022 2356 1045; x_wconf 89' lang='lat' dir='ltr'>usu</span> 
     </span>
     <span class='ocr_line' id='line_1_4' title="bbox 423 1068 2350 1127; baseline 0.006 -24"><span class='ocrx_word' id='word_1_21' title='bbox 423 1070 506 1111; x_wconf 85' lang='lat' dir='ltr'>fuit,</span> <span class='ocrx_word' id='word_1_22' title='bbox 523 1082 610 1104; x_wconf 92' lang='lat' dir='ltr'>cum</span> <span class='ocrx_word' id='word_1_23' title='bbox 630 1069 767 1118; x_wconf 91' lang='lat' dir='ltr'>Anglis</span> <span class='ocrx_word' id='word_1_24' title='bbox 783 1068 870 1118; x_wconf 91' lang='lat' dir='ltr'>plus</span> <span class='ocrx_word' id='word_1_25' title='bbox 887 1082 1001 1119; x_wconf 91' lang='lat' dir='ltr'>quam</span> <span class='ocrx_word' id='word_1_26' title='bbox 1020 1071 1146 1106; x_wconf 89' lang='lat' dir='ltr'>Scotis</span> <span class='ocrx_word' id='word_1_27' title='bbox 1163 1078 1200 1106; x_wconf 91' lang='lat' dir='ltr'>et</span> <span class='ocrx_word' id='word_1_28' title='bbox 1218 1070 1442 1108; x_wconf 85' lang='lat' dir='ltr'>Alemannis</span> <span class='ocrx_word' id='word_1_29' title='bbox 1459 1079 1551 1109; x_wconf 88' lang='lat' dir='ltr'>tunc</span> <span class='ocrx_word' id='word_1_30' title='bbox 1568 1072 1800 1118; x_wconf 83' lang='lat' dir='ltr'>abundaret3</span> <span class='ocrx_word' id='word_1_31' title='bbox 1820 1074 1869 1111; x_wconf 91' lang='lat' dir='ltr'>de</span> <span class='ocrx_word' id='word_1_32' title='bbox 1889 1088 1965 1124; x_wconf 92' lang='lat' dir='ltr'>quo</span> <span class='ocrx_word' id='word_1_33' title='bbox 1984 1075 2071 1112; x_wconf 86' lang='lat' dir='ltr'>vide</span> <span class='ocrx_word' id='word_1_34' title='bbox 2091 1077 2187 1113; x_wconf 84' lang='lat' dir='ltr'>infra</span> <span class='ocrx_word' id='word_1_35' title='bbox 2209 1090 2292 1127; x_wconf 88' lang='lat' dir='ltr'>cap.</span> <span class='ocrx_word' id='word_1_36' title='bbox 2314 1079 2350 1114; x_wconf 82' lang='lat'>2.</span> 
     </span>
     <span class='ocr_line' id='line_1_5' title="bbox 422 1138 2358 1188; baseline 0.005 -15"><span class='ocrx_word' id='word_1_37' title='bbox 422 1138 472 1174; x_wconf 80' lang='lat' dir='ltr'>At</span> <span class='ocrx_word' id='word_1_38' title='bbox 498 1139 681 1188; x_wconf 86' lang='lat' dir='ltr'>paulatim</span> <span class='ocrx_word' id='word_1_39' title='bbox 714 1138 966 1176; x_wconf 81' lang='lat' dir='ltr'>decrescente</span> <span class='ocrx_word' id='word_1_40' title='bbox 996 1139 1227 1188; x_wconf 81' lang='lat' dir='ltr'>Anglorum,</span> <span class='ocrx_word' id='word_1_41' title='bbox 1258 1150 1458 1178; x_wconf 82' lang='lat' dir='ltr'>crescente</span> <span class='ocrx_word' id='word_1_42' title='bbox 1490 1143 1764 1180; x_wconf 87' lang='lat' dir='ltr'>Germanorum</span> <span class='ocrx_word' id='word_1_43' title='bbox 1801 1157 1983 1188; x_wconf 84' lang='lat' dir='ltr'>numero,</span> <span class='ocrx_word' id='word_1_44' title='bbox 2016 1158 2156 1182; x_wconf 93' lang='lat' dir='ltr'>nomen</span> <span class='ocrx_word' id='word_1_45' title='bbox 2187 1148 2358 1183; x_wconf 69' lang='lat' dir='ltr'>nationis</span> 
     </span>
     <span class='ocr_line' id='line_1_6' title="bbox 421 1207 2356 1266; baseline 0.005 -23"><span class='ocrx_word' id='word_1_46' title='bbox 421 1207 624 1244; x_wconf 81' lang='lat' dir='ltr'>Almam&#39;ae</span> <span class='ocrx_word' id='word_1_47' title='bbox 650 1210 729 1244; x_wconf 90' lang='lat' dir='ltr'>sive</span> <span class='ocrx_word' id='word_1_48' title='bbox 755 1208 1039 1244; x_wconf 78' lang='lat' dir='ltr'>Almamzorum</span> <span class='ocrx_word' id='word_1_49' title='bbox 1059 1211 1242 1246; x_wconf 88' lang='lat' dir='ltr'>usitatum</span> <span class='ocrx_word' id='word_1_50' title='bbox 1259 1219 1331 1247; x_wconf 92' lang='lat' dir='ltr'>est.</span> <span class='ocrx_word' id='word_1_51' title='bbox 1358 1213 1483 1248; x_wconf 89' lang='lat' dir='ltr'>Prima</span> <span class='ocrx_word' id='word_1_52' title='bbox 1505 1212 1607 1248; x_wconf 89' lang='lat' dir='ltr'>illius</span> <span class='ocrx_word' id='word_1_53' title='bbox 1634 1212 1734 1248; x_wconf 90' lang='lat' dir='ltr'>tituli</span> <span class='ocrx_word' id='word_1_54' title='bbox 1752 1214 1895 1250; x_wconf 89' lang='lat' dir='ltr'>mentio</span> <span class='ocrx_word' id='word_1_55' title='bbox 1917 1215 1955 1250; x_wconf 93' lang='lat' dir='ltr'>in</span> <span class='ocrx_word' id='word_1_56' title='bbox 1977 1213 2104 1251; x_wconf 90' lang='lat' dir='ltr'>littera</span> <span class='ocrx_word' id='word_1_57' title='bbox 2126 1215 2356 1266; x_wconf 86' lang='lat' dir='ltr'>obligatoria</span> 
     </span>
     <span class='ocr_line' id='line_1_7' title="bbox 423 1277 2358 1333; baseline 0.006 -22"><span class='ocrx_word' id='word_1_58' title='bbox 423 1278 511 1312; x_wconf 90' lang='lat' dir='ltr'>anni</span> <span class='ocrx_word' id='word_1_59' title='bbox 538 1278 644 1320; x_wconf 82' lang='lat'><strong>1367,</strong></span> <span class='ocrx_word' id='word_1_60' title='bbox 669 1278 774 1326; x_wconf 86' lang='lat' dir='ltr'>Sept.</span> <span class='ocrx_word' id='word_1_61' title='bbox 804 1279 837 1320; x_wconf 85' lang='lat'>7,</span> <span class='ocrx_word' id='word_1_62' title='bbox 862 1277 1003 1327; x_wconf 85' lang='lat' dir='ltr'>legitur</span> <span class='ocrx_word' id='word_1_63' title='bbox 1028 1278 1116 1324; x_wconf 89' lang='lat' dir='ltr'>(vid.</span> <span class='ocrx_word' id='word_1_64' title='bbox 1141 1279 1226 1323; x_wconf 84' lang='lat'>310,</span> <span class='ocrx_word' id='word_1_65' title='bbox 1251 1287 1331 1316; x_wconf 89' lang='lat' dir='ltr'>not.</span> <span class='ocrx_word' id='word_1_66' title='bbox 1356 1281 1403 1327; x_wconf 83' lang='lat'>5),</span> <span class='ocrx_word' id='word_1_67' title='bbox 1428 1294 1527 1330; x_wconf 90' lang='lat' dir='ltr'>quae</span> <span class='ocrx_word' id='word_1_68' title='bbox 1547 1294 1682 1318; x_wconf 89' lang='lat' dir='ltr'>omnes</span> <span class='ocrx_word' id='word_1_69' title='bbox 1700 1282 1900 1332; x_wconf 91' lang='lat' dir='ltr'>hucusque</span> <span class='ocrx_word' id='word_1_70' title='bbox 1927 1283 2036 1333; x_wconf 83' lang='lat' dir='ltr'>fugit.</span> <span class='ocrx_word' id='word_1_71' title='bbox 2060 1285 2116 1320; x_wconf 93' lang='lat' dir='ltr'>De</span> <span class='ocrx_word' id='word_1_72' title='bbox 2143 1286 2358 1322; x_wconf 84' lang='lat' dir='ltr'>mutatione</span> 
     </span>
     <span class='ocr_line' id='line_1_8' title="bbox 421 1346 2357 1402; baseline 0.005 -21"><span class='ocrx_word' id='word_1_73' title='bbox 421 1347 587 1382; x_wconf 89' lang='lat' dir='ltr'>nominis</span> <span class='ocrx_word' id='word_1_74' title='bbox 602 1346 841 1383; x_wconf 89' lang='lat' dir='ltr'>sollemniter</span> <span class='ocrx_word' id='word_1_75' title='bbox 854 1348 892 1382; x_wconf 91' lang='lat' dir='ltr'>in</span> <span class='ocrx_word' id='word_1_76' title='bbox 909 1348 1066 1383; x_wconf 90' lang='lat' dir='ltr'>natione</span> <span class='ocrx_word' id='word_1_77' title='bbox 1084 1348 1191 1390; x_wconf 85' lang='lat'><strong>1378,</strong></span> <span class='ocrx_word' id='word_1_78' title='bbox 1204 1350 1286 1384; x_wconf 90' lang='lat' dir='ltr'>Jan.</span> <span class='ocrx_word' id='word_1_79' title='bbox 1300 1350 1335 1391; x_wconf 85' lang='lat'>5,</span> <span class='ocrx_word' id='word_1_80' title='bbox 1353 1349 1607 1386; x_wconf 90' lang='lat' dir='ltr'>deliberatum</span> <span class='ocrx_word' id='word_1_81' title='bbox 1623 1359 1682 1387; x_wconf 91' lang='lat' dir='ltr'>est</span> <span class='ocrx_word' id='word_1_82' title='bbox 1699 1352 1795 1397; x_wconf 75' lang='lat'>(529,</span> <span class='ocrx_word' id='word_1_83' title='bbox 1807 1352 1880 1399; x_wconf 92' lang='grc'>40),</span> <span class='ocrx_word' id='word_1_84' title='bbox 1893 1353 2048 1402; x_wconf 88' lang='lat' dir='ltr'>jamque</span> <span class='ocrx_word' id='word_1_85' title='bbox 2067 1366 2127 1389; x_wconf 92' lang='lat' dir='ltr'>an.</span> <span class='ocrx_word' id='word_1_86' title='bbox 2147 1354 2357 1391; x_wconf 81' lang='lat'>1400-1405</span> 
     </span>
     <span class='ocr_line' id='line_1_9' title="bbox 420 1417 2356 1471; baseline 0.005 -20"><span class='ocrx_word' id='word_1_87' title='bbox 420 1424 690 1465; x_wconf 83' lang='lat' dir='ltr'>procuratores</span> <span class='ocrx_word' id='word_1_88' title='bbox 716 1417 871 1466; x_wconf 89' lang='lat' dir='ltr'>quidam</span> <span class='ocrx_word' id='word_1_89' title='bbox 898 1430 1039 1453; x_wconf 93' lang='lat' dir='ltr'>novum</span> <span class='ocrx_word' id='word_1_90' title='bbox 1065 1419 1231 1454; x_wconf 88' lang='lat' dir='ltr'>nationis</span> <span class='ocrx_word' id='word_1_91' title='bbox 1255 1432 1396 1455; x_wconf 92' lang='lat' dir='ltr'>nomen</span> <span class='ocrx_word' id='word_1_92' title='bbox 1417 1419 1600 1456; x_wconf 89' lang='lat' dir='ltr'>adhibent</span> <span class='ocrx_word' id='word_1_93' title='bbox 1620 1421 1717 1468; x_wconf 90' lang='grc'>(816,</span> <span class='ocrx_word' id='word_1_94' title='bbox 1741 1422 1895 1466; x_wconf 75' lang='lat'><strong>37-824,</strong></span> <span class='ocrx_word' id='word_1_95' title='bbox 1924 1423 1991 1466; x_wconf 83' lang='lat'>43;</span> <span class='ocrx_word' id='word_1_96' title='bbox 2018 1424 2102 1466; x_wconf 89' lang='grc'>835,</span> <span class='ocrx_word' id='word_1_97' title='bbox 2128 1424 2201 1471; x_wconf 90' lang='grc'>40).</span> <span class='ocrx_word' id='word_1_98' title='bbox 2233 1425 2356 1461; x_wconf 91' lang='lat' dir='ltr'>Immo</span> 
     </span>
     <span class='ocr_line' id='line_1_10' title="bbox 421 1486 2358 1539; baseline 0.005 -18"><span class='ocrx_word' id='word_1_99' title='bbox 421 1487 493 1535; x_wconf 88' lang='lat' dir='ltr'>ipsi</span> <span class='ocrx_word' id='word_1_100' title='bbox 518 1487 622 1522; x_wconf 89' lang='lat' dir='ltr'>Scoti</span> <span class='ocrx_word' id='word_1_101' title='bbox 651 1499 710 1522; x_wconf 91' lang='lat' dir='ltr'>an.</span> <span class='ocrx_word' id='word_1_102' title='bbox 741 1487 834 1522; x_wconf 89' lang='grc'>1414</span> <span class='ocrx_word' id='word_1_103' title='bbox 862 1486 1072 1524; x_wconf 89' lang='lat' dir='ltr'>Benedicto</span> <span class='ocrx_word' id='word_1_104' title='bbox 1101 1489 1188 1523; x_wconf 89' lang='lat' dir='ltr'>Xlll</span> <span class='ocrx_word' id='word_1_105' title='bbox 1217 1488 1432 1525; x_wconf 83' lang='lat' dir='ltr'>scribentes</span> <span class='ocrx_word' id='word_1_106' title='bbox 1460 1489 1509 1525; x_wconf 92' lang='lat' dir='ltr'>de</span> <span class='ocrx_word' id='word_1_107' title='bbox 1535 1502 1576 1526; x_wconf 94' lang='lat' dir='ltr'>se</span> <span class='ocrx_word' id='word_1_108' title='bbox 1603 1491 1698 1539; x_wconf 88' lang='lat' dir='ltr'>ipsis</span> <span class='ocrx_word' id='word_1_109' title='bbox 1726 1490 1904 1528; x_wconf 87' lang='lat' dir='ltr'>dixerunt</span> <span class='ocrx_word' id='word_1_110' title='bbox 1931 1507 1938 1528; x_wconf 92' lang='lat'><strong>:</strong></span> <span class='ocrx_word' id='word_1_111' title='bbox 1970 1507 1987 1527; x_wconf 76' lang='lat' dir='ltr'>c&lt;</span> <span class='ocrx_word' id='word_1_112' title='bbox 2012 1501 2101 1530; x_wconf 88' lang='lat' dir='ltr'>sunt</span> <span class='ocrx_word' id='word_1_113' title='bbox 2126 1492 2174 1530; x_wconf 87' lang='lat' dir='ltr'>de</span> <span class='ocrx_word' id='word_1_114' title='bbox 2199 1495 2358 1531; x_wconf 89' lang='lat' dir='ltr'>natione</span> 
     </span>
     <span class='ocr_line' id='line_1_11' title="bbox 420 1556 2357 1612; baseline 0.005 -22"><span class='ocrx_word' id='word_1_115' title='bbox 420 1556 649 1591; x_wconf 78' lang='lat' dir='ltr'>Alamannie</span> <span class='ocrx_word' id='word_1_116' title='bbox 666 1556 690 1591; x_wconf 89' lang='lat'>¹.</span> <span class='ocrx_word' id='word_1_117' title='bbox 718 1570 734 1590; x_wconf 70' lang='lat'>³&gt;</span> <span class='ocrx_word' id='word_1_118' title='bbox 763 1557 910 1592; x_wconf 86' lang='lat' dir='ltr'>Novum</span> <span class='ocrx_word' id='word_1_119' title='bbox 932 1570 1072 1593; x_wconf 88' lang='lat' dir='ltr'>nomen</span> <span class='ocrx_word' id='word_1_120' title='bbox 1099 1557 1146 1593; x_wconf 87' lang='lat' dir='ltr'>ab</span> <span class='ocrx_word' id='word_1_121' title='bbox 1174 1571 1234 1593; x_wconf 90' lang='lat' dir='ltr'>an.</span> <span class='ocrx_word' id='word_1_122' title='bbox 1272 1559 1363 1594; x_wconf 86' lang='grc'>1431</span> <span class='ocrx_word' id='word_1_123' title='bbox 1391 1560 1515 1608; x_wconf 88' lang='lat' dir='ltr'>magis</span> <span class='ocrx_word' id='word_1_124' title='bbox 1539 1560 1577 1594; x_wconf 91' lang='lat' dir='ltr'>in</span> <span class='ocrx_word' id='word_1_125' title='bbox 1608 1573 1752 1596; x_wconf 92' lang='lat' dir='ltr'>morem</span> <span class='ocrx_word' id='word_1_126' title='bbox 1778 1562 1896 1604; x_wconf 81' lang='lat' dir='ltr'>venit,</span> <span class='ocrx_word' id='word_1_127' title='bbox 1926 1569 1965 1598; x_wconf 85' lang='lat' dir='ltr'>et</span> <span class='ocrx_word' id='word_1_128' title='bbox 1990 1563 2099 1611; x_wconf 89' lang='lat' dir='ltr'>quasi</span> <span class='ocrx_word' id='word_1_129' title='bbox 2122 1576 2280 1612; x_wconf 90' lang='lat' dir='ltr'>prorsus</span> <span class='ocrx_word' id='word_1_130' title='bbox 2306 1563 2357 1600; x_wconf 89' lang='lat' dir='ltr'>ab</span> 
     </span>
     <span class='ocr_line' id='line_1_12' title="bbox 421 1625 1111 1663; baseline 0.001 -1"><span class='ocrx_word' id='word_1_131' title='bbox 421 1638 481 1662; x_wconf 91' lang='lat' dir='ltr'>an.</span> <span class='ocrx_word' id='word_1_132' title='bbox 508 1626 601 1661; x_wconf 75' lang='lat'>1442</span> <span class='ocrx_word' id='word_1_133' title='bbox 621 1627 742 1662; x_wconf 88' lang='lat' dir='ltr'>veteri</span> <span class='ocrx_word' id='word_1_134' title='bbox 764 1625 1017 1662; x_wconf 85' lang='lat' dir='ltr'>substitutum</span> <span class='ocrx_word' id='word_1_135' title='bbox 1040 1634 1111 1663; x_wconf 87' lang='lat' dir='ltr'>est.</span> 
     </span>
    </p>

    <p class='ocr_par' dir='ltr' id='par_1_4' title="bbox 420 1695 2357 1890">
     <span class='ocr_line' id='line_1_13' title="bbox 471 1695 2354 1750; baseline 0.004 -20"><span class='ocrx_word' id='word_1_136' title='bbox 471 1695 677 1744; x_wconf 81' lang='lat' dir='ltr'>Epitheton</span> <span class='ocrx_word' id='word_1_137' title='bbox 708 1697 1021 1732; x_wconf 76' lang='lat' dir='ltr'>constantissima</span> <span class='ocrx_word' id='word_1_138' title='bbox 1065 1697 1169 1732; x_wconf 91' lang='lat' dir='ltr'>natio</span> <span class='ocrx_word' id='word_1_139' title='bbox 1210 1696 1453 1733; x_wconf 85' lang='lat' dir='ltr'>solummodo</span> <span class='ocrx_word' id='word_1_140' title='bbox 1495 1711 1596 1734; x_wconf 86' lang='lat' dir='ltr'>saec.</span> <span class='ocrx_word' id='word_1_141' title='bbox 1642 1713 1701 1742; x_wconf 74' lang='lat' dir='ltr'>XV,</span> <span class='ocrx_word' id='word_1_142' title='bbox 1748 1699 1962 1736; x_wconf 89' lang='lat' dir='ltr'>Schismate</span> <span class='ocrx_word' id='word_1_143' title='bbox 2007 1702 2176 1737; x_wconf 85' lang='lat' dir='ltr'>extincto</span> <span class='ocrx_word' id='word_1_144' title='bbox 2208 1709 2247 1738; x_wconf 85' lang='lat' dir='ltr'>et</span> <span class='ocrx_word' id='word_1_145' title='bbox 2276 1702 2354 1750; x_wconf 89' lang='lat' dir='ltr'>jam</span> 
     </span>
     <span class='ocr_line' id='line_1_14' title="bbox 421 1765 2357 1820; baseline 0.004 -20"><span class='ocrx_word' id='word_1_146' title='bbox 421 1772 566 1801; x_wconf 88' lang='lat' dir='ltr'>mutato</span> <span class='ocrx_word' id='word_1_147' title='bbox 596 1766 751 1801; x_wconf 89' lang='lat' dir='ltr'>nomine</span> <span class='ocrx_word' id='word_1_148' title='bbox 780 1766 960 1807; x_wconf 89' lang='lat' dir='ltr'>nationis,</span> <span class='ocrx_word' id='word_1_149' title='bbox 989 1765 1062 1801; x_wconf 92' lang='lat' dir='ltr'>sibi</span> <span class='ocrx_word' id='word_1_150' title='bbox 1086 1767 1347 1815; x_wconf 83' lang='lat' dir='ltr'>appropriavit</span> <span class='ocrx_word' id='word_1_151' title='bbox 1365 1767 1392 1809; x_wconf 70' lang='lat'>2,</span> <span class='ocrx_word' id='word_1_152' title='bbox 1417 1767 1463 1803; x_wconf 91' lang='lat' dir='ltr'>ad</span> <span class='ocrx_word' id='word_1_153' title='bbox 1484 1766 1762 1818; x_wconf 87' lang='lat' dir='ltr'>designandam</span> <span class='ocrx_word' id='word_1_154' title='bbox 1777 1771 2032 1806; x_wconf 82' lang='lat' dir='ltr'>constantiam</span> <span class='ocrx_word' id='word_1_155' title='bbox 2054 1783 2166 1820; x_wconf 86' lang='lat' dir='ltr'>quam</span> <span class='ocrx_word' id='word_1_156' title='bbox 2184 1772 2288 1807; x_wconf 90' lang='lat' dir='ltr'>natio</span> <span class='ocrx_word' id='word_1_157' title='bbox 2315 1779 2357 1807; x_wconf 87' lang='lat' dir='ltr'>et</span> 
     </span>
     <span class='ocr_line' id='line_1_15' title="bbox 420 1834 2227 1890; baseline 0.004 -20"><span class='ocrx_word' id='word_1_158' title='bbox 420 1834 572 1883; x_wconf 89' lang='lat' dir='ltr'>quidem</span> <span class='ocrx_word' id='word_1_159' title='bbox 590 1834 792 1870; x_wconf 86' lang='lat' dir='ltr'>Alemanni</span> <span class='ocrx_word' id='word_1_160' title='bbox 817 1834 980 1871; x_wconf 84' lang='lat' dir='ltr'>durante</span> <span class='ocrx_word' id='word_1_161' title='bbox 1002 1835 1217 1872; x_wconf 90' lang='lat' dir='ltr'>Schismate</span> <span class='ocrx_word' id='word_1_162' title='bbox 1236 1849 1277 1872; x_wconf 91' lang='lat' dir='ltr'>se</span> <span class='ocrx_word' id='word_1_163' title='bbox 1305 1844 1541 1874; x_wconf 88' lang='lat' dir='ltr'>monstrasse</span> <span class='ocrx_word' id='word_1_164' title='bbox 1561 1837 1879 1887; x_wconf 79' lang='lat' dir='ltr'>praetendebant,</span> <span class='ocrx_word' id='word_1_165' title='bbox 1897 1838 1945 1876; x_wconf 93' lang='lat' dir='ltr'>de</span> <span class='ocrx_word' id='word_1_166' title='bbox 1966 1853 2042 1889; x_wconf 93' lang='lat' dir='ltr'>quo</span> <span class='ocrx_word' id='word_1_167' title='bbox 2062 1853 2146 1890; x_wconf 87' lang='lat' dir='ltr'>cap.</span> <span class='ocrx_word' id='word_1_168' title='bbox 2170 1841 2227 1877; x_wconf 90' lang='grc'>16.</span> 
     </span>
    </p>

    <p class='ocr_par' dir='ltr' id='par_1_5' title="bbox 419 1904 2357 2513">
     <span class='ocr_line' id='line_1_16' title="bbox 468 1904 2357 1955; baseline 0.004 -16"><span class='ocrx_word' id='word_1_169' title='bbox 468 1904 648 1954; x_wconf 76' lang='lat' dir='ltr'>Sigillum</span> <span class='ocrx_word' id='word_1_170' title='bbox 665 1906 845 1947; x_wconf 76' lang='lat' dir='ltr'>nationis,</span> <span class='ocrx_word' id='word_1_171' title='bbox 869 1905 978 1953; x_wconf 88' lang='lat' dir='ltr'>cujus</span> <span class='ocrx_word' id='word_1_172' title='bbox 997 1904 1146 1954; x_wconf 82' lang='lat' dir='ltr'>effigies</span> <span class='ocrx_word' id='word_1_173' title='bbox 1164 1906 1242 1954; x_wconf 89' lang='lat' dir='ltr'>jam</span> <span class='ocrx_word' id='word_1_174' title='bbox 1263 1905 1363 1955; x_wconf 88' lang='lat' dir='ltr'>apud</span> <span class='ocrx_word' id='word_1_175' title='bbox 1394 1907 1477 1942; x_wconf 82' lang='lat' dir='ltr'>Nat.</span> <span class='ocrx_word' id='word_1_176' title='bbox 1510 1906 1557 1942; x_wconf 88' lang='lat' dir='ltr'>de</span> <span class='ocrx_word' id='word_1_177' title='bbox 1578 1908 1734 1944; x_wconf 68' lang='lat' dir='ltr'>Wmm</span> <span class='ocrx_word' id='word_1_178' title='bbox 1748 1909 1760 1930; x_wconf 80' lang='lat'><strong>3</strong></span> <span class='ocrx_word' id='word_1_179' title='bbox 1782 1915 1820 1944; x_wconf 90' lang='lat' dir='ltr'>et</span> <span class='ocrx_word' id='word_1_180' title='bbox 1839 1910 1983 1945; x_wconf 75' lang='lat' dir='ltr'><strong>VALLET</strong></span> <span class='ocrx_word' id='word_1_181' title='bbox 2006 1922 2049 1944; x_wconf 75' lang='lat' dir='ltr'>DE</span> <span class='ocrx_word' id='word_1_182' title='bbox 2071 1910 2285 1946; x_wconf 74' lang='lat' dir='ltr'>V1111V1LLE4</span> <span class='ocrx_word' id='word_1_183' title='bbox 2308 1923 2357 1947; x_wconf 84' lang='lat' dir='ltr'>ex</span> 
     </span>
     <span class='ocr_line' id='line_1_17' title="bbox 421 1974 2355 2029; baseline 0.003 -20"><span class='ocrx_word' id='word_1_184' title='bbox 421 1974 555 2010; x_wconf 88' lang='lat' dir='ltr'>mutilo</span> <span class='ocrx_word' id='word_1_185' title='bbox 576 1974 784 2023; x_wconf 84' lang='lat' dir='ltr'>exemplari</span> <span class='ocrx_word' id='word_1_186' title='bbox 804 1976 906 2024; x_wconf 89' lang='lat' dir='ltr'>typis</span> <span class='ocrx_word' id='word_1_187' title='bbox 924 1974 1074 2011; x_wconf 89' lang='lat' dir='ltr'>reddita</span> <span class='ocrx_word' id='word_1_188' title='bbox 1091 1983 1163 2018; x_wconf 73' lang='lat' dir='ltr'>est,</span> <span class='ocrx_word' id='word_1_189' title='bbox 1183 1977 1221 2010; x_wconf 91' lang='lat' dir='ltr'>in</span> <span class='ocrx_word' id='word_1_190' title='bbox 1237 1975 1363 2011; x_wconf 84' lang='lat' dir='ltr'>fronte</span> <span class='ocrx_word' id='word_1_191' title='bbox 1376 1975 1582 2012; x_wconf 89' lang='lat' dir='ltr'>voluminis</span> <span class='ocrx_word' id='word_1_192' title='bbox 1599 1978 1719 2013; x_wconf 86' lang='lat' dir='ltr'>nostri</span> <span class='ocrx_word' id='word_1_193' title='bbox 1738 1977 1826 2014; x_wconf 90' lang='lat' dir='ltr'>vide</span> <span class='ocrx_word' id='word_1_194' title='bbox 1842 1979 1923 2025; x_wconf 74' lang='lat' dir='ltr'>(l)⁵.</span> <span class='ocrx_word' id='word_1_195' title='bbox 1951 1980 1992 2014; x_wconf 91' lang='lat' dir='ltr'>In</span> <span class='ocrx_word' id='word_1_196' title='bbox 2010 1978 2075 2014; x_wconf 93' lang='lat' dir='ltr'>illo</span> <span class='ocrx_word' id='word_1_197' title='bbox 2094 1992 2243 2015; x_wconf 89' lang='lat' dir='ltr'>summa</span> <span class='ocrx_word' id='word_1_198' title='bbox 2264 1992 2355 2029; x_wconf 88' lang='lat' dir='ltr'>pars</span> 
     </span>
     <span class='ocr_line' id='line_1_18' title="bbox 420 2044 2350 2092; baseline 0.003 -13"><span class='ocrx_word' id='word_1_199' title='bbox 420 2044 572 2079; x_wconf 84' lang='lat' dir='ltr'>beatam</span> <span class='ocrx_word' id='word_1_200' title='bbox 612 2045 809 2092; x_wconf 86' lang='lat' dir='ltr'>Virginem</span> <span class='ocrx_word' id='word_1_201' title='bbox 854 2057 968 2079; x_wconf 91' lang='lat' dir='ltr'>manu</span> <span class='ocrx_word' id='word_1_202' title='bbox 1009 2044 1147 2080; x_wconf 91' lang='lat' dir='ltr'>librum</span> <span class='ocrx_word' id='word_1_203' title='bbox 1192 2051 1387 2081; x_wconf 90' lang='lat' dir='ltr'>tenentem</span> <span class='ocrx_word' id='word_1_204' title='bbox 1402 2074 1409 2088; x_wconf 87' lang='lat'><strong>‚</strong></span> <span class='ocrx_word' id='word_1_205' title='bbox 1455 2059 1475 2081; x_wconf 93' lang='lat' dir='ltr'>a</span> <span class='ocrx_word' id='word_1_206' title='bbox 1518 2045 1597 2082; x_wconf 83' lang='lat' dir='ltr'>filio</span> <span class='ocrx_word' id='word_1_207' title='bbox 1644 2060 1713 2083; x_wconf 93' lang='lat' dir='ltr'>suo</span> <span class='ocrx_word' id='word_1_208' title='bbox 1760 2047 2021 2084; x_wconf 84' lang='lat' dir='ltr'>verisimiliter</span> <span class='ocrx_word' id='word_1_209' title='bbox 2063 2047 2323 2084; x_wconf 86' lang='lat' dir='ltr'>coronandam</span> <span class='ocrx_word' id='word_1_210' title='bbox 2342 2063 2350 2092; x_wconf 88' lang='lat'>;</span> 
     </span>
     <span class='ocr_line' id='line_1_19' title="bbox 422 2113 2352 2168; baseline 0.003 -20"><span class='ocrx_word' id='word_1_211' title='bbox 422 2113 546 2149; x_wconf 88' lang='lat' dir='ltr'>media</span> <span class='ocrx_word' id='word_1_212' title='bbox 569 2115 605 2149; x_wconf 91' lang='lat' dir='ltr'>S.</span> <span class='ocrx_word' id='word_1_213' title='bbox 633 2113 875 2149; x_wconf 87' lang='lat' dir='ltr'>Edmundum</span> <span class='ocrx_word' id='word_1_214' title='bbox 898 2127 1028 2162; x_wconf 87' lang='lat' dir='ltr'>regem</span> <span class='ocrx_word' id='word_1_215' title='bbox 1050 2121 1088 2150; x_wconf 90' lang='lat' dir='ltr'>et</span> <span class='ocrx_word' id='word_1_216' title='bbox 1108 2115 1145 2150; x_wconf 91' lang='lat' dir='ltr'>S.</span> <span class='ocrx_word' id='word_1_217' title='bbox 1170 2115 1432 2158; x_wconf 82' lang='lat' dir='ltr'>Catherinam3</span> <span class='ocrx_word' id='word_1_218' title='bbox 1458 2115 1614 2151; x_wconf 91' lang='lat' dir='ltr'>inferior</span> <span class='ocrx_word' id='word_1_219' title='bbox 1633 2116 1833 2153; x_wconf 84' lang='lat' dir='ltr'>historiam</span> <span class='ocrx_word' id='word_1_220' title='bbox 1854 2118 1892 2153; x_wconf 95' lang='lat' dir='ltr'>S.</span> <span class='ocrx_word' id='word_1_221' title='bbox 1917 2118 2083 2159; x_wconf 75' lang='lat' dir='ltr'>Martini,</span> <span class='ocrx_word' id='word_1_222' title='bbox 2111 2117 2352 2168; x_wconf 86' lang='lat' dir='ltr'>chlamydem</span> 
     </span>
     <span class='ocr_line' id='line_1_20' title="bbox 420 2182 2355 2236; baseline 0.004 -19"><span class='ocrx_word' id='word_1_223' title='bbox 420 2196 526 2218; x_wconf 88' lang='lat' dir='ltr'>suam</span> <span class='ocrx_word' id='word_1_224' title='bbox 544 2196 630 2218; x_wconf 91' lang='lat' dir='ltr'>cum</span> <span class='ocrx_word' id='word_1_225' title='bbox 648 2196 816 2232; x_wconf 86' lang='lat' dir='ltr'>paupere</span> <span class='ocrx_word' id='word_1_226' title='bbox 830 2182 1054 2226; x_wconf 80' lang='lat' dir='ltr'>dividentis3</span> <span class='ocrx_word' id='word_1_227' title='bbox 1075 2183 1203 2219; x_wconf 87' lang='lat' dir='ltr'>infima</span> <span class='ocrx_word' id='word_1_228' title='bbox 1219 2183 1415 2220; x_wconf 88' lang='lat' dir='ltr'>doctorem</span> <span class='ocrx_word' id='word_1_229' title='bbox 1434 2184 1531 2221; x_wconf 91' lang='lat' dir='ltr'>duos</span> <span class='ocrx_word' id='word_1_230' title='bbox 1549 2185 1744 2222; x_wconf 86' lang='lat' dir='ltr'>scholares</span> <span class='ocrx_word' id='word_1_231' title='bbox 1763 2185 1967 2223; x_wconf 88' lang='lat' dir='ltr'>docentem</span> <span class='ocrx_word' id='word_1_232' title='bbox 1984 2194 2260 2236; x_wconf 88' lang='lat' dir='ltr'>repraesentat.</span> <span class='ocrx_word' id='word_1_233' title='bbox 2281 2188 2355 2224; x_wconf 88' lang='lat' dir='ltr'>Per</span> 
     </span>
     <span class='ocr_line' id='line_1_21' title="bbox 419 2251 2352 2306; baseline 0.003 -19"><span class='ocrx_word' id='word_1_234' title='bbox 419 2252 508 2293; x_wconf 79' lang='lat' dir='ltr'>hoc,</span> <span class='ocrx_word' id='word_1_235' title='bbox 534 2259 664 2287; x_wconf 86' lang='lat' dir='ltr'>nostra</span> <span class='ocrx_word' id='word_1_236' title='bbox 689 2251 845 2301; x_wconf 91' lang='lat' dir='ltr'>quidem</span> <span class='ocrx_word' id='word_1_237' title='bbox 867 2254 1078 2294; x_wconf 83' lang='lat' dir='ltr'>sententia,</span> <span class='ocrx_word' id='word_1_238' title='bbox 1106 2260 1184 2289; x_wconf 92' lang='lat' dir='ltr'>tres</span> <span class='ocrx_word' id='word_1_239' title='bbox 1208 2260 1315 2289; x_wconf 90' lang='lat' dir='ltr'>actus</span> <span class='ocrx_word' id='word_1_240' title='bbox 1335 2254 1567 2303; x_wconf 89' lang='lat' dir='ltr'>principales</span> <span class='ocrx_word' id='word_1_241' title='bbox 1589 2256 1756 2291; x_wconf 88' lang='lat' dir='ltr'>nationis</span> <span class='ocrx_word' id='word_1_242' title='bbox 1778 2255 2043 2306; x_wconf 86' lang='lat' dir='ltr'>designantur.</span> <span class='ocrx_word' id='word_1_243' title='bbox 2067 2258 2139 2292; x_wconf 90' lang='lat' dir='ltr'>Per</span> <span class='ocrx_word' id='word_1_244' title='bbox 2160 2258 2196 2293; x_wconf 95' lang='lat' dir='ltr'>S.</span> <span class='ocrx_word' id='word_1_245' title='bbox 2219 2258 2352 2293; x_wconf 86' lang='lat' dir='ltr'>Marti-</span> 
     </span>
     <span class='ocr_line' id='line_1_22' title="bbox 420 2322 2352 2373; baseline 0.003 -17"><span class='ocrx_word' id='word_1_246' title='bbox 420 2335 509 2357; x_wconf 90' lang='lat' dir='ltr'>num</span> <span class='ocrx_word' id='word_1_247' title='bbox 532 2334 622 2357; x_wconf 88' lang='lat' dir='ltr'>cura</span> <span class='ocrx_word' id='word_1_248' title='bbox 641 2329 679 2357; x_wconf 91' lang='lat' dir='ltr'>et</span> <span class='ocrx_word' id='word_1_249' title='bbox 702 2323 933 2358; x_wconf 88' lang='lat' dir='ltr'>sustentatio</span> <span class='ocrx_word' id='word_1_250' title='bbox 956 2335 1167 2371; x_wconf 85' lang='lat' dir='ltr'>pauperum</span> <span class='ocrx_word' id='word_1_251' title='bbox 1190 2322 1440 2365; x_wconf 91' lang='lat' dir='ltr'>scholarium;</span> <span class='ocrx_word' id='word_1_252' title='bbox 1466 2325 1502 2359; x_wconf 91' lang='lat' dir='ltr'>in</span> <span class='ocrx_word' id='word_1_253' title='bbox 1529 2331 1637 2373; x_wconf 88' lang='lat' dir='ltr'>parte</span> <span class='ocrx_word' id='word_1_254' title='bbox 1660 2324 1789 2361; x_wconf 84' lang='lat' dir='ltr'>infima</span> <span class='ocrx_word' id='word_1_255' title='bbox 1806 2326 2010 2362; x_wconf 86' lang='lat' dir='ltr'>instructio</span> <span class='ocrx_word' id='word_1_256' title='bbox 2034 2325 2286 2369; x_wconf 88' lang='lat' dir='ltr'>scholarium;</span> <span class='ocrx_word' id='word_1_257' title='bbox 2313 2327 2352 2362; x_wconf 88' lang='lat' dir='ltr'>in</span> 
     </span>
     <span class='ocr_line' id='line_1_23' title="bbox 421 2390 2353 2444; baseline 0.003 -18"><span class='ocrx_word' id='word_1_258' title='bbox 421 2398 529 2440; x_wconf 87' lang='lat' dir='ltr'>parte</span> <span class='ocrx_word' id='word_1_259' title='bbox 543 2403 720 2440; x_wconf 88' lang='lat' dir='ltr'>suprema</span> <span class='ocrx_word' id='word_1_260' title='bbox 738 2390 824 2426; x_wconf 85' lang='lat' dir='ltr'>finis</span> <span class='ocrx_word' id='word_1_261' title='bbox 843 2392 1121 2433; x_wconf 76' lang='lat' dir='ltr'>instructionis,</span> <span class='ocrx_word' id='word_1_262' title='bbox 1141 2392 1350 2440; x_wconf 86' lang='lat' dir='ltr'>magisterii</span> <span class='ocrx_word' id='word_1_263' title='bbox 1367 2392 1532 2442; x_wconf 89' lang='lat' dir='ltr'>adeptio.</span> <span class='ocrx_word' id='word_1_264' title='bbox 1551 2395 1595 2429; x_wconf 86' lang='lat' dir='ltr'>Hi</span> <span class='ocrx_word' id='word_1_265' title='bbox 1612 2402 1691 2430; x_wconf 85' lang='lat' dir='ltr'>tres</span> <span class='ocrx_word' id='word_1_266' title='bbox 1708 2401 1816 2431; x_wconf 88' lang='lat' dir='ltr'>actus</span> <span class='ocrx_word' id='word_1_267' title='bbox 1835 2395 1951 2444; x_wconf 90' lang='lat' dir='ltr'>positi</span> <span class='ocrx_word' id='word_1_268' title='bbox 1968 2404 2057 2431; x_wconf 89' lang='lat' dir='ltr'>sunt</span> <span class='ocrx_word' id='word_1_269' title='bbox 2069 2394 2140 2431; x_wconf 90' lang='lat' dir='ltr'>sub</span> <span class='ocrx_word' id='word_1_270' title='bbox 2158 2394 2353 2444; x_wconf 87' lang='lat' dir='ltr'>praesidio</span> 
     </span>
     <span class='ocr_line' id='line_1_24' title="bbox 421 2450 2354 2513; baseline 0.003 -18"><span class='ocrx_word' id='word_1_271' title='bbox 421 2460 581 2495; x_wconf 87' lang='lat' dir='ltr'>duorum</span> <span class='ocrx_word' id='word_1_272' title='bbox 604 2468 867 2510; x_wconf 75' lang='lat' dir='ltr'>patronorum,</span> <span class='ocrx_word' id='word_1_273' title='bbox 902 2462 939 2496; x_wconf 93' lang='lat' dir='ltr'>S.</span> <span class='ocrx_word' id='word_1_274' title='bbox 974 2460 1178 2503; x_wconf 86' lang='lat' dir='ltr'>Edmundi‚</span> <span class='ocrx_word' id='word_1_275' title='bbox 1204 2462 1354 2510; x_wconf 87' lang='lat' dir='ltr'>patroni</span> <span class='ocrx_word' id='word_1_276' title='bbox 1378 2464 1522 2512; x_wconf 91' lang='lat' dir='ltr'>proprii</span> <span class='ocrx_word' id='word_1_277' title='bbox 1554 2464 1733 2506; x_wconf 81' lang='lat' dir='ltr'>nationis,</span> <span class='ocrx_word' id='word_1_278' title='bbox 1759 2471 1798 2500; x_wconf 86' lang='lat' dir='ltr'>et</span> <span class='ocrx_word' id='word_1_279' title='bbox 1828 2465 1865 2500; x_wconf 92' lang='lat' dir='ltr'>S.</span> <span class='ocrx_word' id='word_1_280' title='bbox 1896 2463 2137 2507; x_wconf 76' lang='lat' dir='ltr'>Catherinae,</span> <span class='ocrx_word' id='word_1_281' title='bbox 2164 2450 2354 2513; x_wconf 81' lang='lat' dir='ltr'>patronae</span> 
     </span>
    </p>
   </div>
   <div class='ocr_carea' id='block_1_4' title="bbox 422 2529 2350 2582">
    <p class='ocr_par' dir='ltr' id='par_1_6' title="bbox 422 2529 2350 2582">
     <span class='ocr_line' id='line_1_25' title="bbox 422 2529 2350 2582; baseline 0.002 -17"><span class='ocrx_word' id='word_1_282' title='bbox 422 2530 601 2579; x_wconf 79' lang='lat' dir='ltr'>specialis</span> <span class='ocrx_word' id='word_1_283' title='bbox 621 2529 952 2579; x_wconf 87' lang='lat' dir='ltr'>philosophorum.</span> <span class='ocrx_word' id='word_1_284' title='bbox 976 2531 1021 2565; x_wconf 88' lang='lat' dir='ltr'>Et</span> <span class='ocrx_word' id='word_1_285' title='bbox 1042 2531 1096 2566; x_wconf 87' lang='lat' dir='ltr'>sic</span> <span class='ocrx_word' id='word_1_286' title='bbox 1117 2531 1323 2579; x_wconf 84' lang='lat' dir='ltr'>corrigitur</span> <span class='ocrx_word' id='word_1_287' title='bbox 1343 2530 1436 2567; x_wconf 87' lang='lat' dir='ltr'>falsa</span> <span class='ocrx_word' id='word_1_288' title='bbox 1457 2532 1517 2568; x_wconf 89' lang='lat' dir='ltr'>vel</span> <span class='ocrx_word' id='word_1_289' title='bbox 1540 2545 1634 2582; x_wconf 87' lang='lat' dir='ltr'>vaga</span> <span class='ocrx_word' id='word_1_290' title='bbox 1656 2532 1880 2582; x_wconf 87' lang='lat' dir='ltr'>explicatio,</span> <span class='ocrx_word' id='word_1_291' title='bbox 1905 2545 2019 2582; x_wconf 89' lang='lat' dir='ltr'>quam</span> <span class='ocrx_word' id='word_1_292' title='bbox 2043 2541 2219 2569; x_wconf 86' lang='lat' dir='ltr'>auctores</span> <span class='ocrx_word' id='word_1_293' title='bbox 2241 2532 2350 2570; x_wconf 86' lang='lat' dir='ltr'>relati</span> 
     </span>
    </p>
   </div>
   <div class='ocr_carea' id='block_1_5' title="bbox 422 2598 2353 2924">
    <p class='ocr_par' dir='ltr' id='par_1_7' title="bbox 422 2598 2353 2924">
     <span class='ocr_line' id='line_1_26' title="bbox 423 2598 622 2648; baseline 0.005 -15"><span class='ocrx_word' id='word_1_294' title='bbox 423 2598 622 2648; x_wconf 85' lang='lat' dir='ltr'>praebent.</span> 
     </span>
     <span class='ocr_line' id='line_1_27' title="bbox 464 2736 2351 2778; baseline 0.001 -13"><span class='ocrx_word' id='word_1_295' title='bbox 464 2738 489 2765; x_wconf 82' lang='lat'>1.</span> <span class='ocrx_word' id='word_1_296' title='bbox 536 2737 614 2776; x_wconf 81' lang='lat' dir='ltr'>Reg.</span> <span class='ocrx_word' id='word_1_297' title='bbox 633 2737 700 2766; x_wconf 83' lang='lat' dir='ltr'>Vat.</span> <span class='ocrx_word' id='word_1_298' title='bbox 720 2738 790 2771; x_wconf 83' lang='grc'>332,</span> <span class='ocrx_word' id='word_1_299' title='bbox 809 2736 859 2765; x_wconf 86' lang='lat' dir='ltr'>sol.</span> <span class='ocrx_word' id='word_1_300' title='bbox 877 2738 926 2765; x_wconf 79' lang='grc'>29,</span> <span class='ocrx_word' id='word_1_301' title='bbox 1482 2739 1510 2767; x_wconf 88' lang='grc'>4.</span> <span class='ocrx_word' id='word_1_302' title='bbox 1556 2741 1688 2767; x_wconf 79' lang='lat' dir='ltr'>Histoire</span> <span class='ocrx_word' id='word_1_303' title='bbox 1712 2739 1749 2767; x_wconf 78' lang='lat' dir='ltr'>dc</span> <span class='ocrx_word' id='word_1_304' title='bbox 1771 2739 1964 2768; x_wconf 79' lang='lat' dir='ltr'>l’instruction</span> <span class='ocrx_word' id='word_1_305' title='bbox 1990 2739 2134 2778; x_wconf 79' lang='lat' dir='ltr'>publt&#39;que</span> <span class='ocrx_word' id='word_1_306' title='bbox 2161 2750 2196 2768; x_wconf 78' lang='lat' dir='ltr'>etz</span> <span class='ocrx_word' id='word_1_307' title='bbox 2222 2742 2351 2777; x_wconf 72' lang='lat' dir='ltr'>Europe,</span> 
     </span>
     <span class='ocr_line' id='line_1_28' title="bbox 461 2785 2349 2827; baseline 0.001 -13"><span class='ocrx_word' id='word_1_308' title='bbox 461 2787 489 2814; x_wconf 88' lang='lat'>2.</span> <span class='ocrx_word' id='word_1_309' title='bbox 533 2786 604 2814; x_wconf 82' lang='lat' dir='ltr'>Vid.</span> <span class='ocrx_word' id='word_1_310' title='bbox 632 2786 726 2814; x_wconf 86' lang='lat' dir='ltr'>Arch.</span> <span class='ocrx_word' id='word_1_311' title='bbox 756 2785 902 2816; x_wconf 85' lang='lat' dir='ltr'>Univers.</span> <span class='ocrx_word' id='word_1_312' title='bbox 928 2786 1017 2814; x_wconf 77' lang='lat' dir='ltr'>Paris</span> <span class='ocrx_word' id='word_1_313' title='bbox 1036 2809 1043 2820; x_wconf 91' lang='lat'>,</span> <span class='ocrx_word' id='word_1_314' title='bbox 1072 2785 1151 2814; x_wconf 87' lang='lat' dir='ltr'>thec.</span> <span class='ocrx_word' id='word_1_315' title='bbox 1184 2786 1265 2822; x_wconf 82' lang='lat' dir='ltr'>XIV,</span> <span class='ocrx_word' id='word_1_316' title='bbox 1291 2786 1331 2817; x_wconf 88' lang='lat' dir='ltr'>D.</span> <span class='ocrx_word' id='word_1_317' title='bbox 1444 2799 1471 2827; x_wconf 81' lang='lat' dir='ltr'>p.</span> <span class='ocrx_word' id='word_1_318' title='bbox 1491 2789 1556 2817; x_wconf 84' lang='lat'>133.</span> <span class='ocrx_word' id='word_1_319' title='bbox 1574 2789 1685 2817; x_wconf 73' lang='lat' dir='ltr'>Doum·</span> <span class='ocrx_word' id='word_1_320' title='bbox 1702 2787 1811 2823; x_wconf 73' lang='lat' dir='ltr'>D&#39;Anc,</span> <span class='ocrx_word' id='word_1_321' title='bbox 1834 2790 1993 2818; x_wconf 76' lang='lat' dir='ltr'>collection</span> <span class='ocrx_word' id='word_1_322' title='bbox 2014 2789 2051 2817; x_wconf 81' lang='lat' dir='ltr'>de</span> <span class='ocrx_word' id='word_1_323' title='bbox 2065 2799 2189 2823; x_wconf 70' lang='lat' dir='ltr'>sceaux,</span> <span class='ocrx_word' id='word_1_324' title='bbox 2207 2794 2241 2816; x_wconf 88' lang='lat' dir='ltr'>n0</span> <span class='ocrx_word' id='word_1_325' title='bbox 2258 2789 2349 2823; x_wconf 87' lang='grc'>8016,</span> 
     </span>
     <span class='ocr_line' id='line_1_29' title="bbox 422 2835 1890 2875; baseline 0 -12"><span class='ocrx_word' id='word_1_326' title='bbox 422 2842 455 2863; x_wconf 80' lang='lat'>110</span> <span class='ocrx_word' id='word_1_327' title='bbox 474 2836 522 2869; x_wconf 71' lang='lat'>29,</span> <span class='ocrx_word' id='word_1_328' title='bbox 537 2836 573 2862; x_wconf 74' lang='lat' dir='ltr'>nd</span> <span class='ocrx_word' id='word_1_329' title='bbox 586 2845 634 2863; x_wconf 87' lang='lat' dir='ltr'>an.</span> <span class='ocrx_word' id='word_1_330' title='bbox 660 2836 742 2864; x_wconf 70' lang='lat'>[455.</span> <span class='ocrx_word' id='word_1_331' title='bbox 1442 2835 1592 2864; x_wconf 86' lang='lat' dir='ltr'>describit</span> <span class='ocrx_word' id='word_1_332' title='bbox 1608 2841 1722 2864; x_wconf 84' lang='lat' dir='ltr'>tantum</span> <span class='ocrx_word' id='word_1_333' title='bbox 1743 2835 1890 2875; x_wconf 85' lang='lat' dir='ltr'>sigillum.</span> 
     </span>
     <span class='ocr_line' id='line_1_30' title="bbox 461 2883 2353 2924; baseline 0.001 -13"><span class='ocrx_word' id='word_1_334' title='bbox 461 2885 490 2912; x_wconf 90' lang='lat'>3.</span> <span class='ocrx_word' id='word_1_335' title='bbox 536 2887 683 2912; x_wconf 75' lang='lat' dir='ltr'>Ele&#39;menls</span> <span class='ocrx_word' id='word_1_336' title='bbox 703 2886 738 2912; x_wconf 81' lang='lat' dir='ltr'>de</span> <span class='ocrx_word' id='word_1_337' title='bbox 757 2886 991 2923; x_wconf 69' lang='lat' dir='ltr'>Palefograpltie,</span> <span class='ocrx_word' id='word_1_338' title='bbox 1015 2884 1054 2919; x_wconf 92' lang='lat'>11,</span> <span class='ocrx_word' id='word_1_339' title='bbox 1074 2895 1105 2923; x_wconf 90' lang='lat' dir='ltr'>p.</span> <span class='ocrx_word' id='word_1_340' title='bbox 1128 2884 1198 2919; x_wconf 86' lang='grc'>364,</span> <span class='ocrx_word' id='word_1_341' title='bbox 1222 2888 1254 2912; x_wconf 91' lang='lat' dir='ltr'>n⁰</span> <span class='ocrx_word' id='word_1_342' title='bbox 1277 2886 1329 2920; x_wconf 85' lang='lat'>11;</span> <span class='ocrx_word' id='word_1_343' title='bbox 1483 2886 1510 2913; x_wconf 91' lang='lat'>5.</span> <span class='ocrx_word' id='word_1_344' title='bbox 1558 2884 1760 2924; x_wconf 78' lang='lat' dir='ltr'>Desuniptum</span> <span class='ocrx_word' id='word_1_345' title='bbox 1795 2891 1842 2914; x_wconf 86' lang='lat' dir='ltr'>est</span> <span class='ocrx_word' id='word_1_346' title='bbox 1880 2895 1917 2913; x_wconf 90' lang='lat' dir='ltr'>ex</span> <span class='ocrx_word' id='word_1_347' title='bbox 1957 2884 2092 2913; x_wconf 85' lang='lat' dir='ltr'>Archivo</span> <span class='ocrx_word' id='word_1_348' title='bbox 2128 2883 2353 2913; x_wconf 82' lang='lat' dir='ltr'>Universitatis</span> 
     </span>
    </p>
   </div>
   <div class='ocr_carea' id='block_1_6' title="bbox 420 2933 1630 2968">
    <p class='ocr_par' dir='ltr' id='par_1_8' title="bbox 420 2933 1630 2968">
     <span class='ocr_line' id='line_1_31' title="bbox 420 2933 1630 2968; baseline -0.001 -6"><span class='ocrx_word' id='word_1_349' title='bbox 420 2934 490 2968; x_wconf 86' lang='grc'>394,</span> <span class='ocrx_word' id='word_1_350' title='bbox 509 2938 540 2961; x_wconf 85' lang='lat'>11⁰</span> <span class='ocrx_word' id='word_1_351' title='bbox 556 2943 648 2963; x_wconf 78' lang='lat' dir='ltr'>Lxxx.</span> <span class='ocrx_word' id='word_1_352' title='bbox 1444 2933 1560 2967; x_wconf 63' lang='lat' dir='ltr'>Paris„</span> <span class='ocrx_word' id='word_1_353' title='bbox 1574 2936 1593 2962; x_wconf 91' lang='lat' dir='ltr'>l.</span> <span class='ocrx_word' id='word_1_354' title='bbox 1605 2944 1630 2961; x_wconf 86' lang='lat' dir='ltr'>c.</span> 
     </span>
    </p>
   </div>
  </div>
 </body>
</html>
