2632 3464
301 439 355 466 633

299 516 386 556 quod
402 515 448 545 illi
465 516 608 556 graduati
626 515 657 545 in
677 516 768 556 plena
783 516 1030 556 congregacione
1047 515 1211 546 Universi-

299 565 374 595 tatis
401 565 658 595 inscriberentur.
678 565 770 603 Quod
790 565 954 594 videbatur
970 565 1166 604 procuratori
1182 571 1212 594 et

301 614 456 654 receptori
487 624 549 644 una
574 614 697 644 novitas
723 613 860 643 insolita.
892 613 1084 643 Deliberavit
1110 620 1210 643 autem

301 661 497 693 Universitas
512 664 596 703 quod
614 669 799 703 procurator
815 669 845 692 et
863 669 1008 702 receptor
1022 673 1077 692 eos
1094 662 1211 692 inscri-

300 713 411 742 berent
427 718 457 742 et
478 712 655 752 reciperent
666 711 841 752 juramenta
859 718 889 741 et
905 711 1083 741 soluciones
1103 713 1209 742 bursa-

301 771 369 791 rum
398 762 567 791 secundum
595 762 723 791 formam
751 760 827 790 alias
858 762 1063 796 observatam,
1093 761 1211 790 scilicet

300 817 370 840 ante
393 810 622 840 dissencionem
637 816 736 840 ortam
755 820 850 850 super
870 810 1055 849 recepcione
1076 811 1209 850 gradua-

300 865 402 889 torum
420 859 452 889 in
469 859 614 894 nacione,
633 859 672 888 ad
688 860 772 899 quod
790 859 962 889 faciendum
979 866 1164 899 procurator
1181 866 1212 889 et

301 915 447 948 receptor
463 918 497 938 se
514 914 639 948 paratos
657 907 874 938 exhibuerunt.

341 957 418 987 Item
430 957 462 986 in
474 958 581 987 eadem
594 957 843 997 congregacione
858 957 930 987 licet
942 964 1045 987 rector
1061 967 1210 997 procura-

301 1012 399 1036 torem
418 1007 456 1036 ad
474 1016 508 1036 se
531 1007 739 1036 excusandum
761 1007 800 1035 de
823 1006 1007 1046 quibusdam
1028 1007 1209 1036 excessibus

299 1055 362 1085 sibi
382 1065 439 1095 per
461 1061 613 1085 rectorem
635 1055 791 1095 impositis
812 1055 917 1084 vocari
944 1056 1080 1090 fecisset,
1108 1056 1210 1096 ipsum

299 1110 402 1134 tamen
419 1104 451 1134 in
466 1104 532 1134 suis
556 1104 827 1139 excusacionibus,
847 1105 988 1144 quamvis
1007 1105 1159 1134 instanter
1181 1112 1211 1134 et

298 1153 536 1194 quampluribus
557 1153 678 1183 vicibus
702 1163 720 1182 a
746 1153 828 1183 dicto
852 1160 1055 1193 procuratore
1082 1160 1116 1184 ut
1141 1154 1210 1194 ipse

299 1202 460 1232 audiretur
480 1202 662 1242 requisitus,
688 1202 789 1232 audiri
814 1212 877 1231 non
905 1203 1059 1242 permisit.
1080 1202 1155 1232 ltem
1178 1203 1209 1232 in

298 1251 407 1281 eadem
424 1251 673 1292 congregacione
686 1251 830 1281 dominus
845 1258 989 1292 receptor
1002 1261 1036 1281 se
1051 1251 1210 1281 excusavit

300 1310 397 1340 super
411 1300 486 1336 hoc,
504 1301 588 1340 quod
608 1301 720 1330 bursas
742 1311 759 1330 a
775 1301 936 1341 graduatis
953 1311 1015 1330 non
1030 1301 1163 1340 recepit,
1178 1301 1210 1330 in

299 1359 363 1390 quo
393 1356 555 1379 accusatus
584 1355 650 1379 erat
680 1349 712 1379 in
740 1349 988 1390 congregacione
1017 1349 1208 1389 precedenti,

299 1399 532 1429 accusatoribus
553 1398 620 1428 suis
641 1398 737 1428 eciam
762 1399 994 1438 requirentibus
1019 1399 1209 1429 solucionem

301 1447 422 1478 illarum
446 1448 611 1477 bursarum
634 1447 701 1477 fieri
723 1447 845 1477 nacioni
866 1458 923 1487 per
947 1448 1049 1487 ipsum
1066 1454 1210 1488 recepto-

300 1506 384 1532 rem;
401 1497 458 1527 sed
476 1496 671 1526 Universitas
688 1497 792 1526 audita
815 1497 863 1526 sui
883 1497 1103 1532 excusacione,
1122 1497 1210 1527 scili-

299 1551 350 1576 cet
373 1546 445 1586 quia
469 1545 690 1575 inhibicionem
712 1545 819 1575 habuit
840 1555 936 1586 super
959 1546 1018 1575 hoc
1041 1556 1058 1575 a
1081 1546 1210 1576 nacione

300 1604 358 1635 per
381 1595 534 1634 quandam
558 1595 790 1624 ordinacionem
816 1595 892 1624 alias
913 1595 1020 1624 factam
1040 1605 1057 1624 a
1081 1596 1209 1625 nacione

299 1653 397 1684 super
410 1643 533 1674 noviter
549 1643 726 1683 graduafis,
742 1653 781 1673 ne
795 1644 834 1673 ab
849 1644 894 1673 eis
912 1644 1024 1674 bursas
1042 1644 1207 1684 reciperet,

301 1692 496 1723 Universitas
522 1703 585 1722 non
611 1693 763 1733 reputavit
789 1703 857 1722 eum
885 1703 971 1722 reum
997 1693 1027 1722 in
1055 1693 1124 1729 hoc,
1153 1703 1210 1723 nec

299 1742 448 1782 pecunias
466 1742 534 1772 illas
555 1752 613 1782 per
636 1742 736 1782 ipsum
759 1742 968 1772 restituendas
990 1742 1112 1772 nacioni
1131 1742 1211 1772 deli-

300 1791 429 1822 beravit.
462 1791 502 1821 Et
526 1791 584 1821 hoc
611 1791 707 1821 eciam
734 1801 883 1831 expresse
910 1791 1095 1821 deliberavit
1121 1791 1210 1821 nacio

300 1841 403 1881 quoad
422 1839 568 1880 majorem
590 1839 657 1880 ejus
680 1841 835 1880 [partem]‚
851 1840 997 1870 videlicet
1016 1847 1122 1880 preter
1139 1841 1210 1871 illos

300 1889 354 1930 qui
369 1895 562 1929 receptorem
576 1895 796 1919 accusaverant
805 1896 836 1919 et
846 1889 892 1919 eis
905 1889 1101 1919 adherentes.
1118 1890 1212 1920 Dedit

300 1938 395 1968 eciam
426 1938 622 1969 Universitas
647 1939 811 1978 deputatos
839 1949 936 1979 super
963 1938 1101 1979 injuriis,
1134 1949 1211 1979 quas

302 1993 446 2028 receptor
459 1987 538 2017 dixit
552 1987 613 2017 sibi
631 1987 731 2017 illatas
748 1998 764 2017 a
782 1988 932 2028 magistro
948 1987 1115 2018 Guillelmo
1133 1988 1211 2018 Tre-

300 2037 380 2067 bron
397 2043 428 2066 et
441 2037 574 2077 quodam
590 2035 651 2066 alio
665 2037 816 2078 magistro
829 2036 837 2055 ⁴
857 2037 916 2067 sibi
932 2037 1111 2067 adherente.

707 2130 806 2160 1882

340 2201 431 2232 Acta
461 2201 498 2231 in
531 2201 795 2242 procuratoria
826 2202 998 2242 magistri
1034 2202 1170 2232 Thome

630 2251 673 2280 de
715 2250 907 2281 Foresta2.

339 2330 432 2361 Anno
453 2330 578 2361 Domini
602 2330 634 2360 M
657 2330 776 2361 CCC¹¹¹⁰
792 2330 915 2360 Lxxx⁰
935 2331 988 2366 11⁶,
1007 2331 1058 2361 die
1081 2330 1211 2362 martis⁸

300 2380 444 2420 proximo
455 2380 635 2420 precedenti
652 2380 762 2410 festum
775 2380 873 2409 sancti
890 2380 1044 2410 Edmundi
1060 2381 1097 2410 ad
1114 2381 1211 2410 Sanc-

300 2434 364 2458 tum
382 2428 569 2459 Maturinum
584 2428 661 2458 hora
675 2429 855 2468 primarum,
872 2429 949 2459 facta
964 2430 1211 2470 congregacione

301 2477 472 2518 Anglicane
493 2478 633 2507 nacionis
659 2487 717 2518 per
733 2477 939 2518 juramentum
961 2479 999 2508 ad
1027 2478 1211 2509 audiendum

299 2533 478 2567 computum
493 2526 678 2567 receptor-is,
692 2527 740 2556 sui
756 2526 851 2556 eciam
864 2527 1088 2567 procuratoris,
1103 2528 1140 2557 ad
1154 2527 1212 2557 eli-

302 2576 436 2615 gendum
460 2575 552 2606 alium
575 2585 687 2606 novum
710 2581 943 2616 procuratorem
965 2586 1026 2606 una
1046 2586 1115 2606 cum
1141 2576 1211 2607 aliis

301 2624 442 2664 negociis
454 2624 665 2654 deliberandis
680 2625 887 2665 infrascriptis
895 2636 903 2660 3
917 2625 1017 2665 primo
1030 2626 1068 2655 de
1082 2625 1211 2656 nacione

302 2679 410 2703 nostra
423 2673 563 2713 predicta
579 2673 720 2714 magistri
736 2674 935 2714 quamplures
950 2674 1130 2714 congregati
1148 2674 1209 2710 die,

335 2787 356 2811 t.
391 2787 507 2812 Arneldo
517 2787 550 2812 de
559 2787 694 2813 Arnbeim.

333 2823 357 2847 2.
389 2822 480 2853 Deficit
492 2823 518 2847 ιἰι
531 2823 694 2856 nequer-uhu·
706 2826 835 2849 sunctum
852 2824 1045 2853 :somniorum
1061 2825 1174 2849 aclea-cm
1186 2828 1211 2850 σε

300 2858 446 2882 contet-utin
461 2858 600 2883 uerborum.
618 2859 734 2884 Thomas
747 2859 778 2884 de
794 2860 901 2884 Fon-esta
915 2860 966 2893 suit
981 2860 1091 2885 omnium
1104 2868 1212 2893 preecc-

301 2893 417 2918 datium
427 2893 552 2926 psalmus
562 2894 702 2920 lui-italie
715 2899 814 2920 auctor.

334 2930 359 2953 8.
393 2929 430 2954 18.
442 2929 599 2955 Novas-brt«.

334 2965 358 2988 ⁴.
392 2965 412 2989 1.
423 2973 446 2989 c.
459 2964 492 2989 de
502 2964 592 2997 Berry.

811 440 926 466 LIBER
946 439 1256 466 PROCURATORUM
1274 439 1455 466 NATIONIS
1474 440 1720 466 ANGLICANAE

1248 962 1282 987 10

1248 1207 1281 1233 15

1247 1452 1281 1478 20

1248 1697 1282 1724 25

1248 1944 1283 1970 30

1249 2189 1283 2216 35

1249 2678 1284 2705 45

2178 442 2231 468 634

1321 515 1397 545 hora
1412 522 1443 545 et
1459 515 1528 545 loco
1544 517 1732 555 supradictis
1749 527 1844 556 super
1856 523 2000 556 computo
2014 519 2185 557 recepturis
2201 525 2231 548 et

1319 565 1533 604 procuratoris
1563 565 1646 594 dicto
1673 566 1734 599 die,
1761 566 1953 605 redditisque
1978 567 2102 601 auditis,
2131 568 2229 596 deter-

1320 613 1478 643 minabant
1501 624 1534 643 se
1559 620 1722 643 contentos
1745 614 1893 643 habentes
1921 615 2101 654 magistrum
2123 616 2230 645 Jorda-

1319 672 1392 692 num
1405 663 1443 691 de
1459 662 1583 701 Clyvis‚
1602 669 1811 702 receptorem,
1831 673 1866 692 ac
1886 664 2066 702 magistrum
2086 664 2230 694 Ottonem

1319 711 1437 751 Boecij,
1457 711 1595 741 nacionis
1608 712 1747 751 predicte
1761 718 2004 751 procuratorem.
2020 713 2051 741 in
2066 714 2231 752 premissis

1319 761 1598 790 recommendatos.

1361 809 1436 839 ltem
1465 809 1496 838 in
1526 810 1632 838 eadem
1663 810 1910 850 congregacione
1938 821 2050 839 novum
2077 811 2229 851 eligerunt

1318 865 1563 897 procuratorem.
1578 858 1646 895 Quo
1658 865 1758 888 autem
1770 859 1859 894 facto,
1873 859 1961 888 nacio
1974 860 2113 899 predicta
2126 867 2231 890 nostra

1319 907 1434 936 ibidem
1453 907 1506 936 illo
1526 908 1576 937 die
1597 907 1628 936 in
1652 908 1758 937 terciis
1776 909 2025 948 congregabatur
2043 919 2138 948 super
2154 909 2231 938 deli-

1319 956 1483 985 beracione
1509 966 1564 986 sua
1588 956 1724 986 sensuali
1749 957 1887 986 facienda
1911 958 1948 986 ad
1980 957 2065 986 1111⁰=
2084 958 2231 987 articulos

1319 1005 1500 1045 propositos
1525 1016 1582 1045 per
1602 1012 1767 1041 rectorem,
1792 1006 1905 1035 ibidem
1928 1006 2003 1035 hora
2024 1007 2162 1046 predicta
2187 1008 2231 1036 fa·

1320 1054 1450 1084 cientem
1478 1055 1757 1095 congregacionem
1787 1055 2008 1085 Universitatis
2042 1057 2229 1095 generalem.

1319 1104 1383 1133 Pro
1401 1104 1502 1143 primo
1520 1104 1650 1133 articulo
1666 1104 1754 1133 nacio
1770 1114 1828 1144 pro
1845 1111 1933 1144 parte
1953 1104 2060 1143 majori
2077 1105 2231 1134 delibera-

1318 1153 1363 1182 vit
1395 1154 1478 1192 quod
1510 1153 1635 1182 domino
1675 1153 1746 1182 duci
1780 1153 1955 1182 Beteriensi
1967 1153 1978 1171 ⁴
2010 1153 2232 1184 honorabiliter

1319 1202 1460 1232 Parisius
1475 1202 1645 1242 recepienti
1661 1208 1813 1231 rectorem
1830 1202 2051 1232 Universitatis
2063 1204 2134 1239 (Fol.
2154 1206 2192 1233 37
2207 1203 2231 1242 1’)

1319 1258 1403 1281 esset
1423 1252 1532 1281 merito
1554 1251 1802 1291 regraciandum,
1830 1262 1897 1281 cum
1919 1263 1981 1291 quo
2006 1253 2132 1281 domino
2155 1254 2231 1282 duce

1319 1301 1459 1341 predicto
1472 1301 1504 1330 in
1517 1301 1656 1341 negociis
1671 1301 1893 1331 Universitatis
1908 1302 1933 1330 si
1945 1301 1957 1319 ⁵
1976 1308 2059 1330 esset
2072 1301 2231 1331 locuturus

1319 1349 1463 1380 dominus
1478 1357 1582 1380 rector
1595 1360 1699 1380 secum
1716 1351 1848 1380 adducet
1865 1351 2018 1380 discretos
2036 1351 2231 1381 Universita-

1318 1399 1358 1429 tis
1377 1400 1554 1439 deputatos.

1360 1449 1435 1478 ltem
1450 1458 1509 1488 pro
1527 1448 1656 1478 articulo
1675 1449 1812 1478 secundo
1828 1449 1916 1478 nacio
1930 1455 2035 1478 nostra
2051 1450 2232 1478 deliberavit

1319 1498 1403 1537 quod
1420 1508 1458 1527 ex
1480 1504 1568 1538 parte
1593 1497 1814 1527 Universitatis
1837 1498 1943 1527 matris
1967 1505 2072 1527 nostre
2095 1499 2231 1538 deputati

1319 1546 1550 1582 ordinarentur,
1581 1547 1634 1586 qui
1669 1546 1855 1586 diligencius
1886 1547 2076 1586 inspicerent
2109 1548 2230 1576 modum

1319 1602 1506 1636 oportunum
1520 1596 1758 1636 pro[se]quendi
1771 1596 1803 1625 in
1816 1596 2018 1636 parliamento
2032 1597 2142 1626 factum
2158 1597 2230 1626 Uni-

1318 1645 1487 1675 versitatis.

1360 1694 1435 1724 Item
1458 1704 1514 1734 pro
1537 1694 1668 1724 articulo
1689 1695 1721 1723 3⁰
1739 1694 1796 1724 fuit
1813 1694 2014 1724 deliberatum
2035 1696 2117 1734 quod
2137 1695 2231 1724 colle-

1319 1743 1372 1784 gio
1394 1743 1546 1773 facultatis
1569 1744 1780 1779 decretorum,
1803 1744 1874 1773 inde
1892 1744 2045 1783 requisito
2066 1744 2183 1783 pluries
2202 1751 2232 1773 et

1319 1802 1382 1822 non
1397 1792 1531 1832 placenti
1547 1793 1688 1832 recipere
1699 1792 1712 1811 ⁶
1737 1793 1818 1822 hunc
1833 1793 1990 1822 dominum
2013 1794 2151 1822 abbatem
2163 1793 2175 1811 ⁷
2193 1794 2229 1822 ad

1315 1841 1523 1882 juramentum
1547 1852 1636 1871 suum
1657 1842 1793 1871 debitum
1817 1843 2098 1882 comprestandum‚
2121 1843 2158 1871 ad
2180 1852 2231 1871 re-

1319 1891 1458 1931 genciam
1478 1901 1562 1920 suam
1580 1898 1757 1921 consuetam
1773 1891 1805 1920 in
1821 1891 1876 1920 hac
1893 1891 2033 1920 facultate
2049 1891 2231 1920 continuan—

1320 1941 1388 1969 dam
1403 1939 1599 1970 Universitas
1614 1939 1790 1980 reciperet⁸
1805 1941 1843 1969 ab
1859 1941 1978 1969 eodem.

1361 1989 1436 2019 Item
1453 1999 1510 2029 pro
1528 1996 1638 2029 quarto
1656 1989 1786 2019 articulo
1806 1989 1861 2019 fuit
1881 1989 1911 2018 in
1931 1989 2058 2018 nacione
2077 1989 2231 2018 delibera-

1319 2045 1382 2068 tum
1400 2040 1483 2078 quod
1499 2039 1648 2078 quasdam
1668 2038 1774 2068 literas
1788 2038 1999 2078 supplicantes
2018 2039 2056 2067 de
2077 2045 2230 2078 oportuno

1320 2087 1457 2117 remedio
1479 2087 1674 2127 providendo
1695 2088 1844 2127 episeopo
1867 2087 2050 2126 cuidamque
2070 2086 2136 2126 ejus
2166 2087 2230 2116 col-

1320 2137 1403 2177 legio
1432 2137 1492 2166 sibi
1516 2137 1724 2166 referentibus
1752 2135 1880 2176 injurias
1904 2146 2015 2175 graves
2043 2136 2103 2165 hiis
2130 2136 2229 2166 illatas

1320 2192 1417 2215 mater
1428 2192 1534 2215 nostra
1552 2193 1655 2215 sancta
1670 2185 1865 2215 Universitas
1880 2185 2000 2215 videret
2015 2185 2148 2224 scriptas
2163 2186 2227 2214 fore

1320 2235 1445 2264 domino
1458 2235 1525 2275 regi
1544 2235 1671 2264 Francie
1687 2241 1717 2264 et
1730 2235 1895 2264 mittendas
1909 2235 1982 2274 (sic).

1362 2283 1436 2313 ltem
1461 2284 1492 2313 in
1519 2294 1579 2323 qua
1602 2283 1741 2324 predicta
1767 2284 2014 2323 congregacione
2038 2289 2119 2312 tenta
2146 2284 2227 2322 apud

1321 2333 1467 2363 Sanctum
1483 2333 1669 2362 Maturinum
1687 2343 1745 2372 per
1759 2333 1919 2361 nacionem
1938 2332 2139 2371 Anglicanam
2156 2332 2229 2360 horn

1321 2388 1351 2411 et
1372 2381 1422 2411 die
1444 2382 1684 2421 suprascriptis,
1710 2382 1855 2421 magister
1882 2381 2016 2410 Thomas
2045 2382 2081 2409 de
2105 2381 2230 2409 Foresta

1320 2430 1436 2460 electus
1459 2431 1515 2460 fuit
1540 2431 1571 2459 in
1591 2437 1836 2470 procuratorem.
1858 2429 1956 2459 Solvit
1979 2440 2070 2459 unum
2095 2430 2230 2458 francum

1320 2479 1442 2509 nacioni
1456 2480 1486 2509 in
1498 2479 1696 2509 institucione
1710 2479 1809 2519 ipsius
1823 2490 1901 2508 nova
1914 2479 1950 2508 ad
1965 2479 2094 2507 officium
2106 2478 2231 2517 capien-

1320 2529 1391 2558 dum
1412 2529 1637 2568 procuratorie.
1664 2528 1738 2558 ltem
1763 2528 1842 2557 idem
1864 2527 1957 2557 solvit
1977 2538 2068 2556 unum
2095 2529 2229 2556 francum

1321 2577 1457 2607 debitum
1473 2578 1510 2607 ab
1526 2577 1653 2617 antiquo
1670 2577 1802 2612 nncioni,
1821 2577 1943 2606 racione
1955 2576 2002 2605 sui
2014 2576 2105 2615 primi
2121 2576 2231 2605 introi-

1320 2632 1370 2656 tus
1390 2626 1429 2655 ad
1449 2625 1744 2666 congregacionem,
1766 2625 1965 2665 presentibus
1983 2625 2132 2663 magistro
2147 2624 2230 2653 Wil-

1321 2674 1412 2705 lelmo
1425 2675 1463 2704 de
1477 2675 1650 2704 Strabruno
1662 2675 1686 2710 ⁹,
1699 2675 1847 2714 magistro
1861 2673 2009 2704 Nicholao
2027 2674 2064 2702 dc
2078 2673 2229 2707 Grinlaw,

1351 2792 1375 2814 δ.
1410 2791 1457 2814 Ma.
1473 2798 1508 2814 se.

1351 2827 1375 2849 8.
1410 2826 1459 2849 Ma.
1475 2833 1604 2856 recepere.

1353 2861 1374 2884 7.
1410 2861 1502 2893 Agitur
1513 2860 1545 2884 de
1559 2861 1635 2884 Petro
1647 2860 1733 2890 Regis,
1746 2859 1839 2882 abbate
1850 2861 1874 2882 S.
1895 2858 2002 2882 Taurini
2012 2858 2183 2882 Ebroiceneie.
2196 2859 2231 2882 Dr

1322 2895 1371 2920 hac
1383 2904 1462 2919 caum
1477 2895 1528 2919 vid.
1543 2895 1672 2923 Chai-tul..
1688 2895 1732 2922 lll,
1749 2900 1774 2918 u·
1789 2895 1857 2918 1475.

1352 2933 1376 2955 8.
1411 2932 1460 2955 Me.
1474 2935 1614 2962 recepcrct.

1352 2968 1375 2991 ⁹.
1410 2968 1431 2991 1.
1445 2975 1467 2991 e.
1481 2966 1609 2991 Trebron.
