2632 3464
297 433 350 459 433

296 518 401 538 marus
420 508 458 538 de
476 507 574 548 Goye,
591 507 749 537 lohannes
765 507 804 536 de
819 505 993 536 Priswalch
1010 505 1048 534 de
1070 504 1203 534 Saxonia

296 563 327 587 et
340 563 525 596 procurator
540 566 601 586 una
616 566 684 586 cum
700 555 780 596 ipsis
797 561 828 584 et
839 554 961 584 bedello
976 559 1006 583 et
1020 553 1202 583 subbedello

295 605 419 636 iverunt
430 606 469 635 ad
483 606 607 634 domum
617 604 759 644 magistri
772 603 888 633 Thome
900 603 1022 642 prefati,
1043 609 1073 632 et
1089 612 1202 642 propo—

295 654 358 684 suit
374 655 435 684 sibi
454 660 638 694 procurator
659 662 718 694 per
740 653 832 682 istum
847 652 971 682 modum
990 663 997 681 ε
1018 663 1033 680 cx
1052 651 1203 692 Magister

294 704 475 739 reverende,
492 703 569 732 alias
583 703 734 732 citabatur
747 707 931 741 procurator
942 707 1050 730 nostre
1062 701 1202 730 nacionis

293 752 430 792 pluries;
446 752 634 782 mirabamur
647 751 728 781 unde
740 750 799 780 hoc
813 756 888 786 erat,
907 756 938 779 et
953 750 1202 790 percipiebamus

295 803 379 841 quod
409 807 492 831 esset
509 800 635 830 racione
658 798 817 839 cujusdam
840 799 924 828 fundi
949 799 1106 828 attinentis
1125 809 1202 838 pro—

293 850 395 880 vincie
413 850 533 880 Swecie
555 849 658 879 situati
679 859 778 888 prope
802 849 926 878 domum
945 854 1090 883 vestram,
1115 847 1201 888 cujus

293 899 414 929 velletis
429 899 514 928 refici
527 908 660 933 murum,
670 907 738 927 cum
751 897 841 932 alter,
858 897 908 926 cui
920 903 986 926 erat
1000 896 1118 926 locatus
1131 897 1202 926 fun-

293 947 364 982 dus,
380 957 443 976 non
465 947 594 976 faciebat
610 955 679 975 eum
698 945 794 980 refici,
816 955 906 984 quem
927 945 1051 974 fundum
1070 945 1202 974 libenter

293 995 460 1025 haberetis.
481 995 554 1024 Ideo
569 994 658 1024 nacio
680 1000 786 1024 nostra
800 1000 891 1034 rogat
904 1004 960 1024 vos
975 1001 1010 1023 ut
1023 1004 1085 1023 non
1097 993 1201 1024 velitis

293 1045 353 1074 sibi
370 1045 485 1074 inferre
501 1043 685 1079 molestiam,
705 1053 772 1073 cum
788 1043 840 1073 ille
856 1043 970 1073 fundus
983 1043 1043 1072 sibi
1058 1053 1120 1072 non
1133 1043 1200 1072 atti-

291 1099 372 1129 neat,
383 1094 439 1123 sed
452 1094 535 1133 quod
545 1092 648 1122 velitis
660 1093 855 1132 suspendere
867 1092 949 1122 istud
957 1093 1078 1127 sactum,
1086 1102 1200 1132 quous-

290 1153 351 1183 que
365 1142 508 1172 venerint
521 1141 619 1182 aliqui
636 1142 674 1171 de
692 1141 745 1171 illa
760 1141 932 1181 provincia,
945 1147 976 1170 et
990 1141 1078 1170 nacio
1094 1147 1201 1170 nostra

290 1191 424 1221 libenter
447 1191 507 1221 erit
530 1197 603 1220 tunc
630 1200 689 1230 pro
714 1190 821 1226 vobis,
842 1196 875 1220 ut
894 1190 984 1220 vobis
1009 1190 1128 1220 locetur
1150 1190 1200 1220 vel

289 1241 451 1270 vendatur.
475 1252 489 1268 n
517 1239 690 1279 Dictusque
711 1239 860 1279 magister
882 1238 1017 1268 Thomas
1037 1239 1201 1279 respondit

290 1289 391 1329 primo
398 1289 558 1318 recitando
569 1288 639 1318 facti
652 1288 816 1328 originem.
829 1288 1065 1328 Consequenter
1078 1288 1200 1319 dicebat

288 1338 433 1374 finaliter,
447 1338 531 1378 quod
541 1347 580 1367 ne
593 1337 771 1368 molestaret
783 1337 942 1366 nacionem
953 1343 1091 1367 nostram
1104 1348 1198 1378 quan-

289 1393 353 1417 tum
368 1387 400 1416 in
416 1397 453 1416 eo
467 1393 562 1422 esset,
579 1386 649 1427 ipse
663 1386 757 1416 vellet
771 1386 864 1416 nobis
882 1387 956 1416 dare
973 1386 1156 1416 dilacionem
1169 1394 1200 1417 et

290 1437 482 1476 suspendere
500 1436 583 1466 istud
601 1437 711 1466 factum
733 1435 916 1475 simpliciter
935 1445 992 1475 per
1011 1435 1040 1465 11
1063 1446 1195 1466 menses.

288 1484 368 1515 Ymo
386 1485 507 1515 tandem
525 1484 615 1520 dixit,
637 1485 721 1525 quod
741 1494 798 1524 per
814 1491 891 1520 tres,
909 1485 1052 1514 addendo
1069 1487 1152 1525 quod
1170 1486 1197 1516 si

289 1533 413 1564 interim
430 1534 548 1574 aliquid
568 1534 692 1570 faceret,
716 1533 835 1563 scilicet
854 1534 1059 1563 reedificando
1077 1545 1195 1564 murum

287 1583 338 1614 vel
347 1582 534 1623 hujusmodi,
545 1582 603 1612 hoc
616 1593 678 1612 non
689 1583 816 1612 deberet
827 1583 936 1612 cedere
948 1583 980 1612 in
994 1582 1196 1623 prejudicium

287 1631 427 1661 nacionis
446 1637 565 1667 nostre,
590 1638 621 1661 et
644 1632 729 1672 quod
742 1631 836 1662 vellet
853 1632 926 1661 dare
941 1632 1062 1662 nacioni
1078 1632 1196 1663 literam

286 1681 326 1710 de
342 1681 500 1710 castelleto
516 1681 761 1710 certificatoriam
779 1680 891 1720 ipsius.
907 1680 947 1710 Et
962 1681 1105 1711 dicebant
1122 1689 1196 1712 tunc

288 1729 349 1759 sibi
369 1736 554 1770 procurator
571 1735 602 1759 et
622 1729 697 1760 dicti
722 1729 872 1769 deputati,
895 1730 979 1769 quod
999 1730 1113 1761 vellent
1137 1731 1196 1761 ista

286 1788 464 1818 proponere
484 1778 608 1808 nacioni
628 1785 660 1808 et
677 1779 869 1818 respondere
887 1778 947 1808 sibi
963 1778 1042 1809 infra
1058 1779 1079 1820 ij
1097 1781 1195 1810 ebdo-

288 1828 404 1857 madas.

328 1876 462 1916 insuper
477 1876 529 1906 die
554 1875 670 1906 xvln·
688 1877 804 1907 mensis
823 1879 957 1917 predicti
975 1885 1041 1908 erat
1061 1889 1196 1919 congre-

286 1925 377 1966 gacio
394 1925 534 1955 nacionis
550 1925 584 1955 in
609 1925 722 1956 Sancto
743 1926 899 1957 Maturino
921 1938 978 1968 per
987 1927 1195 1968 juramentum

287 1974 326 2004 ad
338 1974 533 2004 referendum
543 1981 611 2004 acta
623 1985 682 2014 per
694 1981 927 2015 procuratorem
943 1983 973 2006 et
985 1978 1149 2017 deputatos
1164 1978 1195 2007 in

286 2023 366 2053 facto
380 2023 521 2063 predicto
543 2023 581 2053 de
598 2024 742 2064 gardino,
761 2031 791 2054 et
807 2031 970 2065 postquam
988 2026 1196 2056 recitabantur

284 2077 352 2102 acta
366 2071 590 2112 suprascripta,
609 2082 670 2112 que
687 2073 807 2104 scilicet
829 2080 918 2104 erant
938 2081 1004 2105 acta
1021 2085 1079 2115 per
1095 2075 1195 2106 dictos

286 2127 518 2161 procuratorem
536 2127 567 2151 et
585 2122 750 2161 deputatos
768 2122 866 2162 prima
890 2123 940 2154 die
958 2124 1074 2154 mensis
1099 2125 1196 2155 Octo-

285 2170 364 2205 bris,
382 2169 439 2200 111·
455 2169 506 2200 die
523 2169 673 2209 ejusdem,
688 2177 719 2201 et
733 2170 870 2211 ejusdem
884 2172 935 2202 die
951 2173 1034 2209 X112,
1054 2179 1084 2203 et
1101 2183 1196 2214 super

284 2225 400 2259 puncto
417 2219 512 2248 finali.
529 2219 650 2250 scilicet
665 2220 703 2250 de
724 2221 930 2260 responsione
947 2222 1084 2252 facienda
1097 2224 1196 2264 magi-

286 2274 352 2298 stro
373 2267 490 2298 Thome
514 2269 668 2308 predicto,
692 2269 921 2300 deliberabatur
940 2272 1138 2302 concorditer
1163 2279 1196 2302 ut

284 2316 417 2346 finaliter
424 2316 580 2347 diceretur
596 2327 652 2357 per
666 2318 766 2348 dictos
777 2319 940 2358 deputatos
952 2320 1035 2350 dicto
1046 2321 1195 2361 magistro

284 2364 413 2401 Tbome,
430 2366 514 2405 quod
542 2366 620 2396 bene
649 2366 786 2407 placeret
811 2368 934 2398 nacioni
964 2375 996 2398 ut
1016 2370 1196 2400 reficeretur

285 2424 403 2450 murus,
430 2424 520 2455 quem
548 2415 643 2445 vellet
661 2416 745 2446 refici
763 2426 821 2456 pro
842 2417 985 2457 gardino,
1003 2427 1062 2458 pro
1081 2425 1195 2459 quanto

284 2463 456 2503 expediret,
473 2469 503 2493 et
519 2465 603 2504 quod
616 2465 703 2495 fieret
719 2465 950 2496 racionabiliter
965 2467 1032 2498 sine
1048 2468 1195 2508 expensis

285 2511 456 2542 excessivis
486 2512 535 2543 vel
565 2512 734 2554 majoribus
758 2524 849 2554 quam
879 2515 1129 2555 requirerentur,
1156 2527 1194 2547 ne

286 2560 358 2590 inde
384 2561 544 2600 provincia
571 2561 692 2592 Swecie
722 2573 888 2603 gravamen
909 2570 1082 2604 pateretur,
1111 2567 1194 2606 quod

285 2609 381 2639 eciam
409 2620 468 2650 pro
490 2610 545 2640 illo
569 2611 698 2642 deberet
725 2612 792 2652 capi
824 2613 954 2652 pecunia
983 2613 1110 2644 collecta
1138 2625 1195 2655 per

285 2657 376 2688 alium
394 2665 626 2698 procuratorem
641 2660 717 2691 dicti
728 2662 863 2701 gardini,
880 2662 999 2692 scilicet
1014 2663 1193 2704 magistrum

286 2706 412 2737 Petrum
428 2708 467 2737 de
484 2707 568 2738 Luca
580 2709 798 2740 Lombardum.

325 2754 400 2785 Item
416 2762 488 2786 tunc
500 2757 687 2798 supplicavit
697 2759 841 2789 dominus
850 2759 1009 2791 lohannes
1024 2761 1062 2791 de
1078 2761 1192 2798 Berka‚

285 2809 320 2834 ut
346 2804 375 2834 ei
400 2805 628 2837 dimitterentur
652 2808 759 2843 burse,
782 2818 850 2838 cum
874 2809 967 2839 vellet
996 2809 1133 2850 incipere
1162 2811 1193 2841 in

285 2851 415 2888 artibus,
431 2853 503 2894 quia
516 2855 627 2886 obtulit
643 2866 677 2886 se
690 2856 769 2886 velle
777 2856 883 2897 jurare
897 2864 1041 2889 statutum
1058 2869 1193 2900 pauper-

286 2901 369 2932 tatis.
389 2901 429 2932 Et
443 2902 499 2932 suit
515 2912 664 2935 concessa
678 2905 882 2946 supplicacio,
901 2907 972 2937 dum
987 2914 1088 2938 tamen
1106 2909 1193 2939 daret

284 2949 404 2980 literam
426 2952 655 2992 recognicionis
676 2954 798 2985 nacioni
817 2955 981 2996 sigillatam
1003 2956 1109 2997 sigillo
1129 2957 1191 2988 offi-

366 3003 481 3024 Λακαί.-
496 3004 620 3026 cannatae-'1'
630 3005 718 3027 onim..
729 3007 795 3028 rat-11.
804 3017 831 3024 -
839 3007 855 3029 ι.

800 430 915 457 LIBER
938 427 1252 456 PROCURATORUM
1276 428 1457 454 NATIONIS
1478 428 1722 454 ANGLICANAE

1239 950 1272 976 10

1238 1196 1271 1222 15

1235 1443 1269 1469 20

1233 1689 1267 1715 25

1233 1935 1267 1961 30

1233 2179 1267 2206 35

1233 2424 1267 2450 40

1232 2669 1266 2696 45

1230 2914 1264 2941 50

2169 428 2220 454 434

1310 503 1410 538 cialis,
1429 505 1512 543 quod
1534 503 1669 533 solveret
1690 504 1761 532 dum
1785 504 1822 532 ad
1842 503 2036 542 pinguiorem
2069 504 2220 533 fortunam

1311 552 1481 582 deveniret.
1508 552 1606 589 Quam
1630 552 1750 582 literam
1777 553 1905 581 deberet
1929 553 2001 580 dare
2033 553 2165 587 nacioni,
2191 560 2222 583 et

1311 602 1438 630 deberet
1455 602 1533 631 mitti
1550 601 1582 630 in
1596 602 1689 631 archa
1707 601 1858 630 nacionis.
1876 600 1915 630 Et
1932 600 2000 640 ipse
2018 607 2090 630 tunc
2105 601 2221 641 juravit

1311 656 1455 680 statutum
1470 651 1660 690 paupertatis
1676 650 1708 679 in
1726 650 1855 679 nacione
1872 649 1973 688 plena.

1353 699 1428 728 Item
1456 700 1572 739 incepit
1600 699 1744 729 dominus
1774 698 1932 728 Johannes
1965 699 2002 727 de
2034 699 2136 728 Berka
2162 701 2219 729 sub

1311 749 1459 788 magistro
1484 749 1662 778 Hermanno
1693 749 1731 778 de
1754 747 1979 783 Biittenbrfiec,
2011 747 2098 788 cujus
2126 750 2220 778 bursa

1310 797 1416 833 nichil,
1434 798 1506 837 quia
1517 797 1635 837 juravit
1651 804 1796 828 statutum
1818 799 2010 838 paupertatis
2028 798 2060 827 in
2077 798 2216 827 nacione.

1715 892 1813 921 1373

1336 963 1407 1004 (Fol.
1436 964 1484 1003 37)
1515 963 1784 993 Procuratoria
1817 963 1987 1003 magistri
2013 963 2194 992 Johannis

1654 1012 1878 1042 Caelwaert.

1348 1094 1440 1123 Anno
1459 1094 1583 1123 Domini
1599 1093 1643 1123 Μο
1658 1092 1753 1123 CCC⁰
1769 1093 1921 1127 LXX111⁰‚
1938 1093 1988 1122 die
2003 1092 2088 1122 XX12
2102 1093 2217 1122 mensis

1310 1143 1467 1178 Octobris,
1488 1149 1596 1172 vocata
1612 1143 1740 1172 nacione
1758 1142 1930 1181 Anglicana
1952 1142 1983 1170 in
1998 1148 2067 1171 ortu
2088 1142 2164 1171 solis
2179 1143 2217 1171 ad

1310 1192 1454 1222 Sanctum
1475 1192 1662 1222 Maturinum
1684 1192 1721 1220 ad
1740 1191 1915 1230 eligendum
1936 1197 2168 1230 procuratorem
2188 1197 2218 1220 et

1308 1242 1347 1271 ad
1371 1241 1556 1271 audiendum
1580 1246 1756 1280 computum
1782 1240 1970 1280 receptoris,
1997 1246 2026 1270 et
2055 1247 2216 1279 computus

1308 1291 1364 1321 suit
1381 1290 1492 1320 dilatus
1505 1300 1604 1329 usque
1621 1291 1660 1319 ad
1681 1289 1764 1319 aliud
1781 1295 1913 1329 tempus.

1349 1339 1423 1369 Item
1446 1345 1518 1369 tunc
1538 1339 1655 1368 electus
1678 1339 1733 1368 suit
1757 1338 1788 1367 in
1809 1344 2043 1378 procuratorem
2068 1338 2217 1378 magister

1306 1390 1463 1420 Johannes
1480 1390 1653 1421 Caelwaert
1670 1400 1727 1429 per
1744 1389 1904 1419 unanimes
1923 1399 2095 1418 consensus
2118 1389 2216 1429 magi-

1307 1446 1442 1470 strorum
1457 1440 1537 1469 dicte
1553 1439 1693 1468 nacionis
1709 1439 1823 1468 ibidem
1841 1438 2051 1468 existentium.
2075 1438 2109 1467 ln
2127 1437 2214 1478 cujus

1307 1488 1520 1527 procuratoria
1534 1494 1600 1517 acta
1615 1493 1688 1517 sunt
1700 1497 1759 1527 que
1774 1493 1957 1526 sequuntur.

1347 1537 1453 1567 Primo
1472 1537 1674 1566 deliberatum
1693 1536 1749 1566 suit
1765 1537 1942 1565 intrandum
1957 1546 2028 1565 esse
2044 1536 2212 1571 tabernam,

1306 1593 1336 1616 et
1356 1586 1470 1615 dictum
1488 1591 1722 1625 procuratorem
1740 1585 1862 1614 noviter
1881 1584 2023 1620 electum,
2043 1585 2115 1624 quia
2136 1595 2216 1614 non-

1305 1636 1377 1664 dum
1403 1635 1490 1675 prius
1513 1641 1693 1664 exercuerat
1714 1634 1845 1664 officium
1871 1634 2121 1673 procuracionis‚
2145 1644 2214 1663 esse

1305 1685 1441 1714 francum
1459 1684 1642 1714 soluturum.
1666 1684 1705 1713 Et
1722 1683 1848 1713 intravit
1865 1683 1953 1712 nacio
1975 1684 2132 1712 tabernam
2155 1693 2214 1723 que

1304 1733 1477 1763 intitulatur
1493 1734 1551 1762 duo
1571 1744 1667 1768 enses,
1683 1739 1712 1762 et
1734 1733 1776 1762 ibi
1792 1733 1892 1762 dictus
1911 1742 2011 1762 novus
2033 1739 2215 1771 procurator

1303 1783 1526 1823 perpotabatur
1542 1783 1574 1812 in
1591 1793 1653 1812 uno
1672 1783 1787 1811 franco.

1346 1832 1421 1861 Item
1441 1842 1521 1861 anno
1548 1831 1673 1860 Domini
1693 1841 1754 1870 quo
1779 1840 1891 1870 supra,
1917 1830 1966 1860 die
1989 1830 2077 1860 X111·
2098 1831 2213 1860 mensis

1305 1880 1502 1915 Novembris,
1519 1881 1596 1910 facta
1611 1880 1666 1910 suit
1681 1880 1888 1920 congregacio
1903 1880 2042 1909 nacionis
2057 1880 2087 1908 in
2101 1879 2213 1909 Sancto

1304 1930 1460 1960 Maturino
1483 1939 1539 1969 per
1560 1929 1767 1969 juramentum
1795 1939 1890 1968 super
1913 1929 2045 1968 quodam
2071 1929 2211 1964 articulo,

1304 1979 1424 2009 scilicet
1444 1989 1482 2008 an
1504 1978 1666 2019 expediret
1685 1979 1750 2007 fieri
1776 1984 1921 2007 statutum
1944 1978 2013 2012 tale,
2042 1979 2126 2017 quod
2148 1978 2213 2017 qui-

1304 2038 1434 2068 cumque
1452 2028 1600 2068 magister
1617 2028 1756 2057 nacionis
1772 2027 1963 2056 recusaverit
1979 2028 2097 2066 absque
2112 2027 2213 2056 racio-

1304 2077 1399 2107 nabili
1421 2087 1511 2107 causa
1532 2087 1627 2106 onera
1643 2076 1783 2106 nacionis
1801 2076 1959 2116 sepedicte
1980 2086 2042 2104 non
2065 2076 2214 2116 gauderet

1303 2126 1479 2166 privilegiis
1498 2126 1649 2160 nacionis,
1674 2126 1711 2155 ad
1734 2125 1827 2155 istum
1849 2125 2011 2154 articulum
2032 2135 2213 2164 proponen-

1304 2177 1376 2205 dum
1390 2176 1505 2205 fueram
1524 2175 1704 2214 requisitus.
1727 2175 1829 2214 Super
1849 2184 1910 2214 quo
1931 2174 2133 2203 deliberatum
2157 2174 2212 2203 suit

1305 2235 1362 2264 pro
1375 2223 1482 2264 majori
1496 2231 1595 2264 parte,
1612 2224 1696 2263 quod
1711 2234 1769 2263 ego
1784 2223 1941 2253 ,lohannes
1957 2223 2128 2253 Caelwaert
2144 2233 2211 2262 pre·

1304 2274 1405 2303 dictus
1420 2273 1567 2313 loquerer
1579 2283 1646 2302 cum
1666 2273 1843 2302 senioribus
1861 2272 2000 2301 nacionis
2014 2273 2105 2306 dicte,
2125 2272 2208 2311 quod

1303 2323 1463 2363 predictus
1479 2322 1627 2352 articulus
1641 2322 1830 2351 scriberetur
1847 2322 1877 2350 in
1894 2322 2022 2360 quadam
2045 2321 2162 2355 sedula,
2182 2327 2212 2350 et

1303 2371 1461 2401 videretur
1484 2381 1522 2400 an
1547 2371 1686 2410 predicto
1708 2370 1837 2400 articulo
1863 2376 1946 2400 esset
1970 2370 2084 2409 aliquid
2113 2379 2211 2409 appo-

1303 2421 1437 2450 nendum
1453 2419 1503 2449 vel
1521 2420 1732 2455 auferendum,
1752 2425 1782 2449 et
1798 2419 2013 2459 perlegeretur
2027 2419 2058 2447 in
2079 2428 2211 2458 congre-

1303 2469 1432 2509 gacione
1447 2468 1517 2498 alia.

1345 2517 1419 2547 Item
1433 2518 1464 2547 in
1480 2518 1584 2547 eadem
1602 2517 1848 2557 congregacione
1869 2517 1907 2546 de
1924 2516 2123 2546 ordinacione
2142 2516 2210 2545 sesti

1304 2566 1477 2596 Eadmundi
1495 2566 1697 2596 deliberatum
1723 2566 1778 2595 suit
1800 2576 1858 2606 pro
1878 2565 1984 2604 majori
2004 2571 2103 2604 parte,
2127 2566 2209 2604 quod

1302 2616 1390 2645 fieret
1414 2615 1576 2655 prandium
1599 2615 1745 2655 expensis
1771 2615 2003 2654 suppositorum
2037 2613 2208 2643 volencium

1303 2664 1454 2694 interesse
1475 2664 1620 2704 prandio,
1651 2664 1682 2693 in
1706 2674 1778 2693 casu
1799 2664 1882 2702 quod
1907 2663 1995 2692 nacio
2017 2673 2077 2692 non
2103 2669 2210 2702 posset

1303 2713 1403 2743 facere
1415 2713 1579 2753 prandium
1593 2713 1660 2743 suis
1675 2712 1833 2753 expensis.

1344 2762 1418 2792 ltem
1445 2762 1476 2792 in
1500 2762 1605 2791 eadem
1632 2761 1879 2801 congregacione
1905 2760 2105 2789 deliberatum
2134 2761 2208 2795 suit,

1302 2811 1386 2852 quod
1409 2817 1494 2841 esset
1515 2811 1716 2841 festivandum
1739 2810 1769 2839 in
1792 2809 1921 2839 ecclesia
1948 2809 2017 2849 ipso
2044 2809 2094 2839 die
2121 2809 2205 2838 Ead-

1303 2860 1420 2895 mundi,
1440 2866 1473 2890 ut
1494 2866 1673 2890 consuetum
1692 2865 1749 2888 est.

1343 2908 1481 2939 Ulterius
1499 2909 1548 2938 die
1569 2908 1652 2938 XVI·
1671 2908 1786 2937 mensis
1805 2907 1935 2947 predicti
1954 2913 2060 2937 vocata
2079 2907 2207 2936 nacione

1301 2958 1470 2998 Anglicana
1489 2958 1520 2987 in
1539 2957 1629 2987 nonis
1649 2957 1761 2987 Nostre
1779 2956 1909 2986 Domine
1928 2957 1958 2985 in
1977 2956 2091 2986 Sancto
2107 2955 2208 2985 Matu-

2101 3008 2127 3028 πε
