2632 3464
636 9 640 16 ·
676 0 783 23 §wi-³*
791 0 948 22 samis-’w

306 431 360 458 325

307 507 397 538 cione
407 507 547 537 nacionis
559 508 592 537 in
604 506 695 537 nonis
707 506 822 537 Nostre
834 505 966 535 Domine
976 504 1058 543 apud
1069 503 1214 532 Sanctum

307 555 495 586 Maturinum
511 557 551 586 ad
569 556 745 596 eligendum
762 554 986 584 examinatores
1004 552 1215 582 determinan-

308 605 389 634 cium
409 611 440 634 et
454 604 692 635 examinatorem
712 603 744 632 in
764 602 903 632 examine
925 601 1036 631 Sancte
1058 600 1215 630 Genovefe

306 663 366 694 pro
383 653 484 694 primo
498 663 616 688 mense,
630 651 719 682 electi
734 652 858 682 suerunt
872 650 1098 680 examinatores
1113 650 1213 678 deter—

307 701 494 731 minancium
520 701 668 742 magister
688 699 843 730 Jordanus
870 699 908 728 de
934 698 1044 733 Clivis,
1065 697 1215 738 magister

306 750 494 781 Wilhelmus
513 750 691 789 Wadenoy,
712 755 743 779 et
761 748 909 788 magister
925 747 1114 778 Wilhelmus
1135 746 1214 776 Tre-

306 800 397 830 bron.

347 848 422 878 Item
437 847 554 878 electus
569 847 627 877 fuit
639 846 671 876 in
682 846 920 876 examinatorem
934 845 1046 875 Sancte
1057 844 1214 874 Genovefe

307 897 455 937 magister
485 897 648 936 Reynerus
677 895 774 935 Creyt
799 905 858 935 pro
894 894 995 934 primo
1033 903 1154 928 mense,
1184 899 1214 922 et

305 946 413 975 eodem
429 952 569 985 tempore
579 945 706 975 intravit
719 944 808 974 nacio
823 944 981 973 tabernam
993 943 1036 972 ad
1043 944 1213 982 ymaginem

304 996 402 1024 sancei
424 995 570 1025 lobannis
597 994 629 1023 in
661 993 730 1023 vico
762 993 867 1023 Sancti
890 992 1010 1028 Jacobi,
1035 992 1088 1022 ubi
1112 992 1214 1021 dictus

304 1043 453 1083 magister
466 1043 642 1082 Reynerus,
661 1041 735 1082 quia
754 1051 853 1071 novus
873 1041 990 1070 electus
1012 1040 1212 1076 examinator,

305 1092 399 1123 solvit
417 1093 566 1127 francum,
587 1097 618 1121 et
640 1091 790 1131 magister
811 1090 998 1120 Herdwicus
1016 1090 1153 1119 francum
1175 1090 1214 1118 de

305 1151 362 1172 suo
381 1139 518 1181 jocundo
540 1140 679 1175 introitu,
703 1146 734 1170 et
751 1139 832 1169 ultra
852 1140 930 1168 duos
951 1140 1073 1168 francos
1095 1145 1213 1178 septem

304 1190 428 1220 fuerunt
455 1189 548 1219 solidi
578 1188 753 1228 consumpti
782 1198 839 1228 per
867 1188 1039 1223 nacionem,
1070 1187 1163 1217 soluti
1197 1198 1215 1216 a

305 1239 431 1269 domino
445 1245 619 1278 receptore.

346 1287 422 1317 Item
441 1287 559 1317 decima
578 1287 629 1316 die
647 1286 764 1316 mensis
786 1285 923 1326 ejusdem
943 1286 1021 1315 sacta
1039 1295 1215 1325 congrega-

306 1336 395 1366 cione
420 1336 560 1366 nacionis
588 1336 670 1376 apud
692 1337 836 1366 Sanctum
862 1335 1016 1365 sulianum
1046 1343 1214 1375 pauperem

305 1386 343 1415 ad
359 1385 543 1416 audiendum
554 1391 730 1425 compotum
739 1383 925 1424 receptoris,
941 1383 1075 1423 singulis
1085 1393 1215 1423 percep·

305 1435 347 1465 tis
371 1440 401 1464 et
417 1433 569 1474 expositis
584 1433 656 1463 hinc
675 1433 747 1463 inde
767 1432 927 1463 defalcatis
944 1439 974 1462 et
993 1433 1213 1472 compensatis,

306 1483 419 1514 mansit
436 1489 582 1523 receptor
597 1483 715 1512 debens
734 1482 856 1512 nacioni
879 1481 946 1511 LXI
967 1481 1063 1511 libras
1079 1481 1136 1511 XII
1154 1481 1212 1511 sol.

711 1575 809 1605 1369

385 1647 635 1678 Continuacio
663 1647 926 1687 procuratoris
962 1646 1134 1687 magistri

564 1695 719 1725 Henrici
750 1695 953 1735 Langhals.

345 1776 436 1807 Anno
454 1775 579 1806 Domini
597 1786 660 1816 quo
675 1785 780 1816 supra,
797 1775 881 1806 dicta
897 1775 1015 1805 decima
1032 1775 1082 1805 die
1098 1775 1215 1806 mensis

306 1825 478 1861 Februarii,
507 1825 584 1855 sacta
609 1824 856 1865 congregacione
882 1825 1022 1854 nacionis
1043 1824 1215 1865 Anglicane

305 1875 387 1915 apud
403 1874 548 1904 Sanctum
563 1873 718 1904 sulianum
737 1883 906 1914 pauperem
923 1874 954 1903 in
972 1873 1081 1913 primis
1101 1874 1215 1904 Nostre

305 1923 437 1955 Domine
463 1924 502 1953 ad
530 1922 705 1963 eligendum
733 1929 984 1964 procuratorem,
1019 1923 1215 1952 continuatus

305 1973 362 2003 fuit
374 1972 523 2012 magister
537 1971 692 2002 Henricus
711 1971 870 2012 Langhals
887 1972 925 2001 de
944 1982 1099 2001 consensu
1119 1970 1216 2012 majo-

304 2022 350 2052 ris
366 2021 464 2061 partis
478 2020 631 2051 nacionis.
649 2021 690 2051 Et
703 2031 763 2061 que
783 2027 958 2061 sequuntur
971 2021 1002 2050 in
1019 2020 1086 2061 ejus
1100 2030 1215 2060 procu-

304 2070 428 2101 racione
446 2070 571 2101 suerunt
586 2075 663 2100 acta.

345 2119 462 2155 Primo,
481 2118 610 2154 decima,
628 2118 760 2159 septima
776 2118 826 2148 die
843 2119 960 2149 mensis
979 2118 1124 2149 antedicti
1138 2119 1216 2148 sacta

304 2168 551 2209 congregacione
588 2168 728 2198 nacionis
762 2168 845 2208 apud
881 2167 1026 2198 Sanctum
1060 2167 1214 2198 «lulianum

303 2227 470 2258 pauperem
486 2217 517 2246 in
532 2216 643 2257 primis
662 2217 775 2247 Nosti-e
795 2216 928 2247 Domine
948 2217 987 2247 ad
1006 2217 1213 2253 statuendum,

303 2266 540 2307 supplicandum
562 2271 592 2296 et
617 2266 822 2296 ordinandum
847 2266 886 2296 de
910 2266 1040 2306 pecunia
1061 2266 1213 2302 nacionis,

304 2320 448 2346 statutum
469 2314 526 2344 fuit
550 2315 589 2345 de
609 2314 764 2345 communi
786 2325 940 2345 consensu
959 2315 1094 2345 omnium
1120 2315 1214 2354 magi-

304 2370 452 2399 strorum,
478 2364 562 2404 quod
583 2364 622 2394 de
640 2370 743 2394 cetero
761 2363 838 2394 nulli
853 2363 966 2394 scolari
982 2363 1031 2393 vel
1051 2364 1212 2404 magistro,

304 2412 515 2453 cujuscunque
539 2413 735 2443 condicionis
764 2413 912 2448 extiterit,
941 2412 1127 2453 supplicanti
1155 2423 1214 2453 pro

303 2461 456 2492 dilacione
475 2461 607 2502 pecunie
624 2461 747 2491 nacioni
765 2461 869 2491 debite
887 2471 942 2491 seu
955 2471 993 2491 ex
1009 2461 1214 2502 acquisitione

303 2509 432 2551 alicujus
447 2510 564 2551 gradus
575 2510 699 2541 interim
710 2511 864 2546 debende,
877 2510 990 2540 dilacio
1003 2510 1065 2540 ulla
1075 2511 1211 2547 daretur,

303 2559 365 2590 nisi
387 2559 535 2589 duntaxat
557 2568 653 2600 snper
683 2559 775 2590 bonis
801 2559 990 2600 pignoribus
1017 2559 1152 2590 debitum
1184 2566 1214 2590 et

302 2607 374 2649 plus
393 2607 567 2638 valentibus
586 2608 667 2638 infra
686 2608 824 2648 spacium
847 2609 939 2639 trium
959 2609 1109 2638 mensium
1132 2608 1212 2638 redi-

303 2657 436 2693 mendis,
453 2666 583 2697 quorum
603 2657 792 2697 redempcio,
811 2657 838 2688 si
854 2657 995 2698 neglecta
1014 2658 1116 2693 fuerit,
1133 2658 1212 2688 tradi

304 2705 432 2736 deberet
451 2705 641 2742 vendicioni,
662 2706 745 2736 omni
766 2706 1005 2747 dispensacione
1026 2715 1122 2746 super
1140 2716 1213 2747 pre-

304 2754 384 2784 senti
408 2760 523 2784 statuto
546 2755 642 2786 eciam
664 2754 695 2785 in
715 2754 855 2795 quolibet
877 2761 1016 2795 tempore
1035 2755 1209 2785 interdicta.

305 2802 352 2834 De
375 2802 576 2834 ordinacione
601 2804 696 2834 eciam
726 2804 882 2844 presentis
906 2804 1011 2834 statuti
1041 2804 1212 2844 requisitus

304 2851 360 2883 suit
384 2851 522 2888 tabellio,
549 2852 669 2883 scilicet
692 2853 841 2894 magister
862 2853 1026 2893 Reynerus
1051 2852 1158 2893 Creyt‚
1179 2859 1213 2884 ut

303 2901 441 2941 desuper
455 2901 620 2932 conficeret
636 2901 793 2942 publicum
807 2901 1056 2932 instrumentum.

346 2949 420 2980 ltem
436 2949 467 2980 in
478 2948 541 2990 jam
555 2950 636 2981 dicta
652 2951 898 2992 congregacione
914 2951 1100 2992 supplicavit
1113 2951 1211 2992 magi-

819 429 931 456 [ABER
950 426 1264 455 PROCURATORUM
1283 426 1463 453 NATIONIS
1481 426 1725 453 ANGLICANAE

1251 949 1285 975 10

1252 1194 1286 1220 15

1252 1439 1287 1466 20

1252 1684 1286 1710 25

1251 1929 1286 1956 30

1251 2174 1286 2200 35

1251 2418 1285 2445 40

1249 2663 1284 2690 45

1248 2909 1283 2935 50

953 0 972 18 τ
982 0 1020 22 *5⁶5
1036 0 1054 13 ν
1063 0 1111 21 §.12³1
1119 0 1244 20 ,fr-:rav
1255 0 1295 22 «ἡ.
1303 0 1413 10 ’Ὗ
1461 0 1467 2 ·
1513 3 1516 7 ·
1550 4 1557 11 f

2175 427 2228 452 326

1321 509 1387 532 ster
1401 502 1556 533 Henricus
1575 503 1740 543 Langhals,
1759 513 1816 543 pro
1832 509 1903 533 tunc
1920 510 2103 543 procurator
2120 505 2226 534 nacio-

1321 552 1383 587 nis,
1407 562 1475 582 cum
1497 552 1565 592 ipse
1582 558 1667 582 esset
1683 552 1838 591 obligatus
1861 553 2008 591 magistro
2031 553 2164 582 Arnesto
2188 555 2227 583 de

1320 600 1456 631 Wulven
1475 601 1622 630 existenti
1635 601 1791 640 receptori
1809 601 1869 630 llll
1891 602 2012 630 francos
2031 608 2060 631 et
2079 602 2133 631 XV
2151 603 2228 631 soli-

1321 651 1391 686 dos,
1401 657 1434 680 ut
1441 651 1529 679 nacio
1537 656 1650 680 tantam
1659 650 1820 689 pecuniam
1829 650 1903 679 velit
1913 650 2064 680 defalcare
2073 653 2226 690 receptori

1322 699 1354 728 in
1366 699 1509 739 proximo
1527 705 1670 738 computo
1685 699 1722 728 de
1739 709 1866 734 summa,
1881 709 1971 738 quam
1989 700 2081 728 debet
2094 700 2228 735 nacioni,

1321 754 1353 778 et
1367 748 1448 777 idem
1469 748 1616 789 magister
1636 748 1790 778 Henricus
1808 754 1928 777 maneat
1947 748 2070 777 debitor
2087 749 2227 778 nacionis

1322 798 1490 827 secundum
1510 798 1636 827 sormam
1654 797 1759 826 statuti
1780 797 1962 836 supradicti.
1986 797 2053 834 Qua
2069 798 2228 837 supplica-

1322 846 1411 875 cione
1429 847 1506 875 facta
1521 846 1622 876 dictus
1642 846 1790 886 magister
1807 846 1961 875 Henricus
1981 846 2077 875 exivit
2098 856 2227 886 congre—

1322 895 1494 935 gacionem,
1525 895 1673 935 magistro
1708 894 1850 924 Mersilio
1885 896 1924 924 de
1958 894 2076 935 lnglien
2102 901 2225 925 tenente

1321 944 1422 974 locum
1444 944 1656 983 procuratoris
1685 945 1723 974 ad
1754 944 1986 974 deliberandum
2020 954 2115 984 super
2143 945 2224 974 dicta

1322 993 1564 1033 supplicacione.
1591 992 1683 1023 Facta
1704 993 1931 1023 deliberacione
1954 999 1984 1023 et
2005 994 2113 1022 eodem
2133 994 2228 1033 magi-

1322 1048 1388 1072 stro
1406 1042 1542 1072 Henrico
1559 1048 1703 1072 revocato
1725 1052 1910 1082 responsum
1929 1042 1988 1072 sibi
2011 1043 2067 1072 suit
2087 1052 2144 1082 per
2165 1043 2228 1072 dic-

1321 1097 1385 1121 tum
1417 1092 1597 1131 magistrum
1626 1091 1815 1127 Mersilium,
1844 1091 2106 1131 supplicacionem
2144 1102 2229 1121 suam

1323 1141 1388 1170 fore
1405 1151 1598 1170 concessum.

1364 1189 1439 1219 Item
1457 1190 1550 1219 solvit
1563 1189 1706 1219 dominus
1721 1189 1909 1219 wilhelmus
1926 1189 1997 1219 Zael
2013 1191 2051 1219 de
2066 1189 2226 1219 Aemster-

1322 1239 1391 1268 dam
1417 1239 1461 1268 111
1485 1240 1618 1274 francos,
1640 1249 1719 1278 quos
1738 1239 1869 1268 debebat
1888 1249 1947 1278 pro
1967 1249 2021 1268 sua
2040 1238 2229 1268 determina-

1322 1288 1418 1323 tione,
1434 1287 1560 1317 residuo
1578 1287 1666 1327 prius
1679 1288 1792 1317 soluto.

1324 1389 1395 1430 (Fol.
1428 1390 1484 1430 41’)
1518 1390 1586 1419 Isti
1616 1396 1702 1419 sunt
1733 1389 2026 1419 determinantes
2059 1389 2145 1418 anni
2173 1389 2230 1419 LX

1343 1439 1464 1469 octavi
1495 1439 1694 1468 secundum
1728 1445 1934 1478 compotum
1966 1438 2204 1478 gallicanum.

1363 1532 1470 1562 Primo
1507 1532 1723 1562 determinavit
1753 1531 1936 1561 domicellus
1979 1531 2158 1560 Baldwinus
2190 1532 2229 1560 de

1323 1581 1518 1611 Bronchorst
1530 1582 1588 1611 sub
1607 1581 1756 1621 magistro
1772 1581 1912 1610 Mersilio
1927 1582 1965 1610 de
1985 1580 2123 1620 lmghen,
2141 1579 2229 1620 cujus

1322 1630 1419 1660 bursa
1433 1629 1474 1659 Xl
1491 1629 1595 1659 solidi.

1364 1679 1438 1708 Item
1451 1678 1666 1708 determinavit
1677 1678 1858 1707 domicellus
1872 1677 2052 1717 Reynoldus
2064 1678 2102 1707 de
2112 1677 2230 1707 Vianne

1323 1729 1381 1758 sub
1397 1729 1503 1758 eodem
1518 1727 1666 1768 magistro
1681 1727 1832 1762 Mersilio,
1850 1726 1936 1767 cujus
1955 1728 2050 1757 bursa
2063 1726 2136 1756 Vlll
2149 1727 2206 1756 sol.
2219 1739 2227 1762 ς

1322 1776 1429 1816 posuit
1443 1776 1587 1816 pignora.

1364 1825 1439 1855 Item
1465 1825 1679 1855 determinavit
1705 1825 1848 1854 dominus
1872 1824 2031 1854 Arnoldus
2057 1825 2095 1854 de
2123 1824 2230 1854 Tricht

1323 1875 1381 1904 sub
1401 1875 1520 1909 eodem,
1540 1873 1626 1914 cujus
1648 1875 1743 1904 bursa
1764 1874 1804 1903 lx
1827 1874 1936 1909 solidi;
1959 1874 2063 1913 posuit
2083 1874 2225 1913 pignora.

1364 1923 1438 1953 Item
1457 1923 1672 1953 determinavit
1691 1923 1835 1953 dominus
1856 1923 1999 1953 Andreas
2021 1923 2122 1952 dictus
2143 1923 2229 1962 Heye

1324 1973 1381 2002 sub
1403 1973 1552 2012 magistro
1567 1973 1711 2012 Reynero
1730 1972 1837 2012 Creyt,
1852 1971 1938 2012 cujus
1961 1973 2054 2001 bursa
2074 1971 2099 2000 V
2117 1971 2229 2008 solidi;

1323 2021 1429 2061 posuit
1445 2022 1587 2062 pignora.

1364 2070 1439 2100 Item
1469 2070 1685 2100 determinavit
1709 2071 1853 2100 dominus
1885 2070 2033 2100 Albertus
2063 2070 2225 2100 Hovesche

1323 2120 1381 2150 sub
1394 2120 1513 2155 eodem,
1530 2118 1617 2160 cujus
1635 2121 1729 2149 bursa
1746 2119 1852 2155 nichil,
1869 2120 1942 2159 quia
1952 2119 2066 2158 juravit
2081 2126 2226 2149 statutum

1322 2169 1524 2209 paupertatis.

1362 2217 1438 2247 Item
1459 2217 1675 2248 determinavit
1695 2218 1838 2247 dominus
1854 2217 2012 2247 Johannes
2033 2217 2148 2247 Gruter
2168 2219 2228 2247 sub

1323 2267 1442 2302 eodem,
1461 2266 1548 2307 cujus
1566 2268 1660 2297 bursa
1673 2266 1746 2296 vlll
1763 2267 1866 2296 solidi.

1363 2316 1438 2346 Item
1464 2312 1680 2346 determinavit
1703 2316 1847 2345 dominus
1879 2315 2062 2345 Guillelmus
2097 2314 2228 2345 Gerlanc

1322 2365 1380 2394 sub
1395 2365 1544 2405 magistro
1564 2365 1728 2395 Guillelmo
1746 2364 1898 2400 Trebron,
1918 2364 2004 2404 cujus
2022 2366 2113 2394 bursa
2133 2364 2173 2394 Vl
2197 2375 2223 2394 s.

1363 2413 1438 2444 ltem
1461 2414 1678 2444 determinavit
1697 2414 1841 2444 dominus
1864 2414 2018 2444 Henricus
2043 2414 2143 2443 Oloud
2167 2415 2226 2443 sub

1322 2463 1470 2503 magistro
1487 2463 1623 2493 Arnesto
1641 2464 1678 2493 de
1695 2463 1842 2499 Wulven,
1861 2463 1948 2503 cujus
1967 2464 2059 2492 bursa
2075 2462 2146 2492 Vlll
2165 2463 2224 2492 sol.

1363 2511 1437 2541 ltem
1461 2511 1676 2542 determinavit
1700 2512 1843 2542 dominus
1869 2511 2027 2542 Arnoldus
2055 2511 2141 2541 Haen
2168 2512 2227 2541 sub

1322 2561 1471 2601 magistro
1485 2561 1621 2591 Jordano
1635 2561 1674 2591 de
1689 2561 1798 2596 Clivis,
1817 2560 1904 2601 cujus
1919 2562 2013 2590 bursa
2026 2560 2098 2590 vul
2112 2560 2223 2597 solidi,

1321 2608 1414 2639 solvit
1427 2609 1574 2644 francum,
1587 2619 1655 2639 cum
1667 2609 1725 2639 llll
1739 2609 1859 2645 solidis,
1873 2619 1930 2649 pro
1941 2609 2066 2638 residuo
2081 2609 2224 2649 pignora.

1361 2657 1437 2688 ltem
1463 2658 1678 2688 determinavit
1702 2659 1845 2688 dominus
1873 2658 2003 2687 Matliias
2028 2657 2142 2688 Gruter
2167 2659 2226 2688 sub

1321 2707 1470 2748 magistro
1485 2706 1627 2738 Gerardo
1639 2708 1677 2737 de
1696 2707 1820 2743 Kalkar,
1837 2706 1924 2746 cujus
1935 2708 2028 2737 bursa
2039 2706 2094 2736 Vll
2112 2707 2220 2743 solidi;

1320 2756 1425 2796 posuit
1438 2756 1583 2796 pignora,
1601 2757 1693 2786 solvit
1707 2756 1795 2786 Xllll
1812 2756 1941 2790 solidos,
1956 2755 1996 2785 Vl
2013 2756 2168 2786 denarios.

1361 2804 1436 2835 Item
1449 2805 1663 2835 determinavit
1674 2805 1818 2835 dominus
1832 2805 1988 2835 =lohannes
2003 2806 2041 2834 de
2054 2804 2225 2845 Argentina

1320 2854 1378 2884 sub
1403 2854 1552 2894 magistro
1579 2854 1720 2884 Erhardo
1744 2854 1782 2883 dc
1804 2853 1986 2889 Gamundia,
2015 2852 2102 2894 cujus
2127 2854 2221 2884 bursa

1320 2902 1376 2933 Vll
1397 2903 1501 2933 solidi.

1363 2951 1435 2982 ltem
1457 2952 1671 2982 determinavit
1686 2952 1828 2981 dominus
1846 2952 2005 2982 Gerardus
2020 2952 2057 2982 de
2073 2951 2225 2982 Ameron-
