2632 3464
300 422 356 448 605

345 498 420 528 Item
442 497 622 527 licenciatus
646 496 702 526 fuit
725 496 868 525 dominus
889 495 1022 524 Jacobus
1047 495 1085 523 de
1113 493 1209 522 Edam

301 548 362 576 sub
383 546 533 586 magistro
556 545 696 575 Jobanne
717 545 755 574 de
784 543 979 584 Magbuncia‚
1005 541 1092 582 cujus
1116 543 1211 571 bursa

302 595 361 625 Vll
377 595 479 625 solidi.

344 644 421 674 Item
439 643 508 674 XX*
524 643 574 672 die
592 643 707 672 mensis
730 641 850 681 Aprilis
868 641 944 670 facta
964 640 1211 681 congregacione

304 693 445 723 nacionis
457 693 539 732 apud
554 692 698 722 Sanctum
709 690 897 720 Maturinum
910 690 949 719 ad
961 689 1209 730 supplicandum,

303 742 494 782 supplicavit
522 741 666 771 dominus
700 739 876 770 Cristianus
909 739 948 767 de
983 738 1121 778 Ungaria
1152 748 1211 778 pro

305 791 490 821 remissione
506 790 669 819 bursarum
687 798 742 818 sue
760 787 963 828 incepcioniS‚
984 786 1071 827 cujus
1090 787 1212 826 suppli-

302 840 390 870 eacio
403 849 552 869 concessa
565 838 631 874 fuit,
644 837 716 877 quia
723 836 839 877 juravit
851 843 996 866 statutum
1006 835 1210 876 paupertatis.

347 888 421 918 Item
440 888 556 928 incepit
572 887 674 917 dictus
689 886 837 926 magister
854 886 1030 916 Cristianus
1047 886 1084 914 de
1105 885 1213 925 Unga-

306 938 352 967 ria
374 938 432 967 sub
454 937 604 976 magistro
625 935 765 966 Iohanne
788 936 826 964 de
846 934 983 970 Austria,
1005 933 1092 974 cujus
1118 935 1213 964 bursa

304 986 411 1016 nichil.

346 1036 422 1066 ltem
443 1035 475 1064 in
500 1033 679 1074 supradicta
700 1033 947 1073 congregacione
969 1032 1109 1062 nacionis
1131 1033 1213 1072 apud

306 1085 453 1115 Sanctum
480 1083 667 1114 Maturinum
693 1083 848 1112 celebrata
871 1082 1019 1122 magister
1040 1081 1213 1111 Stanislaus

302 1134 346 1163 ·de
362 1133 503 1168 Polonia,
517 1132 566 1162 cui
581 1131 670 1162 nacio
684 1131 759 1161 alias
775 1131 932 1161 concessit
945 1131 1093 1170 quasdam
1108 1131 1213 1160 literas

308 1181 622 1212 recommendatorias
642 1181 679 1210 ad
699 1190 804 1221 regem
823 1180 971 1209 Bohemie
991 1186 1021 1209 et
1037 1181 1074 1209 ad
1092 1179 1214 1209 archie-

305 1232 470 1272 piscopum
493 1230 684 1270 Pragensem
708 1239 745 1259 ex
766 1235 854 1269 parte
876 1229 1015 1268 magistri
1040 1228 1154 1258 Mathie
1176 1229 1214 1258 de

302 1280 456 1311 ‘Bohemia
467 1278 491 1315 ⁸,
511 1279 698 1319 supplicavit
712 1278 792 1308 idem
808 1278 956 1318 magister
969 1277 1141 1308 Stanislaus
1157 1287 1214 1317 pro

308 1329 514 1359 renovacione
526 1328 595 1358 date
607 1328 756 1357 dictarum
766 1327 923 1357 literarum
932 1326 1008 1356 alias
1021 1327 1080 1356 sibi
1089 1336 1215 1356 conces-

308 1389 424 1413 sarum,
441 1376 528 1417 cujus
544 1376 737 1417 supplicacio
749 1386 899 1406 concessa
911 1376 976 1406 suit.

350 1427 425 1457 ltem
440 1426 536 1456 XXV·
554 1425 604 1455 die
622 1425 739 1455 mensis
757 1425 927 1464 supradicti
945 1425 1023 1454 sacta
1042 1434 1216 1465 congrega-

304 1477 397 1506 cione
417 1475 556 1506 nacionis
572 1475 654 1515 apud
671 1473 816 1504 Sanctum
832 1473 1019 1503 Maturinum
1037 1474 1076 1502 ad
1094 1473 1216 1513 suppli-

309 1526 452 1560 candum,
477 1523 664 1564 supplicavit
683 1522 832 1563 magister
853 1522 1011 1552 Johannes
1032 1523 1070 1552 de
1090 1522 1217 1552 Austria

308 1585 368 1615 pro
391 1574 479 1604 litera
498 1572 697 1603 testimoniali
716 1582 812 1612 super
837 1572 1017 1612 magisterio
1037 1581 1105 1607 suo,
1129 1570 1216 1612 cujus

306 1623 501 1664 supplicacio
518 1623 556 1652 ab
571 1621 715 1651 omnibus
732 1622 786 1651 fuit
802 1631 963 1651 concessa.

350 1673 424 1702 ltem
440 1672 471 1701 in
485 1672 590 1701 eadem
606 1671 852 1711 congregacione
869 1670 1099 1710 protestabatur
1116 1670 1216 1699 dictus

309 1722 458 1762 magister
479 1720 636 1750 lohannes
658 1721 697 1749 de
724 1719 863 1755 Austris,
891 1720 974 1759 quod
1002 1719 1069 1759 ipse
1095 1719 1218 1748 volebat

310 1771 455 1801 recedere
474 1771 512 1799 de
529 1769 669 1799 Parisius
687 1779 749 1798 non
766 1769 868 1798 animo
884 1769 1050 1798 deserendi
1069 1768 1216 1804 studium,

308 1820 366 1850 sed
387 1819 470 1859 quod
488 1818 520 1848 in
542 1818 684 1859 partibus
702 1818 767 1848 suis
787 1824 872 1848 esset
889 1817 991 1858 aliqua
1011 1818 1070 1847 sibi
1091 1818 1218 1847 multum

309 1865 395 1899 u'tilia
406 1875 436 1898 et
448 1867 627 1898 necessaria
636 1868 771 1897 facturus
785 1873 815 1896 et
829 1867 1042 1907 expediturus,
1055 1874 1085 1896 et
1097 1868 1218 1896 demum

311 1917 454 1947 Pax-isius
471 1917 656 1946 brevissime
671 1925 867 1951 reversurus,
886 1916 1044 1945 dimittens
1057 1916 1146 1946 etiam
1162 1915 1219 1945 Pa-

311 1966 408 1996 risius
429 1966 461 1995 in
484 1965 585 1995 Parva
605 1965 755 2001 Sarbena,
777 1965 807 1994 in
832 1975 892 2005 qua
915 1965 1029 1995 morari
1053 1975 1219 1995 consueve-

307 2021 370 2051 rat,
391 2015 479 2055 quasi
502 2024 609 2044 omnes
630 2024 682 2044 res
704 2024 788 2050 suaa,
815 2013 960 2044 videlicet
986 2014 1084 2044 libros
1110 2020 1141 2044 et
1161 2013 1221 2044 alia

314 2063 470 2100 utensilia,
486 2073 581 2103 quare
594 2063 696 2093 dictus
711 2062 860 2103 magister
874 2063 1040 2103 requisivit
1055 2064 1137 2103 quod
1154 2062 1220 2103 ejus

308 2112 457 2143 absencia
479 2112 539 2142 sibi
563 2112 593 2142 in
619 2112 703 2142 nullo
729 2111 947 2152 prejudicat-et,
972 2113 1026 2142 sed
1049 2113 1132 2152 quod
1151 2118 1220 2142 tan-

308 2172 402 2202 quam
422 2171 554 2202 presens
574 2161 751 2196 haberetur,
770 2167 800 2190 et
819 2162 902 2201 quod
922 2161 953 2190 in
973 2161 1068 2191 scolis
1086 2162 1146 2191 sibi
1164 2172 1222 2202 per

313 2211 471 2241 nacionem
488 2211 649 2240 concessis
663 2210 700 2239 ad
714 2210 815 2240 minus
826 2220 924 2250 usque
940 2211 978 2239 ad
988 2211 1077 2240 finem
1094 2211 1221 2240 ordina-

312 2260 351 2290 rii
366 2266 544 2290 servaretur
562 2260 593 2289 in
613 2259 827 2299 possessione.

353 2309 426 2349 (Fal.
442 2309 491 2348 31)
514 2309 587 2338 item
607 2308 786 2338 licenciatus
806 2308 862 2338 fuit
878 2308 1022 2338 dominus
1039 2308 1220 2348 Reynoldus

308 2358 350 2388 de
372 2357 469 2387 Vinea
490 2358 548 2387 sub
566 2358 715 2397 magistro
733 2357 873 2387 Johanne
895 2358 934 2387 de
954 2357 1115 2394 Hokelem,
1133 2357 1221 2398 cujus

313 2408 408 2437 bursa
422 2405 478 2436 Vll
498 2406 604 2436 solidi.
622 2406 732 2436 Solvit.

355 2455 429 2486 Item
451 2455 631 2485 licenciatus
653 2456 709 2485 fuit
727 2455 871 2485 dominus
891 2455 1005 2496 Hugho
1033 2456 1071 2485 de
1095 2456 1221 2486 Landau

311 2505 372 2535 sub
386 2504 536 2544 magistro
548 2504 685 2535 Jordano
702 2505 740 2534 de
757 2504 867 2540 clivis,
883 2503 970 2545 cujus
984 2505 1077 2534 bursa
1091 2504 1148 2534 Vll
1161 2505 1219 2535 sol.

315 2553 426 2584 Solvit.

356 2602 431 2633 item
450 2601 632 2632 licenciatus
655 2602 711 2632 suit
740 2602 883 2632 dominus
906 2602 1052 2632 Nicolaus
1076 2603 1114 2632 de
1134 2603 1222 2633 Cuba

312 2651 373 2681 sub
384 2651 534 2691 magistro
546 2651 683 2681 Jordano
696 2652 734 2681 de
750 2651 861 2687 clivis,
881 2650 967 2691 cujus
985 2652 1079 2681 bursa
1090 2651 1146 2682 Vll
1161 2652 1219 2682 sol.

314 2699 426 2730 Solvit.

358 2748 431 2778 ltem
455 2748 636 2779 licenciatus
654 2749 709 2779 fuit
728 2749 873 2779 dominus
893 2749 1025 2779 Michael
1046 2750 1084 2779 de
1105 2749 1222 2780 Franc-

317 2797 416 2827 ἴοι-ἀίει
436 2798 494 2827 sub
512 2797 661 2838 magistro
682 2797 818 2828 Jordano
836 2799 874 2828 de
892 2798 1002 2834 clivis,
1022 2797 1108 2840 cujus
1128 2800 1223 2830 bursa

314 2844 373 2875 vn
390 2845 494 2877 solidi.
514 2846 624 2876 Solvit.

349 2942 372 2966 1.
408 2942 463 2967 rid.
474 2950 552 2975 utapro
562 2951 589 2975 p.
600 2944 654 2972 5⁹8,
669 2944 708 2968 21.

807 419 920 445 LIBER
940 416 1261 445 PROCURATORUM·
1273 416 1453 443 NATIONIS
1471 417 1718 443 ANGLICANAE

1251 939 1284 965 10

1252 1184 1285 1210 15

1252 1429 1286 1455 20

1254 1674 1288 1701 25

1255 1920 1290 1946 30

1257 2165 1292 2191 35

1258 2409 1292 2436 40

1259 2654 1292 2680 45

2171 421 2224 446 606

1359 492 1434 522 Item
1454 493 1603 533 magister
1622 493 1797 523 Cristianus
1818 495 1855 524 de
1878 494 2014 534 Ungaria
2035 497 2127 526 solvit
2146 498 2225 526 sran-

1319 551 1385 571 cum
1402 542 1440 571 de
1449 540 1585 581 jocondo
1598 552 1654 571 suo
1670 543 1808 578 introitu,
1826 549 1856 572 et
1871 544 1926 572 suit
1943 544 1993 573 ille
2015 546 2137 574 francus
2159 557 2226 585 per-

1317 597 1442 630 potatus
1471 591 1503 619 in
1527 592 1654 620 taberna
1676 593 1718 620 ad
1740 594 1875 627 malleos,
1905 593 2046 632 pluribus
2068 595 2225 634 magistris

1319 640 1529 679 presentibus.

1361 689 1435 718 ltem
1452 689 1567 728 incepit
1582 690 1725 719 dominus
1739 690 1873 719 Jacobus
1891 691 1929 719 de
1946 691 2042 720 Edam
2059 693 2115 721 sub
2134 694 2227 733 magi-

1321 744 1386 767 stro
1411 738 1551 768 Johanne
1582 739 1620 767 de
1645 739 1807 774 Hokelem,
1825 739 1912 779 cujus
1936 740 2028 769 bursa
2050 741 2105 770 Vll
2122 742 2225 771 solidi.

1321 786 1430 816 Solvit.

1361 836 1436 866 ltem
1463 836 1578 876 incepit
1604 836 1748 866 dominus
1773 837 1954 877 Reynoldus
1983 839 2020 867 de
2044 839 2141 868 Vinea
2171 841 2228 869 sub

1323 885 1472 925 magistro
1487 885 1626 915 Johanne
1643 886 1682 915 de
1701 886 1863 922 Hokelem‚
1883 886 1970 926 cujus
1986 888 2079 917 bursa
2094 888 2149 917 Vll
2169 889 2226 918 sol.

1322 933 1431 964 Solvit.

1363 984 1437 1013 Item
1466 983 1581 1023 incepit
1613 984 1756 1013 dominus
1789 984 1902 1023 Hugho
1933 986 1970 1014 de
2002 985 2143 1020 Landau,
2172 987 2229 1015 sub

1321 1033 1470 1072 magistro
1485 1033 1500 1062 J
1505 1032 1625 1062 ohanne
1638 1033 1676 1062 de
1691 1033 1867 1073 Maguncia,
1886 1033 1973 1074 cujus
1990 1035 2084 1064 bursa
2098 1034 2153 1064 Vll
2171 1036 2227 1064 sol.

1323 1081 1433 1111 Solvit.

1364 1130 1438 1160 item
1455 1131 1570 1170 incepit
1587 1131 1732 1160 dominus
1748 1131 1879 1160 Michael
1898 1133 1935 1161 de
1957 1132 2156 1162 Francsordia
2174 1134 2230 1163 sub

1322 1179 1472 1220 magistro
1491 1180 1637 1210 Conrado
1653 1181 1690 1209 de
1710 1180 1871 1220 Hagnoya,
1889 1180 1976 1221 cujus
1992 1183 2087 1211 bursa
2100 1182 2157 1211 V11
2171 1182 2229 1211 sol.

1323 1228 1432 1258 Solvit.

1366 1277 1440 1307 Item
1456 1278 1572 1317 incepit
1591 1278 1734 1308 dominus
1755 1278 1902 1309 Nicolaus
1916 1280 1954 1308 de
1973 1280 2059 1309 Cuba
2077 1281 2134 1309 sub
2150 1280 2232 1309 dicto

1324 1327 1473 1366 magistro
1490 1326 1635 1356 Conrado
1653 1328 1691 1356 de
1710 1327 1872 1368 Hagnoya,
1890 1327 1977 1368 eujus
1992 1329 2085 1358 bursa
2099 1329 2156 1358 Vll
2173 1330 2230 1359 sol.

1323 1376 1431 1405 Solvit.

1365 1425 1539 1455 Notandum
1556 1426 1640 1465 quod
1658 1432 1722 1455 tres
1740 1426 1958 1466 suprascripti,
1973 1427 2118 1456 videlicet
2133 1428 2233 1456 domi-

1326 1484 1385 1503 nus
1405 1474 1518 1514 Hugho
1537 1475 1576 1504 de
1597 1475 1734 1510 Landau,
1751 1475 1895 1505 dominus
1913 1475 2044 1505 Michael
2063 1477 2100 1505 de
2118 1477 2140 1505 F
2144 1487 2233 1506 ranc—

1329 1523 1429 1552 fordia
1444 1529 1474 1553 et
1484 1524 1628 1553 dominus
1639 1523 1786 1554 Nicolaus
1798 1525 1836 1554 de
1852 1524 1940 1554 Cuba
1954 1525 2234 1555 determinaverunt

1329 1582 1383 1602 seu
1404 1573 1639 1602 baccalariatum
1666 1573 1697 1602 in
1720 1573 1779 1602 alia
1810 1573 2012 1604 universitate
2036 1581 2232 1614 receperunt,

1325 1621 1378 1651 ubi
1397 1620 1591 1660 juraverunt,
1614 1623 1698 1662 quod
1716 1622 1801 1651 illum
1823 1624 1953 1662 gradum
1979 1624 2059 1662 [nec]
2081 1624 2232 1659 Parisius‚

1326 1681 1382 1700 nec
1400 1671 1473 1700 alibi
1489 1670 1683 1706 reiterarent‚
1699 1678 1728 1701 et
1741 1672 1780 1700 ob
1795 1671 1851 1701 hoc
1870 1672 2081 1711 dispensatum
2097 1673 2152 1702 suit
2166 1683 2233 1702 cum

1325 1719 1372 1749 eis
1385 1730 1443 1760 per
1458 1720 1631 1755 nacionem,
1655 1721 1766 1750 solutis
1790 1727 1891 1750 tamen
1909 1721 1987 1751 solvi
2008 1722 2165 1751 consuetis
2180 1732 2236 1761 per

1328 1769 1568 1799 determinantes
1585 1769 1746 1809 Parysius‚
1766 1776 1796 1799 et
1810 1769 1922 1810 juratis
1937 1769 2122 1810 juramentis
2145 1772 2234 1800 bacu-

1327 1818 1474 1848 lariorum
1505 1818 1618 1854 solitis,
1649 1829 1708 1858 que
1737 1819 1812 1848 alias
1833 1819 1945 1859 juratis
1975 1830 2031 1859 per
2057 1820 2181 1849 eosdem
2206 1820 2235 1848 in

1328 1867 1512 1908 recepcione
1541 1867 1744 1898 bacalariatus
1776 1869 1807 1897 in
1839 1868 1896 1898 alia
1932 1868 2140 1898 Universitate
2174 1879 2235 1897 non

1327 1923 1511 1956 repugnant.
1529 1916 1575 1946 De
1591 1917 1672 1946 dicta
1685 1924 1784 1947 autem
1800 1918 2038 1956 dispensacione
2050 1928 2082 1947 se
2099 1918 2235 1947 intromi-

1328 1966 1369 1995 sit
1397 1966 1485 1995 nacio
1519 1966 1587 1995 sine
1611 1976 1765 1996 consensu
1791 1966 1953 2002 facultatis,
1982 1966 2053 2006 quia
2084 1967 2235 1996 licenciati

1329 2021 1418 2044 erant
1430 2015 1512 2054 apud
1527 2015 1671 2045 Nostram
1688 2015 1861 2045 Dominam.

1734 2110 1828 2139 1381

1330 2181 1419 2211 Acta
1461 2187 1545 2210 sunt
1582 2181 1647 2210 hec
1688 2181 1722 2210 in
1764 2181 2027 2221 procuratoria
2067 2182 2235 2221 magistri

1428 2230 1576 2260 Andree
1615 2230 1817 2260 Suderman
1848 2231 1890 2259 de
1925 2230 2134 2260 Tremonia.

1370 2310 1444 2340 ltem
1459 2310 1534 2339 facta
1555 2310 1801 2349 congregacione
1817 2310 1956 2339 nacionis
1971 2310 2140 2349 Anglicane
2156 2311 2237 2349 apud

1330 2359 1474 2388 Sanctum
1489 2359 1675 2388 Maturinum
1689 2369 1769 2388 anno
1784 2359 1906 2388 Domini
1919 2359 1964 2388 Μο
1979 2358 2073 2388 CCC⁰
2087 2359 2235 2394 mxxv,

1329 2408 1445 2438 mensis
1467 2406 1539 2448 Maij
1563 2408 1612 2437 die
1631 2408 1708 2443 vlu,
1733 2409 1771 2437 ad
1792 2408 1967 2447 eligendum
1990 2414 2235 2447 procuratorem,

1329 2457 1445 2487 electus
1463 2458 1519 2486 suit
1535 2457 1565 2486 in
1584 2463 1815 2496 procuratorem
1836 2457 1916 2486 dicte
1935 2457 2072 2486 nacionis
2091 2457 2238 2496 magister

1329 2506 1472 2536 Andreas
1483 2506 1655 2535 Suderman
1664 2506 1702 2535 de
1711 2506 1875 2535 Tremonia
1885 2507 1922 2534 ab
1928 2506 2070 2534 omnibus
2080 2505 2237 2545 magistris

1330 2561 1402 2584 tunc
1417 2555 1618 2595 presentibus
1634 2555 1665 2583 in
1681 2556 1786 2584 eadem
1802 2555 2057 2594 congregacione.

1371 2603 1445 2634 Item
1467 2610 1629 2644 compotus
1646 2604 1818 2643 receptoris
1840 2604 1870 2632 in
1891 2604 1970 2632 dicta
1991 2603 2236 2643 congregacione

1329 2663 1391 2682 non
1409 2652 1464 2682 suit
1479 2653 1613 2687 auditus,
1635 2653 1707 2692 quia
1722 2652 1880 2691 legittimis
1903 2651 2003 2681 causis
2020 2652 2195 2691 impeditus

1371 2701 1446 2731 item
1467 2708 1573 2731 octava
1597 2701 1646 2731 die
1666 2701 1782 2730 mensis
1803 2699 1874 2740 Maij
1893 2701 2137 2739 congregacione
2162 2701 2237 2731 sacta

1329 2751 1468 2780 nacionis
1475 2751 1556 2790 apud
1567 2750 1708 2780 Sanctum
1718 2749 1915 2783 Maturinum,
1925 2750 2111 2789 infrascripti
2122 2749 2237 2789 suppli-

1331 2806 1477 2829 caverunt
1491 2799 1521 2829 in
1536 2799 1676 2834 nacione,
1693 2805 1722 2828 et
1733 2809 1837 2827 eorum
1854 2798 2101 2838 supplicaciones
2117 2799 2238 2828 suerunt

1331 2859 1491 2883 concesse,
1509 2848 1629 2878 nemine
1646 2847 1884 2877 contradicente.
