2632 3464
461 415 510 440 343

460 490 658 518 deliberatum
679 489 734 518 suit
751 488 944 517 concorditer
962 488 1043 527 quod
1062 493 1166 516 essent
1183 485 1356 525 exponendi

459 538 632 567 vendicioni
649 539 705 567 sub
723 537 774 566 tali
793 538 893 572 modo,
913 538 994 576 quod
1012 537 1111 575 primo
1129 535 1241 574 exponi
1262 535 1357 563 debe-

459 594 528 616 rent
542 587 594 626 qui
608 586 726 616 diucius
745 586 869 626 obligati
884 586 1023 620 fuissent,
1041 586 1151 614 deinde
1170 584 1232 618 alii,
1250 583 1355 612 saltem

460 646 589 676 quorum
609 636 756 665 terminus
775 642 857 664 esset
871 635 1005 673 elapsus.
1029 634 1062 662 In
1083 644 1154 662 casu
1177 639 1274 662 autern
1295 642 1356 671 quo

458 687 498 715 ita
526 696 587 714 non
614 690 721 724 posset
746 684 883 723 expediri
911 684 993 722 quod
1018 682 1228 711 indifferenter
1258 681 1355 720 magis

458 735 576 764 noviter
584 733 711 773 obligati
719 743 786 762 cum
795 733 862 761 aliis
873 738 977 761 essent
987 731 1159 761 vendicioni
1169 729 1354 769 exponendi.

459 784 499 813 Et
526 784 562 812 ad
592 782 649 811 hoc
681 783 801 811 suerunt
834 781 969 820 deputati
996 790 1062 809 cum
1096 785 1296 818 procuratore
1327 784 1356 807 et

457 838 616 871 receptore
639 831 775 859 nacionis
798 830 943 869 magister
964 829 1114 857 Ernestus
1130 829 1167 856 de
1192 827 1353 862 Holandia,

457 888 486 911 et
503 881 649 920 magister
667 880 846 909 Guillelmus
859 879 998 907 Trebron
1017 878 1142 911 Scotus,
1160 883 1190 906 et
1208 876 1355 915 magister

457 930 631 959 Hertwicus
645 930 681 957 de
696 928 842 957 Hammis.

495 979 567 1007 Item
583 979 618 1007 13
634 978 682 1006 die
696 977 809 1006 mensis
825 976 1006 1006 Novembris
1018 976 1094 1004 facta
1107 974 1353 1014 congregacione

455 1028 591 1057 nacionis
617 1027 751 1065 predicte
776 1026 813 1054 ad
839 1025 979 1054 Sanctum
1002 1024 1186 1053 Maturinum
1211 1024 1248 1052 ad
1273 1023 1353 1052 ordi-

455 1077 586 1105 nandum
602 1077 638 1104 de
655 1075 743 1103 libris
758 1074 877 1103 nacioni
890 1074 1034 1113 obligatis
1053 1079 1082 1102 et
1097 1074 1134 1101 ad
1150 1072 1353 1101 ordinandum

454 1127 490 1154 de
506 1125 613 1159 literis,
631 1124 661 1152 in
679 1124 789 1162 quibus
807 1123 908 1152 debita
923 1123 1083 1151 nacionum
1099 1122 1306 1156 continentur,
1325 1127 1354 1150 et

455 1175 491 1203 ad
513 1173 756 1212 supplicandum,
780 1171 965 1211 supplicavit
978 1171 1133 1200 Johannes
1155 1171 1192 1199 de
1214 1170 1354 1209 Angusia

456 1223 565 1252 Scotus
583 1221 755 1250 licentiatus
777 1221 807 1249 in
830 1221 957 1255 artibus,
982 1220 1033 1259 qui
1054 1220 1188 1248 nondum
1210 1219 1353 1248 determi-

454 1272 546 1305 navit,
564 1271 644 1309 quod
662 1270 748 1298 nacio
764 1270 863 1308 ipsum
875 1268 981 1308 juvare
996 1269 1088 1298 vellet
1102 1275 1134 1297 ut
1149 1269 1186 1297 ad
1201 1268 1353 1307 incipien—

454 1321 524 1349 dum
547 1319 702 1348 licenciam
728 1319 758 1347 in
783 1318 921 1347 facultate
947 1325 1054 1357 posset
1077 1318 1232 1351 obtinere,
1265 1316 1351 1356 cujus

453 1369 639 1408 supplicacio
659 1368 713 1397 suit
727 1378 884 1401 concessa,
905 1367 990 1396 nullo
1006 1366 1200 1395 reclamante.
1219 1366 1258 1395 Et
1276 1376 1352 1405 sup-

453 1418 641 1457 plicaverunt
660 1417 805 1456 magister
825 1416 1006 1445 Guillelmus
1029 1416 1169 1444 Trebron
1190 1415 1300 1444 Scotus
1323 1422 1352 1444 et

451 1467 596 1506 magister
617 1466 783 1495 Goswinus
802 1466 838 1494 de
859 1465 998 1494 Masbum
1016 1475 1073 1504 pro
1089 1464 1238 1493 dilacione
1256 1474 1351 1503 pecu-

454 1516 503 1544 nie
521 1516 621 1544 debite
645 1515 765 1543 nacioni
785 1515 933 1553 predicte,
953 1524 1082 1553 quorum
1103 1513 1351 1552 supplicaciones

453 1571 538 1593 erant
560 1564 749 1602 interempte.
772 1563 811 1592 Et
832 1563 861 1591 in
883 1564 985 1591 eadem
1003 1562 1247 1602 congregacione
1266 1562 1352 1591 dedit

453 1613 599 1652 magister
626 1612 806 1642 Guillelmus
833 1612 1016 1641 Sudermont
1042 1612 1119 1640 duos
1147 1612 1268 1640 francos
1292 1621 1349 1650 pro

452 1662 599 1701 magistro
622 1662 760 1690 Gerardo
780 1662 817 1690 de
838 1660 977 1700 Trajecto
999 1660 1152 1695 inferiori,
1174 1666 1203 1689 et
1229 1660 1348 1699 aliquos

452 1711 548 1739 libros
568 1710 754 1750 presentavit
773 1710 904 1744 nacioni,
927 1710 978 1749 qui
999 1710 1151 1738 debebant
1171 1709 1274 1745 vendi,
1296 1709 1348 1748 qui

450 1760 520 1788 libri
538 1760 598 1788 dati
617 1766 702 1788 erant
720 1760 757 1788 ad
776 1760 967 1788 vendendum
988 1758 1134 1798 magistro
1155 1757 1295 1787 Gerardo
1310 1759 1348 1787 de

451 1808 629 1847 Herdewig.
656 1808 694 1837 Et
714 1808 813 1837 dictus
835 1808 980 1847 magister
1003 1807 1184 1836 Guillelmus
1206 1807 1347 1836 Trebron

451 1857 536 1892 dixit,
559 1858 584 1886 si
602 1864 709 1896 posset
723 1858 801 1896 ipse,
819 1857 975 1885 ordinaret
991 1867 1083 1886 unum
1099 1856 1279 1896 magistrum
1295 1856 1347 1896 qui

451 1907 632 1935 concederet
659 1907 778 1935 nacioni
802 1906 855 1935 XV
874 1907 1006 1939 francos,
1033 1912 1062 1934 et
1092 1912 1226 1934 sumeret
1249 1906 1287 1934 ad
1313 1915 1346 1934 se

449 1955 545 1984 libros
566 1961 684 1984 taxatos
704 1965 760 1994 per
778 1955 922 1984 librarios
943 1965 1041 1994 usque
1057 1955 1094 1983 ad
1107 1961 1222 1983 certum
1241 1955 1347 1983 termi-

448 2014 530 2038 num,
548 2010 577 2032 et
587 2004 714 2043 quilibet
732 2004 903 2033 debitorum
919 2004 970 2043 qui
983 2003 1084 2038 vellet,
1102 2004 1222 2032 interim
1239 2010 1347 2043 posset

449 2063 503 2081 sua
524 2053 654 2091 pignora
672 2053 832 2088 redimere,
852 2059 881 2082 et
900 2053 982 2092 quod
1006 2053 1135 2081 termino
1159 2053 1244 2081 finito
1269 2053 1345 2082 alios

447 2101 543 2130 libros
561 2109 667 2140 posset
685 2103 721 2130 ad
735 2112 819 2131 suam
832 2102 1015 2131 voluntatem
1026 2102 1169 2130 alienare.
1187 2101 1225 2131 Et
1240 2102 1270 2130 in
1287 2101 1345 2130 hoc

447 2160 552 2179 omnes
575 2150 625 2179 alii
646 2151 783 2190 magistri
802 2151 858 2179 hoc
874 2151 1031 2180 audientes
1049 2157 1283 2180 consenserunt.
1306 2151 1345 2180 Et

448 2199 473 2227 si
494 2199 551 2227 hoc
578 2209 637 2227 non
669 2206 776 2239 posset
803 2200 879 2234 fieri,
903 2206 974 2228 tunc
1002 2199 1186 2228 deliberacio
1220 2198 1343 2238 majoris

446 2248 542 2286 partis
561 2249 696 2277 nacionis
716 2249 771 2277 fuit
786 2250 866 2287 quod
884 2249 954 2277 libri
973 2249 1120 2277 deberent
1139 2249 1228 2277 simul
1249 2249 1343 2277 libra-

447 2297 501 2326 riis
518 2297 583 2325 dari
599 2307 654 2336 pro
671 2298 808 2335 pecunia,
825 2308 880 2336 pro
897 2308 955 2336 qua
971 2308 1023 2326 eos
1040 2304 1226 2326 taxaverunt.
1246 2297 1284 2326 Et
1299 2297 1343 2326 illi

446 2347 498 2384 qui
521 2347 642 2374 fuerunt
663 2346 796 2385 deputati
826 2347 862 2374 ad
886 2347 1077 2375 vendendum
1107 2347 1215 2381 libros,
1249 2347 1342 2375 eciam

447 2395 567 2423 suerunt
578 2395 713 2433 deputati
728 2396 765 2423 ad
780 2396 981 2424 ordinandum
1000 2396 1036 2424 de
1053 2395 1162 2430 literis,
1183 2396 1213 2424 in
1230 2396 1342 2434 quibus

446 2443 546 2482 aliqua
561 2443 662 2472 debita
678 2444 814 2472 nacionis
830 2445 1034 2473 continentur.

487 2492 556 2530 (Fol.
578 2492 650 2531 10¹³)
668 2492 741 2521 Item
760 2493 875 2521 decima
892 2493 997 2532 quinta
1014 2493 1063 2522 die
1079 2494 1193 2522 mensis
1210 2493 1341 2522 Novem-

447 2541 510 2569 bris
540 2542 615 2570 sacta
646 2542 889 2581 congregacione
917 2542 1053 2570 nacionis
1085 2543 1164 2581 apud
1199 2542 1341 2571 Sanctum

446 2589 458 2617 ,1
466 2589 595 2617 ulianum
612 2600 777 2629 pauperem
796 2591 832 2619 ad
851 2591 1024 2629 eligendum
1047 2597 1264 2629 procuratores
1285 2602 1341 2630 pro

448 2638 522 2666 sesto
553 2638 706 2673 Etmundi,
737 2639 823 2668 electi
860 2640 980 2668 fuerunt
1007 2640 1153 2678 magister
1189 2640 1340 2669 Henricus

446 2685 597 2725 Langhals
614 2693 642 2715 et
657 2688 802 2727 magister
813 2688 968 2717 Gerardus
981 2689 1018 2716 de
1035 2689 1147 2717 Kalkar
1158 2696 1186 2718 et
1199 2689 1340 2718 dominus

447 2741 586 2773 receptor
601 2736 747 2765 nacionis.
766 2737 805 2765 Et
820 2747 876 2775 pro
894 2743 965 2766 tunc
984 2738 1158 2776 assignatus
1171 2738 1267 2767 fuerat
1277 2745 1341 2767 ter-

446 2783 544 2811 minus
567 2785 717 2823 receptori
738 2786 851 2814 mensis
874 2786 1068 2824 computandi
1092 2796 1108 2815 a
1126 2786 1174 2815 die
1191 2787 1338 2825 predicta,

477 2893 498 2915 1.
535 2894 602 2916 Tunc
618 2894 669 2916 alio
690 2895 834 2918 charactere
856 2904 863 2918 :
883 2895 948 2923 Quia
968 2896 1077 2927 papirus
1095 2896 1160 2924 fluit,
1181 2897 1271 2920 eadem
1291 2905 1340 2928 que

447 2931 566 2951 secuntur
583 2929 607 2951 in
626 2930 705 2953 lutere
718 2930 777 2959 isto,
798 2931 823 2953 in
841 2931 958 2961 proximo
977 2932 1038 2955 folio
1054 2932 1226 2955 continentur.
1244 2933 1340 2956 Deinde

997 411 1218 438 AUCTARIUM
1239 409 1496 436 CHARTULARII
1515 409 1687 435 UNIVERS.
1710 409 1827 436 PARIS.

1393 929 1426 954 10

1391 1173 1424 1199 15

1389 1419 1422 1444 20

1387 1664 1420 1690 25

1384 1910 1418 1936 30

1382 2156 1415 2182 35

1380 2401 1413 2426 40

1379 2645 1412 2670 45

2317 414 2373 440 344

1466 485 1543 514 infra
1556 495 1646 524 quem
1659 486 1786 515 deberet
1797 486 1900 516 dicere
1914 487 2067 526 receptori
2081 487 2218 527 antiquo,
2229 489 2373 520 videlicet

1464 534 1612 573 magistro
1642 533 1787 570 Ernesto,
1817 545 1855 564 an
1880 535 1972 565 vellet
1998 546 2110 576 capere
2131 537 2229 566 libros
2253 544 2371 569 taxatos

1464 583 1502 611 ad
1524 592 1557 612 se
1582 589 1612 612 et
1631 584 1801 612 concedere
1826 584 1947 614 nacioni
1969 585 2023 614 XV
2045 586 2179 620 francos,
2208 586 2248 616 ita
2270 593 2371 617 tamen

1464 631 1547 670 quod
1573 631 1662 661 nacio
1683 642 1745 661 non
1764 633 1910 672 perderet
1935 633 1961 662 si
1994 643 2112 663 summa
2137 634 2311 665 debitorum
2337 646 2371 666 se

1464 681 1502 709 ad
1525 680 1596 719 plus
1614 681 1793 711 extenderet
1812 692 1903 721 quam
1924 683 1961 711 ad
1984 682 2038 712 XV
2058 683 2197 719 francos;
2223 684 2248 713 si
2271 691 2370 714 autem

1464 729 1611 768 magister
1640 729 1790 759 Ernestus
1822 730 1879 760 hoc
1901 731 1997 760 nollet
2023 732 2138 767 facere,
2173 739 2245 762 tunc
2272 732 2370 774 major

1463 788 1536 817 pars
1553 778 1690 807 nacionis
1703 779 1800 808 voluit
1814 780 1897 818 quod
1910 786 2053 820 receptor
2069 791 2128 820 pro
2147 787 2218 811 tunc
2234 782 2369 812 existens

1463 828 1590 856 deberet
1615 828 1784 857 concedere
1810 828 1866 858 XV
1889 829 2012 858 francos
2042 830 2163 859 nacioni
2197 837 2227 860 et
2258 841 2369 871 capere

1464 876 1560 905 libros
1571 877 1609 905 ad
1623 886 1672 911 se;
1688 877 1743 906 sed
1754 877 1834 906 infra
1843 878 2007 907 terminum
2019 879 2190 918 predictum
2203 879 2320 909 nullum
2330 881 2369 910 de

1463 925 1532 954 istis
1547 925 1635 954 libris
1653 926 1787 954 vendere
1805 926 1942 962 deberet,
1960 933 1992 956 ut
2009 927 2034 956 si
2051 928 2206 968 aliquibus
2220 928 2367 968 placeret,

1463 975 1546 1012 quod
1566 974 1687 1003 interim
1706 974 1857 1004 redimere
1877 982 2005 1014 possent
2022 976 2119 1006 libros
2129 989 2136 1013 ;
2161 978 2216 1006 sed
2237 978 2369 1007 termino

1463 1023 1568 1062 elapso
1589 1023 1626 1052 de
1645 1023 1707 1052 illis
1727 1023 1815 1052 libris
1837 1025 2065 1055 remanentibus
2089 1033 2198 1065 posset
2220 1027 2258 1055 ad
2280 1037 2368 1056 suum

1462 1071 1607 1111 placitum
1621 1073 1775 1102 ordinare.

1503 1121 1577 1150 Item
1607 1121 1725 1161 incepit
1747 1122 1906 1151 Arnoldus
1929 1123 1967 1151 de
1998 1122 2105 1152 Tricht
2133 1125 2191 1153 sub
2219 1124 2368 1164 magistro

1461 1169 1601 1199 Arnoldo
1617 1170 1713 1205 Neve,
1731 1170 1817 1210 cujus
1831 1171 1925 1200 bursa
1942 1171 1983 1201 IX
2001 1171 2104 1201 solidi.

1503 1218 1577 1248 Item
1593 1219 1663 1248 XIX
1682 1220 1731 1248 die
1748 1220 1863 1250 mensis
1877 1220 2010 1259 predicti
2028 1221 2105 1250 sacta
2121 1222 2367 1262 congregacione

1462 1268 1599 1297 nacionis
1634 1269 1772 1307 predicte
1809 1270 1889 1308 apud
1923 1269 2066 1299 Sanctum
2104 1270 2289 1300 Maturinum
2328 1272 2368 1301 ad

1461 1317 1643 1346 audiendum
1674 1325 1849 1357 computum
1873 1319 2045 1358 recepturis
2074 1325 2102 1348 et
2129 1320 2166 1348 ad
2191 1319 2367 1360 eligendum

1460 1373 1704 1404 procuratorem,
1720 1367 1867 1396 remansit
1877 1373 2021 1407 receptor
2031 1367 2185 1407 obligatus
2201 1368 2324 1398 nacioni
2334 1369 2366 1398 in

1460 1414 1556 1444 XXVI
1576 1415 1663 1445 libris
1678 1423 1707 1445 et
1721 1416 1752 1444 in
1765 1415 1849 1444 XVII
1869 1416 1977 1445 solidis
1993 1423 2023 1446 et
2035 1417 2066 1446 in
2081 1416 2137 1446 V11
2154 1417 2288 1447 denariis
2303 1417 2324 1447 ⁸.

1865 1509 1962 1540 1369

1525 1580 1596 1620 (Fol.
1628 1580 1675 1620 11)
1707 1579 1799 1610 Acta
1825 1581 2089 1620 procurator-ie
2122 1581 2292 1621 magistri

1607 1629 1787 1669 Heynrici
1810 1629 1878 1658 filii
1905 1630 2076 1670 magistri
2101 1630 2217 1659 Theo-

1726 1679 1845 1708 derici
1872 1679 1913 1708 de
1943 1679 2095 1708 Thenis.

1496 1758 1586 1788 Anno
1613 1758 1736 1788 Domini
1759 1758 1804 1787 M⁰
1831 1758 1925 1788 CCC⁰
1947 1758 2055 1793 LXIX,
2081 1758 2152 1788 XIX
2176 1758 2224 1788 die
2247 1759 2363 1789 mensis

1457 1807 1641 1837 Novembris
1657 1807 1732 1837 hora
1746 1807 1856 1847 prime,
1874 1808 1952 1836 facta
1964 1808 2208 1847 congregacione
2223 1808 2363 1838 nacionis

1455 1856 1626 1896 Anglicane
1653 1857 1734 1896 apud
1756 1856 1899 1886 Sanctum
1923 1856 2109 1885 Maturinum
2129 1857 2168 1886 ad
2186 1857 2362 1897 eligendum

1455 1912 1687 1945 procuratorem
1712 1911 1742 1935 et
1767 1906 1804 1934 ad
1830 1905 2014 1934 audiendum
2042 1912 2215 1944 compotum
2245 1906 2361 1936 domini

1455 1955 1638 1994 receptoris,
1656 1954 1771 1984 electus
1789 1954 1845 1984 fuit
1862 1954 2047 1983 unanimiter
2064 1954 2212 1994 magister
2229 1954 2360 1994 Heynri-

1455 2014 1509 2033 cus
1536 2003 1719 2032 Theoderici
1745 2004 1782 2032 de
1808 2003 1935 2038 Thenis,
1962 2003 1993 2032 in
2022 2002 2109 2043 cujus
2138 2004 2360 2043 procui-acione

1454 2059 1520 2082 aeta
1535 2054 1657 2082 suerunt
1670 2053 1725 2082 hec
1741 2062 1800 2092 que
1815 2058 1997 2092 sequuntur.

1493 2102 1598 2131 Primo
1621 2102 1725 2131 eadem
1746 2102 1807 2136 die,
1827 2101 1858 2130 in
1878 2102 2016 2141 profesto
2038 2101 2222 2137 Eadmundi,
2239 2101 2360 2131 delibe-

1453 2151 1531 2180 ravit
1559 2151 1647 2180 nacio
1671 2150 1869 2180 concorditer
1891 2150 2006 2179 intrare
2029 2151 2186 2179 tabernam
2204 2150 2235 2179 in
2259 2150 2359 2190 platea

1454 2200 1558 2229 Sancti
1577 2200 1684 2229 Jacobi
1699 2201 1729 2228 in
1742 2202 1881 2229 Salmone
1897 2206 1928 2229 et
1947 2199 2140 2239 consumpsit
2156 2199 2269 2228 ibidem
2286 2199 2357 2229 XXI

1453 2249 1570 2278 solidos
1584 2255 1614 2278 et
1630 2248 1701 2277 VIII
1721 2249 1876 2283 denarios,
1893 2249 1931 2277 de
1952 2248 2063 2288 quibus
2081 2248 2240 2287 predictus
2259 2247 2359 2288 magi-

1453 2305 1516 2327 ster
1538 2297 1712 2337 Heynricus
1734 2308 1792 2337 pro
1814 2298 1912 2337 prima
1935 2296 2000 2336 ejus
2021 2297 2243 2336 procuracione
2265 2296 2359 2327 solvit

1452 2348 1599 2381 francum,
1624 2353 1653 2376 et
1673 2346 1830 2375 residuum
1850 2346 2015 2376 voluerunt
2035 2346 2174 2385 magistri
2193 2352 2356 2385 presentes

1451 2406 1517 2425 cum
1534 2396 1680 2435 expensis
1698 2395 1793 2424 altera
1808 2395 1858 2424 die
1878 2395 1990 2424 ibidem
2009 2394 2157 2423 faciendis
2172 2395 2354 2434 computari.

1452 2445 1491 2474 Et
1506 2445 1615 2474 factum
1634 2445 1689 2473 fuit
1703 2445 1754 2474 ita.

1491 2494 1564 2522 Item
1582 2494 1613 2522 in
1629 2494 1678 2522 die
1694 2493 1880 2522 sanctissimi
1903 2492 2076 2522 Eadmundi
2096 2492 2180 2532 regis
2197 2491 2309 2531 Anglie
2323 2492 2356 2521 in

1450 2543 1544 2572 missa
1552 2553 1610 2582 pro
1619 2542 1894 2571 distribucionibus
1904 2542 2120 2581 magistrorum
2128 2541 2206 2570 dicte
2216 2541 2354 2571 nacionis

1450 2592 1592 2630 exposuit
1606 2598 1748 2630 receptor
1762 2590 1860 2620 XLIX
1873 2590 2002 2620 solidos.

1491 2641 1564 2670 Item
1592 2641 1622 2669 in
1653 2640 1784 2679 prandio
1813 2646 1920 2668 nostro
1957 2639 2061 2668 eadem
2093 2639 2142 2668 die
2168 2639 2199 2667 in
2223 2640 2354 2677 hospicio

1449 2691 1596 2719 Salmonis
1610 2689 1752 2718 omnibus
1769 2688 1951 2727 computatis
1962 2687 2106 2727 exposuit
2117 2688 2197 2716 idem
2210 2693 2354 2727 receptor

1449 2738 1537 2767 XIIII
1554 2739 1661 2773 libras,
1678 2738 1720 2767 111
1738 2737 1855 2767 solidos
1873 2743 1903 2766 et
1915 2736 1955 2765 VI
1974 2737 2129 2765 denarios.

1491 2788 1564 2817 Item
1580 2788 1610 2816 in
1624 2788 1730 2816 eodem
1747 2787 1824 2815 festo
1836 2792 1906 2825 post
1922 2786 2082 2824 prandium
2099 2785 2192 2814 solvit
2206 2785 2354 2825 magister

1447 2900 1562 2929 sequitur
1572 2897 1656 2920 adhuc
1668 2897 1694 2920 ιίι
1707 2897 1795 2920 eadem
1804 2895 1905 2928 pagina
1913 2895 2069 2927 principium
2082 2895 2207 2924 rubricae,
2221 2903 2287 2927 quae
2300 2903 2353 2919 ma-

1445 2933 1487 2965 gis
1499 2933 1616 2965 explicite
1631 2932 1675 2964 fol.
1689 2933 1726 2961 11,
1739 2932 1868 2964 repetitur.
