2632 3464
433 423 483 447 131

473 496 547 524 Item
575 496 718 525 dominus
750 495 920 535 Hilgherus
948 497 985 525 de
1012 496 1128 536 Campo
1154 497 1191 525 de
1217 496 1348 526 Colonia

430 546 490 574 sub
506 545 614 573 eodem
630 545 791 585 magistro,
809 544 896 585 cujus
911 546 1006 574 bursa
1022 545 1048 573 V
1065 545 1168 574 solidi.

473 594 547 623 Item
563 594 707 623 dominus
721 594 935 623 Theodoricus
952 595 990 623 de
1000 594 1154 622 Alcmaria
1168 595 1227 623 sub
1247 593 1348 633 magi-

430 649 498 672 stro
515 643 712 672 Theoderico
730 643 845 678 Bon-e,
862 642 949 682 cujus
965 644 1060 672 bursa
1076 643 1109 671 V*
1119 642 1221 671 solidi.

473 692 548 721 Item
578 693 678 731 prima
713 693 762 721 die
786 691 890 731 jovis⁴
928 692 959 720 in
995 691 1241 731 Quadragesima
1271 692 1349 720 facta

432 741 679 781 congregacione
698 741 850 770 facultatis
867 747 897 770 et
911 741 1051 770 nacionis
1069 751 1127 779 pro
1143 740 1347 779 supplicacio—

431 791 534 825 nibus,
571 790 757 830 supplicavit
786 790 908 819 nacioni
926 792 927 795 ’
943 790 1091 829 magister
1123 789 1280 818 Johannes
1309 790 1347 818 de

429 839 572 869 Wesalia
594 849 652 878 pro
675 839 776 878 primo
806 839 960 868 bacelario
989 839 1187 868 concedendo
1214 849 1231 867 a
1256 838 1347 867 facul-

431 895 503 924 tate,
521 899 610 928 quem
628 888 687 917 sibi
704 888 792 916 nacio
809 888 1007 917 concorditer
1022 887 1188 916 concessit.

472 939 547 967 Item
568 938 644 966 facta
668 937 915 976 congregacione
939 937 1080 966 nacionis
1100 937 1150 965 die
1171 935 1264 965 lune²
1289 947 1346 975 pro

431 987 722 1026 supplicationibus,
734 986 988 1025 supplicaverunt
997 986 1144 1025 magister
1155 985 1300 1015 Galterus
1309 987 1347 1014 de

432 1036 619 1065 VVarderlau
647 1046 704 1074 pro
733 1035 889 1075 Stephano
914 1035 1120 1074 Langlandis‚
1146 1041 1176 1063 et
1199 1035 1347 1074 magister

430 1084 588 1115 Johannes
608 1086 644 1113 de
665 1084 805 1113 Wesalia
824 1094 883 1124 pro
904 1084 1074 1113 Wilhelmo
1094 1085 1132 1112 de
1151 1084 1296 1113 Treveris
1318 1090 1348 1113 et

432 1145 488 1173 pro
519 1134 671 1173 Hilghero
703 1134 741 1162 de
777 1133 922 1167 Colonia,
957 1134 1041 1172 quod
1074 1133 1163 1162 nacio
1194 1133 1347 1172 reciperet

431 1184 562 1223 pignera
578 1193 636 1222 pro
656 1183 760 1212 bursis
779 1193 836 1222 pro
852 1182 1184 1217 determinacionibus,
1202 1183 1285 1221 quod
1301 1182 1346 1211 eis

431 1233 520 1261 nacio
539 1232 738 1261 concorditer
753 1232 920 1261 concessit.

471 1282 546 1310 Item
558 1281 747 1320 supplicavit
759 1281 903 1310 dominus
915 1281 1128 1310 Theodoricus
1141 1282 1178 1309 de
1193 1281 1345 1309 Alcmaria

430 1332 462 1360 in
477 1331 534 1360 alia
554 1330 801 1370 congregacione
820 1340 877 1369 pro
894 1330 1028 1359 induciis
1043 1339 1166 1359 suarum
1182 1331 1346 1359 bursarum

430 1391 488 1420 pro
502 1380 774 1413 determinacione‚
786 1390 845 1418 que
858 1390 891 1409 se
904 1380 1111 1408 extendebant
1124 1380 1161 1408 ad
1175 1379 1233 1408 tria
1247 1385 1344 1414 scuta,

430 1440 507 1469 quas
525 1429 666 1458 inducias
684 1429 773 1458 nacio
793 1429 852 1458 sibi
870 1429 1026 1457 concessit
1042 1439 1140 1467 usque
1159 1429 1195 1457 ad
1212 1428 1346 1457 domini-

429 1489 495 1507 cam
515 1482 633 1512 Letare‚
649 1478 738 1517 prius
755 1478 859 1506 habito
873 1477 1069 1517 fidejussore,
1084 1477 1196 1507 sillicet
1209 1477 1346 1506 Henrico

431 1534 557 1557 tonsore
582 1537 770 1566 pannorum,
796 1527 848 1566 qui
865 1527 925 1556 fide
946 1527 1078 1566 prestita
1099 1527 1295 1566 procuratori
1317 1533 1347 1556 et

431 1577 552 1606 nacioni
569 1587 627 1616 pro
644 1577 744 1605 tribus
763 1577 859 1605 scutis
878 1575 1042 1615 fidejussit.

471 1626 546 1655 Item
585 1625 839 1664 supplicaverunt
870 1626 1013 1654 dominus
1045 1626 1193 1665 Cyfridus
1227 1626 1286 1654 Lof
1309 1627 1346 1654 de

430 1675 623 1704 Monasterio
641 1681 671 1703 et
689 1675 832 1703 dominus
850 1674 1004 1703 Henricus
1020 1675 1058 1703 de
1075 1674 1161 1703 Wila
1177 1685 1235 1714 pro
1255 1675 1346 1703 indu-

430 1724 487 1753 ciis
512 1725 676 1753 bursarum
699 1724 737 1752 de
761 1723 890 1752 licencia
914 1730 943 1752 et
969 1723 1160 1763 magisterio,
1184 1734 1260 1763 quas
1285 1724 1345 1753 sibi

430 1773 518 1802 nacio
540 1774 597 1802 sub
618 1768 764 1801 caucione
786 1779 815 1801 et
833 1774 963 1812 quadam
983 1773 1165 1802 condicione
1186 1773 1343 1812 apposita,

430 1823 548 1851 scilicet
569 1823 653 1861 quod
676 1821 807 1861 quilibet
826 1832 931 1851 eorum
952 1823 995 1850 40‘
1015 1823 1127 1851 bursas
1148 1823 1178 1850 in
1201 1828 1346 1861 prompto

429 1872 565 1900 solveret
588 1881 686 1910 usque
708 1872 745 1900 ad
765 1872 874 1900 festum
895 1871 1097 1900 Pentecostes
1118 1872 1184 1900 sine
1205 1871 1345 1900 ulteriori

429 1921 595 1955 dilacione,
611 1921 778 1949 concessit.

470 1970 544 1998 Item
564 1970 744 1998 licenciatus
766 1970 822 1998 fuit
845 1970 988 1998 dominus
1012 1969 1159 2008 Cysridus
1178 1971 1215 1998 de
1237 1970 1346 1998 Mona-

429 2019 526 2048 sterio
539 2019 640 2048 dictus
655 2019 715 2047 Lof
725 2020 782 2048 sub
794 2019 942 2058 magistro
954 2018 1092 2048 Johanne
1107 2020 1144 2048 de
1157 2019 1263 2053 Dacia,
1274 2026 1346 2048 tunc

430 2072 560 2103 rectore,
579 2067 666 2107 cujus
683 2069 815 2097 bursa...

472 2118 545 2146 Item
569 2117 749 2146 licenciatus
775 2117 831 2146 fuit
856 2117 999 2146 dominus
1024 2117 1179 2146 Henricus
1203 2119 1240 2146 de
1261 2117 1345 2147 Wila

429 2168 486 2195 sul)
512 2167 662 2206 magistro
684 2166 867 2195 Gherhardo
892 2167 929 2195 de
953 2167 1111 2205 Bosseyo,
1138 2166 1225 2205 cujus
1251 2168 1346 2196 bursa

430 2215 456 2243 V
473 2215 577 2244 solidi.

471 2265 544 2293 Item
568 2264 748 2293 licenciatus
771 2264 826 2293 fuit
847 2264 990 2293 dominus
1008 2265 1165 2294 ,Iohannes
1185 2266 1222 2294 de
1245 2265 1345 2294 Lova-

429 2314 480 2342 nio
498 2314 555 2342 sub
571 2314 720 2352 magistro
735 2313 874 2342 Johanne
889 2314 926 2342 de
940 2313 1091 2349 Wesalia,
1108 2313 1194 2353 cujus
1210 2315 1305 2343 bursa
1323 2338 1342 2342 ..

471 2363 545 2392 Item
561 2362 741 2391 licenciatus
759 2363 813 2391 fuit
831 2363 975 2392 dominus
988 2363 1176 2392 Wilhelmus
1191 2364 1228 2392 de
1244 2364 1344 2393 Novo-

429 2412 530 2451 magio
547 2413 603 2441 sub
623 2413 729 2440 eodem
750 2412 910 2451 magistro,
931 2411 1018 2450 cujus
1030 2413 1132 2442 'bursa
1147 2415 1174 2441 V
1192 2413 1295 2441 solidi.

469 2461 542 2490 Item
557 2461 700 2489 dominus
716 2461 870 2489 Henricus
889 2462 926 2490 de
939 2461 1024 2490 Wila
1042 2462 1158 2500 incepit
1176 2463 1234 2491 sub
1251 2462 1344 2502 magi-

429 2516 494 2538 stro
512 2510 653 2538 Johanne
670 2511 707 2538 de
724 2509 875 2544 Wesalia,
894 2509 982 2549 cujus
999 2511 1094 2539 bursa
1109 2510 1135 2539 V
1151 2510 1254 2540 solidi.

470 2563 544 2591 Item
567 2563 711 2592 dominus
739 2563 930 2592 Remboldus
954 2564 990 2592 de
1018 2564 1141 2602 Lenepe
1163 2564 1343 2593 licenciatus

430 2611 485 2640 suit
507 2613 564 2640 sub
588 2612 737 2651 magistro
764 2612 908 2641 Conrado
932 2613 969 2640 de
993 2612 1114 2648 Suecia,
1137 2612 1223 2652 cujus
1249 2614 1343 2642 bursa

429 2661 454 2688 V
473 2661 576 2689 solidi.

471 2711 544 2738 Item
561 2710 705 2739 dominus
722 2710 870 2749 Cyfridus
889 2711 948 2739 Lof
965 2711 1002 2739 de
1017 2710 1208 2740 Monasterio
1227 2711 1344 2751 incepit

430 2760 486 2787 sub
505 2759 653 2798 magistro
673 2759 812 2788 Johanne
829 2760 866 2788 de
885 2759 994 2794 Dacia,
1013 2766 1084 2789 tunc
1100 2766 1236 2796 rectore,
1256 2759 1342 2801 cujus

430 2809 523 2836 bursa
540 2808 565 2836 V
582 2808 684 2837 solidi.

462 2914 483 2936 1.
519 2914 549 2935 26
561 2913 705 2938 Februarii.

461 2949 485 2971 2.
520 2950 533 2971 ‘2
549 2948 646 2972 Martii.

977 422 1200 448 AUCTARIUM
1223 421 1483 449 CHARTULARII
1504 423 1677 450 UNIVERS.
1701 424 1818 451 PARIS.

1403 695 1419 721 5

1388 941 1419 966 10

1385 1185 1418 1211 15

1384 1432 1419 1457 20

1384 1677 1418 1703 25

1383 1923 1418 1949 30

1383 2169 1416 2194 35

1383 2415 1416 2440 40

1382 2659 1416 2685 45

2314 427 2365 452 132

1499 497 1573 526 Item
1597 498 1813 528 determinavit
1834 499 1977 528 dominus
2001 499 2094 528 Sulco
2118 500 2156 528 de
2181 499 2281 539 Praga
2308 501 2366 529 sub

1457 546 1605 585 magistro
1619 547 1747 577 Alberto
1763 548 1801 577 de
1813 547 1980 584 Yeschow,
1995 546 2082 587 cujus
2096 548 2191 577 bursa
2205 547 2246 576 VI
2261 548 2364 578 solidi.

1497 594 1572 624 Item
1589 596 1620 624 in
1635 597 1767 635 quodam
1783 597 1914 636 prandio
1927 596 1959 625 in
1971 597 2063 626 domo
2077 597 2208 626 rectoris
2224 597 2367 626 dominus

1457 651 1600 683 receptor
1613 646 1757 684 exposuit
1771 656 1829 685 pro
1845 646 1974 675 nacione
1989 645 2086 675 XXVI
2102 645 2230 675 solidos.

1826 754 1828 760 ν
1864 740 1962 769 1349

1459 808 1699 846 [Procuratio
1730 810 1903 854 magistri
1937 810 2094 839 Henrici
2131 811 2172 839 de
2209 810 2366 849 Minda.]

1497 888 1588 918 Anno
1615 889 1740 918 Domini
1769 889 2034 925 M⁰CCG⁰XL1X⁰‚
2064 890 2113 919 die
2142 889 2272 919 martis³
2299 896 2368 920 ante

1457 938 1566 967 festum
1586 938 1683 967 sancti
1700 938 1857 978 Gregorii,
1875 939 1952 968 facta
1964 939 2211 979 congregacione
2228 939 2368 968 nacionis

1457 986 1628 1026 Anglicane
1643 987 1726 1026 apud
1742 987 1885 1017 Sanctum
1902 987 2056 1017 Julianum
2072 998 2239 1028 pauperem
2257 988 2295 1016 ad
2310 987 2368 1017 eli-

1456 1037 1591 1075 gendum
1608 1042 1852 1075 procuratorem,
1876 1036 1991 1066 electus
2011 1037 2067 1066 fuit
2086 1037 2118 1066 in
2134 1043 2368 1076 procuratorem

1457 1084 1594 1124 ejusdem
1609 1085 1749 1114 nacionis
1768 1091 1798 1114 et
1815 1086 2009 1115 continuatus
2025 1086 2080 1115 fuit
2094 1086 2242 1126 magister
2257 1085 2368 1115 Henri-

1456 1144 1511 1163 cus
1536 1135 1574 1163 de
1598 1134 1705 1163 Minda
1727 1135 1765 1163 de
1788 1135 1949 1174 provincia
1974 1135 2107 1164 Saxonie
2132 1135 2217 1164 nullo
2243 1135 2368 1174 penitus

1456 1183 1653 1212 reclamante.

1497 1233 1602 1262 Primo
1624 1233 1840 1263 determinavit
1859 1233 2001 1264 dominus
2019 1233 2220 1263 Gherhardus
2242 1233 2368 1272 Lenghe

1458 1283 1514 1311 sub
1546 1282 1695 1321 magistro
1727 1282 1867 1312 Johanne
1896 1284 1935 1312 de
1968 1282 2124 1318 Wesalia,
2153 1281 2241 1322 cujus
2274 1283 2370 1311 bursa

1457 1331 1516 1360 1111
1537 1331 1639 1360 solidi.

1497 1380 1572 1410 Item
1593 1381 1736 1409 dominus
1755 1380 1910 1410 Henricus
1932 1382 1969 1409 de
1991 1380 2120 1410 Colonia
2141 1381 2198 1409 sub
2218 1380 2368 1419 magistro

1456 1429 1592 1459 Henrico
1609 1430 1647 1459 de
1663 1430 1779 1465 Minda,
1798 1429 1883 1470 cujus
1899 1431 1994 1459 bursa
2009 1430 2146 1470 quinque
2162 1429 2266 1459 solidi.

1497 1479 1572 1508 Item
1609 1480 1686 1508 facta
1717 1479 1963 1519 congregacione
1993 1479 2132 1518 generali
2169 1485 2199 1508 et
2228 1478 2368 1507 nacionis

1454 1528 1626 1568 Anglicane
1649 1529 1731 1567 apud
1754 1528 1898 1557 Sanctum
1921 1528 2107 1558 Maturinum
2129 1538 2186 1567 pro
2210 1527 2368 1567 supplica-

1456 1578 1609 1613 cionibus,
1623 1577 1877 1617 supplicaverunt
1890 1574 2038 1617 magister
2051 1577 2198 1616 Cysridus
2209 1578 2247 1606 de
2263 1576 2368 1605 Mona-

1456 1627 1551 1656 sterio
1563 1627 1664 1656 dictus
1680 1627 1777 1656 Lofet
1792 1627 1941 1666 magister
1955 1627 2111 1656 Hem-icus
2122 1627 2159 1655 de
2173 1626 2269 1660 wila,
2285 1626 2367 1665 quod

1457 1676 1483 1705 si
1509 1676 1705 1715 contingeret
1728 1676 1861 1715 aliquem
1890 1676 2024 1705 rotulum
2049 1675 2127 1705 mitti
2152 1676 2191 1704 ad
2217 1684 2368 1704 summum

1456 1725 1631 1765 pontificem
1651 1735 1710 1765 pro
1728 1725 2013 1764 supplicacionibus
2035 1724 2249 1764 provisionum
2269 1723 2368 1763 magi-

1456 1781 1602 1809 strorum,
1618 1775 1701 1814 quod
1713 1774 1773 1814 ipsi
1789 1774 2063 1814 interponerentur
2073 1774 2183 1803 solutis
2195 1772 2366 1807 solvendis,

1456 1825 1539 1863 quod
1561 1824 1606 1853 eis
1631 1823 1720 1853 nacio
1742 1824 1939 1853 concorditer
1963 1823 2120 1852 concessit
2138 1823 2222 1852 nullo
2244 1822 2367 1862 penitus

1455 1873 1650 1902 reclamante.

1498 1923 1572 1951 Item
1592 1922 1772 1952 licenciatus
1788 1922 1844 1951 suit
1863 1921 2007 1950 dominus
2025 1920 2207 1950 Florencius
2223 1920 2366 1960 Hugonis

1457 1971 1558 2011 Spaen
1578 1973 1634 2001 sub
1650 1971 1799 2010 magistro
1817 1970 1956 2000 Johanne
1972 1971 2008 2000 de
2025 1970 2130 2005 Dacia,
2145 1977 2218 1999 tunc
2233 1976 2366 2004 rectore,

1455 2020 1542 2060 cujus
1558 2017 1652 2050 bursa
1668 2020 1727 2049 IIII
1746 2020 1850 2049 solidi.

1496 2070 1570 2099 Item
1592 2070 1779 2109 supplicavit
1799 2069 1942 2098 dominus
1965 2069 2135 2109 Hilgherus
2158 2069 2196 2097 de
2218 2067 2365 2102 Colonia,

1455 2130 1522 2148 cum
1543 2120 1610 2159 ipse
1629 2125 1712 2148 esset
1730 2129 1915 2148 recessurus
1936 2119 1975 2147 ad
1993 2124 2115 2158 partes,
2133 2123 2284 2157 quatenus
2307 2116 2366 2146 sibi

1455 2169 1660 2198 redderentur
1683 2168 1815 2207 pignera
1843 2177 1900 2207 pro
1928 2168 2033 2196 bursis
2063 2166 2199 2206 obligata
2226 2165 2364 2200 nacioni,

1454 2218 1638 2257 promittens
1656 2218 1739 2256 quod
1756 2218 1880 2256 quando
1897 2217 1997 2256 primo
2013 2216 2082 2245 illas
2097 2217 2208 2245 bursas
2227 2215 2365 2250 haberet,

1455 2277 1511 2306 per
1532 2277 1620 2296 suum
1634 2265 1840 2306 juramentum
1858 2266 1979 2295 nacioni
2000 2265 2184 2300 destinaret,
2202 2265 2285 2304 quod
2306 2263 2366 2307 sibi

1454 2316 1542 2345 nacio
1557 2316 1754 2345 concorditer
1767 2315 1934 2345 concessit.

1495 2365 1569 2393 Item
1590 2365 1707 2404 incepit
1726 2364 1869 2393 dominus
1891 2363 2073 2393 Florencius
2099 2362 2241 2403 Hugonis
2264 2362 2366 2402 Spaen

1455 2415 1512 2442 sub
1528 2414 1677 2453 magistro
1694 2413 1833 2442 Johanne
1849 2414 1886 2442 de
1904 2413 2014 2447 Dacia,
2032 2419 2104 2442 tunc
2124 2418 2261 2447 rectore,
2278 2410 2366 2451 cujus

1454 2465 1548 2492 bursa
1564 2462 1624 2492 IIII
1643 2463 1745 2492 solidi.

1494 2513 1569 2541 Item
1596 2513 1626 2541 in
1652 2513 1784 2551 quodam
1811 2511 1944 2551 prandio
1969 2511 2000 2539 in
2033 2512 2195 2540 Golcelterio
2223 2509 2366 2549 exposuit

1453 2562 1596 2591 dominus
1614 2568 1759 2601 receptor
1776 2571 1833 2600 pro
1851 2561 1980 2589 nacione
1996 2559 2111 2588 XXXII
2129 2559 2258 2588 solidos.

1494 2611 1569 2640 Item
1599 2611 1630 2639 in
1660 2611 1790 2650 quadam
1825 2609 2071 2650 congregacione
2103 2609 2184 2647 apud
2221 2608 2365 2637 Sanctum

1452 2660 1607 2690 Julianum
1642 2659 1824 2689 deliberavit
1862 2658 1949 2688 nacio
1989 2659 2072 2698 quod
2104 2657 2240 2686 ssorenus
2276 2658 2366 2686 datus

1454 2709 1575 2738 nacioni
1595 2719 1653 2749 per
1674 2709 1855 2748 magistrum
1872 2707 2067 2736 Florencium
2090 2706 2121 2735 in
2147 2707 2242 2736 missa
2265 2706 2296 2734 in
2316 2706 2365 2735 die

1454 2759 1531 2787 festo
1549 2757 1811 2787 Annunciacionis
1830 2758 1918 2786 beate
1938 2756 2036 2785 Marie
2054 2755 2187 2795 virginis
2207 2754 2366 2795 magistris

1454 2807 1651 2847 presentibus
1669 2807 1918 2836 distribueretur.

1484 2915 1507 2938 3.
1542 2915 1572 2937 10
1582 2913 1680 2937 Martii.
