2632 3464
285 433 338 460 529

285 515 436 550 cognatus
456 519 551 549 pape,
572 510 700 539 deberet
717 508 824 549 jurare
845 510 1012 539 secundum
1033 509 1115 548 quod
1140 508 1192 538 alii

285 558 425 598 magistri
442 558 514 587 novi
534 558 566 587 in
584 557 748 598 theologya
766 564 1004 588 consueverunt.
1025 557 1095 588 Fuit
1113 557 1192 587 deli-

233 636 236 639 .
284 607 423 637 beratum
456 607 653 637 concorditer
682 617 740 647 per
769 616 876 636 omnes
909 607 1054 636 naciones
1065 629 1073 642 ,
1108 607 1191 646 quod

286 655 341 686 sic.

323 704 398 734 Item
415 704 532 735 xxm·
548 705 598 735 die
617 705 803 735 Novembris
821 705 898 734 faeta
914 705 969 734 suit
983 704 1190 745 congregacio

282 752 503 783 Universitatis
517 754 556 783 ad
574 753 719 784 Sanctum
737 753 918 783 Matulinum
939 763 1034 793 super
1057 760 1191 793 quatuor

281 801 430 832 articulis.
456 802 580 835 Primus
601 809 667 832 erat
687 803 726 832 ad
746 802 932 832 audiendum
952 802 1058 832 literas
1077 803 1189 832 missas

280 851 319 879 de
333 851 486 881 Avinione
499 851 522 886 ¹,
539 861 599 891 que
612 852 735 881 suerunt
751 851 839 886 lecte,
857 857 887 881 et
901 851 977 881 satis
993 851 1048 881 fuit
1061 862 1188 882 concor-

279 900 381 929 datum
396 906 429 929 ut
439 900 666 930 rescriberetur
679 909 717 929 ex
729 900 1025 939 superhabundanti.

320 947 403 978 Item·
417 949 455 978 de
479 949 567 979 factis
590 955 621 979 et
643 949 778 979 narratis
801 949 942 989 magistri
967 949 1124 980 Francisci
1149 951 1186 980 de

279 996 392 1027 Sancto
405 997 556 1027 Michaele
573 998 696 1028 suerunt
710 997 771 1027 dati
786 998 935 1038 deputati,
952 999 1026 1038 quid
1042 1005 1187 1039 ageretur

277 1045 316 1075 de
333 1045 402 1076 istis
414 1045 537 1076 litteris.

317 1093 392 1124 item
407 1095 446 1124 de
462 1095 650 1125 abusoribus
672 1096 795 1125 suerunt
811 1096 874 1126 dati
889 1097 1026 1136 deputati
1041 1097 1185 1127 omnibus

276 1143 480 1173 facultatibus.
510 1143 652 1174 Facultas
677 1144 891 1184 theologorum
918 1155 980 1174 non
1002 1145 1185 1176 deliberavit

275 1201 371 1231 super
386 1193 445 1222 isto
463 1199 592 1232 propter
609 1193 791 1232 paucitatem
809 1204 925 1224 eorum.

315 1241 389 1271 Item
409 1241 564 1282 sigilliferi
580 1242 741 1272 excusacio
761 1242 932 1273 habebatur
947 1253 1006 1283 pro
1021 1243 1182 1274 sufficienti

273 1299 311 1320 ex
327 1290 444 1330 gracia.

313 1338 388 1368 Item
404 1339 654 1379 supplicaciones
668 1350 726 1380 pro
741 1340 891 1371 citatoriis
909 1341 1031 1372 suerunt
1046 1342 1181 1372 admisse

273 1397 330 1427 pro
345 1388 490 1418 omnibus
505 1388 764 1429 supplicantibus.

312 1436 386 1466 Item
406 1447 487 1467 anno
502 1447 564 1477 quo
579 1447 684 1477 supra,
701 1439 840 1477 proxima
855 1439 905 1468 die
916 1437 930 1457 ²
943 1446 1016 1479 post
1030 1440 1179 1479 [festumJ.

271 1483 378 1525 Eligii,
393 1485 509 1525 incepit
525 1486 668 1516 dominus
687 1486 799 1517 Petrus
817 1487 855 1516 de
870 1487 1076 1522 Amsterdam,
1093 1489 1180 1530 cujus

270 1533 364 1569 bursa
390 1534 527 1575 quinque
556 1534 726 1565 solidorum
755 1542 785 1565 et
812 1543 944 1576 quatuor
969 1538 1176 1568 denariorum.

269 1581 380 1614 Solvit.

310 1630 384 1661 ltem
419 1631 503 1662 xvi·
533 1633 583 1663 die
617 1633 799 1663 Decembris
826 1635 902 1664 facta
931 1636 1179 1675 congregacione

268 1680 410 1710 nacionis
445 1681 483 1711 ad
518 1681 663 1712 Sanctum
693 1682 847 1713 sulianum
881 1694 1046 1723 pauperem
1085 1695 1180 1725 super

266 1729 389 1760 duobus
407 1730 557 1766 articulis,
577 1730 696 1771 primus
714 1738 780 1762 erat
795 1732 835 1762 ad
854 1733 1037 1763 audiendum
1054 1744 1179 1774 compu-

266 1783 330 1807 tum
346 1778 531 1818 receptoris.
554 1779 594 1809 Et
610 1787 754 1820 computo
775 1781 854 1811 facto
876 1782 1020 1812 dominus
1036 1790 1180 1822 receptor

266 1826 378 1857 mansit
392 1828 510 1858 debens
525 1828 648 1859 nacioni
667 1829 722 1868 [in]
740 1829 768 1859 11
790 1830 897 1867 libris,
912 1830 996 1860 xvn
1020 1832 1130 1862 solidis
1148 1837 1179 1862 et

267 1874 308 1905 lx
324 1875 472 1906 denariis.

306 1923 468 1955 Secundus
492 1925 642 1956 articulus
668 1933 734 1957 erat
760 1928 799 1957 ad
823 1927 1001 1968 eligendum
1026 1940 1177 1969 procura-

264 1978 374 2003 torem.
390 1973 430 2003 Et
444 1974 640 2005 continuatus
653 1975 710 2006 suit
723 1977 873 2017 magister
891 1977 1123 2010 Cholomannus
1137 1981 1175 2010 de

263 2021 402 2052 Austria.

673 2096 770 2127 18⁷8

301 2168 393 2199 Anno
429 2169 554 2200 Domini
583 2170 628 2200 Μ’
662 2171 758 2203 CCC⁰
782 2174 1012 2214 septuagesimo
1045 2182 1171 2212 octavo,

261 2216 368 2257 quinta
391 2218 442 2248 die
464 2219 600 2249 lanuarii
626 2221 703 2251 facta
723 2221 778 2252 suit
801 2224 1007 2264 congregacio
1031 2225 1172 2256 nacionis

260 2266 431 2307 Anglicane
445 2268 483 2298 ad
499 2268 644 2299 Sanctum
660 2269 846 2301 Maturinum
860 2273 897 2302 ad
910 2271 1083 2303 habendum
1099 2285 1171 2304 con-

261 2314 363 2345 silium
380 2316 419 2346 de
436 2318 530 2347 modo
549 2318 681 2348 adeundi
705 2320 862 2350 dominum
885 2321 1100 2361 imperatorem
1112 2322 1125 2342 ⁸
1141 2330 1171 2353 et

260 2363 467 2404 peticionibus
485 2365 597 2397 fiendis
617 2368 726 2398 eidem.
750 2367 790 2399 Et
809 2376 896 2400 erant
913 2376 992 2400 tacte
1012 2377 1075 2402 tres
1093 2372 1170 2412 peti-

260 2412 376 2443 ciones.
394 2413 499 2444 Prima
512 2415 551 2445 de
566 2416 738 2446 mutacione
755 2418 890 2448 nominis
903 2418 1042 2450 nacionis
1058 2420 1169 2461 Angli-

259 2471 335 2491 cane
366 2462 398 2492 in
426 2472 538 2493 nomen
569 2465 708 2495 nacionis
739 2465 960 2498 Almannorum
972 2467 996 2498 ⁴.
1027 2469 1168 2500 Secunda

259 2510 370 2550 peticio
381 2517 458 2548 erat,
470 2519 622 2552 quatenus
630 2514 812 2554 dignaretur
822 2516 959 2546 scribere
968 2526 1026 2557 pro
1039 2518 1168 2549 nacione

259 2559 297 2588 ad
317 2559 462 2590 domnum
481 2562 720 2602 appostolicum,
743 2570 778 2594 ut
794 2572 933 2595 cessaret
953 2565 1004 2596 illa
1023 2567 1168 2607 opressio

259 2607 408 2639 examinis
426 2608 538 2640 Sancte
556 2611 722 2642 Genoveffe
733 2612 757 2649 θ,
774 2614 942 2644 secundum
962 2616 1045 2655 quod
1067 2616 1166 2646 nostri

289 2699 312 2726 1-
348 2699 439 2733 vtique
454 2709 471 2726 a
486 2702 605 2728 Har-ilio
616 2703 649 2728 de
663 2703 764 2736 inghen
779 2705 879 2736 misnae,
892 2706 939 2739 qui
950 2710 978 2731 ue
993 2708 1093 2733 vitietur
1106 2710 1168 2734 tune

258 2733 310 2759 adh
314 2742 347 2759 ue
355 2736 484 2761 Aaaeaetoue
492 2738 651 2764 morabatur.

288 2770 312 2794 2.
345 2771 524 2797 'Decembn'm

287 2806 311 2830 8.
344 2806 469 2832 Cau-oium
487 2808 529 2837 W,
546 2817 603 2833 eam
618 2809 778 2836 wenceslao.
797 2813 824 2837 ln
839 2813 916 2837 Arcti.
938 2817 992 2838 aaz.
1009 2815 1092 2839 Parin.
1110 2816 1164 2844 ΧΗ,

256 2840 315 2866 ¹471
328 2841 435 2874 (Gon).
444 2843 492 2875 sol.
503 2845 528 2872 ὅ,
541 2844 565 2868 le
582 2845 634 2869 itur
643 2846 680 2870 ad
688 2855 732 2871 aa.
744 2847 814 2877 1³77,
827 2849 853 2872 21
867 2850 993 2878 Dec-emb..
1007 2850 1078 2882 quod
1090 2855 1166 2876 vat-at

256 2876 330 2901 eurt-
344 2884 392 2909 ρετ
408 2877 549 2904 adventum
577 2881 744 2912 inperatorio.
758 2884 879 2908 Ianuarii
892 2885 907 2908 ἰ
920 2893 963 2911 an.
979 2885 1038 2910 1878
1051 2887 1164 2911 Paridon

257 2911 376 2941 iurauit,-
387 2913 510 2938 Ianuaria·
522 2916 682 2948 uptus-dium
698 2917 724 2942 ίιι
739 2917 795 2950 cjue
806 2918 934 2943 honorem.
948 2921 1072 2945 Manebat
1085 2930 1164 2954 usque

256 2947 293 2971 ad
302 2947 331 2971 ss
341 2948 469 2973 Ianuarii.
484 2949 538 2974 rid.
547 2950 745 2982 thxnuumt.
757 2954 821 2979 Actu
831 2954 938 2988 imperil
948 2955 1056 2985 inedita,
1070 2957 1103 2986 n,
1116 2960 1163 2982 ⁶25

336 2993 448 3013 Auen-rin·
461 2994 583 3015 flu-mimi
593 2996 681 3017 Uni-rm.
693 2997 760 3019 Paris.
768 3009 794 3015 —
806 2998 821 3019 Ι.

784 433 897 460 LIBER
923 432 1236 459 PROCURATORUM
1258 433 1438 459 NATIONIS
1463 434 1708 460 ANGLICANAE

1225 953 1259 979 10

1221 1198 1255 1224 15

1219 1443 1252 1468 20

1217 1687 1250 1714 25

1214 1934 1248 1960 30

1210 2179 1244 2206 35

1207 2424 1241 2451 40

2155 436 2207 462 530

1300 516 1485 538 vocarentur
1498 510 1667 538 secundum
1681 511 1788 539 merita
1802 522 2015 550 personarum,
2031 519 2088 542 etc.
2102 513 2209 542 Tereia

1301 563 1366 586 erat
1383 558 1420 586 de
1434 558 1616 587 fundacione
1634 559 1726 588 unius
1742 559 1876 599 collegii.

1341 605 1415 635 Item
1441 617 1521 636 anno
1550 614 1580 636 et
1610 607 1659 636 die
1691 608 1804 647 quibus
1833 619 1926 647 supra
1956 610 2042 643 sacta,
2068 617 2139 645 etc.‚
2171 614 2206 640 ad

1300 654 1472 685 habendum
1488 657 1677 695 deputatum,
1695 657 1747 695 qui
1762 664 1951 696 proponeret
1963 660 2089 688 verbum
2105 669 2205 689 coram

1299 703 1496 743 imperatore,
1513 711 1543 734 et
1558 705 1706 744 magister
1722 705 1876 735 Henricus
1892 707 1929 735 de
1944 707 2055 736 Hassia
2068 710 2104 737 ad
2119 719 2206 748 roga-

1299 753 1417 782 cionem
1446 754 1586 783 nacionis
1617 755 1787 794 acceptavit
1810 755 1921 784 honus.
1949 756 1988 785 Et
2011 759 2207 788 concorditer

1298 808 1385 831 erant
1396 802 1533 841 predicte
1546 808 1610 832 tres
1622 803 1792 843 peticiones
1804 805 1933 843 petende
1946 815 1962 834 a
1976 806 2100 835 domino
2112 807 2205 846 impe-

1297 857 1399 880 ratore
1415 861 1471 890 per
1486 851 1645 881 nacionem
1662 852 1818 887 concluse,
1837 859 1894 882 etc.

1338 899 1412 929 Item
1426 901 1624 935 eodembanno
1635 911 1696 940 quo
1705 911 1811 941 supra,
1821 902 1981 932 undecima
1994 903 2044 932 die
2055 904 2202 940 ianuarii,

1295 948 1373 978 facta
1398 950 1644 989 congregacione
1672 950 1812 980 nacionis
1838 950 2008 991 Anglicane
2035 953 2066 982 in
2093 954 2203 993 primis

1294 997 1408 1027 Nostre
1433 997 1565 1028 Domine
1589 1000 1627 1027 ad
1653 999 1797 1029 Sanctum
1821 1000 2007 1030 Maturinum
2028 1003 2066 1031 ad
2086 1002 2203 1033 haben-

1294 1047 1365 1075 dum
1387 1047 1550 1076 consilium
1573 1049 1610 1076 de
1634 1049 1724 1077 modo
1753 1050 1938 1088 procurandi
1958 1060 2115 1081 accessum
2128 1052 2150 1086 ⁶,
2173 1060 2203 1083 et

1293 1102 1381 1125 erant
1402 1097 1537 1135 deputati
1562 1104 1746 1136 procurator
1770 1105 1799 1127 et
1818 1099 1965 1138 magister
1983 1100 2139 1131 Johannes
2165 1104 2202 1132 de

1294 1144 1427 1174 Saxonia
1453 1152 1483 1174 et
1506 1146 1654 1185 magister
1677 1146 1823 1176 Hinricus
1848 1147 1948 1182 Tuve,
1974 1150 2056 1188 quod
2082 1151 2201 1181 adirent

1292 1194 1472 1233 magistrum
1498 1194 1675 1230 Albertum,
1704 1202 1733 1224 et
1763 1197 1943 1236 magistrum
1972 1198 2126 1228 Andream
2137 1223 2143 1234 ‚
2172 1207 2201 1230 et

1291 1243 1472 1282 magistrum
1497 1244 1663 1274 Henricum
1687 1245 1724 1274 de
1745 1245 1836 1284 Oyta‚
1859 1252 1888 1275 et
1906 1247 2086 1286 magistrum
2109 1249 2200 1278 Jaco-

1291 1292 1361 1320 bum
1387 1292 1426 1322 de
1453 1292 1575 1328 Prucia,
1600 1294 1652 1332 qui
1679 1304 1739 1323 una
1767 1304 1835 1323 cum
1857 1295 2012 1334 deputatis
2039 1298 2200 1328 adiverunt

1291 1340 1446 1370 dominum
1461 1342 1654 1382 episcopum,
1673 1349 1730 1372 etc.

1331 1389 1405 1419 Item
1421 1391 1528 1419 eodem
1544 1391 1594 1420 die
1607 1391 1638 1420 in
1652 1392 1743 1421 nonis
1762 1391 1875 1422 Nostre
1892 1393 2022 1423 Domine
2039 1395 2115 1424 facta
2126 1406 2196 1425 con—

1289 1439 1476 1478 gregacione
1493 1439 1646 1480 solempni
1662 1451 1719 1480 per
1729 1439 1934 1480 juramentum
1946 1449 2005 1472 tam
2020 1445 2197 1483 regencium

1290 1497 1379 1526 quam
1418 1498 1479 1517 non
1511 1490 1688 1529 regencium
1723 1490 1761 1519 ad
1793 1491 1979 1520 audiendum
2011 1492 2194 1524 relacionem

1289 1537 1503 1575 deputatorum
1519 1544 1550 1567 et
1566 1538 1603 1567 ad
1623 1538 1795 1569 habendum
1812 1540 1974 1569 consilium
1991 1547 2021 1570 et
2036 1543 2130 1571 eciam
2147 1545 2195 1582 [ad

1289 1585 1463 1625 eligendos]
1482 1587 1656 1625 deputatos,
1675 1588 1728 1627 qui
1748 1595 1900 1627 ponerent
1925 1589 1955 1618 in
1976 1591 2102 1630 scriptis
2120 1594 2195 1622 arti-

1288 1634 1375 1664 culos
1404 1636 1555 1674 petendos
1583 1637 1621 1665 ab
1649 1637 1852 1676 imperatore,
1883 1644 1912 1667 et
1940 1646 2027 1668 erant
2058 1641 2193 1680 deputati

1288 1683 1431 1714 dominus
1446 1691 1550 1714 rector
1566 1691 1596 1715 et
1613 1686 1761 1726 magister
1775 1686 1932 1716 ,lohannes
1948 1688 1985 1717 de
2000 1688 2143 1719 Saxonia.

1329 1733 1403 1762 Item
1422 1734 1608 1773 supplicavit
1620 1735 1763 1764 dominus
1779 1742 1891 1770 rector,
1911 1737 2029 1766 scilicet
2047 1740 2194 1779 magister

1286 1781 1441 1811 Jordanus
1457 1783 1495 1812 de
1515 1782 1625 1819 Clivis,
1639 1790 1672 1813 ut
1689 1784 1720 1813 in
1739 1786 2036 1815 recommendatione
2054 1789 2193 1819 nacionis

1287 1831 1354 1870 ipse
1368 1831 1462 1860 eciam
1483 1832 1514 1861 in
1529 1842 1664 1871 persona
1681 1843 1735 1862 sua
1755 1833 1931 1873 specialiter
1948 1835 2073 1865 domino
2093 1837 2193 1877 impe-

1286 1880 1381 1910 ratori
1396 1882 1709 1918 recommendaretur,
1724 1893 1783 1922 que
1792 1883 1988 1913 concorditer
1999 1885 2036 1914 ab
2049 1886 2192 1917 omnibus

1285 1929 1370 1959 nullo
1386 1930 1615 1960 contradicente
1629 1931 1684 1960 fuit
1700 1941 1849 1961 concessa
1860 1931 1884 1968 ⁷,
1901 1939 1958 1962 etc.

1691 2024 1788 2054 1378

1283 2093 1355 2133 (Fal.
1394 2095 1441 2134 10)
1485 2094 1575 2125 Acta
1625 2096 1659 2125 in
1705 2099 1971 2136 procuratoria
2017 2100 2188 2139 magistri

1342 2143 1524 2173 iohannis
1558 2144 1829 2186 Levenhaghen
1865 2148 1908 2176 de
1940 2147 2126 2188 VVolgast.

1320 2223 1411 2253 Anno
1427 2223 1550 2254 Domini
1565 2225 1609 2254 Μο
1620 2225 1715 2255 CCC⁰
1728 2225 1880 2256 Lxwi
1900 2230 2066 2258 secundum
2085 2230 2186 2259 stilum

1279 2272 1422 2312 gallicum
1436 2283 1491 2303 seu
1504 2273 1699 2313 gallicanum,
1711 2274 1800 2304 X111·
1812 2276 1861 2304 dic
1882 2277 1997 2306 mensis
2013 2277 2147 2307 Januarii
2160 2279 2184 2314 ⁸.

1280 2322 1356 2351 facta
1373 2323 1620 2362 congregacione
1636 2323 1774 2353 nacionis
1790 2324 1962 2364 Anglicane
1979 2333 2050 2366 post
2067 2338 2186 2357 sermo-

1278 2381 1347 2400 nem
1372 2371 1403 2400 in
1427 2371 1539 2408 Sancto
1562 2371 1717 2402 Maturino
1741 2373 1779 2401 ad
1802 2374 1986 2404 audiendum
2011 2383 2184 2415 compotum

1277 2420 1449 2460 receptoris
1481 2426 1510 2450 et
1542 2421 1579 2450 ad
1611 2421 1786 2461 eligendum
1820 2430 2051 2462 procuratorem
2062 2448 2068 2459 ,
2105 2427 2184 2455 unde

1277 2473 1378 2502 delato
1397 2479 1540 2513 compoto
1558 2475 1742 2514 recepturis,
1760 2475 1876 2505 electus
1895 2483 1959 2506 erat
1982 2477 2012 2506 in
2036 2488 2184 2516 procura-

1277 2527 1374 2551 torem
1394 2522 1542 2562 magister
1565 2522 1721 2552 lohannes
1750 2524 1952 2564 Levenliagen
1979 2526 2016 2554 de
2040 2526 2184 2566 &Volgast

1277 2570 1361 2600 nullo
1385 2570 1579 2601 reclamante.
1608 2571 1642 2601 ln
1670 2570 1757 2612 cujus
1780 2574 1993 2612 procuratori-'1
2019 2581 2085 2604 acta
2112 2582 2183 2605 sunt

1276 2619 1404 2650 inferius
1422 2620 1549 2659 scripta.

1275 2720 1314 2744 sq.
1333 2713 1368 2736 De
1382 2711 1415 2736 ii·
1432 2721 1499 2745 quae
1513 2713 1668 2737 Univerer'lau
1685 2714 1772 2746 egerit,
1790 2714 1838 2738 uid.
1857 2715 1903 2739 Les
1917 2715 2030 2746 granden
2044 2717 2134 2740 chron.
2149 2717 2182 2742 do

1274 2747 1382 2775 France.
1397 2747 1437 2772 ed.
1450 2749 1478 2772 P.
1492 2749 1582 2776 Panis,
1595 2749 1635 2777 Vi.
1651 2751 1693 2773 :391
1712 2758 1750 2781 aq.

1304 2783 1328 2806 4.
1367 2783 1422 2807 Vici.
1444 2792 1521 2815 cupra
1544 2792 1569 2816 p.
1589 2785 1642 2812 310,
1663 2787 1714 2808 not.
1733 2787 1755 2809 5,
1779 2785 1916 2809 Alemanni
1934 2789 1994 2810 lunc
2015 2787 2134 2821 tempo-rie
2154 2788 2179 2812 in

1273 2817 1378 2842 nacione
1391 2818 1535 2850 Anglieanu
1549 2819 1615 2842 aliun
1630 2828 1732 2843 munero
1745 2821 1909 2851 superabant.

1304 2855 1326 2877 5.
1366 2853 1419 2878 Vid,
1435 2862 1511 2886 supra
1524 2863 1549 2886 p.
1561 2855 1615 2883 ³57,
1627 2858 1678 2879 not.
1691 2858 1713 2878 ³.

1303 2890 1326 2912 6.
1359 2889 1402 2912 Ad
1418 2890 1571 2921 epincolmm.

1303 2925 1326 2948 7.
1360 2925 1410 2948 Sed
1420 2925 1560 2957 imperator
1571 2926 1657 2949 eodem
1666 2926 1709 2950 dio
1718 2928 1847 2959 profectae
1860 2931 1905 2952 ul.

1303 2960 1324 2983 8.
1360 2961 1387 2984 ln
1397 2960 1464 2991 sesto
1479 2963 1503 2985 S.
1521 2961 1634 2985 Firmius.

2072 3011 2096 3029 Μ
