2632 3464
429 467 480 492 463

832 539 928 568 1375

499 612 771 643 Procuratoria
805 609 981 650 magistri
1014 607 1184 637 Heinrici
1213 607 1255 635 de

787 659 964 689 Roshem.

468 738 558 767 Anno
575 736 699 766 Domini
725 736 770 765 Μο
788 734 1029 765 CCCLXXIIII⁰
1044 733 1211 762 secundum
1230 732 1334 761 stilum

428 787 610 827 gallicanum
621 785 644 820 ¹,
661 785 777 814 decima
795 784 844 813 die
858 783 973 812 mensis
990 781 1161 816 Februarii,
1172 781 1249 810 facta
1263 790 1335 810 con-

429 835 615 876 gregacione
639 834 777 863 nacionis
796 832 965 872 Anglicane
981 832 1062 870 apud
1078 830 1223 860 Sanctum
1238 829 1336 859 Julia-

430 895 501 914 num
517 893 682 923 pauperem
702 883 739 912 ad
762 882 946 911 audiendum
964 886 1138 919 computum
1163 878 1336 918 receptoris

431 940 461 962 et
486 934 524 961 ad
548 932 722 972 eligendum
749 936 992 970 procuratorem,
1021 928 1136 958 electus
1160 934 1259 957 autem
1282 928 1337 957 suit

430 992 488 1021 pro
505 988 576 1010 tunc
593 981 624 1009 in
641 986 885 1019 procuratorem,
902 978 985 1007 nullo
1000 977 1125 1017 penitus
1139 977 1334 1012 reclamante,

431 1030 577 1070 magister
599 1029 774 1068 Heynricus
794 1029 831 1057 de
850 1027 996 1057 Roshem.
1024 1027 1059 1055 In
1082 1025 1169 1065 cujus
1186 1035 1336 1065 procura-

430 1079 507 1109 toria
521 1085 586 1108 acta
604 1079 726 1107 fuerunt
741 1077 947 1115 infrascripta.

470 1128 575 1157 Primo
591 1128 659 1156 etin
677 1128 781 1155 eadem
795 1124 1042 1165 congregacione
1058 1124 1114 1153 fuit
1128 1124 1240 1153 dilatus
1252 1134 1337 1153 com-

431 1184 522 1216 putus
544 1176 715 1216 receptoris
737 1185 794 1215 per
812 1175 999 1204 voluntatem
1019 1173 1171 1202 nacionis.
1200 1173 1240 1202 Et
1260 1174 1338 1202 facta

430 1227 487 1255 ista
505 1225 748 1265 congregacione
771 1223 897 1253 intravit
915 1222 1003 1252 nacio
1026 1223 1184 1252 tabernam
1206 1223 1249 1250 ad
1263 1223 1337 1250 duos

427 1276 547 1314 gladios
562 1274 646 1303 nullo
667 1272 887 1307 dissenciente,
907 1278 936 1301 et
953 1272 1067 1300 ibidem
1081 1277 1263 1311 perpotatus
1281 1271 1337 1300 suit

429 1324 486 1353 iste
503 1329 684 1362 procurator
706 1322 821 1351 electus
845 1322 882 1350 de
906 1331 986 1350 novo
1004 1321 1035 1349 in
1055 1330 1116 1350 uno
1132 1321 1248 1355 franco,
1265 1320 1336 1359 quia

429 1382 584 1411 nunquam
606 1372 693 1411 prius
711 1370 843 1400 omium
864 1369 1075 1409 procuratoris
1093 1369 1294 1398 exercuisset.

470 1421 543 1450 Item
563 1420 668 1450 ultima
685 1420 734 1448 die
750 1419 866 1448 mensis
885 1418 1045 1448 Februarii
1061 1418 1204 1447 dominus
1219 1418 1336 1447 Johan-

429 1480 484 1499 nes
499 1469 648 1499 Lubberti
669 1469 850 1508 incepturus
868 1468 899 1496 in
914 1467 1044 1502 artibus,
1062 1466 1148 1506 cujus
1165 1468 1261 1496 bursa
1279 1467 1335 1496 suit

430 1519 474 1548 III
497 1518 605 1553 solidi,
625 1518 774 1547 satisfecit
788 1516 913 1546 domino
932 1516 1086 1555 receptori
1102 1522 1132 1545 et
1150 1516 1243 1545 michi
1258 1526 1335 1555 pro-

431 1568 566 1597 curatori
584 1568 622 1596 de
635 1566 821 1606 juramento.

470 1617 544 1646 Item
569 1617 600 1645 in
625 1616 675 1645 die
695 1615 837 1655 sequenti
853 1614 1037 1650 immediate,
1055 1614 1174 1644 scilicet
1187 1614 1219 1643 in
1234 1614 1335 1654 primo

430 1665 479 1694 die
495 1665 614 1700 Marcii,
629 1665 746 1704 incepit
758 1665 838 1693 idem
855 1664 999 1693 dominus
1014 1663 1170 1693 Johannes
1187 1663 1336 1693 Lubberti

430 1715 487 1743 sub
506 1714 655 1753 magistro
672 1713 813 1743 Waltero
826 1713 1009 1751 Veneda[u].

470 1763 545 1792 Item
561 1763 679 1792 decima
694 1762 743 1791 die
757 1761 892 1802 ejusdem
906 1761 1022 1791 mensis
1039 1762 1227 1801 computavit
1238 1762 1335 1791 domi-

431 1822 489 1841 nus
506 1818 661 1851 receptor,
681 1812 729 1840 cui
755 1810 906 1851 expositis
934 1817 964 1840 et
989 1810 1124 1850 receptis
1151 1811 1334 1850 computatis

430 1861 542 1890 mansit
572 1861 659 1890 nacio
689 1861 824 1900 obligata
848 1860 878 1889 in
908 1859 981 1889 VIII
999 1860 1100 1895 libris,
1119 1860 1147 1889 X
1172 1860 1282 1889 solidis
1306 1866 1336 1889 et

431 1909 459 1939 II
475 1910 623 1945 denariis,
643 1916 673 1939 et
690 1910 745 1939 suit
760 1915 921 1948 computus
939 1908 1005 1949 ejus
1020 1909 1220 1948 approbatus.

836 2001 934 2031 1375

471 2073 542 2113 (Fol.
562 2076 597 2103 44
613 2073 637 2113 b)
669 2073 937 2103 Procuratoria
965 2072 1136 2112 magistri
1166 2072 1294 2112 Egidii

815 2122 952 2151 Brune.

471 2202 561 2231 Anno
577 2201 701 2231 Domini
718 2201 762 2230 Μο
778 2201 871 2231 CCC⁰
887 2201 1033 2230 LXXIIII
1049 2202 1217 2231 secundum
1232 2202 1335 2231 stilum

432 2251 625 2290 gallicanum,
657 2250 705 2279 die
733 2250 851 2279 decima
878 2250 993 2279 mensis
1020 2251 1140 2286 Marcii,
1164 2251 1241 2280 sacta
1261 2261 1336 2280 con-

431 2300 616 2339 gregacione
641 2300 721 2338 apud
745 2299 889 2328 Sanctum
913 2299 1067 2328 Julianum
1091 2301 1129 2328 ad
1150 2300 1335 2329 audiendum

432 2355 606 2387 computum
622 2348 793 2387 receptoris
809 2355 839 2377 et
850 2349 887 2376 ad
902 2348 1078 2388 eligendum
1093 2359 1204 2377 novum
1221 2359 1336 2388 procu-

432 2404 576 2432 ratorem,
611 2397 727 2426 electus
764 2397 819 2426 fuit
853 2397 884 2426 in
921 2404 1152 2436 procuratorem
1189 2398 1337 2437 magister

433 2446 564 2485 Egidius
589 2446 693 2475 Brune
719 2445 803 2475 nullo
822 2446 946 2485 penitus
970 2446 1164 2475 reclamante.
1188 2446 1223 2475 In
1250 2445 1336 2486 cujus

432 2495 644 2534 procuratoria
659 2500 725 2523 acta
740 2495 862 2524 suerunt
880 2505 939 2533 que
957 2502 1139 2534 sequuntur.

473 2543 578 2572 Primo
596 2544 702 2572 eodem
718 2543 768 2572 die
786 2543 910 2572 intravit
929 2544 1016 2572 nacio
1033 2545 1188 2572 tabernam
1204 2545 1247 2573 ad
1263 2545 1337 2573 duos

431 2594 561 2631 gladios,
577 2592 629 2621 ubi
642 2592 742 2621 dictus
758 2592 904 2631 magister
920 2592 1050 2632 Egidius
1067 2593 1159 2622 solvit
1173 2594 1187 2621 1
1201 2593 1336 2622 francum

433 2651 489 2679 pro
502 2641 602 2680 prima
614 2651 668 2670 sua
682 2641 906 2680 procuratoria,
924 2647 953 2670 et
968 2651 1060 2670 unum
1078 2642 1215 2671 francum
1230 2642 1334 2677 alium,

434 2699 522 2728 quem
549 2690 689 2728 recipere
717 2689 822 2719 debuit
848 2700 864 2718 a
891 2690 1176 2725 determinantibus,
1206 2701 1335 2730 quorum

434 2738 563 2776 quilibet
599 2748 743 2778 grossum
780 2744 941 2767 turonens.
977 2738 1083 2768 debuit
1123 2749 1179 2778 pro
1219 2739 1333 2779 sigillo.

434 2786 548 2815 Eodem
579 2787 627 2816 die
659 2793 688 2816 et
708 2787 783 2815 hora
803 2787 896 2816 solvit
915 2787 1062 2826 magister
1086 2787 1241 2817 Johannes
1271 2789 1336 2818 Koc

432 2845 523 2864 unum
540 2835 674 2865 francum
693 2846 750 2874 pro
772 2835 870 2875 prima
892 2836 1105 2875 procuratoria
1125 2847 1180 2866 sua
1194 2843 1333 2866 ventura.

464 2945 486 2967 1.
521 2945 597 2968 Sem..
611 2946 700 2976 gallic.
713 2945 878 2969 interlineas.
892 2946 933 2969 Sic
942 2949 966 2969 el
978 2947 1014 2969 35.

465 2981 487 3002 2.
522 2981 549 3003 11
562 2981 658 3004 Martii.

975 459 1196 487 AUCTARIUM
1217 457 1477 484 CHARTULARII
1496 457 1669 484 UNIVERS.
1692 457 1809 483 PARIS.

1374 977 1408 1003 10

1374 1223 1407 1249 15

1373 1469 1407 1495 20

1373 1715 1406 1742 25

1372 1961 1406 1988 30

1373 2206 1406 2232 35

1374 2451 1407 2477 40

1373 2696 1407 2722 45

2298 457 2350 482 464

1443 519 1523 563 lten?
1536 534 1643 563 eodem
1666 534 1733 563 loco
1751 540 1781 563 et
1797 540 1936 573 tempore
1960 533 2053 563 solvit
2069 533 2217 573 magister
2233 533 2350 562 Johan-

1442 593 1497 612 nes
1508 583 1655 613 Lubberti
1665 584 1702 612 de
1717 583 1885 613 Davantria
1896 593 1990 612 unum
2003 583 2140 612 francum
2153 592 2210 622 pro
2212 581 2349 622 jocundo

1442 631 1582 661 introitu.

1484 681 1541 710 Die
1548 681 1703 711 dominico
1714 681 1856 721 sequenti
1865 679 1878 699 ²
1894 681 1971 710 sacta
1985 680 2232 720 congregacione
2243 680 2349 710 nacio-

1443 729 1493 759 nis
1503 730 1542 759 ad
1557 729 1732 770 eligendum
1743 730 1899 765 nuncium,
1917 729 2032 759 electus
2044 729 2100 759 fuit
2110 729 2258 769 magister
2270 729 2347 759 Her-

1443 788 1572 808 mannus
1588 779 1626 808 de
1636 778 1845 808 Bottenbroec
1861 779 2067 814 concorditer,
2083 785 2113 808 et
2123 778 2183 808 sibi
2198 788 2256 818 pro
2271 778 2348 808 sala-

1443 827 1492 857 rio
1521 838 1577 858 suo
1604 838 1660 868 per
1685 828 1844 857 nacionem
1877 828 1939 857 dati
1978 828 2101 857 fuerunt
2128 827 2352 868 quinquaginta

1445 877 1553 912 franci,
1572 887 1703 916 quorum
1728 876 1812 906 XXV
1837 877 1875 906 ab
1899 876 2109 907 Universitate
2130 876 2296 916 reciperet,
2322 883 2352 906 et

1445 925 1522 955 alios
1539 925 1622 955 XXV
1647 927 1685 955 ab
1703 925 1921 962 inrotulandis,
1947 925 1974 955 si
1995 932 2114 965 posset,
2136 925 2301 965 reciperet,
2325 926 2351 956 si

1445 985 1519 1010 non,
1531 975 1618 1004 nacio
1630 969 1780 1004 defectum
1795 975 1965 1014 suppleret,
1975 974 2046 1004 etsi
2057 975 2132 1014 quid
2145 981 2350 1010 excresceret,

1446 1023 1506 1053 sibi
1516 1024 1554 1053 ad
1569 1023 1728 1053 utilitatem
1739 1024 1869 1053 veniret.
1879 1025 1918 1053 Et
1931 1023 2011 1053 ultra
2024 1023 2082 1053 hoc
2093 1023 2181 1053 nacio
2198 1023 2351 1053 communi

1445 1072 1567 1102 bedello
1582 1072 1727 1103 solveret.

1486 1122 1561 1151 Item
1579 1121 1794 1151 determinavit
1814 1122 1957 1151 dominus
1977 1122 2111 1151 Thomas
2136 1122 2350 1161 Dobbelsteyn

1445 1172 1503 1200 sub
1521 1171 1669 1210 magistro
1688 1170 1849 1200 Gherardo
1865 1171 1902 1200 de
1923 1171 2048 1206 Kalker,
2066 1170 2153 1210 cujus
2168 1172 2262 1200 bursa
2276 1170 2350 1200 VIII

1446 1219 1517 1254 sol.,
1528 1226 1558 1249 et
1571 1219 1714 1249 dominus
1722 1219 1878 1249 Johannes
1890 1220 1973 1249 Heze
1982 1221 2040 1249 sub
2053 1220 2203 1260 magistro
2211 1219 2351 1250 Johanne

1445 1269 1483 1298 de
1502 1269 1635 1304 Stralen,
1664 1268 1750 1308 cujus
1775 1269 1870 1298 bursa
1890 1269 1947 1298 VII
1976 1269 2079 1298 solidi.
2108 1268 2208 1298 Ambo
2228 1269 2352 1298 satisfe-

1445 1324 1552 1347 cerunt
1568 1318 1598 1347 in
1614 1318 1758 1357 pignore,
1776 1318 1895 1347 scilicet
1908 1318 2068 1358 Apparatu
2083 1317 2268 1347 Innocentii.

1485 1366 1560 1396 Item
1574 1367 1789 1396 determinavit
1801 1367 1944 1396 dominus
1958 1367 2061 1396 Busco
2072 1367 2110 1396 de
2124 1366 2280 1406 Scopitem
2293 1367 2351 1397 sub

1445 1416 1594 1456 magistro
1608 1416 1737 1446 Alberto
1753 1417 1790 1445 de
1808 1415 1967 1451 Bohemia,
1981 1415 2068 1455 cujus
2087 1417 2183 1445 bursa
2199 1416 2227 1446 II
2242 1416 2346 1446 solidi.

1445 1465 1611 1495 Satisfecit.

1485 1515 1560 1544 Item
1578 1514 1793 1544 determinavit
1807 1514 1950 1544 dominus
1962 1513 2150 1544 Wilhelmus
2164 1513 2348 1554 Appeldorn

1445 1564 1502 1593 sub
1530 1563 1679 1603 magistro
1700 1563 1842 1593 Waltero
1867 1563 2030 1599 Venedau,
2054 1562 2141 1603 cujus
2170 1563 2265 1593 bursa
2289 1562 2350 1593 1111

1445 1613 1548 1643 solidi.
1567 1612 1723 1642 satisfecit
1735 1622 1794 1652 per
1806 1612 1949 1652 pignora.

1485 1661 1560 1691 Item
1579 1661 1794 1691 determinavit
1808 1661 1951 1691 dominus
1967 1661 2178 1691 Theodericus
2193 1660 2275 1690 Baec
2292 1661 2350 1691 suh

1444 1711 1593 1750 magistro
1620 1710 1773 1746 Mamilio,
1796 1709 1884 1750 cujus
1912 1711 2007 1740 bursa
2033 1710 2093 1740 IIII
2121 1709 2224 1739 solidi.
2251 1709 2351 1740 Satis-

1444 1760 1526 1790 fecit.

1485 1809 1559 1838 Item
1586 1808 1800 1839 determinavit
1819 1808 1962 1838 dominus
1984 1808 2141 1838 Iohannes
2161 1808 2350 1839 Beersword

1445 1859 1502 1888 sub
1520 1858 1670 1898 magistro
1685 1857 1802 1887 Thoma
1817 1858 1854 1887 de
1873 1857 1983 1893 clivis,
2001 1856 2088 1897 cujus
2103 1858 2198 1887 bursa
2214 1857 2271 1887 VII
2290 1857 2349 1888 sol.

1445 1907 1611 1937 Satisfecit.

1484 1957 1559 1986 Item
1573 1956 1788 1986 determinavit
1797 1955 1940 1985 dominus
1950 1955 2144 1985 Hermannus
2153 1955 2279 1986 Roeve³
2293 1956 2350 1986 sub

1444 1997 1592 2046 magistro
1610 2005 1728 2035 Thoma
1749 2006 1787 2034 de
1805 2005 1917 2040 clivis,
1935 2003 2022 2045 cujus
2037 2005 2133 2034 bursa
2151 2004 2224 2034 VIII
2244 2005 2348 2035 solidi.

1445 2055 1610 2084 Satisfecit.

1485 2105 1560 2133 Item
1582 2103 1797 2133 determinavit
1811 2103 1954 2133 dominus
1977 2102 2172 2132 Hermannus
2187 2103 2225 2132 de
2243 2102 2351 2133 Aden-

1444 2154 1520 2183 rode
1542 2154 1600 2183 sub
1625 2152 1773 2193 magistro
1797 2152 1914 2182 Thoma
1939 2153 1977 2181 de
2008 2151 2118 2188 Clivis,
2141 2150 2229 2192 cujus
2257 2153 2352 2182 bursa

1443 2202 1500 2232 VII
1520 2202 1623 2232 solidi.
1639 2201 1804 2231 Satisfecit.

1485 2251 1560 2281 Item
1576 2251 1790 2280 determinavit
1806 2250 1920 2279 Paulus
1938 2250 1975 2279 de
1989 2249 2115 2279 Ghelria
2127 2250 2185 2286 sub
2200 2250 2349 2289 magistro

1445 2300 1578 2330 Thomas
1595 2301 1632 2329 de
1649 2299 1759 2335 Clivis,
1777 2298 1863 2339 cujus
1879 2300 1974 2328 bursa
1987 2298 2088 2328 XVIII
2105 2299 2234 2328 denarii.

1486 2350 1560 2379 Item
1580 2349 1796 2378 determinavit
1815 2348 1957 2377 dominus
1977 2347 2133 2377 Johannes
2157 2347 2273 2377 Mercir

1445 2399 1503 2427 sub
1519 2398 1666 2438 magistro
1683 2397 1857 2427 Guilhelmo
1871 2397 2049 2436 Treb[r]on‚
2066 2396 2153 2436 cujus
2169 2397 2264 2426 bursa

1444 2447 1501 2476 VII
1521 2446 1623 2476 solidi.

1486 2496 1561 2525 Item
1575 2495 1718 2524 Galterus
1734 2494 1902 2524 Forestarii
1916 2495 1973 2524 sub
1986 2494 2093 2523 eodem
2109 2493 2270 2533 magistro,

1446 2543 1532 2584 cujus
1551 2545 1646 2573 bursa
1661 2543 1701 2572 VI
1718 2542 1821 2572 solidi.

1486 2594 1560 2622 Item
1575 2593 1716 2622 Andreas
1738 2592 1822 2622 Scoti
1838 2592 1895 2621 sub
1910 2591 2058 2630 magistro
2074 2590 2214 2620 Gerardo
2232 2591 2270 2620 de

1446 2642 1569 2676 Calker‚
1582 2641 1668 2681 cujus
1685 2642 1779 2671 bursa
1794 2640 1835 2670 VI
1852 2640 1955 2670 solidi.

1486 2691 1559 2720 Item
1581 2690 1757 2719 Alexander
1784 2689 1849 2718 Bur
1880 2689 1938 2718 sub
1969 2689 2116 2728 magistro
2144 2688 2270 2718 Galtero

1445 2739 1603 2774 Venedou,
1623 2738 1709 2778 cujus
1722 2739 1817 2768 bursa
1833 2737 1874 2767 VI
1891 2737 1996 2767 solidi.

1486 2788 1559 2817 Item
1578 2787 1756 2817 Bernartius
1772 2786 1872 2816 Luttic
1888 2787 1945 2816 sub
1961 2786 2110 2826 magistro
2126 2786 2270 2815 Marcilio

1444 2838 1482 2866 de
1500 2837 1630 2876 Inghen,
1650 2835 1736 2875 cujus
1754 2836 1847 2865 bursa
1862 2834 1903 2864 VI
1917 2835 2020 2870 solidi,
2037 2834 2078 2864 VI
2096 2835 2228 2865 denarii.

2309 2651 2340 2873 satisfecerunt
2310 2584 2340 2616 in
2310 2351 2351 2551 pignoribus.

1474 2948 1496 2971 3.
1532 2948 1580 2970 Ma.
1594 2946 1663 2970 clare
1677 2946 1769 2974 Roene,
1783 2946 1848 2969 sicul
1858 2948 1882 2969 et
1888 2948 1990 2977 pontem.
