2632 3464
289 446 342 472 489

290 522 379 552 cione
400 522 563 552 interdicta
574 521 598 558 ⁴,
618 534 632 549 a
651 522 707 551 fuit
725 531 873 551 concessa
888 527 989 550 tamen
1004 520 1194 560 supplicacio

290 570 392 611 ipsius
424 571 456 600 in
487 577 634 611 quantum
657 569 848 610 supplicacio
874 579 930 599 sua
965 569 1050 598 salvo
1081 575 1194 599 statuto

293 626 403 659 posset
415 620 555 656 concedi,
569 621 641 649 dum
651 625 752 649 tamen
757 618 878 659 juraret
891 628 925 648 se
940 628 1002 648 non
1013 624 1195 658 expectasse

290 668 372 698 ultra
401 669 537 698 debitum
571 675 693 709 tempus
730 667 955 698 determinandi
992 667 1024 696 in
1057 667 1194 697 fraudem

293 718 443 747 nacionis.
458 719 497 747 Et
513 723 621 758 postea
635 723 821 758 procurator
831 723 860 746 et
869 716 1018 756 magister
1027 715 1194 746 Mercelius

291 773 490 796 accesserunt
520 766 678 796 dominum
720 772 871 795 rectorem
910 765 992 795 sicut
1026 765 1104 805 ipsis
1140 765 1196 795 fuit

289 815 458 855 injunctum
476 825 533 855 per
551 815 721 850 tuicionem,
745 820 776 844 et
794 814 868 854 quia
885 814 1056 854 periculum
1079 820 1144 844 erat
1164 814 1194 843 in

292 874 389 900 mora,
405 875 442 894 eo
455 865 539 904 quod
547 870 732 904 temptamen
744 863 856 893 Sancte
868 863 1024 893 Genovefe
1034 863 1095 893 cito
1110 863 1195 892 clau-

289 914 423 943 dendum
442 914 531 949 foret,
548 913 748 952 requirebant
766 912 827 952 ipsi
844 918 1009 948 rectorem,
1025 913 1109 952 quod
1127 912 1194 952 ipse

290 964 405 992 faceret
417 962 693 1002 congregacionem
706 961 859 991 facultatis
875 961 906 991 in
921 962 1052 1001 septima
1066 961 1151 991 hora.

694 1054 712 1082 1
717 1053 792 1084 376

368 1125 616 1156 Continuacio
648 1125 913 1165 procuratorie
941 1125 1112 1165 magistri

501 1174 672 1214 Hugonis
706 1174 748 1203 de
776 1174 974 1204 Hervorst.

329 1255 462 1295 Insuper
487 1254 629 1294 sequenti
653 1254 715 1289 die,
741 1264 801 1294 que
824 1261 889 1284 erat
912 1254 980 1284 dies
1006 1256 1049 1284 X·
1071 1255 1192 1290 Marcii,

289 1305 367 1334 facta
385 1303 632 1344 congregacione
645 1303 784 1332 nacionis
802 1303 877 1332 hora
890 1303 1020 1343 septima
1033 1304 1064 1333 in
1081 1304 1194 1334 Sancto

288 1353 411 1383 Juliano
444 1353 482 1382 ad
518 1352 754 1392 supplicandum
786 1352 920 1382 facultati
951 1353 1082 1389 arcium,
1115 1353 1195 1383 sicut

289 1402 434 1442 superius
451 1407 499 1430 est
512 1400 711 1441 premissum,
727 1407 757 1431 et
769 1402 806 1430 ad
822 1401 1007 1432 audiendum
1018 1409 1193 1442 computum

289 1451 461 1490 recepturis
476 1456 506 1480 et
519 1450 558 1479 ad
577 1450 753 1490 eligendum
770 1457 1004 1490 procuratorem
1022 1461 1076 1480 seu
1093 1451 1195 1481 conti-

292 1501 446 1530 nuandum
476 1500 706 1540 precedentem,
730 1499 831 1539 primo
855 1500 1003 1539 magister
1028 1500 1195 1530 Mercelius

290 1549 328 1578 de
353 1548 472 1589 lngben
496 1548 620 1578 nomine
643 1548 783 1578 nacionis
807 1559 845 1578 ex
869 1548 963 1578 certis
991 1549 1115 1579 motivis
1139 1560 1196 1589 per

293 1598 395 1638 ipsum
404 1597 495 1627 tactis
505 1597 692 1637 supplicavit
704 1597 849 1633 facultati,
861 1598 1006 1638 quatinus
1021 1597 1197 1639 injungeret

290 1646 527 1686 temptatoribus
558 1646 708 1675 examinis
737 1646 849 1676 Sancte
881 1645 1049 1683 Genovefe,
1075 1654 1109 1678 ut
1134 1648 1196 1688 ipsi

285 1695 452 1725 admittant
466 1695 505 1724 ad
524 1701 710 1734 temptameu
727 1705 781 1725 eos
803 1695 857 1735 qui
878 1695 951 1724 alibi
971 1696 1197 1727 determinave-

288 1750 373 1780 runt,
397 1745 468 1774 dum
491 1750 593 1774 tamen
607 1743 714 1784 jurent
725 1743 869 1784 juranda,
889 1744 999 1774 solutis
1019 1745 1109 1775 etiam
1131 1746 1196 1776 sol-

284 1793 408 1823 vendis.
425 1793 492 1831 Que
503 1793 693 1833 supplicacio
704 1792 887 1833 interempta
902 1794 958 1823 fuit
968 1804 1025 1833 per
1036 1795 1195 1825 nacionem

286 1842 495 1878 Gallicanam3
517 1842 573 1872 sed
590 1842 647 1872 fuit
666 1852 816 1872 concessa
838 1853 856 1872 a
879 1843 1008 1873 nacione
1030 1843 1193 1883 Pycardie.

286 1891 348 1921 Sed
363 1891 486 1921 dicebat
504 1891 593 1920 nacio
606 1891 793 1921 Normannie
810 1892 893 1931 quod
907 1892 1023 1922 vellent
1034 1899 1068 1922 ut
1082 1893 1198 1923 daren-

286 1947 337 1970 tur
355 1940 505 1980 deputati‚
529 1939 679 1970 babentes
697 1940 855 1980 inquirere
875 1951 913 1970 an
932 1941 984 1971 illa
1003 1941 1195 1982 supplicacio

286 1995 371 2019 esset
387 1989 587 2019 racionabilis
599 1995 631 2019 et
643 1989 766 2020 statutis
781 1989 933 2019 facultatis
945 1991 1192 2030 compossibilis;

287 2047 349 2078 quo
368 2038 518 2077 inquisito
534 2038 595 2078 ipsi
606 2039 812 2068 concederent
822 2038 904 2068 illam
918 2039 1192 2080 supplicacionem.

286 2086 327 2117 Et
361 2093 435 2118 tunc
466 2093 651 2127 procurator
679 2093 773 2127 prout
802 2087 862 2117 sibi
889 2087 1058 2128 injunctum
1095 2089 1151 2119 fuit
1178 2100 1195 2119 a

286 2136 428 2171 nacione,
441 2135 610 2176 appellavit
618 2136 742 2166 nomine
750 2137 890 2166 nacionis
902 2138 940 2166 ab
951 2137 1194 2177 interempcione

286 2185 364 2214 facta
381 2195 438 2225 per
460 2185 619 2214 nacionem
637 2185 826 2215 Gallicanam
841 2186 879 2215 de
897 2185 948 2215 illa
963 2187 1194 2227 supplicacione

284 2234 323 2263 ad
341 2233 515 2263 facultatem
525 2246 533 2270 ς
550 2234 732 2274 supplicans
749 2234 844 2264 eciam
861 2235 931 2265 aliis
950 2235 1145 2272 nacionibus,
1161 2242 1195 2266 ut

285 2282 504 2322 dispensarent
527 2292 595 2312 cum
623 2283 749 2312 domino
774 2289 896 2313 rectore
924 2290 957 2314 ut
980 2285 1122 2324 sequenti
1144 2285 1193 2315 die

285 2337 393 2371 posset
419 2331 518 2361 facere
546 2331 635 2362 aliam
663 2332 940 2372 congregacionem
964 2333 1115 2364 facultatis
1136 2343 1194 2375 per

280 2379 422 2420 juramen
430 2386 505 2415 tum,
522 2381 594 2420 quia
610 2380 779 2420 periculum
795 2387 861 2411 erat
873 2381 904 2411 in
921 2391 1017 2412 mora.

325 2427 400 2458 Item
427 2435 500 2459 tunc
521 2429 578 2459 fuit
600 2429 713 2460 dilatus
729 2436 911 2470 computus,
935 2431 1007 2471 quia
1028 2431 1194 2472 receptor²

285 2477 417 2507 debebat
431 2477 477 2507 ire
492 2478 530 2508 ad
541 2478 638 2508 aulam
649 2479 766 2508 domini
779 2479 919 2520 episcopi
933 2479 1122 2511 Parisiensis
1136 2491 1192 2521 pro

284 2525 414 2556 licencia
427 2527 618 2566 [obtinenda]
638 2527 669 2557 in
685 2528 848 2558 medicina.

325 2574 403 2605 Item
419 2575 475 2606 fuit
489 2576 686 2606 continuatus
700 2577 897 2607 concorditer
913 2577 944 2607 in
959 2585 1191 2618 procuratorem

286 2623 434 2664 magister
460 2624 552 2665 Hugo
580 2625 619 2655 de
650 2625 803 2656 Hervorst
825 2626 910 2656 nullo
936 2626 1130 2658 reclamante.
1158 2628 1191 2658 ln

285 2671 372 2712 cuju·
388 2674 602 2713 procuratoris
613 2674 788 2704 continuata
803 2681 875 2704 sunt
893 2682 959 2705 acta
976 2686 1036 2716 que
1054 2686 1192 2717 sequun-

285 2726 347 2751 tur.

326 2768 402 2799 Item
417 2769 467 2800 die
475 2771 628 2811 sequenti,
642 2781 703 2812 que
711 2778 776 2802 erat
783 2772 839 2802 xl·
846 2772 967 2810 Marcii,
978 2774 1055 2804 sacta
1063 2784 1191 2815 congre-

317 2896 339 2957 ὲ.
372 2897 575 2958 §trisagion-us
587 2933 620 2958 de
630 2934 698 2960 nen.
710 2935 881 2960 Nihilominus
890 2936 916 2960 in
930 2938 1034 2962 nacione
1046 2937 1190 2970 Angla-ana

286 2967 416 2996 remansit,
430 2967 495 2993 nicae
507 2968 568 2993 olim
580 2969 688 2994 Thomas
701 2970 734 2995 de
747 2972 817 2996 Duru
826 2972 888 3003 (vid.
900 2980 926 3004 p.
940 2974 996 3002 ³99,
1009 2974 1059 3006 2³),
1071 2976 1096 2998 ει
1108 2977 1190 2998 coeca·

792 445 906 471 LIBER
926 444 1239 471 PROCURATORUM
1259 445 1439 472 NATIONIS
1458 446 1701 473 ANGLICANAE

1231 966 1266 992 10

1232 1211 1265 1237 15

1232 1456 1266 1482 20

1233 1701 1267 1727 25

1232 1947 1266 1973 30

1231 2192 1265 2218 35

1229 2436 1264 2463 40

1229 2681 1263 2708 45

2158 450 2210 476 490

1302 522 1431 560 gacione
1447 522 1586 552 nacionis
1605 533 1663 562 per
1674 522 1881 562 juramentum
1899 526 2076 564 regencium
2097 533 2127 555 et
2147 537 2210 556 non

1302 571 1480 610 regencium
1490 571 1565 600 hora
1578 572 1745 611 primarum
1753 574 1834 612 apud
1848 573 1993 603 Sanctum
2003 575 2017 603 J
2023 575 2156 604 ulianum
2172 577 2209 605 ad

1303 619 1512 649 reiterandum
1529 627 1705 660 requestam
1725 621 1865 651 nacionis
1886 622 2053 652 faciendam
2077 625 2209 654 facultati

1304 669 1420 698 arcium
1442 679 1499 708 pro
1519 669 1580 699 hiis
1600 670 1653 709 qui
1675 680 1737 699 non
1757 671 2036 701 determinaverant
2055 672 2207 709 Parisius,

1305 718 1388 757 quod
1406 718 1468 758 ipsi
1482 718 1650 749 existentes
1668 719 1700 748 in
1714 720 1851 749 secundo
1866 730 1946 749 anno
1960 720 2070 750 solutis
2085 722 2210 751 solven-

1303 767 1353 796 dis
1367 777 1426 806 pro
1439 768 1714 797 determinantibus
1727 775 1920 808 reputentur,
1937 776 1967 798 et
1976 771 2014 799 ad
2025 776 2210 810 temptamen

1305 815 1416 845 Sancte
1431 815 1587 846 Genovefe
1602 817 1802 847 admittantur
1820 829 1827 846 x
1847 824 1918 847 tunc
1933 819 2082 858 magister
2096 819 2211 849 Merci-

1306 864 1366 894 lius
1396 866 1434 894 de
1466 865 1583 905 lnghen
1607 866 1730 895 nomine
1761 866 1912 903 nacionis,
1942 868 2084 897 adductis
2106 869 2210 898 multis

1304 914 1427 943 motivis
1446 924 1483 943 ex
1501 914 1623 944 statutis
1644 915 1794 944 facultatis
1814 922 1844 945 et
1862 926 1900 945 ex
1920 917 2209 953 consuetudinibus,

1304 962 1504 992 dissolvendo
1532 963 1627 993 eciam
1654 964 1767 994 motiva
1796 964 1925 1005 allegata
1959 975 2017 1005 per
2051 966 2210 996 nacionem

1304 1011 1504 1048 Gallicanam,
1529 1019 1659 1052 propter
1684 1023 1744 1053 que
1774 1015 1902 1043 eandem
1938 1021 2113 1054 requestam
2145 1015 2211 1045 sive

1303 1060 1565 1100 supplicacionem
1583 1061 1652 1102 ipsa
1664 1062 1818 1092 interemit
1831 1063 1881 1092 die
1896 1064 2087 1102 precedenti,
2104 1065 2212 1104 requi-

1302 1110 1375 1140 sivit
1403 1110 1575 1140 facultatem
1603 1117 1633 1140 et
1657 1111 1843 1151 supplicavit
1863 1112 1975 1147 eidem,
1998 1119 2091 1152 prout
2117 1123 2211 1153 supra

1303 1159 1452 1198 scriptum
1467 1165 1524 1188 est.
1539 1159 1578 1188 Et
1594 1159 1796 1189 deliberando
1811 1161 1933 1190 dicebat
1946 1162 2035 1190 nacio
2053 1161 2212 1191 Gallicana

1302 1218 1336 1238 se
1351 1209 1512 1238 admittere
1530 1207 1705 1248 hujusmodi
1718 1209 1979 1249 supplicacionem
1993 1210 2136 1250 graciose
2153 1211 2212 1240 ista

1302 1257 1382 1293 vice,
1398 1257 1503 1287 addito
1518 1263 1619 1287 tamen
1637 1259 1720 1297 quod
1741 1258 1912 1298 expediret,
1929 1260 2013 1299 quod
2027 1259 2103 1289 alias
2125 1260 2213 1290 fieret

1305 1317 1365 1336 una
1391 1307 1598 1346 congregacio
1624 1307 1662 1336 ad
1686 1307 1834 1337 maturius
1863 1307 2095 1338 deliberandum
2117 1319 2212 1349 super

1302 1355 1362 1385 isto
1382 1355 1512 1395 negocio
1539 1362 1570 1385 et
1588 1356 1626 1385 ad
1647 1357 1842 1386 statuendum
1864 1358 1947 1397 quod
1970 1357 2046 1387 tales
2068 1359 2212 1388 decetero

1303 1414 1365 1433 non
1381 1404 1624 1434 admitterentur.
1642 1404 1737 1435 Nacio
1750 1415 1825 1435 vero
1837 1405 2049 1445 Pycardorum
2059 1406 2212 1446 simplici-

1303 1459 1350 1483 ter
1375 1453 1500 1483 admisit
1527 1453 1791 1493 supplicacionem
1815 1460 1846 1484 et
1870 1461 2046 1494 requestam
2072 1456 2211 1486 nacionis

1303 1509 1428 1538 nostre3
1449 1502 1504 1531 sed
1517 1502 1605 1531 nacio
1618 1503 1806 1532 Normannie
1819 1504 2029 1533 conformabat
2044 1514 2077 1533 se
2088 1505 2211 1534 nacioni

1305 1551 1461 1580 Gallicane
1483 1557 1514 1581 et
1536 1551 1661 1581 admisit
1690 1552 1833 1592 graciose
1862 1553 2124 1593 supplicacionem
2154 1564 2212 1583 no-

1303 1606 1408 1630 stram.

1345 1649 1478 1689 Insuper
1492 1650 1635 1689 sequenti
1652 1649 1713 1686 die,
1730 1660 1790 1690 que
1810 1657 1876 1680 erat
1890 1650 1961 1680 ΧΠ·
1972 1651 2082 1681 Marcii
2093 1650 2117 1687 ³,
2135 1653 2212 1682 facta

1304 1698 1550 1738 congregacione
1569 1698 1708 1728 nacionis
1730 1699 1768 1728 ad
1791 1699 2027 1739 supplicandum
2046 1701 2076 1730 in
2098 1701 2211 1731 Sancto

1304 1747 1471 1782 Maturino,
1490 1753 1561 1787 post
1577 1757 1761 1783 sermonem,
1773 1749 1811 1777 ad
1827 1748 2008 1778 instanciam
2025 1750 2115 1779 unius
2126 1750 2210 1780 Scoti

1305 1795 1457 1826 scolaris‘
1477 1796 1610 1826 volentis
1632 1797 1808 1836 supplicare
1833 1798 1916 1837 quod
1939 1798 2151 1828 admitteretur
2172 1801 2210 1829 ad

1303 1845 1580 1880 determinandum,
1594 1845 1734 1885 quamvis
1747 1856 1809 1875 non
1820 1846 1991 1886 incepisset
2005 1848 2210 1878 determinare

1303 1894 1353 1924 die
1377 1894 1522 1924 mercurii
1545 1895 1709 1934 preterita3
1735 1895 1791 1925 sed
1813 1895 1881 1935 ipse
1903 1906 1965 1925 non
1985 1897 2158 1936 comparuit
2180 1898 2210 1926 in

1303 1943 1551 1983 congregacione
1568 1944 1606 1972 ad
1623 1943 1871 1983 supplicandum.

1344 1992 1416 2032 (Pol.
1433 1992 1483 2033 51)
1498 1992 1572 2022 Item
1583 1993 1667 2022 xlx·
1679 1993 1729 2022 die
1745 1993 1854 2023 Marcii
1870 1994 1948 2023 facta
1964 1996 2209 2035 congregacione

1302 2041 1442 2071 nacionis
1461 2042 1499 2071 ad
1515 2042 1751 2082 supplicandum
1773 2041 1847 2072 hora
1863 2043 2031 2082 primarum
2050 2044 2080 2073 in
2097 2044 2209 2074 Sancto

1302 2090 1474 2126 Maturino,
1498 2090 1685 2130 supplicavit
1710 2092 1792 2120 dom.
1824 2091 1958 2121 Thomas
1982 2092 2105 2127 Wisse,
2133 2103 2209 2133 qua-

1301 2146 1391 2170 tenus
1414 2139 1514 2169 adhue
1532 2140 1745 2170 admitteretur
1761 2141 1799 2170 ad
1819 2140 2083 2171 determinandum
2097 2141 2209 2181 juratis

1297 2188 1441 2228 jurandis
1461 2194 1491 2218 et
1510 2188 1620 2218 solutis
1638 2189 1808 2225 solvendis,
1827 2189 1900 2229 quia
1914 2190 2026 2220 obtulit
2042 2200 2075 2220 se
2088 2190 2209 2230 juratu-

1301 2247 1368 2267 rum
1382 2238 1466 2278 quod
1478 2237 1538 2266 sibi
1553 2248 1614 2268 non
1630 2238 1769 2268 constitit
1779 2239 1816 2267 de
1832 2238 1884 2268 illo
1900 2245 2012 2269 statuto
2022 2238 2126 2280 [facto]
2139 2246 2208 2269 ante

1301 2287 1380 2315 duos
1391 2296 1501 2321 annos,
1519 2287 1602 2326 quod
1616 2296 1705 2316 nemo
1719 2287 1932 2317 admitteretur
1949 2289 1985 2316 ad
2005 2288 2208 2317 determinan—

1301 2335 1372 2364 dum
1391 2340 1462 2374 post
1477 2334 1557 2364 diem
1579 2335 1724 2365 mercurii
1742 2342 1814 2375 post
1830 2337 2022 2371 brandones,
2041 2337 2091 2376 qui
2114 2337 2209 2366 nollet

1302 2383 1402 2422 jurare
1423 2390 1568 2414 statutum
1589 2385 1794 2424 paupertatis;
1818 2385 1888 2415 item
1912 2386 1994 2425 quod
2013 2396 2073 2415 non
2094 2396 2208 2425 expec-

1301 2439 1418 2462 taverat
1434 2443 1534 2473 usque
1551 2434 1591 2462 ad
1611 2434 1692 2463 istud
1708 2440 1829 2474 tempus
1850 2434 1881 2463 in
1900 2435 2036 2463 fraudem
2055 2435 2205 2464 nacionis.

1302 2481 1391 2511 Unde
1410 2482 1511 2517 nacio,
1532 2488 1646 2512 attento
1664 2483 1747 2522 quod
1769 2482 1845 2512 alias
1865 2483 2036 2513 consimilis
2054 2484 2206 2512 concede-

1300 2531 1390 2560 batur
1402 2531 1552 2571 magistro
1566 2531 1699 2561 Johanni
1714 2532 1752 2561 de
1767 2532 1888 2561 Stralen
1902 2542 1960 2572 pro
1975 2532 2152 2561 Hermanno
2168 2533 2206 2562 de

1301 2579 1439 2620 Kempen
1460 2580 1658 2620 supplicanti,
1678 2587 1708 2610 et
1725 2581 1808 2620 quod
1827 2581 1901 2610 illud
1919 2587 1985 2610 erat
2000 2587 2156 2616 statutum,
2174 2588 2206 2611 ut

1299 2628 1448 2658 vitaretur
1473 2629 1555 2659 fraus
1582 2629 1736 2664 nacionis,
1765 2640 1854 2669 quam
1878 2640 1911 2659 se
1934 2640 1995 2659 non
2017 2630 2203 2666 intendisse,

1300 2683 1332 2706 ut
1362 2678 1560 2717 premittitur,
1587 2678 1667 2707 idem
1697 2678 1839 2708 dominus
1869 2678 2003 2708 Thomas
2033 2689 2066 2707 sc
2094 2679 2206 2708 obtulit

1294 2726 1480 2766 juraturum,
1511 2727 1666 2757 concessit
1690 2726 1950 2767 supplicacionem
1982 2737 2083 2761 suam.
2118 2728 2205 2767 prius

1300 2785 1356 2815 per
1386 2775 1486 2816 ipsum
1509 2774 1622 2816 juratis
1653 2775 1713 2805 hiis
1743 2786 1803 2815 que
1826 2786 1858 2806 se
1882 2776 1994 2806 obtulit
2010 2775 2203 2816 juratu1·um;

1297 2911 1360 2928 neue
1373 2904 1477 2928 Walteri
1484 2913 1550 2937 mag.
1561 2904 1719 2928 Henricuude
1730 2903 1828 2928 Themin.
1847 2904 1900 2928 Vid.
1912 2905 2030 2929 Chai-tul.
2043 2905 2087 2929 ΙΙΙ.
2098 2910 2125 2928 n·
2134 2905 2175 2929 14¹
2181 2907 2203 2930 7.

1329 2940 1352 2963 3.
1387 2941 1485 2963 Festum
1496 2941 1521 2963 S.
1534 2939 1658 2971 Gregorii.

1329 2976 1351 2998 (1.
1387 2975 1502 2999 Tbomae
1516 2975 1606 3003 Wine,
1619 2975 1651 2998 de
1663 2983 1714 3006 quo
1724 2975 1803 3007 infra.
