2632 3464
309 425 363 450 621

312 500 511 529 mendacione
526 500 662 540 aliquali.
678 500 716 529 Et
730 501 807 529 facta
821 499 1014 534 induccione,
1029 509 1082 528 sua
1095 499 1217 539 suppli—

308 549 396 578 cacio
410 549 594 578 unanimiter
608 549 663 578 fuit
677 558 839 582 concessa,
859 548 943 577 nullo
961 547 1154 577 reclamante.

716 641 814 672 1382

353 713 594 744 Continuatio
625 713 884 753 procuratoris
912 712 1167 752 precedentis.

353 793 428 823 ltem
460 794 536 823 facta
559 793 804 833 congregacione
831 793 1049 832 magistrorum
1076 792 1216 822 nacionis

310 842 481 882 Anglicane
503 842 534 871 in
554 842 663 882 primis
681 841 774 871 Beate
794 841 903 876 Marie,
924 841 1031 881 quinta
1051 841 1125 871 Maii
1144 842 1215 871 anni

307 890 511 930 octuagesimi
526 890 666 926 secundi,
687 891 724 920 ad
741 890 916 930 eligendum
937 897 1168 930 procuratorem
1187 898 1217 920 et

311 941 547 979 computandum
567 946 598 969 et
617 939 865 980 supplicandum,
884 940 1093 969 discordatum
1111 940 1167 970 fuit
1185 940 1215 968 in

310 988 460 1018 electione
475 988 698 1028 procuratoris.
716 988 818 1025 Quare
830 988 883 1018 illa
897 989 1103 1028 congregacio
1118 989 1216 1018 delata

306 1036 384 1078 [est]
406 1047 504 1077 usque
528 1037 559 1066 in
581 1047 695 1072 nonas,
718 1037 749 1066 in
771 1047 832 1077 qua
853 1037 968 1066 electus
992 1038 1047 1067 fuit
1070 1038 1217 1078 magister

310 1086 479 1116 Brunulfus
502 1086 607 1116 Karoli
632 1087 767 1116 nondum
787 1093 982 1126 procurator,
1006 1087 1058 1126 qui
1080 1087 1213 1121 rennuit,

308 1135 435 1165 solvens
450 1134 586 1165 francuin
599 1141 779 1165 consuetum
794 1135 824 1164 in
835 1135 935 1175 prima
948 1136 1172 1175 procuratoria‚
1187 1142 1214 1165 et

309 1191 506 1224 percenatum
538 1190 611 1214 tunc
647 1185 691 1213 ad
719 1184 853 1213 habitum
894 1186 1010 1214 Gilleu'.
1048 1185 1215 1224 Postquam

307 1239 408 1263 autem
426 1233 561 1268 rennuit,
579 1233 695 1263 electus
717 1233 772 1262 fuit
786 1239 817 1262 et
836 1233 1031 1263 continuatus
1047 1233 1160 1263 Petrus
1178 1235 1215 1263 de

309 1281 439 1312 Catwiic
479 1282 510 1311 in
553 1288 796 1322 procuratorem,
843 1282 1026 1312 reclamante
1067 1283 1215 1322 magistro

309 1330 449 1360 Arnoldo
467 1330 575 1360 Ghise.

350 1380 424 1410 Item
444 1380 566 1410 auditus
587 1379 643 1409 fuit
662 1380 694 1409 in
713 1380 852 1419 predicta
866 1380 1113 1420 congregacione
1130 1391 1214 1410 com-

309 1435 404 1469 putus
419 1429 602 1468 receptoria,
619 1428 811 1458 examinatus
823 1428 955 1458 sollicite
966 1439 1024 1469 per
1034 1430 1212 1469 magistros,

309 1485 341 1508 et
361 1477 432 1507 hinc
453 1478 524 1507 inde
541 1478 692 1518 expositis
716 1484 746 1507 et
764 1478 898 1517 receptis
918 1478 1008 1507 simul
1029 1479 1213 1517 comparatis

309 1527 457 1556 remansit
473 1526 628 1567 obligatus
643 1527 766 1556 nacioni
781 1526 865 1556 XVII
882 1527 978 1556 libras
997 1527 1023 1556 ll
1040 1527 1169 1562 solidos,
1184 1534 1213 1557 et

304 1577 327 1606 8
341 1576 497 1606 denarios.

348 1626 421 1665 (Fal.
438 1626 487 1665 35)
504 1624 600 1654 ltem⁴
622 1625 699 1654 facta
715 1625 961 1665 congregacione
978 1625 1128 1655 facultatis
1139 1636 1213 1666 sep-

307 1674 381 1704 tima
391 1674 466 1704 Maii
480 1674 560 1703 circa
576 1674 772 1714 apercionem
783 1674 992 1714 temptaminis
1005 1685 1065 1714 que
1075 1681 1147 1704 tunc
1161 1675 1212 1705 de-

308 1723 497 1753 liberabatur
511 1732 579 1752 cum
595 1722 722 1762 sequela
739 1722 877 1757 effectus,
895 1723 1072 1753 nationibus
1088 1724 1212 1754 trahen-

307 1773 390 1802 tibus
413 1782 447 1802 se
473 1772 511 1802 ad
538 1777 668 1812 partem,
689 1778 721 1801 ut
742 1771 839 1801 moris
866 1779 923 1806 est,
948 1772 1071 1812 quidam
1099 1773 1212 1802 bacha-

305 1822 402 1852 larius
419 1821 543 1850 nomine
559 1820 734 1860 Heynricus
750 1820 895 1850 Poelman
911 1822 949 1850 de
966 1822 1087 1851 natione
1105 1829 1212 1852 nostra

306 1870 399 1901 traxit
419 1880 454 1900 se
473 1870 511 1899 nd
531 1869 684 1900 nationem
704 1876 852 1904 nostram,
879 1877 979 1900 tamen
1000 1881 1061 1900 non
1085 1878 1211 1901 vocatus

308 1929 364 1960 per
380 1918 533 1949 bedellum
548 1918 694 1953 nationis,
712 1918 910 1958 impediendo
926 1920 1020 1949 ardua
1039 1920 1126 1955 facta,
1143 1921 1211 1960 pri-

307 1968 430 2008 vilegia,
456 1973 579 2002 statuta,
603 1968 843 1997 consuetudines
865 1967 1034 1998 laudabiles
1059 1969 1210 1999 facultatis

303 2023 336 2048 et
357 2017 534 2058 specialiter
555 2016 688 2046 nationis
707 2023 814 2046 nostre
834 2016 1047 2057 multipliciter
1066 2018 1209 2054 ledendo,

306 2076 374 2096 nam
390 2072 517 2106 rogatus
534 2075 591 2105 per
605 2065 758 2095 nationem
774 2075 836 2095 non
854 2065 953 2095 solum
969 2076 1029 2096 una
1043 2068 1098 2096 sed
1115 2067 1210 2107 pluri-

307 2117 365 2145 bus
388 2115 508 2144 vicibus
534 2115 618 2154 quod
647 2114 755 2147 exiret.
779 2114 905 2144 omnino
928 2115 1062 2150 rennuit,
1085 2126 1211 2146 recusa-

304 2164 399 2194 vit....
412 2163 546 2198 intravit,
557 2164 678 2193 demum
689 2163 859 2203 requisitus
878 2164 958 2193 trina
970 2164 1036 2194 vice
1051 2175 1106 2204 per
1122 2175 1210 2196 suum

298 2212 507 2253 juramentum
529 2213 567 2242 de
587 2212 762 2242 obediendo
781 2212 914 2242 nationis
932 2214 1152 2253 proc[uratori‚
1173 2216 1211 2245 ad

306 2262 487 2300 servandos]
498 2261 644 2296 honores.
652 2261 823 2296 utilitatem,
833 2268 905 2296 etc.‚
914 2262 1057 2296 nationis.
1066 2273 1137 2302 ymo
1152 2265 1210 2294 sub

302 2310 389 2341 omni
404 2320 494 2351 pena,
511 2311 594 2350 quod
609 2310 708 2340 exiret
724 2321 730 2339 τ
751 2310 950 2349 pertinaciter
963 2311 1165 2342 inflammatus
1181 2320 1211 2343 et

306 2359 543 2400 pass[ionatus],
566 2359 638 2388 licet
657 2365 726 2388 ante
746 2359 922 2399 prandium,
946 2361 1108 2399 respondit
1127 2363 1208 2401 quod

306 2408 399 2438 nichil
423 2408 546 2442 faceret.
571 2418 642 2447 ymo
663 2418 730 2437 cum
753 2418 832 2438 unus
853 2409 1043 2438 reverendus
1063 2410 1211 2450 magister

303 2457 434 2493 diceret,
452 2457 709 2487 deliberacionem
726 2456 860 2486 nationis
873 2467 954 2492 esse,
972 2459 1053 2498 quod
1070 2458 1137 2498 ipse
1148 2469 1210 2489 non

305 2506 432 2536 deberet
452 2507 516 2536 fore
538 2506 699 2536 nobiscum
721 2506 751 2535 in
774 2506 1068 2547 congregationibus
1090 2515 1119 2538 et
1140 2508 1210 2538 aliis

306 2554 395 2585 factis
414 2554 560 2590 nationis,
581 2561 611 2584 et
636 2555 719 2594 quod
740 2555 780 2584 ita
800 2555 882 2585 natio
905 2555 1086 2586 deliberavit
1097 2556 1120 2591 ².
1142 2557 1209 2597 ipse

304 2604 524 2644 respondendo
549 2604 666 2644 petivit,
690 2614 786 2643 quare
806 2604 889 2634 natio
910 2605 988 2634 fatue
1014 2605 1208 2641 deliberavit,

303 2652 352 2682 vel
378 2652 592 2683 consimiliter.
625 2652 664 2682 Et
696 2653 827 2682 finaliter
858 2654 1022 2693 oportebat
1055 2655 1209 2685 nationem

304 2702 483 2741 protestari,
507 2703 589 2742 quod
614 2702 777 2742 presencia
801 2702 848 2732 sui
872 2703 962 2732 nobis
984 2703 1078 2733 nichil
1105 2703 1211 2744 preju-

305 2750 432 2780 dicaret.
462 2750 501 2780 Et
531 2750 571 2780 ita
596 2751 651 2781 feci
677 2757 822 2791 protunc,
848 2752 886 2781 de
913 2752 1045 2792 singulis
1077 2753 1210 2793 petendo

337 2846 359 2870 ¹.
394 2848 466 2878 Quae
489 2850 630 2880 aequamur
642 2855 720 2881 unqua
739 2854 766 2878 p.
779 2846 834 2873 022.
848 2849 871 2875 5,
884 2855 958 2871 cruce
974 2849 1077 2881 signata
1093 2853 1117 2874 ne
1137 2849 1211 2873 lineis

302 2881 388 2905 deceta
400 2884 424 2905 et
433 2882 510 2913 plura
521 2882 597 2906 verba
609 2890 683 2907 traca
693 2885 760 2906 nm.

336 2917 359 2940 2.
389 2916 518 2941 Ich-nnec
530 2917 649 2942 Ponte-an
667 2918 796 2943 tit-nciam
817 2918 843 2942 in
859 2920 951 2942 Noun
969 2919 1076 2943 Domina
1091 2920 1210 2952 uumpn't.

302 2951 414 2984 ideoque
426 2961 442 2976 a
455 2952 570 2983 nacione,
587 2954 648 2986 quia
662 2953 808 2978 &entium
819 2954 866 2978 nuh
877 2955 1033 2979 cancellario
1050 2964 1066 2979 a
1085 2955 1212 2980 Clemente

810 424 922 450 LIBER
948 423 1260 450 PROCURATORUM
1285 423 1465 449 NATIONIS
1487 424 1731 450 ANGLlCANAE

1271 700 1287 725 5

1255 946 1288 971 10

1254 1191 1287 1217 15

1252 1437 1285 1462 20

1250 1683 1284 1709 25

1248 1928 1282 1954 30

1248 2175 1282 2201 35

1247 2415 1282 2441 40

1247 2659 1281 2686 45

2179 427 2231 452 622

1326 500 1540 534 instrumenta,
1562 507 1591 528 et
1606 501 1759 529 servando
1779 500 1845 539 ejus
1866 512 1974 540 penam
1997 508 2026 531 et
2040 503 2229 541 punitionem

1324 558 1422 588 usque
1437 548 1524 583 alias,
1544 549 1673 578 maxime
1686 555 1786 578 tamen
1802 551 1839 578 de
1854 550 1910 578 boc
1927 552 2009 589 quod
2024 552 2112 585 dixit,
2130 552 2231 581 natio-

1324 607 1393 626 nem
1425 604 1560 626 nostram
1588 599 1666 627 fatue
1701 598 1906 634 deliberasse,
1942 600 2025 638 quod
2055 601 2232 639 specialiter

1324 646 1449 675 nomine
1468 646 1602 676 nationis
1623 647 1660 676 ad
1685 647 1818 676 animum
1842 648 1995 682 revocavi,
2023 649 2101 678 sicut
2125 656 2154 678 et
2180 650 2230 678 alii

1324 695 1476 735 magistri.

1366 743 1440 773 ltem
1467 745 1585 774 decima
1615 745 1666 774 die
1692 745 1765 774 Maii
1797 746 1913 775 exstitit
1944 746 2145 775 deliberatum
2177 758 2232 787 per

1325 793 1491 829 nationem,
1517 795 1593 823 facta
1617 795 1860 835 congregatione
1889 795 2006 833 previa,
2037 797 2119 835 quod
2151 797 2231 825 circa

1325 842 1576 881 impedimentum
1604 842 1796 883 interjectum
1821 844 2011 883 temptamini
2034 845 2118 873 natio
2141 845 2233 874 vellet

1326 891 1425 920 facere
1441 892 1609 920 secuudum
1626 892 1787 922 consilium
1797 891 2064 932 jurisperitorum,
2083 904 2143 922 non
2161 904 2232 933 par-

1325 941 1422 969 cendo
1442 941 1582 979 pecuniis
1599 947 1628 970 et
1643 941 1790 980 expensis
1808 941 1942 971 nationis
1960 952 2016 981 pro
2033 943 2097 971 suis
2109 942 2232 982 juribus

1324 989 1536 1018 defendendis.
1567 989 1656 1019 Unde
1677 996 1707 1019 et
1732 996 1804 1020 tunc
1830 991 1869 1019 de
1898 1001 2029 1030 vespere
2061 991 2233 1021 habuerunt

1324 1038 1463 1067 advocati
1482 1048 1499 1067 a
1511 1040 1633 1068 natione
1651 1039 1729 1068 duos
1748 1039 1870 1069 francos
1886 1039 1916 1068 in
1936 1040 2046 1069 Sancta
2063 1040 2229 1070 Genofeva.

1365 1087 1440 1116 ltem
1451 1094 1481 1117 et
1495 1093 1568 1117 tunc
1583 1088 1769 1127 supplicavit
1784 1089 1931 1128 magister
1948 1089 2040 1128 Hugo
2054 1090 2091 1118 de
2106 1090 2225 1119 Landa·

1325 1146 1383 1176 pro
1398 1146 1455 1165 suo
1470 1136 1645 1171 domicello,
1656 1137 1776 1166 scilicet
1789 1137 1949 1167 Scoffredo
1964 1139 2002 1166 de
2016 1138 2209 1178 Lynynghen
2219 1138 2231 1156 ³

1325 1185 1362 1214 de
1387 1185 1529 1215 habendo
1559 1185 1679 1215 literam
1711 1186 1959 1222 testimonialem,
1998 1188 2080 1226 quod
2111 1189 2231 1217 duobus

1324 1234 1413 1264 annis
1432 1234 1577 1264 continue
1601 1235 1720 1264 studuit
1741 1235 1902 1275 Parysius,
1926 1237 2007 1275 quod
2025 1237 2084 1266 sibi
2105 1237 2230 1266 multum

1323 1290 1481 1322 gratanter
1494 1284 1549 1313 suit
1564 1294 1757 1314 concessum.

1365 1333 1438 1362 ltem
1452 1339 1483 1362 et
1497 1340 1628 1372 protunc
1641 1333 1703 1362 dati
1717 1334 1839 1363 fuerunt
1852 1334 1989 1374 deputati
2001 1336 2038 1363 ad
2050 1335 2230 1374 dispensan-

1323 1381 1394 1411 dum
1410 1391 1477 1411 cum
1499 1381 1571 1417 hiis,
1591 1382 1643 1422 qui
1666 1393 1726 1412 non
1745 1383 1883 1412 fecerunt
1899 1383 2000 1412 omnia
2023 1385 2172 1423 requisita
2193 1386 2229 1414 ad

1323 1430 1475 1460 licentiam
1494 1429 1576 1469 juxta
1589 1432 1711 1461 modum
1730 1438 1759 1461 et
1775 1432 1900 1466 formas,
1918 1433 2031 1471 quihus
2047 1444 2113 1462 cum
2130 1434 2229 1462 cousi-

1323 1479 1447 1509 milibus
1466 1480 1536 1509 aliis
1558 1481 1751 1520 temporibus
1772 1481 1827 1510 suit
1849 1482 1986 1521 gratiose
2004 1482 2226 1521 dispensatum.

1363 1529 1437 1558 Item
1450 1535 1480 1558 et
1495 1529 1547 1558 isti
1564 1530 1702 1569 deputati
1716 1529 1865 1559 haberent
1882 1531 2026 1559 o'rdinare
2041 1531 2123 1560 circa
2139 1542 2228 1571 expe-

1321 1577 1468 1606 ditionem
1492 1578 1718 1618 temptaminis,
1745 1579 1771 1608 si
1795 1589 1854 1618 que
1881 1587 2075 1619 emergerent
2098 1588 2229 1620 propter

1321 1636 1380 1666 que
1394 1637 1455 1656 non
1469 1633 1628 1666 oporteret
1645 1634 1737 1657 totam
1754 1628 1907 1657 nationem
1925 1629 2034 1658 merito
2050 1631 2226 1659 convocari.

1727 1720 1824 1750 1382

1321 1790 1466 1820 Electio
1492 1791 1594 1820 Petri
1621 1792 1663 1821 de
1687 1791 1843 1832 Catwijc
1866 1792 1902 1822 in
1929 1799 2226 1831 procuratorem,

1447 1846 1482 1869 et
1506 1840 1740 1870 continuatio
1765 1851 1807 1870 ex
1838 1842 2100 1881 consequenti.

1358 1919 1852 1951 AnnoDominimillesimoCCC⁰
1861 1922 2224 1961 octuagesimosecundo.

1319 1970 1454 1998 secunda
1467 1969 1516 1998 die
1534 1970 1649 1999 mensis
1659 1969 1755 2005 Junii,
1776 1971 1851 2000 facta
1866 1971 2108 2010 congregatione
2127 1972 2226 2001 natio-

1318 2018 1368 2048 nis
1383 2018 1554 2058 Anglicane
1575 2018 1605 2047 in
1622 2018 1733 2058 primis
1751 2019 1864 2048 Nostre
1883 2019 2014 2049 Domine
2034 2021 2113 2059 apud
2134 2020 2224 2050 Sanc-

1319 2073 1381 2096 tum
1404 2067 1558 2097 lulianum
1576 2078 1742 2107 pauperem
1764 2075 1795 2097 ut
1813 2069 1908 2098 moris
1931 2075 1978 2097 est
1996 2070 2033 2097 ad
2049 2069 2224 2109 eligendum

1318 2123 1563 2156 procuratorem,
1595 2117 1738 2147 similiter
1764 2117 1801 2146 ad
1839 2117 2023 2150 audiendum
2054 2119 2225 2158 receptoris

1319 2171 1505 2205 compotum,
1527 2166 1582 2195 fuit
1600 2166 1756 2195 discordia
1775 2167 1814 2195 de
1829 2166 1978 2195 electione
2001 2168 2221 2206 procuratoris.

1321 2213 1359 2243 Et
1382 2214 1476 2254 igitur
1500 2214 1549 2243 illa
1572 2215 1774 2255 congregatio
1797 2216 1852 2245 suit
1876 2216 2052 2245 continuata
2076 2216 2106 2245 in
2133 2218 2223 2246 nonis

1319 2263 1433 2292 Nostre
1455 2263 1586 2293 Domine
1611 2265 1691 2303 apud
1715 2263 1859 2293 Sanctum
1885 2264 2084 2300 Maturinum,
2110 2266 2140 2294 in
2167 2276 2226 2305 qua

1318 2312 1434 2342 electus
1455 2312 1510 2342 fuit
1530 2312 1642 2342 Petrus
1657 2313 1694 2342 de
1713 2313 1842 2343 Catwiic
1858 2314 1887 2342 in
1906 2320 2135 2352 procuratorem
2155 2324 2227 2353 pre-

1318 2361 1399 2390 dicte
1423 2361 1569 2391 nationis.
1594 2361 1634 2391 Et
1657 2369 1818 2401 compotus
1846 2362 1899 2391 fuit
1922 2362 2034 2392 dilatus
2061 2374 2095 2391 ex
2124 2364 2226 2393 causis

1318 2410 1429 2446 certis;
1452 2410 1561 2450 viginti
1587 2421 1661 2440 vero
1684 2410 1793 2446 solidi,
1815 2421 1893 2450 quos
1914 2411 2019 2440 habuit
2044 2418 2226 2450 procurator

1318 2468 1355 2487 ex
1367 2458 1467 2488 officio
1485 2460 1707 2498 procuratoris,
1726 2461 1847 2489 fuerunt
1865 2461 2016 2499 perpotati
2035 2461 2077 2488 ad
2091 2461 2222 2490 habitum

1321 2509 1423 2537 Gilleti
1439 2507 1470 2536 in
1487 2508 1622 2537 crastino
1641 2509 1792 2548 sequenti.

1360 2555 1433 2586 ltem
1446 2555 1458 2574 ⁴
1474 2557 1550 2586 facta
1565 2558 1805 2597 congregatione
1824 2557 1974 2586 facultatis
1991 2557 2057 2587 XX-
2075 2558 2124 2587 die
2138 2558 2221 2588 Junii

1318 2606 1399 2644 apud
1428 2605 1572 2635 Sanctum
1602 2605 1786 2635 Maturinum
1820 2606 1849 2635 in
1882 2606 2004 2645 primis,
2036 2613 2065 2636 et
2100 2607 2222 2637 natione

1318 2653 1489 2693 Anglicana
1502 2654 1640 2684 trahente
1659 2666 1691 2684 se
1709 2656 1745 2684 ad
1764 2661 1891 2694 partem,
1907 2661 1939 2683 ut
1955 2655 2048 2684 moris
2065 2662 2121 2690 est,
2140 2657 2222 2686 venit

1318 2703 1355 2732 ad
1381 2702 1533 2732 nationem
1559 2704 1701 2733 domiuus
1725 2703 1899 2743 lleynricus
1920 2703 2076 2738 I'oehnan,
2101 2705 2223 2734 natione

1319 2751 1426 2786 invita,
1450 2751 1546 2791 ipsam
1566 2753 1836 2792 congregationem
1864 2759 1999 2781 nostram
2018 2753 2222 2783 disturbando

1325 2850 1368 2873 W!
1382 2849 1507 2879 instituto,
1521 2849 1637 2872 ert-{unua
1657 2852 1721 2872 erat.
1742 2849 1794 2872 Via.
1811 2857 1888 2880 ευριπ
1906 2857 1931 2880 ρ.
1950 2850 2005 2876 ew.
2019 2851 2040 2874 6.

1350 2887 1373 2909 3.
1391 2885 1471 2909 Ambo
1478 2887 1567 2916 postea
1583 2884 1774 2915 Heidelbergae.
1788 2885 1905 2911 Kouma
1920 2885 2048 2912 Mntrikel,
2063 2886 2082 2913 Ι,
2096 2886 2120 2913 9,
2131 2887 2170 2910 ³7.

1350 2921 1373 2944 h.
1409 2922 1480 2952 Quae
1493 2923 1633 2952 lequuntur
1646 2928 1723 2951 unque
1733 2920 1851 2943 Jobnnnc
1861 2921 1893 2944 de
1907 2921 2010 2945 Anu-triu
2024 2921 2089 2952 (02³.
2102 2921 2139 2950 17)
2149 2930 2223 2945 cruce

1319 2955 1423 2987 signata
1436 2958 1459 2979 et
1470 2955 1545 2979 lineie
1555 2955 1638 2978 deleta
1652 2957 1720 2978 nnnc.
