2632 3464
399 435 451 461 859

440 495 590 540 Dominus
599 510 615 540 J
619 511 733 540 acobus
743 511 782 539 de
796 510 902 539 Peblis
915 511 972 540 sub
988 509 1137 549 magistro
1151 508 1302 545 Arnoldo,

399 558 485 599 cujus
501 561 594 588 bursa
613 559 671 588 VII
690 559 794 589 solidi.

440 608 591 638 Dominus
620 608 777 638 Johannes
804 607 962 638 Laveroch
988 608 1046 637 sub
1065 608 1184 643 eodem,
1215 605 1303 646 cujus

398 658 492 687 bursa
513 657 540 687 V
560 657 662 687 solidi.

437 706 588 736 Dominus
599 706 729 737 Thomas
743 705 893 746 Adaugan
905 707 961 735 3111)
975 706 1094 741 00110111,
1109 705 1196 745 cujus
1207 706 1303 735 bursa

398 755 439 784 Vl
453 756 556 784 solidi.

439 804 590 834 Dominus
614 805 768 834 Henricus
790 804 971 833 Mordrecht
992 805 1049 833 sub
1071 804 1191 839 eodem,
1216 802 1303 843 cujus

398 854 492 883 bursa
506 854 533 882 V
545 853 649 883 solidi.

806 946 903 975 1403

526 1018 616 1048 Acta
642 1019 678 1047 in
706 1018 971 1058 procuratoria
1002 1017 1174 1057 magistri

684 1067 894 1096 Ghiisberti
923 1066 1014 1096 Wit.

437 1147 528 1177 Facta
545 1147 791 1187 congregacione
810 1146 950 1176 nacionis
970 1147 1052 1186 apud
1077 1147 1221 1176 Sanctum
1236 1147 1303 1176 Ma-

396 1197 530 1226 turinum
542 1206 621 1226 anno
634 1196 758 1226 Domini
773 1197 873 1231 14030,
887 1197 1022 1225 secunda
1032 1196 1082 1225 die
1097 1196 1112 1225 J
1117 1196 1192 1232 unii,
1208 1207 1303 1236 super

395 1247 516 1275 duobus
538 1245 686 1275 articulis.
706 1245 829 1274 Primus
844 1246 882 1274 ad
902 1245 1078 1285 eligendum
1098 1255 1211 1275 novum
1232 1256 1303 1284 pro-

396 1301 568 1324 curatorem
595 1294 645 1324 vel
671 1294 911 1324 continuandum
941 1294 1111 1333 antiquum.
1141 1294 1302 1324 Secundus

396 1355 491 1384 super
505 1343 789 1383 supplicacionibus
802 1350 832 1373 et
847 1342 980 1383 injuriis.
999 1343 1100 1383 Super
1113 1344 1214 1383 primo
1232 1354 1303 1373 con-

395 1393 531 1423 corditer
546 1393 602 1422 fuit
616 1393 732 1422 electus
746 1392 777 1421 in
798 1398 1029 1431 procuratorem
1048 1393 1169 1422 nemine
1183 1400 1302 1422 contra-

394 1443 515 1472 dicente
534 1442 682 1481 magister
697 1441 895 1471 Ghiisbertus
914 1441 992 1471 Wit.
1014 1442 1115 1481 Super
1136 1443 1167 1470 2ο
1185 1442 1302 1482 suppli-

951 433 1174 460 AUCTARIUM
1194 431 1452 459 CHARTULARH
1471 433 1644 460 UNIVEBS.
1666 434 1783 461 PARIS.

1341 953 1375 979 10

1340 1198 1374 1223 15

1340 1444 1374 1470 20

395 1492 475 1521 cavit
495 1497 679 1531 procurator
692 1491 865 1530 precedens
882 1497 916 1520 ut
931 1491 963 1520 in
983 1491 1059 1520 actis
1074 1497 1213 1530 tempore
1231 1502 1302 1530 pro·
1336 1519 1345 1527 ,

394 1541 567 1570 curacionis
586 1550 639 1569 sue
660 1540 825 1569 haberetur
844 1546 951 1579 gratus
972 1546 1002 1569 et
1023 1541 1299 1570 recommendatus.

395 1589 491 1630 Cujus
507 1589 771 1629 supplicacionem
787 1589 876 1618 nacio
892 1589 1059 1618 concessit.

397 1697 609 1736 Sequuntur
644 1697 790 1726 nomina
825 1697 1108 1727 licenciatorum
1146 1698 1182 1726 in
1214 1708 1302 1738 pre-

641 1746 740 1775 dicta
777 1746 1054 1785 procuratoria.

435 1835 627 1865 Licenciatus
646 1842 693 1864 est
712 1835 855 1864 dominus
874 1835 1031 1865 Johannes
1048 1835 1116 1875 Boy
1129 1837 1186 1865 sub
1203 1837 1301 1877 magi-

394 1892 458 1914 stro
472 1885 611 1914 Arnoldo
626 1884 765 1919 Wtwiic‚
784 1883 870 1921 cuius
886 1885 981 1914 bursa
995 1885 1021 1914 V
1034 1885 1138 1914 solidi.

435 1934 628 1963 Licenciatus
653 1940 700 1968 est
723 1934 866 1963 dominus
892 1934 1054 1973 Reynerus
1079 1934 1241 1964 Venatoris
1264 1936 1301 1964 de

394 1982 508 2012 Arnem
543 1984 600 2012 sub
635 1983 783 2022 magistro
819 1983 995 2012 Hermanno
1031 1983 1176 2019 Ummen‚
1213 1984 1301 2024 cujus

394 2033 488 2061 bursa
500 2032 526 2060 V
542 2032 645 2060 solidi.

436 2081 628 2110 Licenciatus
661 2087 709 2110 est
743 2080 886 2109 dominus
921 2080 1113 2110 Guilhelmus
1150 2081 1206 2110 Bel
1243 2083 1301 2111 sub

395 2130 543 2169 magistro
559 2130 699 2158 Arnoldo
714 2129 854 2164 Wtwiic‚
870 2129 956 2169 cujus
974 2130 1068 2159 bursa
1083 2130 1109 2158 V
1126 2131 1229 2160 solidi.

435 2179 627 2207 Licenciatus
659 2185 706 2207 est
733 2178 877 2207 dominus
901 2179 1056 2218 Nycolaus
1086 2179 1301 2209 Lutzenborch

395 2229 451 2257 sub
468 2228 616 2267 magistro
633 2227 831 2256 Coenraerdo
846 2227 1001 2263 Lubeeck,
1020 2227 1106 2267 cujus
1122 2229 1217 2258 bursa
1231 2229 1258 2258 V
1273 2239 1298 2258 s.

466 2334 671 2373 Sequuntur
706 2334 852 2362 nomina
891 2334 1158 2373 incipiencium
1197 2336 1231 2364 in

619 2383 790 2422 predicta
818 2384 1094 2422 procuratoria.

434 2471 588 2510 Nycolaus
633 2471 824 2509 Offenpurch
867 2472 924 2500 sub
970 2471 1119 2511 magistro
1161 2472 1301 2502 Arnoldo

394 2520 532 2554 Wtwiic⁷
550 2520 636 2559 cujus
655 2521 749 2549 bursa
766 2519 822 2549 Vll
842 2520 945 2549 solidi.

435 2570 608 2608 Stephanus
623 2569 705 2608 Bigli
722 2570 779 2598 sub
792 2570 910 2603 eodem,
922 2568 1008 2608 cujus
1022 2570 1116 2598 bursa
1126 2569 1182 2599 VII
1196 2571 1298 2600 solidi.

436 2618 630 2647 Guilhelmus
651 2618 877 2657 Glendenvoyn
894 2619 951 2647 sub
965 2619 1084 2654 eodem,
1101 2618 1187 2658 eujus
1207 2620 1301 2649 bursa

397 2666 452 2695 Vll
468 2667 571 2696 solidi.

435 2716 610 2754 Heynricus
635 2715 759 2745 Bruch⁴
788 2717 844 2745 suh
867 2716 985 2750 eodem,
1005 2715 1092 2754 cujus
1110 2717 1204 2746 bursa
1225 2716 1251 2745 V
1273 2728 1298 2746 3.

434 2764 590 2794 Johannes
604 2765 737 2794 Dalketh
753 2766 809 2794 sub
828 2765 947 2799 eodem,
966 2763 1052 2803 cujus
1071 2766 1164 2794 bursa
1179 2766 1205 2794 V
1223 2776 1247 2795 s.

436 2814 508 2851 (Vol.
535 2816 572 2843 69
586 2814 609 2852 ὓ)
635 2814 709 2843 ltern
735 2814 850 2852 incepit
880 2814 1022 2843 dominus
1050 2814 1206 2843 Johannes
1234 2815 1301 2854 Boy

425 2919 448 2941 1.
482 2921 530 2942 Seu
541 2920 638 2950 Brugg.

426 2955 450 2978 2.
483 2955 629 2978 1ntitulat11³
642 2955 824 2987 Heidelbergae
836 2957 894 2978 lun.
908 2956 946 2979 23.
962 2955 1078 2984 ΤοΕΡκΕ,
1094 2963 1120 2986 p.
1136 2956 1174 2979 89.

1339 1690 1373 1716 25

1339 1936 1372 1962 30

1338 2182 1372 2208 35

1339 2428 1372 2454 40

1339 2672 1372 2698 45

2266 436 2323 464 86⁰

1413 509 1471 538 sub
1483 509 1632 550 magistro
1649 509 1789 540 Arnoldo
1806 509 1946 546 Wtwiic‚
1966 509 2053 550 cujus
2065 512 2159 541 bursa
2171 512 2198 542 V
2212 511 2316 542 solidi.

1453 557 1527 587 Item
1556 558 1673 598 incepit
1698 559 1841 588 dominus
1868 559 2061 589 Guilhelmus
2093 560 2236 590 Storman
2260 563 2322 592 sub

1412 607 1561 647 magistro
1579 607 1752 637 Godscalco
1762 607 1871 643 Vrese,
1893 607 1980 648 cujus
1993 609 2088 638 bursa
2100 609 2160 639 1111
2174 610 2246 640 albi.

1454 656 1528 685 Item
1539 656 1656 696 incepit
1669 656 1813 686 dominus
1824 656 2018 687 Guilhelmus
2031 657 2088 687 Bel
2101 659 2159 688 sub
2169 659 2321 699 magistro

1413 704 1589 734 Hermanno
1607 705 1749 741 Ummen‚
1769 705 1855 745 cujus
1870 707 1965 736 bursa
1980 706 2008 736 V
2025 706 2128 737 solidi.

1454 753 1528 783 Item
1545 754 1662 794 incepit
1679 755 1822 784 dominus
1845 755 2001 794 Nycolaus
2022 755 2239 787 Lutzenborch
2261 759 2324 788 sul>

1413 803 1563 842 magistro
1586 803 1785 833 Coenraerdo
1809 803 1963 840 Lubeeck,
1985 803 2072 845 cujus
2091 806 2186 836 bursa
2211 806 2239 836 V
2264 816 2319 838 so·

1412 851 1479 881 lidi.

1452 900 1528 930 Item
1561 901 1677 940 incepit
1710 901 1854 931 dominus
1889 902 2053 941 Reynerus
2083 903 2247 934 Venatoris
2281 905 2323 935 de·

1411 948 1550 979 Arnem²
1571 950 1629 979 sub
1650 950 1800 990 magistro
1821 950 1998 980 Hermanno
2014 952 2052 981 de
2068 951 2210 988 Ummen‚
2230 953 2322 994 cujus

1411 999 1507 1028 bursa
1518 998 1545 1027 V
1560 998 1664 1028 solidi.

1453 1047 1544 1076 Facta
1552 1047 1798 1087 congregacione
1808 1049 1947 1078 nacionis
1961 1050 2043 1089 apud
2057 1050 2202 1080 Sanctum
2217 1052 2323 1082 Matu-

1412 1096 1512 1125 rinum
1535 1096 1647 1126 XXVI*
1671 1097 1766 1132 Junii,
1795 1107 1890 1137 super
1915 1098 2037 1128 duobus
2064 1099 2214 1130 articulis.
2245 1101 2320 1131 Pri-

1411 1155 1479 1174 mus
1495 1151 1560 1174 erat
1572 1146 1608 1174 ad
1623 1146 1808 1175 audiendum
1823 1153 1998 1186 compotum
2013 1148 2051 1177 de
2066 1149 2158 1178 domo
2172 1150 2215 1178 ad
2230 1161 2320 1187 yma-

1410 1196 1508 1233 ginem
1525 1202 1622 1223 nostre
1642 1197 1767 1224 Domine
1785 1195 1817 1223 in
1829 1195 1898 1225 vico
1912 1196 2052 1226 Brunelli
2067 1203 2098 1227 et
2111 1198 2207 1228 eciam
2224 1209 2324 1239 super

1411 1243 1644 1272 reedificacione
1664 1243 1743 1273 muri
1766 1244 1797 1273 in
1815 1245 1907 1274 domo
1926 1245 1966 1274 ad
1983 1256 2074 1275 cor-nu
2092 1249 2181 1276 cer-oi.
2200 1248 2324 1278 Secun-

1411 1293 1470 1322 dus
1481 1292 1628 1322 articulus
1643 1299 1709 1322 erat
1723 1302 1818 1332 super
1835 1293 2120 1333 supplicacionibus
2136 1303 2167 1325 et
2182 1296 2317 1336 injuriis.

1413 1341 1452 1371 Et
1471 1341 1657 1381 supplicavit
1673 1342 1821 1381 magister
1837 1342 1943 1372 Navno
1963 1344 2002 1372 de
2020 1344 2116 1374 Dacia
2133 1336 2323 1377 constitutus

1411 1397 1595 1430 procurator
1617 1400 1677 1420 una
1703 1401 1771 1420 011111
1793 1391 1943 1431 magistro
1971 1392 2087 1423 Jacobo
2111 1395 2149 1424 de
2174 1395 2318 1426 Haerle‘m

1411 1440 1550 1479 predicte
1561 1440 1670 1469 domus
1682 1441 1726 1468 ad
1736 1443 1906 1479 ymaginem
1916 1449 2014 1471 nostre
2023 1444 2160 1479 Domine,
2170 1450 2203 1473 ut
2211 1450 2325 1484 posset

1411 1489 1599 1518 substituere
1618 1489 1686 1518 loco
1707 1489 1754 1518 sui
1776 1489 1932 1519 dominum
1953 1490 2134 1521 Michaelem
2155 1494 2193 1522 de
2211 1493 2317 1525 Dacia.

1413 1538 1487 1567 Item
1502 1537 1689 1577 supplicavit
1703 1538 1851 1578 magister
1863 1538 2018 1569 Henricus
2031 1539 2142 1581 Brugg
2155 1551 2213 1581 pro
2230 1542 2322 1573 litera

1411 1587 1621 1616 testimoniali.
1649 1586 1723 1616 Item
1748 1587 1934 1627 supplicavit
1965 1589 2107 1619 dominus
2137 1591 2318 1622 Bomondus

1411 1642 1444 1666 ut
1456 1642 1563 1675 posset
1576 1646 1608 1665 se
1619 1637 1781 1666 absentare
1791 1646 1849 1676 per
1861 1637 1999 1676 spacium
2012 1639 2143 1669 duorum
2153 1641 2316 1672 mensiu‘rm

1412 1685 1514 1724 Super
1542 1685 1642 1724 primo
1665 1685 1795 1715 articulo
1823 1686 1913 1715 nacio
1941 1686 2027 1717 dedit
2057 1689 2236 1728 deputatos,
2264 1691 2321 1730 qui

1411 1734 1560 1763 haberent
1580 1734 1686 1763 audire
1709 1741 1884 1774 compotum
1904 1736 1941 1764 de
1968 1737 2059 1766 domo
2083 1738 2127 1766 ad
2146 1741 2316 1778 ymaginem

1410 1791 1508 1811 nostre
1523 1784 1666 1816 Domine,·
1683 1783 1826 1813 similiter
1843 1783 1929 1814 dedit
1945 1785 2108 1824 deputatos
2125 1787 2178 1826 qui
2198 1787 2324 1819 adirent

1411 1832 1591 1872 magistrum
1603 1831 1773 1862 ,Iohannem
1786 1832 1940 1869 Piccardi,
1952 1835 2084 1873 petendo
2099 1835 2159 1865 sibi
2170 1838 2320 1876 pecunias

1411 1881 1530 1910 debitas
1543 1881 1664 1910 nacioni
1679 1881 1804 1911 racione
1821 1882 1933 1922 locagii
1946 1883 2056 1913 domus
2068 1885 2112 1912 ad
2123 1895 2213 1914 cornu
2226 1889 2315 1922 cet-oi,

1410 1936 1443 1959 ut
1456 1930 1663 1959 mediantibus
1678 1930 1740 1959 illis
1757 1940 1863 1960 murus
1881 1938 1989 1971 posset
2006 1933 2177 1963 reedificari
2195 1934 2226 1964 in
2241 1945 2320 1975 pre-

1411 1979 1491 2008 dicta
1506 1980 1608 2008 domo.
1625 1979 1726 2019 Super
1743 1979 1774 2008 2⁰
1790 1980 1919 2010 articulo
1933 1981 2022 2010 nacio
2038 1983 2194 2012 concessit
2209 1992 2316 2015 omnes

1411 2028 1672 2067 supplicaciones.

1451 2077 1525 2106 Item
1537 2077 1643 2106 eodem
1656 2077 1704 2106 die
1719 2088 1780 2117 quo
1793 2088 1898 2118 supra,
1914 2089 1973 2119 ego
1986 2090 2046 2108 una
2059 2090 2126 2109 cum
2141 2081 2210 2111 aliis
2221 2082 2320 2122 depu-

1410 2126 1492 2161 tatis,
1506 2125 1625 2155 scilicet
1635 2126 1784 2166 magistro
1797 2127 1978 2157 Gheraerdo
1992 2129 2030 2157 de
2044 2128 2118 2158 Delf
2124 2135 2155 2159 et
2165 2131 2315 2170 magistro

1409 2174 1548 2204 Johanne
1578 2175 1616 2203 de
1645 2174 1744 2204 Berca
1770 2181 1800 2204 et
1823 2176 1979 2216 aliquibus
2009 2178 2078 2207 aliis
2101 2179 2261 2219 magistris
2287 2185 2318 2210 et

1410 2223 1540 2253 bedellis
1568 2223 1707 2253 nacionis
1734 2225 1905 2255 audivimus
1932 2233 2107 2266 compotum
2131 2228 2240 2258 domus
2273 2230 2316 2258 ad

1408 2274 1579 2312 ymaginem
1593 2280 1690 2302 nostre
1704 2275 1829 2303 Domine
1846 2285 1863 2303 a
1879 2275 2036 2315 magistris
2053 2276 2128 2311 illis,
2148 2277 2200 2316 qui
2219 2277 2316 2307 habe-

1410 2323 1483 2350 bant
1498 2322 1639 2357 reddere,
1654 2322 1773 2352 scilicet
1787 2323 1936 2363 magistro
1957 2324 2103 2354 Navnone
2120 2326 2158 2355 de
2176 2326 2271 2356 Dacia
2287 2333 2322 2356 et.

1411 2371 1558 2410 magistro
1575 2371 1690 2400 Jacobo
1710 2372 1748 2400 de
1764 2371 1918 2401 Haerlem.
1941 2372 1980 2402 Et
1995 2374 2138 2403 omnibus
2159 2375 2268 2404 solutis
2288 2381 2318 2405 et

1411 2419 1568 2448 defalcatis
1595 2427 1809 2450 remanserunt
1831 2421 1935 2451 domui
1962 2421 2060 2452 libere
2082 2422 2183 2452 XVIII
2206 2424 2314 2460 franci,

1411 2469 1463 2508 qui
1474 2475 1652 2498 manserunt
1665 2469 1696 2498 in
1706 2470 1847 2499 manibus
1860 2471 2001 2510 magistri
2011 2471 2118 2500 Jacobi
2126 2473 2164 2501 de
2174 2472 2319 2502 Haerlem

1411 2523 1440 2546 et
1468 2517 1584 2546 domini
1614 2517 1774 2547 Michaelis
1803 2519 1840 2547 de
1869 2519 1964 2548 Dacia
1990 2520 2147 2550 substituti
2175 2522 2316 2561 magistri

1411 2566 1579 2595 Navnonis.

1450 2615 1623 2644 Notandum
1651 2617 1735 2654 quod
1754 2617 1832 2645 facta
1851 2617 1906 2647 fuit
1926 2618 2131 2657 congregacio
2151 2618 2318 2650 Universi-

1410 2663 1481 2692 tatis
1499 2664 1604 2693 ultima
1624 2664 1673 2694 die
1694 2664 1777 2694 Junii
1797 2665 1879 2704 apud
1900 2665 2043 2695 Sanctum
2066 2667 2264 2704 Maturinum,
2284 2669 2316 2698 in

1411 2723 1470 2751 qua
1488 2719 1591 2741 rector
1607 2713 1686 2742 inter
1704 2720 1805 2743 cetera
1827 2714 1931 2753 posuit
1943 2713 1954 2732 ³
1975 2715 2006 2743 in
2026 2715 2253 2747 deliberacione
2277 2717 2318 2747 de·

1411 2760 1603 2799 sigillacione
1618 2762 1775 2791 literarum
1787 2762 2009 2792 restitucionis.
2027 2763 2127 2803 Super
2137 2775 2199 2804 quo
2214 2766 2313 2801 nacio,

1411 2819 1471 2838 non
1492 2811 1685 2839 retractando
1701 2811 1870 2840 deliberata
1884 2821 1979 2851 super
1998 2813 2076 2842 facto
2096 2814 2313 2850 restitutionis,

1442 2924 1463 2946 3.
1499 2924 1633 2954 Per-peram
1652 2932 1701 2947 aec.
1718 2924 1782 2948 Bm„
1801 2933 1826 2953 v,
1844 2925 1908 2949 919:
1926 2926 2076 2950 Guntherus
2096 2928 2172 2955 Colli,
2188 2936 2248 2951 nam
2263 2929 2317 2960 suit

1410 2957 1532 2981 Nicolaus
1547 2958 1577 2981 dc
1591 2959 1775 2988 Gondricuria,
1790 2968 1802 2983 e
1814 2961 1905 2984 Rotulo
1918 2970 1961 2985 an.
1974 2962 2043 2986 1⁴03.
