2632 3464
287 419 342 446 32⁹

289 506 348 536 pro
357 494 495 536 jocundo
515 496 642 526 introitu
665 506 721 525 suo
741 495 773 525 in
789 494 1036 535 congregacione
1054 493 1195 523 nacionis

290 545 330 574 ad
342 544 383 574 vl
400 545 600 584 septimanas.
648 564 656 575 ,

333 593 408 624 Item
426 594 700 624 subdeterminavit
710 593 853 623 dominus
865 593 978 623 Petrus
993 592 1124 631 Umloep
1138 592 1196 621 sub

292 643 419 672 domino
437 643 577 672 Johanne
596 642 702 682 Egidii
723 642 972 677 deta-minatore,
993 640 1080 682 cujus
1101 643 1196 672 bursa

293 691 401 727 nichil,
417 691 489 731 quia
501 691 617 732 juravit
633 697 778 721 statutum
795 691 1022 730 [paupertatis]

330 741 404 770 Item
422 740 649 781 quartadecima
669 740 719 770 die
735 740 851 770 mensis
870 740 1002 780 predicti
1024 741 1101 770 sacta
1121 751 1196 770 con-

289 790 474 830 gregacione
502 789 642 819 nacionis
669 789 750 829 apud
782 789 925 819 Sanctum
953 789 1140 820 Maturinum
1165 790 1196 819 in

289 839 399 878 primis
418 839 531 869 Nosti-e
548 837 679 867 Domine
700 838 738 867 ad
762 837 938 878 eligendum
957 838 1195 868 examinatorem

292 887 375 927 apud
399 887 540 918 Sanctam
557 886 756 922 Genovefam,
772 887 967 916 continuatus
983 893 1048 916 erat
1064 897 1197 917 concor-

291 936 373 966 diter
391 935 476 966 nullo
490 935 616 976 penitus
630 935 859 965 contradicente
870 936 1018 975 magister
1033 935 1196 975 Reynerus

292 985 388 1025 Creyt
413 985 445 1014 in
468 985 706 1014 examinatorem
732 985 814 1024 apud
839 984 979 1014 Sanctam
1010 985 1195 1015 Genovefam

289 1043 346 1073 pro
361 1034 498 1064 secundo
512 1043 628 1064 mense.

330 1082 405 1112 Item
432 1084 537 1112 eadem
557 1083 607 1112 die
630 1083 662 1112 in
686 1083 896 1122 completoriis
926 1083 1004 1113 sacta
1024 1093 1197 1123 congrega-

289 1131 378 1161 cione
394 1131 533 1161 nacionis
547 1132 630 1171 apud
645 1131 790 1161 Sanctum
808 1131 995 1161 Maturinum
1015 1133 1052 1161 ad
1067 1132 1197 1161 audien-

288 1181 360 1210 dum
371 1186 547 1220 computum
561 1180 807 1215 inrotulatorum‚
817 1187 1071 1220 computaverunt
1080 1180 1196 1210 domini

287 1229 519 1265 inrotulatores,
536 1229 620 1269 quod
633 1235 819 1270 receperunt
833 1230 870 1259 ab
881 1229 1085 1259 inrotulandis
1098 1239 1197 1259 nona-

289 1278 375 1318 ginta
391 1288 445 1308 sex
460 1279 593 1313 francos,
608 1278 660 1318 qui
679 1278 771 1308 soluti
786 1285 874 1308 erant
888 1289 945 1318 pro
961 1285 1032 1308 tunc
1047 1278 1196 1319 magistro

289 1327 431 1357 Mercilio
459 1328 497 1357 de
529 1327 659 1367 lnghen‚
686 1327 799 1357 nuncio
830 1328 910 1357 ituro
940 1338 1008 1358 cum
1030 1327 1132 1358 rotulo
1158 1329 1196 1357 ad

288 1377 416 1412 curiam,
435 1376 572 1416 exceptis
584 1377 684 1406 tribus
700 1377 829 1412 francis,
844 1387 901 1416 pro
917 1377 1030 1416 quibus
1048 1377 1197 1417 magister

292 1427 402 1455 Petrus
416 1425 454 1454 de
472 1425 592 1465 Leydis'
604 1425 790 1465 supplicavit
808 1435 864 1465 pro
879 1426 1041 1455 dilacione.

329 1475 402 1514 (Fal.
435 1477 453 1504 5
468 1473 492 1514 ι’)
527 1474 602 1504 Item
633 1475 664 1504 in
698 1475 802 1504 eadem
841 1475 1087 1515 congregacione
1120 1485 1196 1515 sup-

289 1523 481 1564 plicaverunt
501 1524 617 1553 domini
637 1524 870 1559 inrotulatores‚
891 1533 959 1553 cum
980 1524 1091 1553 multos
1109 1524 1196 1554 labo-

289 1582 340 1602 res
369 1571 591 1602 sustinuissent
617 1573 655 1602 de
680 1573 793 1608 rotulo,
826 1579 976 1612 quatenus
1005 1573 1050 1602 eis
1079 1572 1195 1613 aliquid

288 1623 368 1653 ultra
395 1621 610 1651 remissionem
640 1622 770 1661 pecunie
798 1621 903 1651 nuncii
931 1621 968 1650 de
998 1621 1195 1662 impositione

288 1681 394 1701 eorum
416 1670 448 1700 in
474 1670 576 1700 rotulo
602 1671 829 1711 assignaretur,
850 1677 881 1700 et
902 1671 1102 1700 deliberatum
1130 1677 1195 1700 erat

288 1721 371 1760 quod
398 1719 473 1749 nulli
497 1729 603 1748 eorum
629 1729 687 1759 pro
711 1720 849 1759 presenti
874 1720 1040 1760 quidquam
1063 1721 1196 1750 donetur

290 1775 420 1810 propter
438 1768 730 1808 depauperationem
752 1769 890 1798 nacionis
900 1781 908 1804 ς
926 1770 982 1799 sed
999 1771 1194 1809 postmodum

290 1827 358 1847 cum
379 1817 467 1847 nacio
489 1817 580 1846 suerit
599 1816 696 1858 magis
716 1823 892 1853 exonerata,
910 1818 1054 1848 videlieet
1069 1819 1100 1848 in
1117 1819 1194 1848 sesto

288 1866 434 1906 Remigii,
453 1866 542 1895 nacio
563 1865 690 1896 cuilibet
707 1876 812 1896 eorum
831 1867 919 1896 daret
933 1877 1025 1897 unum
1044 1868 1192 1903 francum,

288 1915 432 1946 videlicet
448 1915 642 1955 procuratori
660 1915 692 1944 in
707 1915 906 1946 conclusione
917 1917 1022 1952 rotuli,
1035 1923 1065 1947 et
1079 1927 1194 1957 procu-

288 1964 383 1994 ratori
396 1964 536 2004 sequenti
554 1970 584 1994 et
596 1965 717 1994 duobus
732 1964 987 1995 inrotulatoribus
997 1971 1026 1995 et
1038 1965 1107 1996 aliis
1121 1967 1194 1995 duo-

289 2014 347 2043 bus
370 2013 423 2053 qui
445 2012 668 2053 suppleverunt
685 2013 751 2043 vice
771 2014 862 2043 unius
885 2014 1011 2044 cuilibet
1034 2015 1194 2045 dimidium

286 2063 435 2092 francum.

329 2111 405 2141 Item
423 2110 610 2151 supplicavit
622 2110 770 2152 magister
786 2111 899 2142 Petrus
916 2113 954 2142 de
970 2113 1095 2152 Leyden
1117 2123 1195 2153 qua-

289 2167 378 2191 tenus
401 2160 488 2190 nacio
512 2161 599 2190 daret
617 2160 677 2190 sibi
698 2160 881 2191 dilacionem
903 2162 941 2191 de
960 2162 1060 2192 tribus
1081 2162 1194 2192 francis

291 2208 449 2239 solvendis
467 2218 526 2248 pro
543 2208 692 2248 magistro
705 2209 820 2239 Thoma
833 2210 1016 2240 Zwaelwert
1030 2211 1068 2240 de
1079 2211 1194 2240 inrotu-

289 2257 420 2292 lacione,
437 2257 509 2297 quia
527 2257 670 2292 nuncius,
686 2258 738 2297 qui
756 2258 867 2291 dictam
891 2261 1050 2299 pecuniam
1069 2266 1194 2300 portare

288 2306 427 2342 deberet,
445 2307 581 2336 nundum
598 2307 692 2342 venit,
719 2317 775 2336 nec
797 2308 898 2338 dictus
919 2309 1067 2348 magister
1083 2315 1194 2349 potens

288 2361 372 2384 esset
392 2354 513 2385 solvere
531 2365 589 2395 pro
603 2355 754 2395 presenti,
776 2362 806 2386 et
827 2363 893 2386 erat
912 2357 973 2386 sibi
993 2358 1063 2388 data
1082 2358 1194 2388 dilacio

289 2404 328 2433 ad
353 2409 418 2433 tres
440 2413 562 2434 menses
582 2404 693 2444 positis
712 2405 915 2445 pignoribus;
938 2407 992 2436 sed
1013 2406 1039 2436 si
1062 2407 1194 2437 nuncius

291 2451 411 2482 interim
431 2452 562 2487 veniret,
581 2453 664 2492 quod
684 2453 786 2483 statim
802 2454 832 2483 in
852 2455 983 2485 adventu
1006 2455 1108 2485 nuncii
1129 2455 1194 2486 sol-

288 2506 375 2530 veret
391 2501 513 2530 nacioni
528 2502 684 2541 predictos
702 2509 766 2532 tres
780 2504 912 2533 francos.

330 2548 405 2578 ltem
421 2549 491 2579 xlx
507 2550 557 2580 die
575 2550 648 2580 dicti
666 2551 782 2581 mensis
800 2551 907 2581 Marcii
926 2554 1002 2582 facta
1020 2563 1194 2593 congrega-

292 2597 380 2627 cione
398 2598 537 2628 nacionis
552 2598 722 2640 Anglicane
741 2601 821 2640 apud
843 2600 987 2631 Sanctum
1007 2601 1193 2632 Maturinum

289 2652 361 2685 post
377 2656 560 2683 sermonem,
576 2647 761 2688 supplicavit
776 2650 923 2689 magister
939 2650 1099 2680 Mercilius
1114 2661 1195 2681 nun-

290 2694 357 2725 cius
372 2695 472 2726 iturus
486 2706 554 2726 cum
576 2697 677 2727 rotulo
694 2698 731 2727 ad
747 2698 861 2728 curiam
881 2699 1059 2735 Romanam,
1078 2706 1112 2730 ut
1127 2700 1194 2740 ipse

291 2744 322 2773 in
339 2744 439 2775 reditu
455 2755 512 2775 suo
529 2745 695 2785 aquolibet
708 2746 824 2777 utiliter
837 2748 970 2788 signato,
987 2749 1130 2779 videlicet
1142 2750 1194 2780 ubi

290 2799 411 2832 peteret
429 2793 477 2823 vel
494 2794 546 2824 ubi
568 2795 655 2825 daret
676 2796 927 2826 reformacionem
950 2808 1047 2834 suam,
1068 2798 1195 2829 haberet

322 2902 344 2927 1.
378 2904 425 2927 Mu.
439 2903 481 2928 laic
492 2907 516 2929 ee
528 2910 619 2937 ponta
633 2906 742 2931 lleronc.
758 2907 814 2932 Fuit
824 2911 879 2932 nae.
892 2910 1033 2934 Normann.

321 2939 344 2963 2.
377 2940 397 2963 1.
411 2947 433 2963 e.
445 2940 551 2969 latomo,
564 2940 700 2973 Ias-acidae.

787 419 899 446 LIBER
926 417 1239 446 PROCURATORUM
1268 418 1448 446 NATIONIS
1469 418 1715 446 ANGLlCANAE

1234 941 1267 966 10

1234 1186 1267 1211 15

1233 1432 1267 1458 20

1232 1677 1266 1703 25

1231 1922 1266 1948 30

1232 2167 1266 2194 35

1232 2413 1265 2439 40

1231 2657 1265 2684 45

2159 423 2210 449 330

1305 504 1398 523 unum
1427 495 1575 530 francum,
1612 497 1779 525 secundum
1818 499 1900 536 quod
1929 498 2050 527 nunciis
2084 499 2210 528 aliarum

1304 544 1466 573 nacionum
1482 550 1529 574 est
1543 555 1735 581 concessum,
1750 544 1837 585 cujus
1856 547 2045 586 supplicacio
2061 555 2125 578 erat
2140 559 2211 578 con-

1305 602 1402 622 cessa.

1350 642 1426 671 Item
1445 643 1550 672 eadem
1569 643 1619 672 die
1634 643 1722 672 nacio
1737 643 1863 673 intravit
1879 645 2034 674 tabernam
2049 647 2091 674 ad
2102 649 2212 675 castel-

1306 692 1366 719 lum
1385 691 1465 720 infra
1481 692 1560 721 duos
1575 699 1697 731 pontes,
1716 693 1768 722 uhi
1785 694 1978 733 consumpsit
1991 694 2031 723 VI
2051 695 2158 730 libras,
2174 696 2212 724 de

1304 740 1418 779 quibus
1433 740 1533 770 dictus
1548 742 1696 781 magister
1709 742 1868 771 Mercilius
1882 743 1974 772 solvit
1987 743 2007 772 ii
2020 744 2141 773 francos
2154 754 2211 783 pro

1306 798 1363 818 suo
1381 789 1453 818 bene
1468 792 1578 826 valete5
1595 791 1754 820 residuum
1770 792 1862 821 solvit
1877 798 2030 831 receptor.

1347 838 1422 867 Item
1456 839 1602 869 licentiati
1641 840 1763 870 fuerunt
1802 841 1956 870 domicelli
1995 841 2151 871 ,lohannes
2184 849 2214 872 et

1307 885 1507 917 Baldewinus
1523 889 1561 918 de
1575 888 1769 918 Bronchorst
1783 890 1840 919 sub
1856 890 2004 930 magistro
2019 891 2161 920 Mei-cilio
2174 892 2211 920 de

1306 935 1437 975 Inghen,
1452 947 1583 976 quorum
1600 938 1694 967 bursa
1708 938 1750 968 XI
1767 939 1870 968 solidi.

1346 985 1421 1014 ltem
1445 985 1619 1016 licentiatus
1642 987 1698 1016 suit
1724 988 1869 1017 dominus
1892 988 2050 1018 ‚lohannes
2075 990 2113 1018 de
2135 989 2213 1019 Sco-

1304 1041 1446 1070 nevorst,
1483 1035 1661 1075 prepositus
1700 1036 1919 1076 Trajectensis‚
1965 1038 2022 1067 sub
2064 1039 2211 1078 magistro

1306 1082 1447 1112 ‚Iohanne
1477 1083 1618 1123 Beyssel,
1653 1091 1777 1115 cantore
1809 1086 1961 1125 Aquensi,
1999 1085 2085 1126 cujus
2119 1088 2211 1116 bursa

1306 1131 1363 1161 ΧΠ
1378 1132 1482 1161 solidi.

1346 1180 1421 1210 ltem
1450 1181 1624 1212 licentiatus
1658 1183 1713 1212 fuit
1745 1183 1926 1214 domicellus
1958 1184 2138 1224 Reynaldus
2173 1186 2211 1214 de

1310 1229 1426 1260 Vianen
1439 1231 1495 1260 sub
1510 1232 1658 1272 magistro
1671 1232 1811 1262 Mercilio
1827 1234 1864 1262 de
1876 1233 2006 1273 Inghen‚
2020 1233 2107 1273 cujus
2119 1235 2213 1264 bursa

1306 1277 1347 1308 lx
1363 1279 1466 1309 solidi.

1348 1327 1422 1357 Item
1438 1329 1611 1359 licentiatus
1630 1330 1685 1360 suit
1702 1331 1844 1360 dominus
1858 1331 2015 1361 Johannes
2030 1333 2068 1361 de
2087 1332 2211 1362 Necken

1306 1377 1365 1405 sub
1378 1378 1526 1417 magistro
1541 1379 1675 1408 Henrico
1694 1379 1812 1410 Herout
1824 1379 1847 1415 ⁴,
1862 1381 1934 1420 quia
1949 1382 2209 1417 normannizatus,

1306 1424 1394 1465 cujus
1409 1427 1503 1456 bursa
1518 1427 1574 1457 Xll
1589 1428 1692 1457 solidi.

1351 1474 1425 1504 ltem
1448 1475 1621 1506 licentiatus
1644 1478 1699 1507 suit
1719 1479 1861 1508 dominus
1879 1478 2036 1508 Gosvinus
2052 1480 2089 1508 de
2108 1479 2212 1509 Maes-

1311 1524 1430 1554 boemel
1443 1525 1501 1554 sub
1520 1527 1626 1555 eodem
1646 1527 1795 1566 magistro
1810 1527 1967 1567 Heynrico
1988 1528 2117 1563 Herout,
2141 1529 2213 1568 quia

1309 1574 1570 1610 normannizatus‚
1586 1574 1672 1614 cujus
1688 1576 1782 1605 bursa
1799 1576 1855 1606 Vll
1874 1577 1977 1606 solidi.

1343 1621 1417 1651 Item
1441 1622 1623 1662 inceperunt
1642 1625 1756 1654 domini
1778 1625 1934 1655 Johannes
1953 1627 1990 1655 de
2012 1626 2210 1662 Scoenvorst,

1302 1671 1482 1711 prepositus
1503 1672 1606 1702 Sancti
1623 1673 1753 1703 Servatii
1769 1673 1987 1714 Trajectensis‚
2009 1682 2039 1704 et
2055 1675 2211 1705 Johannes

1303 1720 1341 1749 de
1362 1720 1487 1750 Necken
1510 1722 1567 1751 sub
1589 1723 1737 1762 magistro
1759 1723 1898 1752 Johanne
1921 1723 2063 1764 Beyssel,
2087 1731 2212 1754 cantore

1303 1769 1454 1809 Aquensi,
1472 1781 1603 1810 quorum
1618 1772 1713 1801 bursa
1729 1771 1786 1801 Xll
1806 1772 1908 1802 solidi.

1345 1818 1419 1849 Item
1444 1820 1559 1860 incepit
1574 1821 1717 1850 dominus
1737 1821 1912 1852 Goesvinus
1939 1823 1977 1852 de
2004 1822 2211 1852 Maesboemel

1306 1869 1363 1898 sub
1390 1869 1539 1908 magistro
1561 1870 1687 1900 Nicolao
1721 1871 1758 1900 de
1785 1871 1976 1907 Crucenaco,
2004 1871 2091 1911 cujus
2117 1873 2211 1901 bursa

1307 1917 1364 1946 Vll
1378 1917 1487 1953 solidi;
1504 1919 1610 1958 posuit
1625 1919 1766 1959 pignora.

1344 1966 1418 1996 Item
1434 1967 1607 1997 licentiatus
1625 1968 1681 1997 suit
1694 1969 1837 1998 dominus
1852 1969 2027 2009 Heynricus
2045 1971 2083 1999 de
2101 1970 2212 2009 Bylant

1307 2016 1365 2045 sub
1383 2015 1531 2056 magistro
1548 2017 1684 2046 Jordano
1700 2018 1738 2046 de
1755 2017 1863 2053 clivis,
1882 2017 1968 2058 cujus
1981 2019 2073 2048 bursa
2091 2019 2132 2048 lx
2151 2019 2208 2048 sol.

1345 2064 1419 2094 Item
1436 2065 1467 2094 in
1481 2066 1611 2105 quadam
1627 2067 1872 2106 congregacione
1886 2068 1947 2097 dati
1964 2074 2051 2097 erant
2061 2069 2208 2107 deputati,

1303 2113 1355 2152 qui
1377 2114 1578 2143 convenirent
1595 2125 1662 2144 cum
1682 2115 1793 2145 latamo
1804 2115 1828 2151 ²,
1849 2116 1901 2155 qui
1924 2126 2068 2156 reparare
2084 2118 2211 2146 deberet

1305 2162 1406 2192 scolas
1423 2163 1564 2203 antiquas
1582 2174 1638 2203 per
1655 2165 1808 2194 nationem
1823 2165 1899 2195 alias
1919 2173 2036 2205 emptas
2057 2167 2094 2195 de
2114 2177 2210 2206 pecu-

1303 2211 1353 2240 nia
1370 2211 1521 2247 habenda,
1543 2213 1596 2252 qui
1611 2223 1678 2242 cum
1694 2224 1731 2243 eo
1748 2221 1959 2244 convenerunt
1975 2216 2058 2254 quod
2075 2216 2105 2244 in
2123 2216 2209 2255 prin-

1303 2261 1385 2300 cipio
1413 2262 1518 2300 operis
1547 2262 1673 2292 haberet
1701 2264 1925 2303 quinquaginta
1956 2265 2090 2299 francos,
2121 2271 2150 2294 et
2177 2265 2208 2293 in

1304 2310 1405 2339 medio
1418 2311 1651 2351 quinquaginta,
1668 2318 1698 2341 et
1710 2312 1741 2341 in
1757 2313 1815 2341 fine
1832 2313 2065 2352 quinquaginta,
2083 2320 2112 2342 et
2125 2314 2209 2352 quod

1303 2369 1355 2389 eas
1370 2359 1520 2399 inciperet
1533 2370 1677 2400 reparare
1694 2361 1743 2390 die
1764 2361 1833 2390 lune
1845 2361 1857 2379 ³
1873 2368 1944 2400 post
1964 2364 2060 2399 Quasi
2069 2363 2165 2390 modo.

1343 2408 1415 2448 (Fal.
1435 2410 1474 2448 6).
1492 2409 1566 2438 Item
1581 2409 1708 2439 xxviia
1722 2410 1770 2439 die
1787 2411 1902 2440 mensis
1918 2410 2025 2439 Marcii
2045 2412 2119 2440 sacta
2137 2421 2207 2440 con-

1303 2457 1488 2497 gregacione
1505 2457 1654 2487 facultatis
1668 2459 1705 2488 ad
1721 2458 2049 2498 audiendajuramenta
2065 2459 2207 2488 bachela-

1305 2506 1420 2536 riorum
1432 2506 1691 2536 licenciandorum
1703 2518 1760 2547 pro
1773 2508 1866 2537 tercia
1878 2508 2038 2537 audicione
2052 2508 2082 2537 in
2096 2508 2208 2537 Sancta

1305 2554 1473 2590 Genovesa,
1501 2562 1604 2585 rector
1623 2557 1776 2595 processit
1801 2558 1838 2585 ad
1868 2557 2017 2586 audienda
2035 2556 2207 2596 juramenta

1305 2614 1410 2634 eorum
1438 2605 1566 2634 nacione
1587 2611 1693 2634 nostra
1716 2606 1898 2635 reclamante
1918 2612 1947 2634 et
1969 2605 2110 2635 similiter
2132 2606 2206 2635 reci-

1303 2653 1416 2692 piendo
1438 2652 1610 2693 juramenta
1636 2655 1874 2684 examinatorum
1885 2677 1891 2689 ‚
1927 2655 2006 2684 inter
2035 2664 2113 2694 quos
2142 2661 2207 2684 erat

1302 2703 1452 2742 magister
1475 2703 1638 2743 Reynerus
1663 2703 1758 2743 Creyt
1782 2713 1838 2742 pro
1865 2703 2070 2733 examinatore
2101 2710 2206 2733 nostre

1302 2752 1452 2787 nacionis,
1473 2752 1525 2792 qui
1546 2753 1636 2782 simul
1654 2763 1720 2782 cum
1741 2752 1809 2781 aliis
1822 2752 1937 2792 juravit
1954 2753 2081 2782 nacione
2101 2760 2207 2783 nostra

1303 2800 1498 2836 reclamante,
1530 2808 1658 2841 propter
1688 2812 1776 2841 quam
1803 2811 1924 2831 causam
1952 2802 2030 2831 idem
2061 2802 2208 2842 magister

1335 2913 1357 2936 a.
1391 2913 1406 2936 9
1416 2912 1521 2944 Aprilis.
