<?xml version="1.0" encoding="UTF-8"?>
<!DOCTYPE html PUBLIC "-//W3C//DTD XHTML 1.0 Transitional//EN"
    "http://www.w3.org/TR/xhtml1/DTD/xhtml1-transitional.dtd">
<html xmlns="http://www.w3.org/1999/xhtml" xml:lang="en" lang="en">
 <head>
  <title>
</title>
<meta http-equiv="Content-Type" content="text/html;charset=utf-8" />
  <meta name='ocr-system' content='tesseract 3.04.00' />
  <meta name='ocr-capabilities' content='ocr_page ocr_carea ocr_par ocr_line ocrx_word'/>
</head>
<body>
  <div class='ocr_page' id='page_1' title='image "auctariumchartul01univuoft_0224.png"; bbox 0 0 2632 3464; ppageno 0'>
   <div class='ocr_carea' id='block_1_1' title="bbox 433 406 1814 440">
    <p class='ocr_par' dir='ltr' id='par_1_1' title="bbox 433 406 1814 440">
     <span class='ocr_line' id='line_1_1' title="bbox 433 406 1814 440; baseline -0.004 -1"><span class='ocrx_word' id='word_1_1' title='bbox 433 415 483 440; x_wconf 83' lang='lat'><strong>271</strong></span> <span class='ocrx_word' id='word_1_2' title='bbox 972 409 1195 436; x_wconf 85' lang='lat' dir='ltr'><strong>AUCTARIUM</strong></span> <span class='ocrx_word' id='word_1_3' title='bbox 1220 406 1478 435; x_wconf 86' lang='lat' dir='ltr'><strong>CHARTULARII</strong></span> <span class='ocrx_word' id='word_1_4' title='bbox 1497 407 1671 434; x_wconf 89' lang='lat' dir='ltr'><strong>UNIVERS.</strong></span> <span class='ocrx_word' id='word_1_5' title='bbox 1695 407 1814 434; x_wconf 84' lang='lat' dir='ltr'><strong>PARIS.</strong></span> 
     </span>
    </p>
   </div>
   <div class='ocr_carea' id='block_1_2' title="bbox 430 484 1337 2810">
    <p class='ocr_par' dir='ltr' id='par_1_2' title="bbox 432 484 1337 1056">
     <span class='ocr_line' id='line_1_2' title="bbox 435 484 1337 527; baseline -0.008 -7"><span class='ocrx_word' id='word_1_6' title='bbox 435 491 519 520; x_wconf 86' lang='lat' dir='ltr'>Duce</span> <span class='ocrx_word' id='word_1_7' title='bbox 534 488 719 520; x_wconf 83' lang='lat' dir='ltr'><strong>Normanie⁴</strong></span> <span class='ocrx_word' id='word_1_8' title='bbox 744 493 960 527; x_wconf 86' lang='lat' dir='ltr'><strong>perceperunt,</strong></span> <span class='ocrx_word' id='word_1_9' title='bbox 986 493 1015 516; x_wconf 92' lang='lat' dir='ltr'><strong>et</strong></span> <span class='ocrx_word' id='word_1_10' title='bbox 1036 493 1108 516; x_wconf 90' lang='lat' dir='ltr'><strong>tunc</strong></span> <span class='ocrx_word' id='word_1_11' title='bbox 1131 486 1236 514; x_wconf 91' lang='lat' dir='ltr'><strong>eadem</strong></span> <span class='ocrx_word' id='word_1_12' title='bbox 1261 484 1337 513; x_wconf 90' lang='lat' dir='ltr'><strong>hora</strong></span> 
     </span>
     <span class='ocr_line' id='line_1_3' title="bbox 434 534 1335 576; baseline -0.007 -8"><span class='ocrx_word' id='word_1_13' title='bbox 434 540 547 568; x_wconf 88' lang='lat' dir='ltr'>ibidem</span> <span class='ocrx_word' id='word_1_14' title='bbox 576 538 777 567; x_wconf 88' lang='lat' dir='ltr'><strong>deliberatum</strong></span> <span class='ocrx_word' id='word_1_15' title='bbox 803 537 858 566; x_wconf 84' lang='lat' dir='ltr'><strong>suit</strong></span> <span class='ocrx_word' id='word_1_16' title='bbox 893 537 975 576; x_wconf 92' lang='lat' dir='ltr'><strong>quod</strong></span> <span class='ocrx_word' id='word_1_17' title='bbox 1006 535 1126 564; x_wconf 88' lang='lat' dir='ltr'><strong>rotulus</strong></span> <span class='ocrx_word' id='word_1_18' title='bbox 1152 535 1190 563; x_wconf 91' lang='lat' dir='ltr'><strong>ad</strong></span> <span class='ocrx_word' id='word_1_19' title='bbox 1221 534 1335 563; x_wconf 88' lang='lat' dir='ltr'><strong>curiam</strong></span> 
     </span>
     <span class='ocr_line' id='line_1_4' title="bbox 434 582 1336 626; baseline -0.008 -8"><span class='ocrx_word' id='word_1_20' title='bbox 434 589 616 622; x_wconf 79' lang='lat' dir='ltr'><strong>mitteretur,</strong></span> <span class='ocrx_word' id='word_1_21' title='bbox 633 593 663 616; x_wconf 90' lang='lat' dir='ltr'><strong>et</strong></span> <span class='ocrx_word' id='word_1_22' title='bbox 681 587 763 626; x_wconf 91' lang='lat' dir='ltr'><strong>quod</strong></span> <span class='ocrx_word' id='word_1_23' title='bbox 779 586 857 615; x_wconf 85' lang='lat' dir='ltr'><strong>infra</strong></span> <span class='ocrx_word' id='word_1_24' title='bbox 871 586 890 614; x_wconf 94' lang='lat'>8</span> <span class='ocrx_word' id='word_1_25' title='bbox 905 585 971 614; x_wconf 91' lang='lat' dir='ltr'><strong>dies</strong></span> <span class='ocrx_word' id='word_1_26' title='bbox 990 584 1194 619; x_wconf 84' lang='lat' dir='ltr'><strong>clauderetur,</strong></span> <span class='ocrx_word' id='word_1_27' title='bbox 1214 589 1243 612; x_wconf 88' lang='lat' dir='ltr'><strong>et</strong></span> <span class='ocrx_word' id='word_1_28' title='bbox 1257 582 1336 611; x_wconf 94' lang='lat' dir='ltr'><strong>deli-</strong></span> 
     </span>
     <span class='ocr_line' id='line_1_5' title="bbox 433 631 1336 675; baseline -0.007 -9"><span class='ocrx_word' id='word_1_29' title='bbox 433 638 571 666; x_wconf 89' lang='lat' dir='ltr'><strong>beratum</strong></span> <span class='ocrx_word' id='word_1_30' title='bbox 590 635 645 665; x_wconf 87' lang='lat' dir='ltr'><strong>fuit</strong></span> <span class='ocrx_word' id='word_1_31' title='bbox 661 636 745 675; x_wconf 86' lang='lat' dir='ltr'><strong>quod</strong></span> <span class='ocrx_word' id='word_1_32' title='bbox 765 633 941 674; x_wconf 73' lang='lat' dir='ltr'><strong>collegiati²</strong></span> <span class='ocrx_word' id='word_1_33' title='bbox 965 634 1003 662; x_wconf 90' lang='lat' dir='ltr'><strong>ad</strong></span> <span class='ocrx_word' id='word_1_34' title='bbox 1020 632 1153 662; x_wconf 89' lang='lat' dir='ltr'><strong>rotulum</strong></span> <span class='ocrx_word' id='word_1_35' title='bbox 1173 631 1336 661; x_wconf 88' lang='lat' dir='ltr'><strong>Universi-</strong></span> 
     </span>
     <span class='ocr_line' id='line_1_6' title="bbox 433 681 1335 724; baseline -0.008 -9"><span class='ocrx_word' id='word_1_36' title='bbox 433 686 502 716; x_wconf 87' lang='lat' dir='ltr'><strong>tatis</strong></span> <span class='ocrx_word' id='word_1_37' title='bbox 518 696 579 715; x_wconf 91' lang='lat' dir='ltr'><strong>non</strong></span> <span class='ocrx_word' id='word_1_38' title='bbox 601 684 823 724; x_wconf 81' lang='lat' dir='ltr'><strong>reciperentur,</strong></span> <span class='ocrx_word' id='word_1_39' title='bbox 840 683 900 712; x_wconf 89' lang='lat' dir='ltr'><strong>nisi</strong></span> <span class='ocrx_word' id='word_1_40' title='bbox 915 682 1004 722; x_wconf 91' lang='lat' dir='ltr'><strong>prius</strong></span> <span class='ocrx_word' id='word_1_41' title='bbox 1015 681 1156 721; x_wconf 89' lang='lat' dir='ltr'><strong>jurarent</strong></span> <span class='ocrx_word' id='word_1_42' title='bbox 1171 681 1254 719; x_wconf 91' lang='lat' dir='ltr'><strong>quod</strong></span> <span class='ocrx_word' id='word_1_43' title='bbox 1273 690 1335 709; x_wconf 92' lang='lat' dir='ltr'><strong>non</strong></span> 
     </span>
     <span class='ocr_line' id='line_1_7' title="bbox 435 728 1335 772; baseline -0.008 -8"><span class='ocrx_word' id='word_1_44' title='bbox 435 735 590 764; x_wconf 80' lang='lat' dir='ltr'><strong>mitterent</strong></span> <span class='ocrx_word' id='word_1_45' title='bbox 605 733 737 763; x_wconf 91' lang='lat' dir='ltr'><strong>rotulum</strong></span> <span class='ocrx_word' id='word_1_46' title='bbox 751 732 927 772; x_wconf 87' lang='lat' dir='ltr'><strong>specialem,</strong></span> <span class='ocrx_word' id='word_1_47' title='bbox 940 731 1000 760; x_wconf 89' lang='lat' dir='ltr'><strong>nisi</strong></span> <span class='ocrx_word' id='word_1_48' title='bbox 1016 731 1103 769; x_wconf 91' lang='lat' dir='ltr'><strong>prius</strong></span> <span class='ocrx_word' id='word_1_49' title='bbox 1123 729 1242 758; x_wconf 88' lang='lat' dir='ltr'><strong>rotulus</strong></span> <span class='ocrx_word' id='word_1_50' title='bbox 1256 728 1335 758; x_wconf 91' lang='lat' dir='ltr'><strong>Uni-</strong></span> 
     </span>
     <span class='ocr_line' id='line_1_8' title="bbox 433 777 1336 820; baseline -0.008 -7"><span class='ocrx_word' id='word_1_51' title='bbox 433 783 588 813; x_wconf 80' lang='lat' dir='ltr'><strong>versitatis</strong></span> <span class='ocrx_word' id='word_1_52' title='bbox 605 789 688 812; x_wconf 85' lang='lat' dir='ltr'><strong>esset</strong></span> <span class='ocrx_word' id='word_1_53' title='bbox 700 782 872 820; x_wconf 86' lang='lat' dir='ltr'><strong>expeditus.</strong></span> <span class='ocrx_word' id='word_1_54' title='bbox 887 780 926 809; x_wconf 84' lang='lat' dir='ltr'><strong>Et</strong></span> <span class='ocrx_word' id='word_1_55' title='bbox 936 780 1050 808; x_wconf 88' lang='lat' dir='ltr'><strong>ibidem</strong></span> <span class='ocrx_word' id='word_1_56' title='bbox 1064 779 1263 807; x_wconf 89' lang='lat' dir='ltr'><strong>deliberatum</strong></span> <span class='ocrx_word' id='word_1_57' title='bbox 1280 777 1336 807; x_wconf 88' lang='lat' dir='ltr'><strong>fuit</strong></span> 
     </span>
     <span class='ocr_line' id='line_1_9' title="bbox 433 827 1335 872; baseline -0.009 -10"><span class='ocrx_word' id='word_1_58' title='bbox 433 834 472 861; x_wconf 94' lang='lat' dir='ltr'><strong>ob</strong></span> <span class='ocrx_word' id='word_1_59' title='bbox 487 839 627 872; x_wconf 86' lang='lat' dir='ltr'><strong>rogatum</strong></span> <span class='ocrx_word' id='word_1_60' title='bbox 645 830 759 860; x_wconf 89' lang='lat' dir='ltr'><strong>domini</strong></span> <span class='ocrx_word' id='word_1_61' title='bbox 773 830 868 859; x_wconf 91' lang='lat' dir='ltr'><strong>Ducis</strong></span> <span class='ocrx_word' id='word_1_62' title='bbox 884 828 1034 868; x_wconf 91' lang='lat' dir='ltr'><strong>principis</strong></span> <span class='ocrx_word' id='word_1_63' title='bbox 1048 827 1239 856; x_wconf 86' lang='lat' dir='ltr'><strong>serenissimi</strong></span> <span class='ocrx_word' id='word_1_64' title='bbox 1251 827 1335 866; x_wconf 92' lang='lat' dir='ltr'><strong>quod</strong></span> 
     </span>
     <span class='ocr_line' id='line_1_10' title="bbox 433 875 1334 917; baseline -0.008 -7"><span class='ocrx_word' id='word_1_65' title='bbox 433 891 492 910; x_wconf 90' lang='lat' dir='ltr'><strong>una</strong></span> <span class='ocrx_word' id='word_1_66' title='bbox 510 881 604 910; x_wconf 88' lang='lat' dir='ltr'><strong>missa</strong></span> <span class='ocrx_word' id='word_1_67' title='bbox 622 881 659 909; x_wconf 89' lang='lat' dir='ltr'><strong>de</strong></span> <span class='ocrx_word' id='word_1_68' title='bbox 685 879 796 908; x_wconf 89' lang='lat' dir='ltr'><strong>Sancto</strong></span> <span class='ocrx_word' id='word_1_69' title='bbox 816 878 933 917; x_wconf 87' lang='lat' dir='ltr'><strong>Spiritu</strong></span> <span class='ocrx_word' id='word_1_70' title='bbox 953 877 1171 911; x_wconf 82' lang='lat' dir='ltr'><strong>celebraretur,</strong></span> <span class='ocrx_word' id='word_1_71' title='bbox 1194 882 1227 904; x_wconf 92' lang='lat' dir='ltr'><strong>ut</strong></span> <span class='ocrx_word' id='word_1_72' title='bbox 1249 875 1334 904; x_wconf 86' lang='lat' dir='ltr'><strong>Deus</strong></span> 
     </span>
     <span class='ocr_line' id='line_1_11' title="bbox 432 925 1332 967; baseline -0.008 -8"><span class='ocrx_word' id='word_1_73' title='bbox 432 930 522 959; x_wconf 90' lang='lat' dir='ltr'><strong>nobis</strong></span> <span class='ocrx_word' id='word_1_74' title='bbox 548 930 660 958; x_wconf 90' lang='lat' dir='ltr'><strong>bonum</strong></span> <span class='ocrx_word' id='word_1_75' title='bbox 680 938 787 967; x_wconf 90' lang='lat' dir='ltr'><strong>papam</strong></span> <span class='ocrx_word' id='word_1_76' title='bbox 809 937 866 966; x_wconf 92' lang='lat' dir='ltr'><strong>pro</strong></span> <span class='ocrx_word' id='word_1_77' title='bbox 890 932 994 956; x_wconf 86' lang='lat' dir='ltr'><strong>sancta</strong></span> <span class='ocrx_word' id='word_1_78' title='bbox 1013 925 1143 954; x_wconf 87' lang='lat' dir='ltr'><strong>ecclesia</strong></span> <span class='ocrx_word' id='word_1_79' title='bbox 1164 925 1332 959; x_wconf 90' lang='lat' dir='ltr'><strong>ordinaret,</strong></span> 
     </span>
     <span class='ocr_line' id='line_1_12' title="bbox 433 973 1334 1018; baseline -0.008 -10"><span class='ocrx_word' id='word_1_80' title='bbox 433 989 491 1018; x_wconf 91' lang='lat' dir='ltr'><strong>que</strong></span> <span class='ocrx_word' id='word_1_81' title='bbox 510 979 603 1007; x_wconf 91' lang='lat' dir='ltr'><strong>missa</strong></span> <span class='ocrx_word' id='word_1_82' title='bbox 625 977 776 1006; x_wconf 90' lang='lat' dir='ltr'><strong>celebrata</strong></span> <span class='ocrx_word' id='word_1_83' title='bbox 795 976 850 1005; x_wconf 90' lang='lat' dir='ltr'><strong>fuit</strong></span> <span class='ocrx_word' id='word_1_84' title='bbox 868 975 1009 1014; x_wconf 83' lang='lat' dir='ltr'><strong>sequenti</strong></span> <span class='ocrx_word' id='word_1_85' title='bbox 1027 974 1076 1003; x_wconf 92' lang='lat' dir='ltr'><strong>die</strong></span> <span class='ocrx_word' id='word_1_86' title='bbox 1094 974 1174 1013; x_wconf 91' lang='lat' dir='ltr'><strong>apud</strong></span> <span class='ocrx_word' id='word_1_87' title='bbox 1195 973 1334 1002; x_wconf 86' lang='lat' dir='ltr'><strong>Minores</strong></span> 
     </span>
     <span class='ocr_line' id='line_1_13' title="bbox 432 1033 619 1056; baseline -0.005 0"><span class='ocrx_word' id='word_1_88' title='bbox 432 1033 619 1056; x_wconf 87' lang='lat' dir='ltr'><strong>reverenter.</strong></span> 
     </span>
    </p>

    <p class='ocr_par' dir='ltr' id='par_1_3' title="bbox 431 1071 1334 1261">
     <span class='ocr_line' id='line_1_14' title="bbox 474 1071 1334 1113; baseline -0.007 -8"><span class='ocrx_word' id='word_1_89' title='bbox 474 1077 547 1105; x_wconf 89' lang='lat' dir='ltr'><strong>ltem</strong></span> <span class='ocrx_word' id='word_1_90' title='bbox 574 1077 651 1104; x_wconf 85' lang='lat' dir='ltr'><strong>facta</strong></span> <span class='ocrx_word' id='word_1_91' title='bbox 673 1074 912 1113; x_wconf 85' lang='lat' dir='ltr'><strong>congregatione</strong></span> <span class='ocrx_word' id='word_1_92' title='bbox 941 1072 1091 1102; x_wconf 85' lang='lat' dir='ltr'><strong>facultatis</strong></span> <span class='ocrx_word' id='word_1_93' title='bbox 1116 1072 1225 1101; x_wconf 91' lang='lat' dir='ltr'><strong>artium</strong></span> <span class='ocrx_word' id='word_1_94' title='bbox 1251 1071 1334 1110; x_wconf 88' lang='lat' dir='ltr'><strong>apud</strong></span> 
     </span>
     <span class='ocr_line' id='line_1_15' title="bbox 434 1120 1332 1161; baseline -0.006 -7"><span class='ocrx_word' id='word_1_95' title='bbox 434 1125 575 1154; x_wconf 89' lang='lat' dir='ltr'><strong>Sanctum</strong></span> <span class='ocrx_word' id='word_1_96' title='bbox 606 1124 758 1153; x_wconf 86' lang='lat' dir='ltr'><strong>Julianum</strong></span> <span class='ocrx_word' id='word_1_97' title='bbox 788 1132 953 1161; x_wconf 85' lang='lat' dir='ltr'><strong>pauperem</strong></span> <span class='ocrx_word' id='word_1_98' title='bbox 979 1121 1031 1150; x_wconf 73' lang='lat'><strong>272</strong></span> <span class='ocrx_word' id='word_1_99' title='bbox 1057 1121 1106 1150; x_wconf 92' lang='lat' dir='ltr'><strong>die</strong></span> <span class='ocrx_word' id='word_1_100' title='bbox 1140 1120 1332 1160; x_wconf 86' lang='lat' dir='ltr'><strong>Septembris</strong></span> 
     </span>
     <span class='ocr_line' id='line_1_16' title="bbox 432 1169 1332 1211; baseline -0.004 -9"><span class='ocrx_word' id='word_1_101' title='bbox 432 1174 630 1202; x_wconf 85' lang='lat' dir='ltr'><strong>deliberatum</strong></span> <span class='ocrx_word' id='word_1_102' title='bbox 668 1172 732 1207; x_wconf 90' lang='lat' dir='ltr'><strong>fuit,</strong></span> <span class='ocrx_word' id='word_1_103' title='bbox 768 1172 851 1211; x_wconf 86' lang='lat' dir='ltr'><strong>quod</strong></span> <span class='ocrx_word' id='word_1_104' title='bbox 885 1171 987 1199; x_wconf 91' lang='lat' dir='ltr'><strong>nullus</strong></span> <span class='ocrx_word' id='word_1_105' title='bbox 1021 1170 1194 1199; x_wconf 89' lang='lat' dir='ltr'><strong>licentiatus</strong></span> <span class='ocrx_word' id='word_1_106' title='bbox 1224 1169 1332 1199; x_wconf 88' lang='lat' dir='ltr'><strong>volens</strong></span> 
     </span>
     <span class='ocr_line' id='line_1_17' title="bbox 431 1221 1154 1261; baseline -0.006 -10"><span class='ocrx_word' id='word_1_107' title='bbox 431 1223 567 1261; x_wconf 87' lang='lat' dir='ltr'><strong>incipere</strong></span> <span class='ocrx_word' id='word_1_108' title='bbox 585 1221 776 1260; x_wconf 89' lang='lat' dir='ltr'><strong>inpediretur</strong></span> <span class='ocrx_word' id='word_1_109' title='bbox 791 1226 919 1260; x_wconf 89' lang='lat' dir='ltr'><strong>propter</strong></span> <span class='ocrx_word' id='word_1_110' title='bbox 937 1230 1015 1248; x_wconf 87' lang='lat' dir='ltr'><strong>nova</strong></span> <span class='ocrx_word' id='word_1_111' title='bbox 1032 1225 1154 1248; x_wconf 87' lang='lat' dir='ltr'><strong>statuta.</strong></span> 
     </span>
    </p>

    <p class='ocr_par' dir='ltr' id='par_1_4' title="bbox 430 1268 1331 1652">
     <span class='ocr_line' id='line_1_18' title="bbox 472 1268 1331 1309; baseline -0.005 -9"><span class='ocrx_word' id='word_1_112' title='bbox 472 1272 545 1300; x_wconf 85' lang='lat' dir='ltr'><strong>Item</strong></span> <span class='ocrx_word' id='word_1_113' title='bbox 576 1270 827 1309; x_wconf 88' lang='lat' dir='ltr'><strong>supplicaverunt</strong></span> <span class='ocrx_word' id='word_1_114' title='bbox 848 1269 935 1298; x_wconf 90' lang='lat' dir='ltr'><strong>multi</strong></span> <span class='ocrx_word' id='word_1_115' title='bbox 959 1268 1110 1307; x_wconf 84' lang='lat' dir='ltr'><strong>magistri,</strong></span> <span class='ocrx_word' id='word_1_116' title='bbox 1137 1268 1174 1296; x_wconf 92' lang='lat' dir='ltr'><strong>de</strong></span> <span class='ocrx_word' id='word_1_117' title='bbox 1201 1277 1331 1307; x_wconf 87' lang='lat' dir='ltr'><strong>quorum</strong></span> 
     </span>
     <span class='ocr_line' id='line_1_19' title="bbox 431 1317 1331 1356; baseline -0.003 -8"><span class='ocrx_word' id='word_1_118' title='bbox 431 1320 606 1348; x_wconf 89' lang='lat' dir='ltr'><strong>nominibus</strong></span> <span class='ocrx_word' id='word_1_119' title='bbox 632 1329 694 1347; x_wconf 90' lang='lat' dir='ltr'><strong>non</strong></span> <span class='ocrx_word' id='word_1_120' title='bbox 731 1319 890 1353; x_wconf 90' lang='lat' dir='ltr'><strong>recordor,</strong></span> <span class='ocrx_word' id='word_1_121' title='bbox 933 1318 1015 1356; x_wconf 93' lang='lat' dir='ltr'><strong>quod</strong></span> <span class='ocrx_word' id='word_1_122' title='bbox 1049 1317 1143 1356; x_wconf 88' lang='lat' dir='ltr'><strong>aliqui</strong></span> <span class='ocrx_word' id='word_1_123' title='bbox 1178 1326 1331 1355; x_wconf 89' lang='lat' dir='ltr'><strong>pauperes</strong></span> 
     </span>
     <span class='ocr_line' id='line_1_20' title="bbox 430 1365 1331 1408; baseline -0.003 -11"><span class='ocrx_word' id='word_1_124' title='bbox 430 1374 559 1408; x_wconf 88' lang='lat' dir='ltr'><strong>possent</strong></span> <span class='ocrx_word' id='word_1_125' title='bbox 573 1368 709 1407; x_wconf 91' lang='lat' dir='ltr'><strong>incipere</strong></span> <span class='ocrx_word' id='word_1_126' title='bbox 723 1367 789 1397; x_wconf 90' lang='lat' dir='ltr'><strong>sine</strong></span> <span class='ocrx_word' id='word_1_127' title='bbox 801 1377 879 1396; x_wconf 89' lang='lat' dir='ltr'><strong>nova</strong></span> <span class='ocrx_word' id='word_1_128' title='bbox 894 1376 991 1406; x_wconf 90' lang='lat' dir='ltr'><strong>cappa</strong></span> <span class='ocrx_word' id='word_1_129' title='bbox 1003 1372 1033 1395; x_wconf 89' lang='lat' dir='ltr'><strong>et</strong></span> <span class='ocrx_word' id='word_1_130' title='bbox 1043 1366 1180 1405; x_wconf 90' lang='lat' dir='ltr'><strong>propria.</strong></span> <span class='ocrx_word' id='word_1_131' title='bbox 1194 1365 1331 1402; x_wconf 88' lang='lat' dir='ltr'><strong>Quorum</strong></span> 
     </span>
     <span class='ocr_line' id='line_1_21' title="bbox 430 1414 1331 1456; baseline -0.004 -10"><span class='ocrx_word' id='word_1_132' title='bbox 430 1417 670 1456; x_wconf 86' lang='lat' dir='ltr'><strong>supplicationes</strong></span> <span class='ocrx_word' id='word_1_133' title='bbox 693 1417 815 1445; x_wconf 90' lang='lat' dir='ltr'><strong>fuerunt</strong></span> <span class='ocrx_word' id='word_1_134' title='bbox 837 1425 983 1444; x_wconf 88' lang='lat' dir='ltr'><strong>concesse</strong></span> <span class='ocrx_word' id='word_1_135' title='bbox 1007 1415 1063 1444; x_wconf 90' lang='lat' dir='ltr'><strong>sub</strong></span> <span class='ocrx_word' id='word_1_136' title='bbox 1083 1415 1135 1443; x_wconf 83' lang='lat' dir='ltr'><strong>tali</strong></span> <span class='ocrx_word' id='word_1_137' title='bbox 1156 1414 1331 1443; x_wconf 90' lang='lat' dir='ltr'><strong>conditione</strong></span> 
     </span>
     <span class='ocr_line' id='line_1_22' title="bbox 431 1463 1329 1505; baseline -0.003 -10"><span class='ocrx_word' id='word_1_138' title='bbox 431 1467 512 1505; x_wconf 91' lang='lat' dir='ltr'><strong>quod</strong></span> <span class='ocrx_word' id='word_1_139' title='bbox 516 1465 667 1505; x_wconf 88' lang='lat' dir='ltr'><strong>jurarent,</strong></span> <span class='ocrx_word' id='word_1_140' title='bbox 679 1466 761 1504; x_wconf 87' lang='lat' dir='ltr'><strong>quod</strong></span> <span class='ocrx_word' id='word_1_141' title='bbox 772 1475 833 1494; x_wconf 91' lang='lat' dir='ltr'><strong>non</strong></span> <span class='ocrx_word' id='word_1_142' title='bbox 845 1465 992 1493; x_wconf 90' lang='lat' dir='ltr'><strong>haberent</strong></span> <span class='ocrx_word' id='word_1_143' title='bbox 1001 1474 1056 1493; x_wconf 91' lang='lat' dir='ltr'><strong>nec</strong></span> <span class='ocrx_word' id='word_1_144' title='bbox 1065 1463 1178 1492; x_wconf 88' lang='lat' dir='ltr'><strong>habere</strong></span> <span class='ocrx_word' id='word_1_145' title='bbox 1190 1469 1329 1502; x_wconf 89' lang='lat' dir='ltr'><strong>possent,</strong></span> 
     </span>
     <span class='ocr_line' id='line_1_23' title="bbox 431 1513 1330 1554; baseline -0.003 -10"><span class='ocrx_word' id='word_1_146' title='bbox 431 1522 460 1544; x_wconf 87' lang='lat' dir='ltr'><strong>et</strong></span> <span class='ocrx_word' id='word_1_147' title='bbox 476 1515 537 1543; x_wconf 91' lang='lat' dir='ltr'><strong>illis</strong></span> <span class='ocrx_word' id='word_1_148' title='bbox 556 1515 608 1554; x_wconf 93' lang='lat' dir='ltr'><strong>qui</strong></span> <span class='ocrx_word' id='word_1_149' title='bbox 624 1514 681 1543; x_wconf 92' lang='lat' dir='ltr'><strong>hoc</strong></span> <span class='ocrx_word' id='word_1_150' title='bbox 695 1524 755 1543; x_wconf 92' lang='lat' dir='ltr'><strong>non</strong></span> <span class='ocrx_word' id='word_1_151' title='bbox 767 1513 917 1553; x_wconf 90' lang='lat' dir='ltr'><strong>jurarent,</strong></span> <span class='ocrx_word' id='word_1_152' title='bbox 938 1513 1141 1553; x_wconf 88' lang='lat' dir='ltr'><strong>prefigeretur</strong></span> <span class='ocrx_word' id='word_1_153' title='bbox 1153 1518 1255 1541; x_wconf 89' lang='lat' dir='ltr'><strong>certus</strong></span> <span class='ocrx_word' id='word_1_154' title='bbox 1272 1518 1330 1541; x_wconf 90' lang='lat' dir='ltr'><strong>ter-</strong></span> 
     </span>
     <span class='ocr_line' id='line_1_24' title="bbox 431 1561 1330 1602; baseline -0.003 -10"><span class='ocrx_word' id='word_1_155' title='bbox 431 1564 541 1598; x_wconf 89' lang='lat' dir='ltr'><strong>minus,</strong></span> <span class='ocrx_word' id='word_1_156' title='bbox 567 1564 598 1592; x_wconf 93' lang='lat' dir='ltr'><strong>in</strong></span> <span class='ocrx_word' id='word_1_157' title='bbox 624 1573 684 1602; x_wconf 91' lang='lat' dir='ltr'><strong>quo</strong></span> <span class='ocrx_word' id='word_1_158' title='bbox 707 1563 863 1602; x_wconf 88' lang='lat' dir='ltr'><strong>propriam</strong></span> <span class='ocrx_word' id='word_1_159' title='bbox 885 1563 1034 1591; x_wconf 90' lang='lat' dir='ltr'><strong>deberent</strong></span> <span class='ocrx_word' id='word_1_160' title='bbox 1055 1561 1167 1590; x_wconf 89' lang='lat' dir='ltr'><strong>habere</strong></span> <span class='ocrx_word' id='word_1_161' title='bbox 1191 1571 1330 1600; x_wconf 90' lang='lat' dir='ltr'><strong>cappam-</strong></span> 
     </span>
     <span class='ocr_line' id='line_1_25' title="bbox 431 1622 623 1652; baseline -0.005 -11"><span class='ocrx_word' id='word_1_162' title='bbox 431 1623 489 1652; x_wconf 88' lang='lat' dir='ltr'><strong>que</strong></span> <span class='ocrx_word' id='word_1_163' title='bbox 505 1622 623 1642; x_wconf 85' lang='lat' dir='ltr'><strong>novam.</strong></span> 
     </span>
    </p>

    <p class='ocr_par' dir='ltr' id='par_1_5' title="bbox 430 1659 1332 1895">
     <span class='ocr_line' id='line_1_26' title="bbox 471 1659 1330 1698; baseline -0.003 -8"><span class='ocrx_word' id='word_1_164' title='bbox 471 1662 545 1690; x_wconf 84' lang='lat' dir='ltr'><strong>Item</strong></span> <span class='ocrx_word' id='word_1_165' title='bbox 571 1662 675 1690; x_wconf 90' lang='lat' dir='ltr'><strong>eadem</strong></span> <span class='ocrx_word' id='word_1_166' title='bbox 707 1661 755 1689; x_wconf 90' lang='lat' dir='ltr'><strong>die</strong></span> <span class='ocrx_word' id='word_1_167' title='bbox 780 1666 809 1689; x_wconf 89' lang='lat' dir='ltr'><strong>et</strong></span> <span class='ocrx_word' id='word_1_168' title='bbox 838 1661 945 1689; x_wconf 86' lang='lat' dir='ltr'><strong>eodem</strong></span> <span class='ocrx_word' id='word_1_169' title='bbox 975 1659 1043 1688; x_wconf 95' lang='lat' dir='ltr'><strong>loco</strong></span> <span class='ocrx_word' id='word_1_170' title='bbox 1068 1659 1144 1688; x_wconf 88' lang='lat' dir='ltr'><strong>hora</strong></span> <span class='ocrx_word' id='word_1_171' title='bbox 1164 1659 1330 1698; x_wconf 90' lang='lat' dir='ltr'><strong>primarum</strong></span> 
     </span>
     <span class='ocr_line' id='line_1_27' title="bbox 431 1707 1331 1748; baseline -0.003 -9"><span class='ocrx_word' id='word_1_172' title='bbox 431 1710 543 1739; x_wconf 86' lang='lat' dir='ltr'><strong>Nostre</strong></span> <span class='ocrx_word' id='word_1_173' title='bbox 563 1710 692 1739; x_wconf 88' lang='lat' dir='ltr'><strong>Domine</strong></span> <span class='ocrx_word' id='word_1_174' title='bbox 713 1710 789 1738; x_wconf 88' lang='lat' dir='ltr'><strong>facta</strong></span> <span class='ocrx_word' id='word_1_175' title='bbox 808 1709 1047 1748; x_wconf 86' lang='lat' dir='ltr'><strong>congregatione</strong></span> <span class='ocrx_word' id='word_1_176' title='bbox 1067 1708 1199 1737; x_wconf 87' lang='lat' dir='ltr'><strong>nationis</strong></span> <span class='ocrx_word' id='word_1_177' title='bbox 1219 1707 1331 1747; x_wconf 85' lang='lat' dir='ltr'><strong>Angli-</strong></span> 
     </span>
     <span class='ocr_line' id='line_1_28' title="bbox 431 1757 1332 1798; baseline -0.001 -11"><span class='ocrx_word' id='word_1_178' title='bbox 431 1769 503 1788; x_wconf 86' lang='lat' dir='ltr'><strong>cane</strong></span> <span class='ocrx_word' id='word_1_179' title='bbox 519 1759 555 1787; x_wconf 89' lang='lat' dir='ltr'><strong>ad</strong></span> <span class='ocrx_word' id='word_1_180' title='bbox 572 1758 745 1798; x_wconf 87' lang='lat' dir='ltr'><strong>eligendum</strong></span> <span class='ocrx_word' id='word_1_181' title='bbox 763 1757 906 1787; x_wconf 82' lang='lat' dir='ltr'><strong>officiales</strong></span> <span class='ocrx_word' id='word_1_182' title='bbox 929 1768 985 1797; x_wconf 88' lang='lat' dir='ltr'><strong>pro</strong></span> <span class='ocrx_word' id='word_1_183' title='bbox 1006 1757 1118 1792; x_wconf 88' lang='lat' dir='ltr'><strong>rotulo,</strong></span> <span class='ocrx_word' id='word_1_184' title='bbox 1141 1757 1256 1786; x_wconf 87' lang='lat' dir='ltr'><strong>electus</strong></span> <span class='ocrx_word' id='word_1_185' title='bbox 1276 1757 1332 1786; x_wconf 86' lang='lat' dir='ltr'><strong>fuit</strong></span> 
     </span>
     <span class='ocr_line' id='line_1_29' title="bbox 430 1806 1330 1846; baseline -0.002 -10"><span class='ocrx_word' id='word_1_186' title='bbox 430 1808 461 1836; x_wconf 93' lang='lat' dir='ltr'><strong>in</strong></span> <span class='ocrx_word' id='word_1_187' title='bbox 477 1807 613 1836; x_wconf 86' lang='lat' dir='ltr'><strong>nuntium</strong></span> <span class='ocrx_word' id='word_1_188' title='bbox 627 1808 663 1836; x_wconf 86' lang='lat' dir='ltr'><strong>ad</strong></span> <span class='ocrx_word' id='word_1_189' title='bbox 678 1807 791 1836; x_wconf 90' lang='lat' dir='ltr'><strong>curiam</strong></span> <span class='ocrx_word' id='word_1_190' title='bbox 807 1817 874 1836; x_wconf 90' lang='lat' dir='ltr'><strong>cum</strong></span> <span class='ocrx_word' id='word_1_191' title='bbox 889 1807 990 1835; x_wconf 89' lang='lat' dir='ltr'><strong>rotulo</strong></span> <span class='ocrx_word' id='word_1_192' title='bbox 1009 1807 1155 1846; x_wconf 87' lang='lat' dir='ltr'><strong>magister</strong></span> <span class='ocrx_word' id='word_1_193' title='bbox 1170 1806 1330 1835; x_wconf 91' lang='lat' dir='ltr'><strong>Willehel-</strong></span> 
     </span>
     <span class='ocr_line' id='line_1_30' title="bbox 430 1856 1074 1895; baseline -0.002 -10"><span class='ocrx_word' id='word_1_194' title='bbox 430 1867 497 1885; x_wconf 91' lang='lat' dir='ltr'><strong>mus</strong></span> <span class='ocrx_word' id='word_1_195' title='bbox 511 1856 620 1891; x_wconf 89' lang='lat' dir='ltr'><strong>Buser,</strong></span> <span class='ocrx_word' id='word_1_196' title='bbox 641 1856 725 1885; x_wconf 95' lang='lat' dir='ltr'><strong>nullo</strong></span> <span class='ocrx_word' id='word_1_197' title='bbox 741 1856 864 1895; x_wconf 88' lang='lat' dir='ltr'><strong>penitus</strong></span> <span class='ocrx_word' id='word_1_198' title='bbox 880 1856 1074 1884; x_wconf 85' lang='lat' dir='ltr'><strong>reclamante.</strong></span> 
     </span>
    </p>

    <p class='ocr_par' dir='ltr' id='par_1_6' title="bbox 430 1904 1330 2081">
     <span class='ocr_line' id='line_1_31' title="bbox 471 1904 1330 1943; baseline -0.002 -9"><span class='ocrx_word' id='word_1_199' title='bbox 471 1905 544 1934; x_wconf 85' lang='lat' dir='ltr'><strong>Item</strong></span> <span class='ocrx_word' id='word_1_200' title='bbox 574 1905 661 1934; x_wconf 90' lang='lat' dir='ltr'><strong>electi</strong></span> <span class='ocrx_word' id='word_1_201' title='bbox 700 1905 821 1934; x_wconf 91' lang='lat' dir='ltr'><strong>fuerunt</strong></span> <span class='ocrx_word' id='word_1_202' title='bbox 856 1905 888 1933; x_wconf 91' lang='lat' dir='ltr'><strong>in</strong></span> <span class='ocrx_word' id='word_1_203' title='bbox 924 1904 1142 1933; x_wconf 89' lang='lat' dir='ltr'><strong>inrotulatores</strong></span> <span class='ocrx_word' id='word_1_204' title='bbox 1183 1904 1330 1943; x_wconf 88' lang='lat' dir='ltr'><strong>magister</strong></span> 
     </span>
     <span class='ocr_line' id='line_1_32' title="bbox 430 1953 1330 1993; baseline -0.001 -11"><span class='ocrx_word' id='word_1_205' title='bbox 430 1954 638 1983; x_wconf 88' lang='lat' dir='ltr'><strong>Theodericus</strong></span> <span class='ocrx_word' id='word_1_206' title='bbox 672 1955 710 1983; x_wconf 91' lang='lat' dir='ltr'><strong>de</strong></span> <span class='ocrx_word' id='word_1_207' title='bbox 746 1953 836 1983; x_wconf 88' lang='lat' dir='ltr'><strong>Unna</strong></span> <span class='ocrx_word' id='word_1_208' title='bbox 871 1960 900 1982; x_wconf 90' lang='lat' dir='ltr'><strong>et</strong></span> <span class='ocrx_word' id='word_1_209' title='bbox 932 1953 1078 1993; x_wconf 88' lang='lat' dir='ltr'><strong>magister</strong></span> <span class='ocrx_word' id='word_1_210' title='bbox 1107 1953 1261 1982; x_wconf 89' lang='lat' dir='ltr'><strong>Henricus</strong></span> <span class='ocrx_word' id='word_1_211' title='bbox 1292 1953 1330 1981; x_wconf 90' lang='lat' dir='ltr'><strong>de</strong></span> 
     </span>
     <span class='ocr_line' id='line_1_33' title="bbox 431 2001 1330 2041; baseline -0.001 -10"><span class='ocrx_word' id='word_1_212' title='bbox 431 2002 571 2031; x_wconf 89' lang='lat' dir='ltr'><strong>Beesden</strong></span> <span class='ocrx_word' id='word_1_213' title='bbox 594 2003 697 2031; x_wconf 90' lang='lat' dir='ltr'><strong>eadem</strong></span> <span class='ocrx_word' id='word_1_214' title='bbox 722 2002 797 2031; x_wconf 90' lang='lat' dir='ltr'><strong>hora</strong></span> <span class='ocrx_word' id='word_1_215' title='bbox 819 2009 848 2031; x_wconf 91' lang='lat' dir='ltr'><strong>et</strong></span> <span class='ocrx_word' id='word_1_216' title='bbox 869 2002 937 2031; x_wconf 91' lang='lat' dir='ltr'><strong>loco</strong></span> <span class='ocrx_word' id='word_1_217' title='bbox 960 2003 1078 2037; x_wconf 89' lang='lat' dir='ltr'><strong>eodem,</strong></span> <span class='ocrx_word' id='word_1_218' title='bbox 1101 2001 1184 2031; x_wconf 92' lang='lat' dir='ltr'><strong>nullo</strong></span> <span class='ocrx_word' id='word_1_219' title='bbox 1206 2002 1330 2041; x_wconf 88' lang='lat' dir='ltr'><strong>penitus</strong></span> 
     </span>
     <span class='ocr_line' id='line_1_34' title="bbox 431 2051 622 2081; baseline 0.005 -1"><span class='ocrx_word' id='word_1_220' title='bbox 431 2051 622 2081; x_wconf 86' lang='lat' dir='ltr'><strong>reclamante.</strong></span> 
     </span>
    </p>

    <p class='ocr_par' dir='ltr' id='par_1_7' title="bbox 430 2100 1330 2237">
     <span class='ocr_line' id='line_1_35' title="bbox 471 2100 1330 2140; baseline 0 -12"><span class='ocrx_word' id='word_1_221' title='bbox 471 2100 544 2129; x_wconf 87' lang='lat' dir='ltr'><strong>Item</strong></span> <span class='ocrx_word' id='word_1_222' title='bbox 573 2101 610 2128; x_wconf 79' lang='lat'><strong>24</strong></span> <span class='ocrx_word' id='word_1_223' title='bbox 640 2101 688 2129; x_wconf 87' lang='lat' dir='ltr'><strong>die</strong></span> <span class='ocrx_word' id='word_1_224' title='bbox 717 2100 907 2140; x_wconf 87' lang='lat' dir='ltr'><strong>Septembris</strong></span> <span class='ocrx_word' id='word_1_225' title='bbox 930 2100 1130 2129; x_wconf 85' lang='lat' dir='ltr'><strong>deliberatum</strong></span> <span class='ocrx_word' id='word_1_226' title='bbox 1160 2100 1214 2128; x_wconf 92' lang='lat' dir='ltr'><strong>fuit</strong></span> <span class='ocrx_word' id='word_1_227' title='bbox 1247 2100 1330 2139; x_wconf 83' lang='lat' dir='ltr'><strong>quod</strong></span> 
     </span>
     <span class='ocr_line' id='line_1_36' title="bbox 430 2148 1330 2188; baseline 0.001 -11"><span class='ocrx_word' id='word_1_228' title='bbox 430 2149 532 2178; x_wconf 91' lang='lat' dir='ltr'><strong>nullus</strong></span> <span class='ocrx_word' id='word_1_229' title='bbox 546 2150 583 2177; x_wconf 91' lang='lat' dir='ltr'><strong>de</strong></span> <span class='ocrx_word' id='word_1_230' title='bbox 599 2159 678 2178; x_wconf 90' lang='lat' dir='ltr'><strong>novo</strong></span> <span class='ocrx_word' id='word_1_231' title='bbox 695 2150 918 2188; x_wconf 90' lang='lat' dir='ltr'><strong>superveniens</strong></span> <span class='ocrx_word' id='word_1_232' title='bbox 931 2150 1113 2188; x_wconf 87' lang='lat' dir='ltr'><strong>precederet</strong></span> <span class='ocrx_word' id='word_1_233' title='bbox 1128 2148 1259 2187; x_wconf 88' lang='lat' dir='ltr'><strong>aliquem</strong></span> <span class='ocrx_word' id='word_1_234' title='bbox 1273 2159 1330 2188; x_wconf 91' lang='lat' dir='ltr'><strong>pro</strong></span> 
     </span>
     <span class='ocr_line' id='line_1_37' title="bbox 430 2198 1327 2237; baseline 0 -11"><span class='ocrx_word' id='word_1_235' title='bbox 430 2208 509 2226; x_wconf 88' lang='lat' dir='ltr'><strong>nune</strong></span> <span class='ocrx_word' id='word_1_236' title='bbox 523 2204 708 2236; x_wconf 87' lang='lat' dir='ltr'><strong>presentem,</strong></span> <span class='ocrx_word' id='word_1_237' title='bbox 723 2208 851 2237; x_wconf 89' lang='lat' dir='ltr'><strong>quorum</strong></span> <span class='ocrx_word' id='word_1_238' title='bbox 868 2198 1056 2237; x_wconf 87' lang='lat' dir='ltr'><strong>presentium</strong></span> <span class='ocrx_word' id='word_1_239' title='bbox 1067 2207 1213 2226; x_wconf 90' lang='lat' dir='ltr'><strong>numerus</strong></span> <span class='ocrx_word' id='word_1_240' title='bbox 1225 2204 1289 2226; x_wconf 90' lang='lat' dir='ltr'><strong>erat</strong></span> <span class='ocrx_word' id='word_1_241' title='bbox 1298 2198 1327 2226; x_wconf 92' lang='lat'><strong>8.</strong></span> 
     </span>
    </p>

    <p class='ocr_par' dir='ltr' id='par_1_8' title="bbox 430 2246 1330 2373">
     <span class='ocr_line' id='line_1_38' title="bbox 471 2246 1330 2286; baseline 0 -11"><span class='ocrx_word' id='word_1_242' title='bbox 471 2246 544 2275; x_wconf 88' lang='lat' dir='ltr'><strong>Item</strong></span> <span class='ocrx_word' id='word_1_243' title='bbox 562 2248 597 2276; x_wconf 77' lang='lat'><strong>‘28</strong></span> <span class='ocrx_word' id='word_1_244' title='bbox 610 2247 658 2275; x_wconf 91' lang='lat' dir='ltr'><strong>die</strong></span> <span class='ocrx_word' id='word_1_245' title='bbox 671 2247 785 2276; x_wconf 89' lang='lat' dir='ltr'><strong>mensis</strong></span> <span class='ocrx_word' id='word_1_246' title='bbox 797 2247 987 2286; x_wconf 87' lang='lat' dir='ltr'><strong>Septembris</strong></span> <span class='ocrx_word' id='word_1_247' title='bbox 1002 2247 1077 2275; x_wconf 86' lang='lat' dir='ltr'><strong>facta</strong></span> <span class='ocrx_word' id='word_1_248' title='bbox 1091 2247 1330 2286; x_wconf 85' lang='lat' dir='ltr'><strong>congregatione</strong></span> 
     </span>
     <span class='ocr_line' id='line_1_39' title="bbox 430 2295 1330 2335; baseline 0.001 -12"><span class='ocrx_word' id='word_1_249' title='bbox 430 2295 561 2324; x_wconf 89' lang='lat' dir='ltr'><strong>nationis</strong></span> <span class='ocrx_word' id='word_1_250' title='bbox 587 2295 755 2335; x_wconf 86' lang='lat' dir='ltr'><strong>Anglicane</strong></span> <span class='ocrx_word' id='word_1_251' title='bbox 784 2295 966 2335; x_wconf 87' lang='lat' dir='ltr'><strong>juraverunt</strong></span> <span class='ocrx_word' id='word_1_252' title='bbox 998 2295 1216 2324; x_wconf 85' lang='lat' dir='ltr'><strong>inrotulatores</strong></span> <span class='ocrx_word' id='word_1_253' title='bbox 1249 2296 1330 2334; x_wconf 90' lang='lat' dir='ltr'><strong>apud</strong></span> 
     </span>
     <span class='ocr_line' id='line_1_40' title="bbox 432 2344 785 2373; baseline 0.003 -1"><span class='ocrx_word' id='word_1_254' title='bbox 432 2344 574 2373; x_wconf 90' lang='lat' dir='ltr'><strong>Sanctum</strong></span> <span class='ocrx_word' id='word_1_255' title='bbox 592 2345 785 2373; x_wconf 88' lang='lat' dir='ltr'><strong>Materinum.</strong></span> 
     </span>
    </p>

    <p class='ocr_par' dir='ltr' id='par_1_9' title="bbox 431 2393 1330 2615">
     <span class='ocr_line' id='line_1_41' title="bbox 471 2393 1328 2432; baseline 0 -11"><span class='ocrx_word' id='word_1_256' title='bbox 471 2393 544 2421; x_wconf 89' lang='lat' dir='ltr'><strong>Item</strong></span> <span class='ocrx_word' id='word_1_257' title='bbox 565 2394 670 2422; x_wconf 89' lang='lat' dir='ltr'><strong>eadem</strong></span> <span class='ocrx_word' id='word_1_258' title='bbox 689 2393 737 2422; x_wconf 89' lang='lat' dir='ltr'><strong>die</strong></span> <span class='ocrx_word' id='word_1_259' title='bbox 754 2399 783 2422; x_wconf 88' lang='lat' dir='ltr'><strong>et</strong></span> <span class='ocrx_word' id='word_1_260' title='bbox 798 2394 904 2422; x_wconf 88' lang='lat' dir='ltr'><strong>eodem</strong></span> <span class='ocrx_word' id='word_1_261' title='bbox 918 2393 985 2422; x_wconf 92' lang='lat' dir='ltr'><strong>loco</strong></span> <span class='ocrx_word' id='word_1_262' title='bbox 1000 2394 1074 2421; x_wconf 85' lang='lat' dir='ltr'><strong>facta</strong></span> <span class='ocrx_word' id='word_1_263' title='bbox 1090 2393 1328 2432; x_wconf 84' lang='lat' dir='ltr'><strong>congregatione</strong></span> 
     </span>
     <span class='ocr_line' id='line_1_42' title="bbox 431 2441 1330 2481; baseline 0.003 -13"><span class='ocrx_word' id='word_1_264' title='bbox 431 2441 591 2477; x_wconf 87' lang='lat' dir='ltr'><strong>facultatis,</strong></span> <span class='ocrx_word' id='word_1_265' title='bbox 621 2452 680 2471; x_wconf 92' lang='lat' dir='ltr'><strong>una</strong></span> <span class='ocrx_word' id='word_1_266' title='bbox 711 2452 783 2481; x_wconf 90' lang='lat' dir='ltr'><strong>pars</strong></span> <span class='ocrx_word' id='word_1_267' title='bbox 814 2442 945 2470; x_wconf 88' lang='lat' dir='ltr'><strong>nationis</strong></span> <span class='ocrx_word' id='word_1_268' title='bbox 973 2441 1128 2470; x_wconf 85' lang='lat' dir='ltr'><strong>Gallicane</strong></span> <span class='ocrx_word' id='word_1_269' title='bbox 1163 2441 1330 2481; x_wconf 83' lang='lat' dir='ltr'><strong>appellavit</strong></span> 
     </span>
     <span class='ocr_line' id='line_1_43' title="bbox 431 2490 1329 2525; baseline 0.001 -7"><span class='ocrx_word' id='word_1_270' title='bbox 431 2496 535 2518; x_wconf 89' lang='lat' dir='ltr'><strong>contra</strong></span> <span class='ocrx_word' id='word_1_271' title='bbox 550 2490 636 2519; x_wconf 86' lang='lat' dir='ltr'><strong>aliam</strong></span> <span class='ocrx_word' id='word_1_272' title='bbox 652 2491 689 2519; x_wconf 89' lang='lat' dir='ltr'><strong>ad</strong></span> <span class='ocrx_word' id='word_1_273' title='bbox 706 2490 887 2525; x_wconf 86' lang='lat' dir='ltr'><strong>facultatem,</strong></span> <span class='ocrx_word' id='word_1_274' title='bbox 906 2496 934 2519; x_wconf 91' lang='lat' dir='ltr'><strong>et</strong></span> <span class='ocrx_word' id='word_1_275' title='bbox 949 2490 1006 2518; x_wconf 92' lang='lat' dir='ltr'><strong>alie</strong></span> <span class='ocrx_word' id='word_1_276' title='bbox 1024 2491 1041 2518; x_wconf 86' lang='lat'>3</span> <span class='ocrx_word' id='word_1_277' title='bbox 1056 2491 1194 2519; x_wconf 89' lang='lat' dir='ltr'><strong>nationes</strong></span> <span class='ocrx_word' id='word_1_278' title='bbox 1210 2491 1329 2519; x_wconf 86' lang='lat' dir='ltr'><strong>delibe-</strong></span> 
     </span>
     <span class='ocr_line' id='line_1_44' title="bbox 431 2539 1327 2578; baseline 0.002 -12"><span class='ocrx_word' id='word_1_279' title='bbox 431 2545 574 2568; x_wconf 87' lang='lat' dir='ltr'><strong>raverunt</strong></span> <span class='ocrx_word' id='word_1_280' title='bbox 595 2539 675 2568; x_wconf 84' lang='lat' dir='ltr'><strong>illam</strong></span> <span class='ocrx_word' id='word_1_281' title='bbox 701 2539 938 2578; x_wconf 85' lang='lat' dir='ltr'><strong>appellationem</strong></span> <span class='ocrx_word' id='word_1_282' title='bbox 961 2539 1072 2568; x_wconf 81' lang='lat' dir='ltr'><strong>nullam</strong></span> <span class='ocrx_word' id='word_1_283' title='bbox 1098 2539 1162 2568; x_wconf 86' lang='lat' dir='ltr'><strong>sive</strong></span> <span class='ocrx_word' id='word_1_284' title='bbox 1186 2539 1327 2578; x_wconf 90' lang='lat' dir='ltr'><strong>injustam</strong></span> 
     </span>
     <span class='ocr_line' id='line_1_45' title="bbox 431 2588 506 2615; baseline 0 0"><span class='ocrx_word' id='word_1_285' title='bbox 431 2588 506 2615; x_wconf 89' lang='lat' dir='ltr'><strong>fore.</strong></span> 
     </span>
    </p>

    <p class='ocr_par' dir='ltr' id='par_1_10' title="bbox 430 2636 1328 2810">
     <span class='ocr_line' id='line_1_46' title="bbox 471 2636 1327 2676; baseline 0.001 -11"><span class='ocrx_word' id='word_1_286' title='bbox 471 2636 543 2664; x_wconf 86' lang='lat' dir='ltr'><strong>Item</strong></span> <span class='ocrx_word' id='word_1_287' title='bbox 568 2637 642 2665; x_wconf 83' lang='lat' dir='ltr'><strong>facta</strong></span> <span class='ocrx_word' id='word_1_288' title='bbox 667 2637 905 2676; x_wconf 86' lang='lat' dir='ltr'><strong>congregatione</strong></span> <span class='ocrx_word' id='word_1_289' title='bbox 928 2637 1064 2675; x_wconf 87' lang='lat' dir='ltr'><strong>generali</strong></span> <span class='ocrx_word' id='word_1_290' title='bbox 1084 2637 1162 2675; x_wconf 90' lang='lat' dir='ltr'><strong>apud</strong></span> <span class='ocrx_word' id='word_1_291' title='bbox 1185 2636 1327 2666; x_wconf 88' lang='lat' dir='ltr'><strong>Sanctum</strong></span> 
     </span>
     <span class='ocr_line' id='line_1_47' title="bbox 431 2684 1328 2724; baseline 0.002 -12"><span class='ocrx_word' id='word_1_292' title='bbox 431 2684 611 2713; x_wconf 87' lang='lat' dir='ltr'><strong>Materinum</strong></span> <span class='ocrx_word' id='word_1_293' title='bbox 629 2686 666 2714; x_wconf 88' lang='lat'><strong>28</strong></span> <span class='ocrx_word' id='word_1_294' title='bbox 681 2686 729 2714; x_wconf 90' lang='lat' dir='ltr'><strong>die</strong></span> <span class='ocrx_word' id='word_1_295' title='bbox 749 2685 951 2724; x_wconf 88' lang='lat' dir='ltr'><strong>Septembris,</strong></span> <span class='ocrx_word' id='word_1_296' title='bbox 974 2685 1172 2714; x_wconf 87' lang='lat' dir='ltr'><strong>deliberatum</strong></span> <span class='ocrx_word' id='word_1_297' title='bbox 1189 2686 1244 2714; x_wconf 81' lang='lat' dir='ltr'><strong>suit</strong></span> <span class='ocrx_word' id='word_1_298' title='bbox 1258 2686 1328 2714; x_wconf 92' lang='lat' dir='ltr'><strong>uni-</strong></span> 
     </span>
     <span class='ocr_line' id='line_1_48' title="bbox 432 2733 1328 2773; baseline 0.003 -13"><span class='ocrx_word' id='word_1_299' title='bbox 432 2733 566 2761; x_wconf 84' lang='lat' dir='ltr'><strong>formiter</strong></span> <span class='ocrx_word' id='word_1_300' title='bbox 581 2735 659 2772; x_wconf 88' lang='lat' dir='ltr'><strong>quod</strong></span> <span class='ocrx_word' id='word_1_301' title='bbox 676 2745 731 2773; x_wconf 91' lang='lat' dir='ltr'><strong>pro</strong></span> <span class='ocrx_word' id='word_1_302' title='bbox 749 2744 827 2773; x_wconf 90' lang='lat' dir='ltr'><strong>papa</strong></span> <span class='ocrx_word' id='word_1_303' title='bbox 845 2735 987 2763; x_wconf 87' lang='lat' dir='ltr'><strong>defuncto</strong></span> <span class='ocrx_word' id='word_1_304' title='bbox 1002 2744 1061 2762; x_wconf 78' lang='lat' dir='ltr'><strong>una</strong></span> <span class='ocrx_word' id='word_1_305' title='bbox 1078 2734 1172 2770; x_wconf 81' lang='lat' dir='ltr'><strong>missa</strong></span> <span class='ocrx_word' id='word_1_306' title='bbox 1191 2734 1328 2763; x_wconf 87' lang='lat' dir='ltr'><strong>celebra-</strong></span> 
     </span>
     <span class='ocr_line' id='line_1_49' title="bbox 430 2788 523 2810; baseline 0 -1"><span class='ocrx_word' id='word_1_307' title='bbox 430 2788 523 2810; x_wconf 87' lang='lat' dir='ltr'><strong>retur.</strong></span> 
     </span>
    </p>
   </div>
   <div class='ocr_carea' id='block_1_3' title="bbox 462 2896 964 2964">
    <p class='ocr_par' dir='ltr' id='par_1_11' title="bbox 462 2896 964 2964">
     <span class='ocr_line' id='line_1_50' title="bbox 463 2896 964 2928; baseline 0.006 -11"><span class='ocrx_word' id='word_1_308' title='bbox 463 2896 483 2918; x_wconf 75' lang='lat'><strong>1.</strong></span> <span class='ocrx_word' id='word_1_309' title='bbox 518 2896 619 2920; x_wconf 77' lang='lat' dir='ltr'><strong>Cnrolo.</strong></span> <span class='ocrx_word' id='word_1_310' title='bbox 632 2900 718 2927; x_wconf 75' lang='lat' dir='ltr'><strong>postea</strong></span> <span class='ocrx_word' id='word_1_311' title='bbox 735 2906 792 2928; x_wconf 72' lang='lat' dir='ltr'><strong>rege</strong></span> <span class='ocrx_word' id='word_1_312' title='bbox 803 2899 964 2920; x_wconf 81' lang='lat' dir='ltr'><strong>Francorum.</strong></span> 
     </span>
     <span class='ocr_line' id='line_1_51' title="bbox 462 2931 898 2964; baseline 0.005 -11"><span class='ocrx_word' id='word_1_313' title='bbox 462 2931 484 2953; x_wconf 81' lang='lat'><strong>2.</strong></span> <span class='ocrx_word' id='word_1_314' title='bbox 519 2933 537 2953; x_wconf 92' lang='grc' dir='ltr'><strong>Ι.</strong></span> <span class='ocrx_word' id='word_1_315' title='bbox 552 2940 573 2954; x_wconf 84' lang='lat' dir='ltr'><strong>e.</strong></span> <span class='ocrx_word' id='word_1_316' title='bbox 590 2932 634 2962; x_wconf 75' lang='lat' dir='ltr'><strong>qni</strong></span> <span class='ocrx_word' id='word_1_317' title='bbox 645 2932 727 2956; x_wconf 78' lang='lat' dir='ltr'><strong>vivunt</strong></span> <span class='ocrx_word' id='word_1_318' title='bbox 741 2933 765 2955; x_wconf 84' lang='lat' dir='ltr'><strong>in</strong></span> <span class='ocrx_word' id='word_1_319' title='bbox 777 2933 898 2964; x_wconf 70' lang='lat' dir='ltr'><strong>collegiis.</strong></span> 
     </span>
    </p>
   </div>
   <div class='ocr_carea' id='block_1_4' title="bbox 1370 932 1405 958">
    <p class='ocr_par' dir='ltr' id='par_1_12' title="bbox 1370 932 1405 958">
     <span class='ocr_line' id='line_1_52' title="bbox 1370 932 1405 958; baseline 0.029 -1"><span class='ocrx_word' id='word_1_320' title='bbox 1370 932 1405 958; x_wconf 86' lang='lat'><strong>10</strong></span> 
     </span>
    </p>
   </div>
   <div class='ocr_carea' id='block_1_5' title="bbox 1369 1177 1403 1203">
    <p class='ocr_par' dir='ltr' id='par_1_13' title="bbox 1369 1177 1403 1203">
     <span class='ocr_line' id='line_1_53' title="bbox 1369 1177 1403 1203; baseline 0.029 -1"><span class='ocrx_word' id='word_1_321' title='bbox 1369 1177 1403 1203; x_wconf 89' lang='lat'><strong>15</strong></span> 
     </span>
    </p>
   </div>
   <div class='ocr_carea' id='block_1_6' title="bbox 1368 1422 1402 1448">
    <p class='ocr_par' dir='ltr' id='par_1_14' title="bbox 1368 1422 1402 1448">
     <span class='ocr_line' id='line_1_54' title="bbox 1368 1422 1402 1448; baseline 0 0"><span class='ocrx_word' id='word_1_322' title='bbox 1368 1422 1402 1448; x_wconf 84' lang='lat'><strong>20</strong></span> 
     </span>
    </p>
   </div>
   <div class='ocr_carea' id='block_1_7' title="bbox 1368 1668 1401 1694">
    <p class='ocr_par' dir='ltr' id='par_1_15' title="bbox 1368 1668 1401 1694">
     <span class='ocr_line' id='line_1_55' title="bbox 1368 1668 1401 1694; baseline 0.03 -1"><span class='ocrx_word' id='word_1_323' title='bbox 1368 1668 1401 1694; x_wconf 86' lang='lat'><strong>25</strong></span> 
     </span>
    </p>
   </div>
   <div class='ocr_carea' id='block_1_8' title="bbox 1367 1912 1401 1939">
    <p class='ocr_par' dir='ltr' id='par_1_16' title="bbox 1367 1912 1401 1939">
     <span class='ocr_line' id='line_1_56' title="bbox 1367 1912 1401 1939; baseline 0.029 -1"><span class='ocrx_word' id='word_1_324' title='bbox 1367 1912 1401 1939; x_wconf 90' lang='grc'><strong>30</strong></span> 
     </span>
    </p>
   </div>
   <div class='ocr_carea' id='block_1_9' title="bbox 1367 2158 1401 2184">
    <p class='ocr_par' dir='ltr' id='par_1_17' title="bbox 1367 2158 1401 2184">
     <span class='ocr_line' id='line_1_57' title="bbox 1367 2158 1401 2184; baseline 0.029 -1"><span class='ocrx_word' id='word_1_325' title='bbox 1367 2158 1401 2184; x_wconf 84' lang='grc'><strong>35</strong></span> 
     </span>
    </p>
   </div>
   <div class='ocr_carea' id='block_1_10' title="bbox 1366 2402 1400 2428">
    <p class='ocr_par' dir='ltr' id='par_1_18' title="bbox 1366 2402 1400 2428">
     <span class='ocr_line' id='line_1_58' title="bbox 1366 2402 1400 2428; baseline 0.029 -1"><span class='ocrx_word' id='word_1_326' title='bbox 1366 2402 1400 2428; x_wconf 88' lang='grc'><strong>40</strong></span> 
     </span>
    </p>
   </div>
   <div class='ocr_carea' id='block_1_11' title="bbox 1365 2647 1398 2672">
    <p class='ocr_par' dir='ltr' id='par_1_19' title="bbox 1365 2647 1398 2672">
     <span class='ocr_line' id='line_1_59' title="bbox 1365 2647 1398 2672; baseline 0 0"><span class='ocrx_word' id='word_1_327' title='bbox 1365 2647 1398 2672; x_wconf 81' lang='lat'><strong>45</strong></span> 
     </span>
    </p>
   </div>
   <div class='ocr_carea' id='block_1_12' title="bbox 1436 483 2350 2823">
    <p class='ocr_par' dir='ltr' id='par_1_20' title="bbox 1444 483 2140 611">
     <span class='ocr_line' id='line_1_60' title="bbox 1485 483 2140 523; baseline 0.003 -11"><span class='ocrx_word' id='word_1_328' title='bbox 1485 483 1560 513; x_wconf 87' lang='lat' dir='ltr'><strong>Item</strong></span> <span class='ocrx_word' id='word_1_329' title='bbox 1594 483 1710 523; x_wconf 86' lang='lat' dir='ltr'><strong>incepit</strong></span> <span class='ocrx_word' id='word_1_330' title='bbox 1747 484 1890 514; x_wconf 88' lang='lat' dir='ltr'><strong>dominus</strong></span> <span class='ocrx_word' id='word_1_331' title='bbox 1925 484 2072 515; x_wconf 87' lang='lat' dir='ltr'><strong>Nicolaus</strong></span> <span class='ocrx_word' id='word_1_332' title='bbox 2102 485 2140 514; x_wconf 89' lang='lat' dir='ltr'><strong>de</strong></span> 
     </span>
     <span class='ocr_line' id='line_1_61' title="bbox 1444 531 2140 572; baseline 0.004 -11"><span class='ocrx_word' id='word_1_333' title='bbox 1444 531 1561 568; x_wconf 90' lang='lat' dir='ltr'><strong>Prutia,</strong></span> <span class='ocrx_word' id='word_1_334' title='bbox 1579 531 1666 572; x_wconf 85' lang='lat' dir='ltr'><strong>cujus</strong></span> <span class='ocrx_word' id='word_1_335' title='bbox 1680 533 1775 563; x_wconf 87' lang='lat' dir='ltr'><strong>bursa</strong></span> <span class='ocrx_word' id='word_1_336' title='bbox 1786 534 1806 563; x_wconf 94' lang='lat'>8</span> <span class='ocrx_word' id='word_1_337' title='bbox 1816 533 1889 570; x_wconf 83' lang='lat' dir='ltr'><strong>sol.‚</strong></span> <span class='ocrx_word' id='word_1_338' title='bbox 1902 534 2006 564; x_wconf 87' lang='lat' dir='ltr'><strong>franco</strong></span> <span class='ocrx_word' id='word_1_339' title='bbox 2019 533 2140 564; x_wconf 79' lang='lat' dir='ltr'><strong>valente</strong></span> 
     </span>
     <span class='ocr_line' id='line_1_62' title="bbox 1444 581 1552 611; baseline 0.009 -1"><span class='ocrx_word' id='word_1_340' title='bbox 1444 581 1482 611; x_wconf 91' lang='lat'><strong>18</strong></span> <span class='ocrx_word' id='word_1_341' title='bbox 1495 581 1552 611; x_wconf 87' lang='lat' dir='ltr'><strong>sol.</strong></span> 
     </span>
    </p>

    <p class='ocr_par' dir='ltr' id='par_1_21' title="bbox 1443 630 2139 720">
     <span class='ocr_line' id='line_1_63' title="bbox 1484 630 2139 670; baseline 0.002 -10"><span class='ocrx_word' id='word_1_342' title='bbox 1484 630 1560 660; x_wconf 91' lang='lat' dir='ltr'><strong>Item</strong></span> <span class='ocrx_word' id='word_1_343' title='bbox 1593 631 1709 670; x_wconf 88' lang='lat' dir='ltr'><strong>incepit</strong></span> <span class='ocrx_word' id='word_1_344' title='bbox 1736 631 1880 661; x_wconf 87' lang='lat' dir='ltr'><strong>dominus</strong></span> <span class='ocrx_word' id='word_1_345' title='bbox 1906 630 2072 662; x_wconf 77' lang='lat' dir='ltr'><strong>Marcelius</strong></span> <span class='ocrx_word' id='word_1_346' title='bbox 2101 632 2139 661; x_wconf 89' lang='lat' dir='ltr'><strong>de</strong></span> 
     </span>
     <span class='ocr_line' id='line_1_64' title="bbox 1443 678 1896 720; baseline 0.004 -12"><span class='ocrx_word' id='word_1_347' title='bbox 1443 679 1574 719; x_wconf 88' lang='lat' dir='ltr'><strong>lnghen,</strong></span> <span class='ocrx_word' id='word_1_348' title='bbox 1591 678 1678 720; x_wconf 87' lang='lat' dir='ltr'><strong>cujus</strong></span> <span class='ocrx_word' id='word_1_349' title='bbox 1695 681 1790 710; x_wconf 87' lang='lat' dir='ltr'><strong>bursa</strong></span> <span class='ocrx_word' id='word_1_350' title='bbox 1803 680 1822 710; x_wconf 93' lang='lat'>8</span> <span class='ocrx_word' id='word_1_351' title='bbox 1837 680 1896 710; x_wconf 92' lang='lat' dir='ltr'><strong>sol.</strong></span> 
     </span>
    </p>

    <p class='ocr_par' dir='ltr' id='par_1_22' title="bbox 1443 728 2350 867">
     <span class='ocr_line' id='line_1_65' title="bbox 1483 728 2347 772; baseline 0.002 -14"><span class='ocrx_word' id='word_1_352' title='bbox 1483 728 1559 758; x_wconf 84' lang='lat' dir='ltr'><strong>Item</strong></span> <span class='ocrx_word' id='word_1_353' title='bbox 1576 728 1692 769; x_wconf 88' lang='lat' dir='ltr'><strong>incepit</strong></span> <span class='ocrx_word' id='word_1_354' title='bbox 1708 730 1850 760; x_wconf 90' lang='lat' dir='ltr'><strong>dominus</strong></span> <span class='ocrx_word' id='word_1_355' title='bbox 1871 729 2084 760; x_wconf 76' lang='lat' dir='ltr'><strong>Theodericus</strong></span> <span class='ocrx_word' id='word_1_356' title='bbox 2101 730 2139 759; x_wconf 90' lang='lat' dir='ltr'><strong>de</strong></span> <span class='ocrx_word' id='word_1_357' title='bbox 2181 729 2246 760; x_wconf 88' lang='lat' dir='ltr'><strong>Sub</strong></span> <span class='ocrx_word' id='word_1_358' title='bbox 2267 741 2347 772; x_wconf 77' lang='lat' dir='ltr'><strong>mag.</strong></span> 
     </span>
     <span class='ocr_line' id='line_1_66' title="bbox 1443 776 2350 817; baseline 0.003 -11"><span class='ocrx_word' id='word_1_359' title='bbox 1443 777 1503 817; x_wconf 85' lang='lat' dir='ltr'><strong>oy,</strong></span> <span class='ocrx_word' id='word_1_360' title='bbox 1523 776 1609 817; x_wconf 84' lang='lat' dir='ltr'><strong>cujus</strong></span> <span class='ocrx_word' id='word_1_361' title='bbox 1626 779 1721 808; x_wconf 84' lang='lat' dir='ltr'><strong>bursa</strong></span> <span class='ocrx_word' id='word_1_362' title='bbox 1734 779 1754 808; x_wconf 90' lang='lat'>8</span> <span class='ocrx_word' id='word_1_363' title='bbox 1768 778 1826 808; x_wconf 88' lang='lat' dir='ltr'><strong>sol.</strong></span> <span class='ocrx_word' id='word_1_364' title='bbox 2178 779 2350 810; x_wconf 83' lang='lat' dir='ltr'><strong>Wilhelmo</strong></span> 
     </span>
     <span class='ocr_line' id='line_1_67' title="bbox 1483 826 2318 867; baseline 0.004 -11"><span class='ocrx_word' id='word_1_365' title='bbox 1483 826 1559 856; x_wconf 90' lang='lat' dir='ltr'><strong>Item</strong></span> <span class='ocrx_word' id='word_1_366' title='bbox 1573 827 1690 867; x_wconf 83' lang='lat' dir='ltr'><strong>incepit</strong></span> <span class='ocrx_word' id='word_1_367' title='bbox 1703 827 1847 857; x_wconf 90' lang='lat' dir='ltr'><strong>dominus</strong></span> <span class='ocrx_word' id='word_1_368' title='bbox 1864 827 2082 858; x_wconf 87' lang='lat' dir='ltr'><strong>Willehelmus</strong></span> <span class='ocrx_word' id='word_1_369' title='bbox 2100 828 2138 857; x_wconf 88' lang='lat' dir='ltr'><strong>de</strong></span> <span class='ocrx_word' id='word_1_370' title='bbox 2206 828 2318 865; x_wconf 87' lang='lat' dir='ltr'><strong>Buser,</strong></span> 
     </span>
    </p>

    <p class='ocr_par' dir='ltr' id='par_1_23' title="bbox 1441 874 2313 916">
     <span class='ocr_line' id='line_1_68' title="bbox 1441 874 2313 916; baseline 0.003 -12"><span class='ocrx_word' id='word_1_371' title='bbox 1441 875 1525 911; x_wconf 91' lang='lat' dir='ltr'><strong>Wic,</strong></span> <span class='ocrx_word' id='word_1_372' title='bbox 1541 874 1627 916; x_wconf 87' lang='lat' dir='ltr'><strong>cujus</strong></span> <span class='ocrx_word' id='word_1_373' title='bbox 1646 877 1741 906; x_wconf 78' lang='lat' dir='ltr'><strong>bursa</strong></span> <span class='ocrx_word' id='word_1_374' title='bbox 1754 877 1773 906; x_wconf 91' lang='lat'>8</span> <span class='ocrx_word' id='word_1_375' title='bbox 1789 876 1847 906; x_wconf 90' lang='lat' dir='ltr'><strong>sol.</strong></span> <span class='ocrx_word' id='word_1_376' title='bbox 2209 877 2247 908; x_wconf 89' lang='lat'><strong>27</strong></span> <span class='ocrx_word' id='word_1_377' title='bbox 2263 878 2313 907; x_wconf 82' lang='lat' dir='ltr'><strong>die</strong></span> 
     </span>
    </p>

    <p class='ocr_par' dir='ltr' id='par_1_24' title="bbox 1440 925 2345 1110">
     <span class='ocr_line' id='line_1_69' title="bbox 1481 925 2345 966; baseline 0.005 -13"><span class='ocrx_word' id='word_1_378' title='bbox 1481 926 1557 954; x_wconf 93' lang='lat' dir='ltr'><strong>Item</strong></span> <span class='ocrx_word' id='word_1_379' title='bbox 1576 925 1692 964; x_wconf 90' lang='lat' dir='ltr'><strong>incepit</strong></span> <span class='ocrx_word' id='word_1_380' title='bbox 1712 925 1855 955; x_wconf 88' lang='lat' dir='ltr'><strong>dominus</strong></span> <span class='ocrx_word' id='word_1_381' title='bbox 1874 925 2031 956; x_wconf 85' lang='lat' dir='ltr'><strong>Johannes</strong></span> <span class='ocrx_word' id='word_1_382' title='bbox 2052 925 2138 955; x_wconf 88' lang='lat' dir='ltr'><strong>Holt-</strong></span> <span class='ocrx_word' id='word_1_383' title='bbox 2189 926 2345 966; x_wconf 86' lang='lat' dir='ltr'><strong>Septemb.</strong></span> 
     </span>
     <span class='ocr_line' id='line_1_70' title="bbox 1441 972 2139 1014; baseline 0.003 -12"><span class='ocrx_word' id='word_1_384' title='bbox 1441 983 1522 1008; x_wconf 89' lang='lat' dir='ltr'><strong>man,</strong></span> <span class='ocrx_word' id='word_1_385' title='bbox 1546 972 1633 1013; x_wconf 88' lang='lat' dir='ltr'><strong>cujus</strong></span> <span class='ocrx_word' id='word_1_386' title='bbox 1655 974 1750 1003; x_wconf 89' lang='lat' dir='ltr'><strong>bursa</strong></span> <span class='ocrx_word' id='word_1_387' title='bbox 1771 974 1791 1004; x_wconf 93' lang='lat'>8</span> <span class='ocrx_word' id='word_1_388' title='bbox 1811 973 1884 1010; x_wconf 87' lang='lat' dir='ltr'><strong>sol.‚</strong></span> <span class='ocrx_word' id='word_1_389' title='bbox 1906 981 1936 1004; x_wconf 91' lang='lat' dir='ltr'><strong>et</strong></span> <span class='ocrx_word' id='word_1_390' title='bbox 1953 974 2139 1014; x_wconf 86' lang='lat' dir='ltr'><strong>supplicavit</strong></span> 
     </span>
     <span class='ocr_line' id='line_1_71' title="bbox 1440 1022 2135 1063; baseline 0.003 -12"><span class='ocrx_word' id='word_1_391' title='bbox 1440 1022 1557 1052; x_wconf 87' lang='lat' dir='ltr'><strong>nationi</strong></span> <span class='ocrx_word' id='word_1_392' title='bbox 1568 1023 1651 1061; x_wconf 88' lang='lat' dir='ltr'><strong>quod</strong></span> <span class='ocrx_word' id='word_1_393' title='bbox 1660 1029 1784 1062; x_wconf 87' lang='lat' dir='ltr'><strong>caperet</strong></span> <span class='ocrx_word' id='word_1_394' title='bbox 1795 1023 1928 1063; x_wconf 82' lang='lat' dir='ltr'><strong>pignora</strong></span> <span class='ocrx_word' id='word_1_395' title='bbox 1939 1024 1978 1053; x_wconf 90' lang='lat' dir='ltr'><strong>ad</strong></span> <span class='ocrx_word' id='word_1_396' title='bbox 1987 1033 2135 1059; x_wconf 86' lang='lat' dir='ltr'><strong>mensem,</strong></span> 
     </span>
     <span class='ocr_line' id='line_1_72' title="bbox 1441 1071 2118 1110; baseline 0.001 -10"><span class='ocrx_word' id='word_1_397' title='bbox 1441 1072 1525 1110; x_wconf 89' lang='lat' dir='ltr'><strong>quod</strong></span> <span class='ocrx_word' id='word_1_398' title='bbox 1540 1081 1722 1100; x_wconf 89' lang='lat' dir='ltr'><strong>concessum</strong></span> <span class='ocrx_word' id='word_1_399' title='bbox 1736 1071 1802 1101; x_wconf 87' lang='lat' dir='ltr'><strong>fuit.</strong></span> <span class='ocrx_word' id='word_1_400' title='bbox 2116 1106 2118 1108; x_wconf 36' lang='grc'>,</span> 
     </span>
    </p>

    <p class='ocr_par' dir='ltr' id='par_1_25' title="bbox 1440 1120 2137 1209">
     <span class='ocr_line' id='line_1_73' title="bbox 1481 1120 2137 1161; baseline 0.003 -12"><span class='ocrx_word' id='word_1_401' title='bbox 1481 1120 1556 1150; x_wconf 90' lang='lat' dir='ltr'><strong>Item</strong></span> <span class='ocrx_word' id='word_1_402' title='bbox 1595 1121 1711 1160; x_wconf 90' lang='lat' dir='ltr'><strong>incepit</strong></span> <span class='ocrx_word' id='word_1_403' title='bbox 1752 1121 1895 1150; x_wconf 89' lang='lat' dir='ltr'><strong>dominus</strong></span> <span class='ocrx_word' id='word_1_404' title='bbox 1942 1120 2058 1161; x_wconf 89' lang='lat' dir='ltr'><strong>Symon</strong></span> <span class='ocrx_word' id='word_1_405' title='bbox 2099 1123 2137 1151; x_wconf 91' lang='lat' dir='ltr'><strong>de</strong></span> 
     </span>
     <span class='ocr_line' id='line_1_74' title="bbox 1440 1169 1928 1209; baseline 0.002 -11"><span class='ocrx_word' id='word_1_406' title='bbox 1440 1169 1612 1205; x_wconf 87' lang='lat' dir='ltr'><strong>Beverwic,</strong></span> <span class='ocrx_word' id='word_1_407' title='bbox 1630 1169 1716 1209; x_wconf 90' lang='lat' dir='ltr'><strong>cujus</strong></span> <span class='ocrx_word' id='word_1_408' title='bbox 1729 1170 1824 1199; x_wconf 90' lang='lat' dir='ltr'><strong>bursa</strong></span> <span class='ocrx_word' id='word_1_409' title='bbox 1838 1170 1858 1199; x_wconf 86' lang='lat'>8</span> <span class='ocrx_word' id='word_1_410' title='bbox 1870 1169 1928 1199; x_wconf 94' lang='lat' dir='ltr'><strong>sol.</strong></span> 
     </span>
    </p>

    <p class='ocr_par' dir='ltr' id='par_1_26' title="bbox 1439 1218 2347 1355">
     <span class='ocr_line' id='line_1_75' title="bbox 1481 1218 2346 1257; baseline 0.003 -10"><span class='ocrx_word' id='word_1_411' title='bbox 1481 1218 1555 1247; x_wconf 93' lang='lat' dir='ltr'><strong>Item</strong></span> <span class='ocrx_word' id='word_1_412' title='bbox 1584 1219 1700 1257; x_wconf 90' lang='lat' dir='ltr'><strong>incepit</strong></span> <span class='ocrx_word' id='word_1_413' title='bbox 1727 1219 1871 1248; x_wconf 88' lang='lat' dir='ltr'><strong>domiuus</strong></span> <span class='ocrx_word' id='word_1_414' title='bbox 1896 1218 2053 1249; x_wconf 84' lang='lat' dir='ltr'><strong>Johannes</strong></span> <span class='ocrx_word' id='word_1_415' title='bbox 2084 1220 2122 1249; x_wconf 91' lang='lat' dir='ltr'><strong>de</strong></span> <span class='ocrx_word' id='word_1_416' title='bbox 2148 1219 2258 1249; x_wconf 87' lang='lat' dir='ltr'><strong>Sueeia</strong></span> <span class='ocrx_word' id='word_1_417' title='bbox 2287 1221 2346 1251; x_wconf 87' lang='lat' dir='ltr'><strong>sub</strong></span> 
     </span>
     <span class='ocr_line' id='line_1_76' title="bbox 1439 1267 2347 1308; baseline 0.003 -12"><span class='ocrx_word' id='word_1_418' title='bbox 1439 1267 1588 1307; x_wconf 88' lang='lat' dir='ltr'><strong>magistro</strong></span> <span class='ocrx_word' id='word_1_419' title='bbox 1604 1267 1798 1296; x_wconf 90' lang='lat' dir='ltr'><strong>Theodorico</strong></span> <span class='ocrx_word' id='word_1_420' title='bbox 1815 1268 1854 1297; x_wconf 87' lang='lat' dir='ltr'><strong>de</strong></span> <span class='ocrx_word' id='word_1_421' title='bbox 1872 1267 1974 1303; x_wconf 78' lang='lat' dir='ltr'><strong>Unnu,</strong></span> <span class='ocrx_word' id='word_1_422' title='bbox 1991 1267 2078 1308; x_wconf 88' lang='lat' dir='ltr'><strong>cujus</strong></span> <span class='ocrx_word' id='word_1_423' title='bbox 2096 1269 2194 1298; x_wconf 82' lang='lat' dir='ltr'><strong>bursa</strong></span> <span class='ocrx_word' id='word_1_424' title='bbox 2207 1269 2226 1298; x_wconf 88' lang='grc'><strong>6</strong></span> <span class='ocrx_word' id='word_1_425' title='bbox 2240 1268 2298 1299; x_wconf 86' lang='lat' dir='ltr'><strong>sol.</strong></span> <span class='ocrx_word' id='word_1_426' title='bbox 2315 1275 2347 1299; x_wconf 80' lang='lat' dir='ltr'><strong>et</strong></span> 
     </span>
     <span class='ocr_line' id='line_1_77' title="bbox 1439 1316 1903 1355; baseline 0.002 -10"><span class='ocrx_word' id='word_1_427' title='bbox 1439 1316 1458 1344; x_wconf 88' lang='grc'>4</span> <span class='ocrx_word' id='word_1_428' title='bbox 1473 1317 1558 1352; x_wconf 89' lang='lat' dir='ltr'><strong>den.‚</strong></span> <span class='ocrx_word' id='word_1_429' title='bbox 1575 1317 1614 1345; x_wconf 88' lang='lat'><strong>28</strong></span> <span class='ocrx_word' id='word_1_430' title='bbox 1630 1316 1679 1346; x_wconf 89' lang='lat' dir='ltr'><strong>die</strong></span> <span class='ocrx_word' id='word_1_431' title='bbox 1699 1316 1903 1355; x_wconf 89' lang='lat' dir='ltr'><strong>Septembris.</strong></span> 
     </span>
    </p>

    <p class='ocr_par' dir='ltr' id='par_1_27' title="bbox 1440 1365 2347 1492">
     <span class='ocr_line' id='line_1_78' title="bbox 1480 1365 2347 1405; baseline 0.002 -11"><span class='ocrx_word' id='word_1_432' title='bbox 1480 1365 1556 1394; x_wconf 91' lang='lat' dir='ltr'><strong>Item</strong></span> <span class='ocrx_word' id='word_1_433' title='bbox 1577 1365 1693 1404; x_wconf 87' lang='lat' dir='ltr'><strong>incepit</strong></span> <span class='ocrx_word' id='word_1_434' title='bbox 1714 1365 1857 1395; x_wconf 87' lang='lat' dir='ltr'><strong>dominus</strong></span> <span class='ocrx_word' id='word_1_435' title='bbox 1877 1365 2034 1395; x_wconf 86' lang='lat' dir='ltr'><strong>Johannes</strong></span> <span class='ocrx_word' id='word_1_436' title='bbox 2054 1365 2157 1405; x_wconf 86' lang='lat' dir='ltr'><strong>Scalpi</strong></span> <span class='ocrx_word' id='word_1_437' title='bbox 2181 1367 2219 1396; x_wconf 87' lang='lat' dir='ltr'><strong>de</strong></span> <span class='ocrx_word' id='word_1_438' title='bbox 2238 1366 2347 1397; x_wconf 81' lang='lat' dir='ltr'><strong>Scocia</strong></span> 
     </span>
     <span class='ocr_line' id='line_1_79' title="bbox 1440 1413 2347 1455; baseline 0.002 -12"><span class='ocrx_word' id='word_1_439' title='bbox 1440 1415 1497 1443; x_wconf 90' lang='lat' dir='ltr'><strong>sub</strong></span> <span class='ocrx_word' id='word_1_440' title='bbox 1522 1414 1670 1454; x_wconf 83' lang='lat' dir='ltr'><strong>magistro</strong></span> <span class='ocrx_word' id='word_1_441' title='bbox 1695 1414 1872 1450; x_wconf 90' lang='lat' dir='ltr'><strong>Malcolino,</strong></span> <span class='ocrx_word' id='word_1_442' title='bbox 1897 1413 1983 1454; x_wconf 86' lang='lat' dir='ltr'><strong>cujus</strong></span> <span class='ocrx_word' id='word_1_443' title='bbox 2001 1415 2095 1444; x_wconf 84' lang='lat' dir='ltr'><strong>bursa</strong></span> <span class='ocrx_word' id='word_1_444' title='bbox 2116 1415 2135 1444; x_wconf 85' lang='lat'><strong>6</strong></span> <span class='ocrx_word' id='word_1_445' title='bbox 2153 1415 2224 1451; x_wconf 90' lang='lat' dir='ltr'><strong>sol.‚</strong></span> <span class='ocrx_word' id='word_1_446' title='bbox 2247 1415 2347 1455; x_wconf 78' lang='lat' dir='ltr'><strong>prima</strong></span> 
     </span>
     <span class='ocr_line' id='line_1_80' title="bbox 1440 1463 1663 1492; baseline 0 0"><span class='ocrx_word' id='word_1_447' title='bbox 1440 1463 1489 1492; x_wconf 92' lang='lat' dir='ltr'><strong>die</strong></span> <span class='ocrx_word' id='word_1_448' title='bbox 1506 1463 1663 1492; x_wconf 89' lang='lat' dir='ltr'><strong>Octobris.</strong></span> 
     </span>
    </p>

    <p class='ocr_par' dir='ltr' id='par_1_28' title="bbox 1439 1511 2347 1639">
     <span class='ocr_line' id='line_1_81' title="bbox 1480 1511 2347 1552; baseline 0.003 -12"><span class='ocrx_word' id='word_1_449' title='bbox 1480 1512 1555 1541; x_wconf 91' lang='lat' dir='ltr'><strong>Item</strong></span> <span class='ocrx_word' id='word_1_450' title='bbox 1586 1512 1624 1541; x_wconf 87' lang='grc'><strong>28</strong></span> <span class='ocrx_word' id='word_1_451' title='bbox 1654 1512 1703 1541; x_wconf 88' lang='lat' dir='ltr'><strong>die</strong></span> <span class='ocrx_word' id='word_1_452' title='bbox 1734 1512 1850 1541; x_wconf 89' lang='lat' dir='ltr'><strong>mensis</strong></span> <span class='ocrx_word' id='word_1_453' title='bbox 1883 1511 2075 1552; x_wconf 90' lang='lat' dir='ltr'><strong>Septembris</strong></span> <span class='ocrx_word' id='word_1_454' title='bbox 2111 1513 2264 1542; x_wconf 85' lang='lat' dir='ltr'><strong>celebrata</strong></span> <span class='ocrx_word' id='word_1_455' title='bbox 2289 1514 2347 1544; x_wconf 84' lang='lat' dir='ltr'><strong>fuit</strong></span> 
     </span>
     <span class='ocr_line' id='line_1_82' title="bbox 1439 1560 2347 1602; baseline 0.002 -12"><span class='ocrx_word' id='word_1_456' title='bbox 1439 1561 1534 1590; x_wconf 89' lang='lat' dir='ltr'><strong>missa</strong></span> <span class='ocrx_word' id='word_1_457' title='bbox 1566 1560 1785 1591; x_wconf 85' lang='lat' dir='ltr'><strong>Universitatis</strong></span> <span class='ocrx_word' id='word_1_458' title='bbox 1817 1562 1899 1601; x_wconf 90' lang='lat' dir='ltr'><strong>apud</strong></span> <span class='ocrx_word' id='word_1_459' title='bbox 1932 1561 2148 1591; x_wconf 86' lang='lat' dir='ltr'><strong>Predicatores</strong></span> <span class='ocrx_word' id='word_1_460' title='bbox 2181 1572 2240 1601; x_wconf 90' lang='lat' dir='ltr'><strong>pro</strong></span> <span class='ocrx_word' id='word_1_461' title='bbox 2266 1572 2347 1602; x_wconf 70' lang='lat' dir='ltr'><strong>papa</strong></span> 
     </span>
     <span class='ocr_line' id='line_1_83' title="bbox 1439 1610 1594 1639; baseline 0 0"><span class='ocrx_word' id='word_1_462' title='bbox 1439 1610 1594 1639; x_wconf 85' lang='lat' dir='ltr'><strong>defuncto.</strong></span> 
     </span>
    </p>

    <p class='ocr_par' dir='ltr' id='par_1_29' title="bbox 1438 1659 2346 1884">
     <span class='ocr_line' id='line_1_84' title="bbox 1479 1659 2346 1700; baseline 0.001 -12"><span class='ocrx_word' id='word_1_463' title='bbox 1479 1659 1555 1688; x_wconf 91' lang='lat' dir='ltr'><strong>Item</strong></span> <span class='ocrx_word' id='word_1_464' title='bbox 1579 1660 1617 1688; x_wconf 91' lang='lat'><strong>28</strong></span> <span class='ocrx_word' id='word_1_465' title='bbox 1634 1659 1684 1688; x_wconf 89' lang='lat' dir='ltr'><strong>die</strong></span> <span class='ocrx_word' id='word_1_466' title='bbox 1702 1659 1818 1688; x_wconf 88' lang='lat' dir='ltr'><strong>mensis</strong></span> <span class='ocrx_word' id='word_1_467' title='bbox 1837 1665 1871 1688; x_wconf 94' lang='lat' dir='ltr'><strong>ut</strong></span> <span class='ocrx_word' id='word_1_468' title='bbox 1890 1669 1985 1699; x_wconf 91' lang='lat' dir='ltr'><strong>supra</strong></span> <span class='ocrx_word' id='word_1_469' title='bbox 2003 1660 2080 1688; x_wconf 90' lang='lat' dir='ltr'><strong>facta</strong></span> <span class='ocrx_word' id='word_1_470' title='bbox 2104 1659 2346 1700; x_wconf 83' lang='lat' dir='ltr'><strong>congregatione</strong></span> 
     </span>
     <span class='ocr_line' id='line_1_85' title="bbox 1438 1707 2345 1749; baseline 0.001 -12"><span class='ocrx_word' id='word_1_471' title='bbox 1438 1708 1576 1747; x_wconf 86' lang='lat' dir='ltr'><strong>generali</strong></span> <span class='ocrx_word' id='word_1_472' title='bbox 1598 1709 1680 1747; x_wconf 94' lang='lat' dir='ltr'><strong>apud</strong></span> <span class='ocrx_word' id='word_1_473' title='bbox 1704 1708 1933 1743; x_wconf 77' lang='lat' dir='ltr'><strong>predicatores,</strong></span> <span class='ocrx_word' id='word_1_474' title='bbox 1958 1707 2159 1738; x_wconf 89' lang='lat' dir='ltr'><strong>deliberatum</strong></span> <span class='ocrx_word' id='word_1_475' title='bbox 2181 1708 2237 1738; x_wconf 86' lang='lat' dir='ltr'><strong>fuit</strong></span> <span class='ocrx_word' id='word_1_476' title='bbox 2261 1709 2345 1749; x_wconf 89' lang='lat' dir='ltr'><strong>quod</strong></span> 
     </span>
     <span class='ocr_line' id='line_1_86' title="bbox 1438 1756 2345 1798; baseline 0.002 -12"><span class='ocrx_word' id='word_1_477' title='bbox 1438 1757 1657 1786; x_wconf 90' lang='lat' dir='ltr'><strong>inrotulatores</strong></span> <span class='ocrx_word' id='word_1_478' title='bbox 1663 1756 1815 1796; x_wconf 87' lang='lat' dir='ltr'><strong>jurarent,</strong></span> <span class='ocrx_word' id='word_1_479' title='bbox 1831 1758 1914 1796; x_wconf 91' lang='lat' dir='ltr'><strong>quod</strong></span> <span class='ocrx_word' id='word_1_480' title='bbox 1927 1767 1990 1786; x_wconf 91' lang='lat' dir='ltr'><strong>non</strong></span> <span class='ocrx_word' id='word_1_481' title='bbox 2005 1757 2209 1786; x_wconf 83' lang='lat' dir='ltr'><strong>inrotularent</strong></span> <span class='ocrx_word' id='word_1_482' title='bbox 2223 1757 2345 1798; x_wconf 87' lang='lat' dir='ltr'><strong>aliquos</strong></span> 
     </span>
     <span class='ocr_line' id='line_1_87' title="bbox 1438 1805 2344 1846; baseline 0.002 -11"><span class='ocrx_word' id='word_1_483' title='bbox 1438 1806 1594 1841; x_wconf 86' lang='lat' dir='ltr'><strong>absentes,</strong></span> <span class='ocrx_word' id='word_1_484' title='bbox 1611 1807 1666 1835; x_wconf 90' lang='lat' dir='ltr'><strong>sed</strong></span> <span class='ocrx_word' id='word_1_485' title='bbox 1681 1805 1780 1835; x_wconf 91' lang='lat' dir='ltr'><strong>solum</strong></span> <span class='ocrx_word' id='word_1_486' title='bbox 1792 1812 1956 1846; x_wconf 86' lang='lat' dir='ltr'><strong>presentes</strong></span> <span class='ocrx_word' id='word_1_487' title='bbox 1967 1812 1997 1835; x_wconf 90' lang='lat' dir='ltr'><strong>et</strong></span> <span class='ocrx_word' id='word_1_488' title='bbox 2009 1806 2061 1846; x_wconf 91' lang='lat' dir='ltr'><strong>qui</strong></span> <span class='ocrx_word' id='word_1_489' title='bbox 2076 1813 2239 1845; x_wconf 89' lang='lat' dir='ltr'><strong>presentes</strong></span> <span class='ocrx_word' id='word_1_490' title='bbox 2253 1816 2344 1846; x_wconf 86' lang='lat' dir='ltr'><strong>repu—</strong></span> 
     </span>
     <span class='ocr_line' id='line_1_88' title="bbox 1438 1860 1586 1884; baseline 0 0"><span class='ocrx_word' id='word_1_491' title='bbox 1438 1860 1586 1884; x_wconf 88' lang='lat' dir='ltr'><strong>tarentur.</strong></span> 
     </span>
    </p>

    <p class='ocr_par' dir='ltr' id='par_1_30' title="bbox 1438 1903 2346 2139">
     <span class='ocr_line' id='line_1_89' title="bbox 1479 1903 2346 1944; baseline 0.001 -11"><span class='ocrx_word' id='word_1_492' title='bbox 1479 1904 1554 1933; x_wconf 88' lang='lat' dir='ltr'><strong>Item</strong></span> <span class='ocrx_word' id='word_1_493' title='bbox 1568 1904 1672 1933; x_wconf 88' lang='lat' dir='ltr'><strong>eadem</strong></span> <span class='ocrx_word' id='word_1_494' title='bbox 1685 1903 1761 1933; x_wconf 89' lang='lat' dir='ltr'><strong>hora</strong></span> <span class='ocrx_word' id='word_1_495' title='bbox 1771 1910 1801 1933; x_wconf 92' lang='lat' dir='ltr'><strong>et</strong></span> <span class='ocrx_word' id='word_1_496' title='bbox 1811 1904 1918 1933; x_wconf 90' lang='lat' dir='ltr'><strong>eodem</strong></span> <span class='ocrx_word' id='word_1_497' title='bbox 1933 1904 2001 1933; x_wconf 92' lang='lat' dir='ltr'><strong>loco</strong></span> <span class='ocrx_word' id='word_1_498' title='bbox 2017 1904 2183 1944; x_wconf 90' lang='lat' dir='ltr'><strong>appellavit</strong></span> <span class='ocrx_word' id='word_1_499' title='bbox 2197 1905 2346 1944; x_wconf 80' lang='lat' dir='ltr'><strong>magister</strong></span> 
     </span>
     <span class='ocr_line' id='line_1_90' title="bbox 1439 1951 2345 1992; baseline 0.002 -10"><span class='ocrx_word' id='word_1_500' title='bbox 1439 1953 1609 1991; x_wconf 89' lang='lat' dir='ltr'><strong>[Odardus]</strong></span> <span class='ocrx_word' id='word_1_501' title='bbox 1628 1953 1731 1992; x_wconf 90' lang='lat' dir='ltr'><strong>Bileyt</strong></span> <span class='ocrx_word' id='word_1_502' title='bbox 1741 1951 1753 1971; x_wconf 88' lang='lat'>³</span> <span class='ocrx_word' id='word_1_503' title='bbox 1770 1963 1836 1982; x_wconf 91' lang='lat' dir='ltr'><strong>cum</strong></span> <span class='ocrx_word' id='word_1_504' title='bbox 1852 1953 2073 1982; x_wconf 88' lang='lat' dir='ltr'><strong>adherentibus</strong></span> <span class='ocrx_word' id='word_1_505' title='bbox 2089 1959 2162 1982; x_wconf 86' lang='lat' dir='ltr'><strong>tunc</strong></span> <span class='ocrx_word' id='word_1_506' title='bbox 2173 1963 2190 1982; x_wconf 91' lang='lat' dir='ltr'><strong>a</strong></span> <span class='ocrx_word' id='word_1_507' title='bbox 2202 1953 2345 1984; x_wconf 80' lang='lat' dir='ltr'><strong>facultate</strong></span> 
     </span>
     <span class='ocr_line' id='line_1_91' title="bbox 1438 2001 2346 2042; baseline 0.002 -12"><span class='ocrx_word' id='word_1_508' title='bbox 1438 2002 1548 2031; x_wconf 89' lang='lat' dir='ltr'><strong>artium</strong></span> <span class='ocrx_word' id='word_1_509' title='bbox 1575 2003 1612 2031; x_wconf 94' lang='lat' dir='ltr'><strong>ad</strong></span> <span class='ocrx_word' id='word_1_510' title='bbox 1634 2001 1892 2038; x_wconf 89' lang='lat' dir='ltr'><strong>Universitatem;</strong></span> <span class='ocrx_word' id='word_1_511' title='bbox 1915 2001 2001 2041; x_wconf 82' lang='lat' dir='ltr'><strong>cujus</strong></span> <span class='ocrx_word' id='word_1_512' title='bbox 2021 2002 2186 2041; x_wconf 88' lang='lat' dir='ltr'><strong>appellatio</strong></span> <span class='ocrx_word' id='word_1_513' title='bbox 2204 2008 2346 2042; x_wconf 76' lang='lat' dir='ltr'><strong>reputata</strong></span> 
     </span>
     <span class='ocr_line' id='line_1_92' title="bbox 1439 2050 2343 2090; baseline 0.001 -10"><span class='ocrx_word' id='word_1_514' title='bbox 1439 2051 1494 2080; x_wconf 87' lang='lat' dir='ltr'><strong>fuit</strong></span> <span class='ocrx_word' id='word_1_515' title='bbox 1519 2050 1596 2080; x_wconf 89' lang='lat' dir='ltr'><strong>mala</strong></span> <span class='ocrx_word' id='word_1_516' title='bbox 1615 2057 1645 2080; x_wconf 88' lang='lat' dir='ltr'><strong>et</strong></span> <span class='ocrx_word' id='word_1_517' title='bbox 1665 2051 1753 2080; x_wconf 88' lang='lat' dir='ltr'><strong>irrita</strong></span> <span class='ocrx_word' id='word_1_518' title='bbox 1772 2061 1827 2090; x_wconf 89' lang='lat' dir='ltr'><strong>per</strong></span> <span class='ocrx_word' id='word_1_519' title='bbox 1846 2057 1954 2086; x_wconf 87' lang='lat' dir='ltr'><strong>totum,</strong></span> <span class='ocrx_word' id='word_1_520' title='bbox 1978 2051 2065 2080; x_wconf 89' lang='lat' dir='ltr'><strong>sicud</strong></span> <span class='ocrx_word' id='word_1_521' title='bbox 2086 2050 2213 2080; x_wconf 85' lang='lat' dir='ltr'><strong>facultas</strong></span> <span class='ocrx_word' id='word_1_522' title='bbox 2232 2051 2343 2081; x_wconf 88' lang='lat' dir='ltr'><strong>artium</strong></span> 
     </span>
     <span class='ocr_line' id='line_1_93' title="bbox 1439 2099 2086 2139; baseline -0.002 -10"><span class='ocrx_word' id='word_1_523' title='bbox 1439 2100 1526 2139; x_wconf 88' lang='lat' dir='ltr'><strong>prius</strong></span> <span class='ocrx_word' id='word_1_524' title='bbox 1539 2100 1577 2129; x_wconf 93' lang='lat' dir='ltr'><strong>de</strong></span> <span class='ocrx_word' id='word_1_525' title='bbox 1590 2101 1695 2129; x_wconf 92' lang='lat' dir='ltr'><strong>eadem</strong></span> <span class='ocrx_word' id='word_1_526' title='bbox 1711 2099 1915 2139; x_wconf 83' lang='lat' dir='ltr'><strong>appellatione</strong></span> <span class='ocrx_word' id='word_1_527' title='bbox 1925 2099 2086 2139; x_wconf 88' lang='lat' dir='ltr'><strong>judicavit.</strong></span> 
     </span>
    </p>

    <p class='ocr_par' dir='ltr' id='par_1_31' title="bbox 1437 2147 2345 2520">
     <span class='ocr_line' id='line_1_94' title="bbox 1479 2147 2345 2188; baseline 0 -11"><span class='ocrx_word' id='word_1_528' title='bbox 1479 2149 1554 2178; x_wconf 91' lang='lat' dir='ltr'><strong>Item</strong></span> <span class='ocrx_word' id='word_1_529' title='bbox 1575 2159 1654 2178; x_wconf 87' lang='lat' dir='ltr'><strong>anno</strong></span> <span class='ocrx_word' id='word_1_530' title='bbox 1674 2155 1708 2178; x_wconf 89' lang='lat' dir='ltr'><strong>ut</strong></span> <span class='ocrx_word' id='word_1_531' title='bbox 1724 2158 1830 2188; x_wconf 88' lang='lat' dir='ltr'><strong>supra,</strong></span> <span class='ocrx_word' id='word_1_532' title='bbox 1849 2148 1955 2178; x_wconf 89' lang='lat' dir='ltr'><strong>ultima</strong></span> <span class='ocrx_word' id='word_1_533' title='bbox 1974 2148 2023 2177; x_wconf 90' lang='lat' dir='ltr'><strong>die</strong></span> <span class='ocrx_word' id='word_1_534' title='bbox 2040 2147 2242 2188; x_wconf 87' lang='lat' dir='ltr'><strong>Septembris,</strong></span> <span class='ocrx_word' id='word_1_535' title='bbox 2265 2149 2345 2178; x_wconf 84' lang='lat' dir='ltr'><strong>facta</strong></span> 
     </span>
     <span class='ocr_line' id='line_1_95' title="bbox 1438 2197 2342 2237; baseline 0 -11"><span class='ocrx_word' id='word_1_536' title='bbox 1438 2198 1678 2237; x_wconf 86' lang='lat' dir='ltr'><strong>congregatione</strong></span> <span class='ocrx_word' id='word_1_537' title='bbox 1704 2197 1838 2226; x_wconf 89' lang='lat' dir='ltr'><strong>nationis</strong></span> <span class='ocrx_word' id='word_1_538' title='bbox 1869 2198 1950 2236; x_wconf 91' lang='lat' dir='ltr'><strong>apud</strong></span> <span class='ocrx_word' id='word_1_539' title='bbox 1981 2197 2125 2226; x_wconf 90' lang='lat' dir='ltr'><strong>Sanctum</strong></span> <span class='ocrx_word' id='word_1_540' title='bbox 2157 2197 2342 2227; x_wconf 86' lang='lat' dir='ltr'><strong>Materinum</strong></span> 
     </span>
     <span class='ocr_line' id='line_1_96' title="bbox 1438 2246 2344 2286; baseline 0 -11"><span class='ocrx_word' id='word_1_541' title='bbox 1438 2247 1476 2275; x_wconf 82' lang='lat' dir='ltr'><strong>ad</strong></span> <span class='ocrx_word' id='word_1_542' title='bbox 1499 2247 1702 2276; x_wconf 90' lang='lat' dir='ltr'><strong>ordinandum</strong></span> <span class='ocrx_word' id='word_1_543' title='bbox 1725 2247 1762 2275; x_wconf 91' lang='lat' dir='ltr'><strong>de</strong></span> <span class='ocrx_word' id='word_1_544' title='bbox 1781 2246 1911 2285; x_wconf 90' lang='lat' dir='ltr'><strong>pecunia</strong></span> <span class='ocrx_word' id='word_1_545' title='bbox 1927 2256 1985 2286; x_wconf 94' lang='lat' dir='ltr'><strong>pro</strong></span> <span class='ocrx_word' id='word_1_546' title='bbox 2006 2246 2153 2286; x_wconf 85' lang='lat' dir='ltr'><strong>magistro</strong></span> <span class='ocrx_word' id='word_1_547' title='bbox 2173 2246 2344 2276; x_wconf 89' lang='lat' dir='ltr'><strong>Wilhelmo</strong></span> 
     </span>
     <span class='ocr_line' id='line_1_97' title="bbox 1439 2294 2343 2330; baseline 0 -6"><span class='ocrx_word' id='word_1_548' title='bbox 1439 2295 1540 2324; x_wconf 89' lang='lat' dir='ltr'><strong>Buser</strong></span> <span class='ocrx_word' id='word_1_549' title='bbox 1565 2295 1677 2325; x_wconf 89' lang='lat' dir='ltr'><strong>nuncio</strong></span> <span class='ocrx_word' id='word_1_550' title='bbox 1706 2296 1744 2324; x_wconf 90' lang='lat' dir='ltr'><strong>ad</strong></span> <span class='ocrx_word' id='word_1_551' title='bbox 1769 2295 1883 2324; x_wconf 91' lang='lat' dir='ltr'><strong>curiam</strong></span> <span class='ocrx_word' id='word_1_552' title='bbox 1906 2305 1973 2324; x_wconf 87' lang='lat' dir='ltr'><strong>cum</strong></span> <span class='ocrx_word' id='word_1_553' title='bbox 1994 2294 2108 2330; x_wconf 92' lang='lat' dir='ltr'><strong>rotulo,</strong></span> <span class='ocrx_word' id='word_1_554' title='bbox 2132 2295 2343 2325; x_wconf 80' lang='lat' dir='ltr'><strong>ordinavimus</strong></span> 
     </span>
     <span class='ocr_line' id='line_1_98' title="bbox 1438 2344 2343 2383; baseline 0 -10"><span class='ocrx_word' id='word_1_555' title='bbox 1438 2345 1536 2374; x_wconf 89' lang='lat' dir='ltr'><strong>eidem</strong></span> <span class='ocrx_word' id='word_1_556' title='bbox 1566 2344 1761 2373; x_wconf 85' lang='lat' dir='ltr'><strong>concorditer</strong></span> <span class='ocrx_word' id='word_1_557' title='bbox 1791 2345 1848 2373; x_wconf 88' lang='lat'><strong>100</strong></span> <span class='ocrx_word' id='word_1_558' title='bbox 1883 2345 2018 2379; x_wconf 89' lang='lat' dir='ltr'><strong>francos,</strong></span> <span class='ocrx_word' id='word_1_559' title='bbox 2051 2349 2081 2373; x_wconf 92' lang='lat' dir='ltr'><strong>et</strong></span> <span class='ocrx_word' id='word_1_560' title='bbox 2116 2353 2172 2383; x_wconf 89' lang='lat' dir='ltr'><strong>pro</strong></span> <span class='ocrx_word' id='word_1_561' title='bbox 2203 2344 2343 2383; x_wconf 84' lang='lat' dir='ltr'><strong>presenti</strong></span> 
     </span>
     <span class='ocr_line' id='line_1_99' title="bbox 1437 2393 2344 2433; baseline -0.001 -11"><span class='ocrx_word' id='word_1_562' title='bbox 1437 2394 1564 2422; x_wconf 88' lang='lat' dir='ltr'><strong>deberet</strong></span> <span class='ocrx_word' id='word_1_563' title='bbox 1579 2403 1688 2433; x_wconf 86' lang='lat' dir='ltr'><strong>capere</strong></span> <span class='ocrx_word' id='word_1_564' title='bbox 1707 2393 1790 2432; x_wconf 88' lang='lat' dir='ltr'><strong>quod</strong></span> <span class='ocrx_word' id='word_1_565' title='bbox 1805 2393 1842 2422; x_wconf 91' lang='lat' dir='ltr'><strong>ab</strong></span> <span class='ocrx_word' id='word_1_566' title='bbox 1857 2393 2031 2422; x_wconf 83' lang='lat' dir='ltr'><strong>inrotulatis</strong></span> <span class='ocrx_word' id='word_1_567' title='bbox 2047 2398 2220 2432; x_wconf 88' lang='lat' dir='ltr'><strong>caperetur,</strong></span> <span class='ocrx_word' id='word_1_568' title='bbox 2240 2398 2270 2422; x_wconf 91' lang='lat' dir='ltr'><strong>et</strong></span> <span class='ocrx_word' id='word_1_569' title='bbox 2283 2402 2344 2432; x_wconf 88' lang='lat' dir='ltr'><strong>pro</strong></span> 
     </span>
     <span class='ocr_line' id='line_1_100' title="bbox 1437 2441 2342 2481; baseline -0.001 -10"><span class='ocrx_word' id='word_1_570' title='bbox 1437 2442 1562 2471; x_wconf 92' lang='lat' dir='ltr'><strong>residuo</strong></span> <span class='ocrx_word' id='word_1_571' title='bbox 1587 2443 1714 2471; x_wconf 88' lang='lat' dir='ltr'><strong>deberet</strong></span> <span class='ocrx_word' id='word_1_572' title='bbox 1734 2452 1843 2481; x_wconf 90' lang='lat' dir='ltr'><strong>capere</strong></span> <span class='ocrx_word' id='word_1_573' title='bbox 1865 2441 1983 2471; x_wconf 88' lang='lat' dir='ltr'><strong>litteras</strong></span> <span class='ocrx_word' id='word_1_574' title='bbox 2006 2441 2140 2470; x_wconf 89' lang='lat' dir='ltr'><strong>nationis</strong></span> <span class='ocrx_word' id='word_1_575' title='bbox 2162 2442 2200 2470; x_wconf 92' lang='lat' dir='ltr'><strong>ad</strong></span> <span class='ocrx_word' id='word_1_576' title='bbox 2218 2441 2342 2471; x_wconf 81' lang='lat' dir='ltr'><strong>satisfa-</strong></span> 
     </span>
     <span class='ocr_line' id='line_1_101' title="bbox 1437 2491 1705 2520; baseline 0.004 -1"><span class='ocrx_word' id='word_1_577' title='bbox 1437 2491 1578 2520; x_wconf 90' lang='lat' dir='ltr'><strong>ciendum</strong></span> <span class='ocrx_word' id='word_1_578' title='bbox 1596 2491 1705 2520; x_wconf 90' lang='lat' dir='ltr'><strong>eidem.</strong></span> 
     </span>
    </p>

    <p class='ocr_par' dir='ltr' id='par_1_32' title="bbox 1436 2538 2342 2715">
     <span class='ocr_line' id='line_1_102' title="bbox 1477 2538 2342 2579; baseline 0 -11"><span class='ocrx_word' id='word_1_579' title='bbox 1477 2540 1551 2569; x_wconf 91' lang='lat' dir='ltr'><strong>Item</strong></span> <span class='ocrx_word' id='word_1_580' title='bbox 1580 2550 1659 2569; x_wconf 88' lang='lat' dir='ltr'><strong>anno</strong></span> <span class='ocrx_word' id='word_1_581' title='bbox 1687 2546 1717 2568; x_wconf 87' lang='lat' dir='ltr'><strong>et</strong></span> <span class='ocrx_word' id='word_1_582' title='bbox 1738 2540 1787 2568; x_wconf 92' lang='lat' dir='ltr'><strong>die</strong></span> <span class='ocrx_word' id='word_1_583' title='bbox 1812 2545 1845 2569; x_wconf 90' lang='lat' dir='ltr'><strong>ut</strong></span> <span class='ocrx_word' id='word_1_584' title='bbox 1874 2549 1967 2578; x_wconf 88' lang='lat' dir='ltr'><strong>supra</strong></span> <span class='ocrx_word' id='word_1_585' title='bbox 1997 2539 2074 2568; x_wconf 80' lang='lat' dir='ltr'><strong>facta</strong></span> <span class='ocrx_word' id='word_1_586' title='bbox 2100 2538 2342 2579; x_wconf 83' lang='lat' dir='ltr'><strong>congregatione</strong></span> 
     </span>
     <span class='ocr_line' id='line_1_103' title="bbox 1437 2588 2342 2628; baseline -0.001 -10"><span class='ocrx_word' id='word_1_587' title='bbox 1437 2589 1598 2624; x_wconf 85' lang='lat' dir='ltr'><strong>facultatis,</strong></span> <span class='ocrx_word' id='word_1_588' title='bbox 1627 2598 1684 2628; x_wconf 92' lang='lat' dir='ltr'><strong>pro</strong></span> <span class='ocrx_word' id='word_1_589' title='bbox 1708 2589 1823 2618; x_wconf 88' lang='lat' dir='ltr'><strong>Jacobo</strong></span> <span class='ocrx_word' id='word_1_590' title='bbox 1852 2588 1973 2618; x_wconf 91' lang='lat' dir='ltr'><strong>bedello</strong></span> <span class='ocrx_word' id='word_1_591' title='bbox 1998 2588 2132 2617; x_wconf 88' lang='lat' dir='ltr'><strong>ordinati</strong></span> <span class='ocrx_word' id='word_1_592' title='bbox 2159 2589 2282 2617; x_wconf 87' lang='lat' dir='ltr'><strong>fuerunt</strong></span> <span class='ocrx_word' id='word_1_593' title='bbox 2303 2588 2342 2617; x_wconf 90' lang='lat'><strong>50</strong></span> 
     </span>
     <span class='ocr_line' id='line_1_104' title="bbox 1436 2637 2342 2677; baseline -0.001 -11"><span class='ocrx_word' id='word_1_594' title='bbox 1436 2638 1531 2666; x_wconf 83' lang='lat' dir='ltr'><strong>franci</strong></span> <span class='ocrx_word' id='word_1_595' title='bbox 1554 2648 1611 2677; x_wconf 90' lang='lat' dir='ltr'><strong>pro</strong></span> <span class='ocrx_word' id='word_1_596' title='bbox 1634 2638 1735 2667; x_wconf 89' lang='lat' dir='ltr'><strong>eundo</strong></span> <span class='ocrx_word' id='word_1_597' title='bbox 1755 2638 1792 2666; x_wconf 94' lang='lat' dir='ltr'><strong>ad</strong></span> <span class='ocrx_word' id='word_1_598' title='bbox 1814 2637 1940 2673; x_wconf 87' lang='lat' dir='ltr'><strong>curiam,</strong></span> <span class='ocrx_word' id='word_1_599' title='bbox 1962 2637 2014 2676; x_wconf 92' lang='lat' dir='ltr'><strong>qui</strong></span> <span class='ocrx_word' id='word_1_600' title='bbox 2034 2637 2133 2666; x_wconf 90' lang='lat' dir='ltr'><strong>eidem</strong></span> <span class='ocrx_word' id='word_1_601' title='bbox 2155 2637 2342 2666; x_wconf 89' lang='lat' dir='ltr'><strong>deberentur</strong></span> 
     </span>
     <span class='ocr_line' id='line_1_105' title="bbox 1436 2686 1853 2715; baseline 0 0"><span class='ocrx_word' id='word_1_602' title='bbox 1436 2686 1515 2715; x_wconf 86' lang='lat' dir='ltr'><strong>solvi</strong></span> <span class='ocrx_word' id='word_1_603' title='bbox 1529 2687 1566 2715; x_wconf 95' lang='lat' dir='ltr'><strong>de</strong></span> <span class='ocrx_word' id='word_1_604' title='bbox 1583 2687 1676 2715; x_wconf 89' lang='lat' dir='ltr'><strong>bursa</strong></span> <span class='ocrx_word' id='word_1_605' title='bbox 1689 2686 1853 2715; x_wconf 88' lang='lat' dir='ltr'><strong>communi.</strong></span> 
     </span>
    </p>

    <p class='ocr_par' dir='ltr' id='par_1_33' title="bbox 1437 2733 2342 2823">
     <span class='ocr_line' id='line_1_106' title="bbox 1477 2733 2341 2774; baseline -0.002 -10"><span class='ocrx_word' id='word_1_606' title='bbox 1477 2735 1516 2764; x_wconf 89' lang='lat' dir='ltr'><strong>Et</strong></span> <span class='ocrx_word' id='word_1_607' title='bbox 1538 2736 1642 2764; x_wconf 86' lang='lat' dir='ltr'><strong>eadem</strong></span> <span class='ocrx_word' id='word_1_608' title='bbox 1665 2735 1905 2774; x_wconf 84' lang='lat' dir='ltr'><strong>congregatione</strong></span> <span class='ocrx_word' id='word_1_609' title='bbox 1929 2734 2182 2774; x_wconf 88' lang='lat' dir='ltr'><strong>supplicaverunt</strong></span> <span class='ocrx_word' id='word_1_610' title='bbox 2201 2733 2341 2773; x_wconf 83' lang='lat' dir='ltr'><strong>magistri</strong></span> 
     </span>
     <span class='ocr_line' id='line_1_107' title="bbox 1437 2782 2342 2823; baseline -0.001 -11"><span class='ocrx_word' id='word_1_611' title='bbox 1437 2783 1593 2812; x_wconf 85' lang='lat' dir='ltr'><strong>Gallicane</strong></span> <span class='ocrx_word' id='word_1_612' title='bbox 1612 2784 1745 2812; x_wconf 89' lang='lat' dir='ltr'><strong>nationis</strong></span> <span class='ocrx_word' id='word_1_613' title='bbox 1762 2793 1820 2823; x_wconf 93' lang='lat' dir='ltr'><strong>pro</strong></span> <span class='ocrx_word' id='word_1_614' title='bbox 1837 2783 1991 2823; x_wconf 87' lang='lat' dir='ltr'><strong>aliquibus</strong></span> <span class='ocrx_word' id='word_1_615' title='bbox 2009 2783 2183 2813; x_wconf 85' lang='lat' dir='ltr'><strong>volentibus</strong></span> <span class='ocrx_word' id='word_1_616' title='bbox 2203 2782 2342 2822; x_wconf 88' lang='lat' dir='ltr'><strong>incipere</strong></span> 
     </span>
    </p>
   </div>
   <div class='ocr_carea' id='block_1_13' title="bbox 1466 2898 1756 2923">
    <p class='ocr_par' dir='ltr' id='par_1_34' title="bbox 1466 2898 1756 2923">
     <span class='ocr_line' id='line_1_108' title="bbox 1466 2898 1756 2923; baseline 0.003 -1"><span class='ocrx_word' id='word_1_617' title='bbox 1466 2900 1490 2923; x_wconf 81' lang='lat'><strong>3.</strong></span> <span class='ocrx_word' id='word_1_618' title='bbox 1524 2901 1583 2922; x_wconf 78' lang='lat' dir='ltr'><strong>Nat.</strong></span> <span class='ocrx_word' id='word_1_619' title='bbox 1596 2900 1632 2922; x_wconf 89' lang='lat' dir='ltr'><strong>Ga</strong></span> <span class='ocrx_word' id='word_1_620' title='bbox 1637 2898 1756 2923; x_wconf 62' lang='lat' dir='ltr'><strong>Hit-anae.</strong></span> 
     </span>
    </p>
   </div>
   <div class='ocr_carea' id='block_1_14' title="bbox 2234 0 2632 712">
    <p class='ocr_par' dir='ltr' id='par_1_35' title="bbox 2234 0 2632 712">
     <span class='ocr_line' id='line_1_109' title="bbox 2234 0 2632 712; baseline 0 2752"><span class='ocrx_word' id='word_1_621' title='bbox 2234 0 2632 712; x_wconf 95' lang='lat' dir='ltr'><strong> </strong></span> 
     </span>
    </p>
   </div>
  </div>
 </body>
</html>
