2632 3464
274 425 327 452 145

274 502 383 532 festum
403 502 548 531 Omnium
574 500 790 536 Sanctorum⁴,
816 497 893 530 facta
921 501 1044 530 fuerunt
1064 510 1099 530 ea
1121 510 1180 540 que

273 557 431 581 secuntur.

313 599 418 630 Primo
433 600 568 630 omnium
583 600 640 629 fuit
653 606 720 629 orta
737 599 827 639 briga
842 599 923 628 inter
939 597 1180 629 Universitatem

272 659 310 679 ex
334 659 394 678 una
415 655 515 688 parte,
536 655 567 678 et
590 648 756 678 canonicos
777 648 890 678 Nostre
912 648 1044 677 Domine
1062 658 1099 677 ex
1122 647 1181 677 alia

270 705 359 739 parte
378 698 411 727 in
433 698 636 738 processione
651 698 690 727 ad
710 697 860 727 funeralia
872 697 957 737 regis
969 695 993 732 ²,
1011 696 1130 726 scilicet
1141 697 1179 726 de

272 747 433 787 prioritate
447 746 668 777 Universitatis
682 753 713 776 et
729 746 868 786 capituli.

311 796 386 826 Item
401 796 433 826 in
456 796 586 836 quadam
605 795 744 836 generali
765 795 1012 835 congregacione
1033 795 1089 824 fuit
1103 805 1179 824 con-

271 845 407 875 corditer
435 855 492 885 per
516 845 688 874 facultatem
725 844 929 874 deliberatum
953 844 992 874 de
1029 843 1178 874 missione

270 893 384 924 rotuli·
397 894 435 924 ad
446 893 560 927 curiam
574 893 741 923 Romanam
752 899 882 933 propter
888 892 1057 932 jocundum
1066 893 1178 922 adven—

269 950 332 974 tum
350 943 422 972 novi
437 943 522 983 regis
541 942 670 972 Francie
680 941 703 971 ⁴.

309 992 384 1022 ltem
404 991 599 1022 Universitas
617 998 787 1031 conquesta
803 991 859 1021 suit
879 990 1004 1021 domino
1024 991 1104 1031 regi,
1124 991 1177 1021 ubi

268 1051 326 1081 ego
345 1032 477 1081 presens
499 1040 554 1076 fui,
579 1041 616 1069 de
639 1039 804 1080 injectione
825 1040 961 1070 violenta
982 1050 1124 1070 manuum
1145 1040 1176 1069 in

266 1096 417 1120 rectorem
431 1089 652 1119 Universitatis
669 1095 700 1119 et
716 1095 948 1129 procuratorem
965 1087 1114 1128 ejusdem.

307 1138 383 1169 Item
401 1139 484 1178 quod
503 1148 559 1168 rex
573 1139 731 1178 deputavit
752 1138 796 1168 111
812 1147 965 1178 personas
981 1138 1020 1167 ad
1040 1147 1177 1178 cognos-

266 1188 396 1218 cendum
413 1188 452 1217 de
471 1197 564 1217 causa
585 1188 667 1217 inter
686 1188 852 1217 canonicos
872 1193 902 1216 et
921 1186 1174 1222 Universitatem,

266 1237 386 1267 scilicet
426 1237 567 1266 abbatem
613 1237 718 1266 Sancti
765 1236 910 1276 Dyonisii
926 1235 951 1272 ⁸,
993 1236 1174 1276 magistrum

265 1286 446 1316 Michaelem
488 1292 518 1316 et
564 1285 776 1325 Stephanum⁶
821 1285 1002 1315 canonicum
1044 1285 1174 1314 ecclesie

265 1335 379 1365 Nostre
393 1335 536 1365 Domine.

306 1383 381 1413 ltem
408 1389 480 1414 sunt
513 1383 582 1413 facti
610 1383 751 1423 magistri
780 1383 831 1412 isti
861 1383 914 1422 qui
943 1388 1089 1412 secuntur
1115 1383 1174 1412 sub

264 1433 413 1473 magistro
427 1432 567 1462 Johanne
583 1433 621 1462 de
638 1432 760 1462 Vesalia
774 1444 780 1461 :

305 1481 411 1511 Primo
425 1481 625 1517 Wilhelmus‚
641 1481 728 1521 cujus
744 1482 838 1511 bursa
853 1482 871 1510 5
890 1480 995 1510 solidi.

304 1530 379 1560 ltem
395 1530 550 1560 Henricus
563 1531 601 1560 de
617 1530 728 1566 Hallis,
745 1529 832 1570 cujus
850 1531 945 1560 bursa
957 1530 1063 1559 nichil.

304 1579 379 1610 ltem
394 1579 618 1614 Theodericus,
638 1578 725 1619 cujus
738 1580 834 1608 bursa
847 1579 954 1608 nichil.

303 1628 378 1658 Item
389 1628 581 1664 Gerardus⁷‚
596 1627 684 1667 cujus
699 1629 795 1657 bursa
809 1629 828 1658 6
847 1627 952 1658 solidi.

671 1721 768 1751 1350

301 1791 545 1834 [Procuratio
576 1793 748 1833 magistri
775 1792 946 1822 Heinrici
970 1794 1012 1822 de
1042 1792 1124 1832 Os.]

300 1873 392 1903 Anno
416 1872 541 1903 Domini
568 1873 613 1902 Μο
636 1872 731 1903 CCC⁰
749 1872 819 1908 Lm,
843 1873 893 1902 die
914 1872 1007 1902 lune⁸
1028 1873 1171 1913 proximo

263 1928 335 1962 post
347 1922 457 1952 festum
470 1922 551 1951 beati
567 1922 693 1952 Martini
709 1922 849 1961 episcopi
861 1928 1028 1952 convocata
1042 1922 1171 1952 nacione

263 1971 436 2012 Anglicana
446 1972 484 2001 ad
494 1971 670 2012 eligendum
678 1977 912 2011 procuratorem
922 1971 1004 2000 dicte
1018 1971 1170 2006 nacionis,

261 2020 378 2050 electus
396 2020 452 2050 fuit
469 2021 500 2049 in
521 2026 752 2060 procuratorem
771 2020 919 2060 magister
944 2020 1111 2049 Heinricus
1133 2020 1171 2049 de

261 2069 307 2100 Os
324 2069 521 2099 concorditer
531 2069 678 2109 nulloque
690 2069 812 2109 penitus
827 2068 1023 2104 reclamante,
1041 2069 1072 2098 in
1084 2068 1171 2108 cujus

261 2118 484 2158 procuracioue
501 2124 567 2148 acta
583 2124 656 2148 sunt
670 2118 728 2147 bec
739 2128 799 2158 que
817 2124 997 2158 sequentur.

301 2168 407 2198 Primo
429 2168 573 2198 dominus
592 2167 767 2207 Ingimarus
789 2168 826 2197 de
849 2167 959 2197 Zuecia
978 2167 1095 2207 incepit
1113 2168 1171 2197 sub

261 2217 410 2257 magistro
421 2216 562 2247 Johanne
577 2217 615 2246 de
630 2216 781 2252 Wesalia,
800 2215 887 2256 cujus
900 2217 996 2246 bursa
1009 2215 1050 2246 Vl
1065 2216 1168 2246 solidi.

267 2266 269 2268 ’
302 2266 377 2296 ltem
392 2265 572 2296 licenciams
593 2266 650 2295 suit
671 2265 814 2295 dominus
832 2265 989 2295 Johannes
1010 2266 1048 2295 de
1066 2265 1171 2295 Minda

261 2315 320 2345 sub
334 2315 482 2356 magistro
501 2315 649 2345 Heinrico
665 2316 704 2345 de
722 2315 840 2350 Minda,
859 2321 890 2345 et
905 2315 1012 2345 eodem
1031 2315 1082 2344 die
1099 2315 1169 2354 ipso

260 2363 422 2394 licenciato
444 2364 561 2404 incepit
583 2363 742 2404 predictus
764 2364 908 2394 dominus
931 2363 1089 2394 lohannes
1112 2365 1170 2394 sub

259 2414 380 2454 prefato
395 2413 545 2454 magistro
558 2412 717 2448 Heinrico,
736 2412 824 2453 cujus
839 2413 933 2443 bursa
948 2413 1056 2442 nichil.

301 2462 375 2492 ltem
392 2462 469 2492 facta
481 2462 724 2503 congregatione
739 2461 878 2502 generali
891 2462 972 2502 apud
988 2462 1170 2492 Predicato-

261 2521 311 2541 res
326 2511 532 2551 omnibusque
548 2510 707 2551 magistris
725 2518 785 2541 tam
803 2511 984 2551 regentibus
1002 2521 1093 2551 quam
1106 2521 1168 2540 non

260 2560 440 2600 regentibus
453 2561 642 2595 convocatis,
659 2570 780 2590 necnon
792 2559 966 2590 scolaribus
976 2560 1167 2590 diversarum

261 2608 433 2639 facultatum
452 2615 511 2639 tam
531 2609 650 2650 magnis
670 2619 760 2649 quam
782 2609 886 2648 parvis
904 2609 1017 2638 ibidem
1033 2618 1169 2649 congre-

290 2710 314 2734 1.
345 2712 411 2735 Ante
421 2711 433 2735 1
447 2710 564 2735 Nooemb.

289 2746 312 2770 ².
343 2745 460 2779 Philippi
472 2747 505 2771 Vl
515 2746 583 2780 regie
595 2747 760 2771 Francorum.

289 2784 312 2808 3.
345 2785 396 2808 111⁶
406 2784 504 2808 rotulus
517 2792 566 2809 noa
579 2786 616 2808 ut
626 2787 798 2809 eomer-vatus.

289 2819 314 2843 4.
346 2819 476 2844 Joh-nni·
487 2819 519 2844 n.

291 2856 316 2878 ὅ.
348 2854 494 2887 Aegydium
509 2855 620 2888 Rigaud.

290 2890 313 2930 q.
346 2890 499 2931 Eicbaelem
511 2890 544 2915 de
557 2890 678 2920 Brachia,
696 2893 721 2914 ot
737 2890 910 2923 Stephanum,
933 2890 980 2922 qui
1003 2893 1095 2923 pecten
1115 2890 1168 2923 suit

259 2927 664 2993 σμῗοοςκὶςενᾶιοῧιιιοοᾶασίι.
677 2963 734 2985 lam
747 2961 772 2985 in
786 2962 839 2993 fine
845 2961 1043 2995 procuratoriae
1053 2969 1166 2994 praece-

339 3006 453 3027 Aueun'n·
463 3006 587 3027 camut-rii
599 3006 685 3028 [lumn-
694 3007 762 3027 Pan'n.
772 3016 800 3024 -
816 3006 826 3027 Ι

776 425 890 452 LIBER
915 424 1228 452 PROCURATORUM
1252 424 1432 452 NATIONIS
1454 425 1699 452 ANGLICANAE

1215 948 1250 974 10

1214 1193 1247 1219 15

1210 1437 1244 1463 20

1209 1681 1243 1707 25

1209 1926 1243 1952 30

1208 2172 1242 2198 35

1207 2417 1241 2444 40

2148 427 2199 453 146

1288 501 1380 541 gatis,
1408 501 1486 530 sacta
1513 501 1569 531 suit
1595 502 1761 531 concordia
1785 502 1866 531 inter
1899 502 2138 533 Universitatem
2170 510 2201 533 et

1290 550 1456 579 canonicos
1470 550 1677 586 parisienses,
1694 551 1834 590 ipsisque
1847 552 2005 581 canonicis
2019 552 2051 581 in
2065 553 2199 592 capitulo

1290 599 1415 628 fratrum
1439 599 1673 629 predicatorum
1693 610 1795 629 coram
1823 599 2032 630 Universitate
2055 608 2199 640 presente

1290 648 1553 687 comparentibus,
1568 659 1689 678 necnon
1705 649 1819 678 ibidem
1837 659 1932 688 super
1950 649 2012 679 illis
2030 651 2068 679 de
2086 651 2199 690 quibus

1289 697 1409 726 fuerant
1428 698 1564 727 accusati
1582 698 1643 727 fide
1664 698 1793 737 prestita
1814 708 1848 727 ac
1866 699 1957 728 tactis
1982 699 2071 738 quasi
2093 709 2200 728 sacro-

1289 746 1405 775 sanctis
1430 747 1636 786 [evangeliis],
1660 756 1694 776 se
1710 747 1835 786 penitus
1854 748 2043 777 excusabant
2058 749 2199 778 canonici

1288 795 1399 833 prefati
1409 794 1432 824 ⁹.

1329 844 1475 874 Preterea
1498 845 1574 874 facta
1596 845 1844 885 congregacione
1866 845 2006 875 nacionis
2026 845 2199 886 Anglicane

1288 893 1474 932 supplicavit
1491 893 1640 933 magister
1654 893 1811 923 Johannes
1828 894 1866 923 de
1881 894 2033 930 Wezalia,
2052 906 2110 935 pro
2126 902 2198 926 tunc

1286 941 1418 971 nuncius
1432 943 1470 971 ad
1487 942 1603 972 curiam
1617 943 1797 978 Romanam,
1814 943 1953 982 predicte
1973 944 2112 974 nacionis
2131 945 2198 974 sin-

1286 991 1369 1030 gulis
1392 991 1592 1031 presentibus
1619 992 1789 1031 magistris,
1818 998 1985 1032 quatenus,
2008 1003 2076 1023 cum
2100 1004 2198 1033 pauca

1285 1046 1391 1069 essent
1403 1040 1567 1080 supposita
1581 1040 1612 1070 in
1628 1041 1709 1070 dicta
1724 1040 1853 1070 nacione
1869 1042 2025 1081 presentia
2038 1052 2095 1081 pro
2111 1049 2195 1079 tunc,

1286 1088 1347 1118 sibi
1369 1089 1480 1118 solutis
1501 1089 1660 1119 solvendis
1681 1099 1867 1130 semperque
1886 1100 1981 1130 super
1997 1090 2058 1131 (sic)
2073 1092 2196 1121 nacioni

1287 1138 1537 1168 incumbentibus
1554 1139 1714 1168 defalcatis
1734 1139 1935 1174 desalcandis,
1953 1140 2059 1169 fraude
2077 1147 2107 1170 et
2124 1141 2196 1170 dolo

1285 1187 1408 1226 penitus
1425 1187 1571 1223 exclusis,
1591 1189 1629 1217 de
1642 1189 1797 1218 communi
1814 1189 1944 1228 pecunia
1961 1189 2042 1219 dicte
2056 1190 2196 1220 nacionis

1285 1235 1413 1275 triginta
1435 1243 1521 1266 scuta
1545 1237 1611 1266 sive
1637 1238 1764 1267 scudata
1786 1238 1817 1267 in
1840 1248 1964 1267 suarum
1989 1249 2195 1278 expensarum

1283 1285 1406 1322 nomine
1438 1286 1577 1315 nacionis
1604 1287 1811 1316 faciendarum
1839 1287 1899 1316 sibi
1933 1287 2193 1327 manciparentur.

1284 1333 1351 1371 Que
1369 1335 1560 1374 supplicacio
1573 1335 1672 1364 eidem
1690 1346 1841 1366 concessa
1859 1337 1914 1366 fuit
1927 1336 2011 1366 nullo
2026 1344 2194 1367 vocetenus

1283 1383 1407 1422 penitus
1419 1384 1615 1413 reclamante.

1322 1432 1468 1462 Preterea
1482 1433 1562 1462 idem
1573 1433 1722 1473 magister
1734 1434 1748 1463 J
1753 1433 1890 1463 ohannes
1906 1435 2083 1464 convocatis
2096 1436 2194 1475 magi-

1281 1481 1356 1510 stris
1379 1482 1418 1510 ad
1439 1481 1584 1511 Sanctum
1610 1482 1766 1512 Julianum
1793 1483 1982 1523 supplicavit
2006 1490 2040 1513 ut
2067 1483 2195 1514 haberet

1281 1530 1533 1560 determinantem
1545 1531 1655 1560 solutis
1674 1531 1846 1567 solvendis,
1864 1533 1902 1562 ad
1915 1532 2006 1561 finem
2022 1539 2054 1562 ut
2072 1533 2193 1562 bedello

1280 1578 1361 1608 ituro
1375 1589 1443 1608 cum
1459 1580 1581 1609 nunciis
1597 1581 1635 1609 de
1650 1581 1778 1620 pecunia
1792 1581 1819 1610 ei
1837 1582 1990 1620 promissa
2001 1583 2192 1612 commodius

1281 1634 1312 1657 et
1322 1629 1432 1658 melius
1444 1629 1588 1658 satisfieri
1599 1629 1715 1659 valeret
1728 1630 1794 1659 sive
1806 1637 1916 1669 posset
1930 1631 2070 1670 predicta
2086 1639 2194 1661 nostra

1282 1678 1371 1707 nacio
1385 1677 1569 1718 Anglicana,
1589 1685 1618 1708 et
1632 1685 1665 1708 ut
1680 1689 1716 1708 eo
1735 1679 1836 1708 minus
1853 1680 2015 1719 pecuniam
2031 1691 2047 1709 a
2063 1680 2192 1710 nacione

1281 1727 1340 1756 sibi
1359 1737 1537 1757 concessam
1554 1727 1699 1767 superius
1713 1735 1854 1767 repetere
1873 1728 2017 1758 celeriter
2031 1735 2194 1769 attempta-

1280 1783 1337 1806 ret.
1362 1777 1429 1814 Que
1450 1776 1642 1816 supplicacio
1656 1777 1755 1806 eidem
1774 1776 1935 1818 J[ohanni]
1955 1788 2105 1808 concessa
2121 1779 2191 1815 fuit,

1283 1826 1368 1856 nullo
1383 1826 1507 1866 penitus
1521 1826 1716 1855 reclamante.

1321 1875 1468 1904 Preterea
1475 1876 1550 1904 sacta
1557 1876 1803 1915 congregacione
1810 1876 1948 1915 generali
1955 1877 2036 1916 apud
2047 1877 2191 1906 Sanctum

1282 1924 1464 1954 Matulinum
1493 1925 1636 1954 dominus
1666 1931 1769 1954 rector
1800 1925 1925 1955 nomine
1953 1926 2189 1962 Merchuardus,

1283 1973 1433 2012 S[e]otus‚
1450 1973 1567 2003 nuntiis
1580 1974 1618 2003 ad
1635 1974 1750 2003 curiam
1767 1974 1936 2004 Romanam
1952 1974 2043 2004 ituris
2061 1976 2192 2014 negocia

1281 2023 1384 2051 omnia
1394 2022 1595 2062 singulasque
1609 2022 1728 2052 litteras
1744 2022 1968 2053 Universitatis
1983 2034 2102 2053 summo
2115 2035 2191 2064 pon-

1282 2071 1355 2101 tifici
1390 2071 1571 2111 dirigendas
1604 2072 1804 2112 presentibus
1843 2073 2002 2113 magistris
2036 2074 2189 2112 porrexit,

1281 2120 1422 2160 ipsisque
1450 2121 1573 2160 singula
1599 2121 1700 2150 facere
1729 2131 1788 2160 quc
1816 2121 1955 2161 oportuit
1987 2122 2052 2151 sive
2084 2123 2192 2153 debuit

1280 2170 1444 2199 commisit.
1463 2169 1497 2199 ln
1513 2181 1573 2209 qua
1595 2170 1843 2210 congregacione
1859 2177 2044 2210 procurator
2066 2172 2191 2211 predic-

1281 2225 1341 2254 tus,
1359 2219 1478 2248 scilicet
1493 2219 1661 2248 Heinricus
1680 2220 1718 2248 de
1734 2220 1791 2255 Os,
1811 2219 1867 2249 toti
1890 2220 2093 2250 Universitati
2114 2232 2190 2250 con-

1279 2274 1408 2308 questus
1422 2268 1478 2298 fuit
1492 2269 1530 2298 de
1545 2279 1606 2298 uno
1619 2268 1776 2309 ssamingo,
1791 2268 1844 2309 qui
1860 2270 2028 2299 vocabatur
2042 2270 2190 2310 magister

1280 2317 1463 2347 Lambertus
1483 2318 1521 2346 de
1542 2317 1714 2353 Hostende‚
1737 2318 1777 2346 ob
1796 2317 1854 2347 hoc
1875 2319 1958 2358 quod
1982 2319 2012 2347 in
2035 2319 2188 2358 supplica-

1281 2366 1369 2395 cione
1394 2375 1449 2396 sua
1476 2365 1509 2395 in
1530 2366 1632 2396 rotulo
1651 2366 1765 2406 posita,
1794 2366 1914 2396 scilicet
1942 2367 2080 2403 Xanctis,
2114 2374 2186 2403 etc.,

1279 2425 1469 2445 concurrens
1488 2415 1555 2451 fuit,
1572 2425 1634 2445 non
1652 2415 1795 2445 obstante
1815 2417 1898 2455 quod
1919 2416 2020 2445 dictus
2039 2417 2188 2456 magister

1279 2463 1462 2494 Lambertus
1477 2464 1581 2494 multis
1592 2464 1785 2504 temporibus
1798 2464 1961 2494 retroactis
1974 2464 2114 2493 Parisius
2125 2475 2187 2494 non

1279 2513 1370 2548 rexit,
1389 2514 1445 2542 sed
1463 2513 1562 2542 solum
1575 2523 1661 2543 suam
1675 2513 1939 2553 supplicacionem
1954 2514 2075 2543 cuidam
2089 2514 2187 2543 amico

1279 2571 1335 2591 suo
1351 2562 1500 2602 magistro
1523 2562 1663 2592 Parisius
1680 2563 1870 2592 transeundo
1891 2563 2037 2591 duntaxat
2055 2562 2186 2598 dimisit,

1278 2610 1331 2650 qui
1355 2617 1456 2641 tamen
1478 2617 1662 2651 procurator
1692 2611 1851 2651 predictus
1876 2612 2014 2651 regendo
2039 2617 2186 2651 actusque

1276 2713 1360 2737 dentis
1373 2712 1466 2746 legitur
1479 2721 1486 2736 :
1499 2713 1528 2737 In
1545 2713 1728 2745 procuratorio
1744 2721 1813 2744 mag.
1834 2712 1932 2736 Alberti
1949 2712 1980 2736 de
1993 2712 2099 2737 Boemia
2118 2714 2187 2738 facta

1276 2751 1337 2772 sunt
1353 2756 1403 2780 que
1422 2751 1546 2772 secuntur
1566 2757 1574 2771 :
1591 2748 1679 2772 Primo
1696 2748 1794 2779 incepit
1806 2748 1875 2771 dom.
1894 2748 2028 2772 Gernrdun
2048 2748 2138 2780 Wylde
2154 2749 2186 2773 de

1275 2783 1436 2808 Buscoducis
1447 2784 1506 2808 sub.
1518 2791 1588 2815 mag.
1599 2783 1718 2807 Jobanne
1731 2784 1763 2807 de
1778 2784 1897 2812 Wesuliu,
1909 2783 1984 2815 cujus
1998 2783 2079 2807 bursa
2091 2784 2123 2807 Vl
2135 2784 2183 2808 sol.

1274 2819 1326 2843 Sed
1335 2819 1421 2843 omnia
1432 2819 1500 2843 lmen
1514 2818 1598 2842 deleta
1613 2821 1681 2847 nunt,
1694 2822 1718 2843 el
1731 2827 1809 2850 cupra
1821 2819 1943 2851 scriptum
1958 2818 2051 2851 legitur
2062 2827 2070 2843 :
2085 2819 2186 2852 incepit

1292 2858 1373 2879 oeten.

1273 2863 1290 2887 p
1305 2892 1328 2914 8.
1364 2890 1392 2913 15
1403 2891 1522 2914 Nooemb.

1304 2926 1329 2950 9.
1362 2927 1436 2949 Anno
1454 2926 1528 2955 1:361«,
1545 2925 1570 2949 ιἰι
1585 2926 1675 2957 sunere
1693 2926 1760 2958 regie
1774 2924 1900 2949 Iohannis
1916 2927 1949 2954 ΙΙ,
1968 2925 2000 2949 de
2012 2925 2101 2950 eadem
2115 2934 2145 2950 re
2158 2926 2186 2950 in

1273 2961 1388 2993 capitulo
1398 2961 1578 2985 canonicorum
1589 2961 1724 2993 agebatur.
1748 2961 1801 2985 rid.
1816 2960 1934 2985 Cburtul.
1944 2961 2023 2989 lll.n·
2036 2961 2105 2986 1293.

2093 3006 2118 3025 ¹⁰
