2632 3464
443 414 525 431 Lxxn·
1284 407 1548 434 INTRODUCTIO

354 490 424 516 1396
493 483 565 517 An.
588 483 682 518 1396
702 483 857 519 Parisiis
872 482 1085 519 secundum
1097 483 1311 520 Concilium
1327 483 1420 527 fuit3
1442 495 1488 519 ex
1508 491 1618 532 parte
1633 484 1800 520 nationis
1821 492 1930 521 erant
1947 485 2376 534 praesentes-Iohannes

444 551 682 588 Mullechner
701 551 750 588 de
773 553 940 595 Austria,
963 552 1157 588 Johannes
1185 552 1233 588 de
1252 552 1511 595 Claromonte,
1530 553 1705 589 Galterus
1725 555 1942 597 Forestarii,
1965 554 2160 590 Johannes
2185 554 2234 591 de
2259 555 2376 592 Edin-

443 621 569 669 burgh
588 622 685 667 (721,
707 629 787 658 not.
811 623 859 668 2),
883 623 908 657 i.
924 635 958 658 e.
979 621 1054 658 duo
1066 622 1268 658 Alemanni
1287 630 1326 658 et
1339 621 1415 658 duo
1433 623 1549 658 Scoti.
1572 623 1617 658 Hi
1635 621 1808 671 deputati
1827 637 1844 658 c<
1862 623 2058 660 habebant
2075 623 2244 660 scribere
2260 637 2376 674 super

444 691 637 740 aliquibus
653 691 982 734 conclusionibus,
1000 693 1065 740 qui
1087 692 1248 740 proponi
1269 691 1463 727 debebant
1480 692 1517 726 in
1533 691 1704 728 Concilio
1713 692 1885 740 generali
1901 706 1935 736 D,
1954 700 1992 728 et
2006 693 2099 728 istas
2109 693 2379 730 conclusiones

351 767 422 793 1398
443 761 708 809 provectiores
723 768 760 797 et
777 761 1048 810 prudentiores
1060 761 1228 796 nationis
1250 761 1441 809 inspicere
1462 760 1658 796 debebant
1675 761 1771 806 (721,
1798 762 1868 808 17).
1884 764 1956 797 An.
1984 762 2077 797 1398
2094 763 2199 798 natio
2217 764 2379 799 Univer—

442 831 548 866 sitati
572 830 854 879 suffragabatur
868 837 1053 879 quantum
1071 829 1118 865 ad
1136 829 1440 866 subtractionem
1454 829 1730 866 beneficiorum
1750 830 1960 867 Benedicto
1980 832 2068 867 XHI
2086 832 2183 877 (758,
2202 832 2267 874 473
2291 832 2377 874 759,

441 900 485 934 41
514 904 638 948 sqq.);
662 899 729 935 sed
752 907 912 948 propter
932 900 1177 948 suppositum
1196 898 1338 935 dubiae
1353 898 1457 942 fidei,
1477 900 1684 935 Henricum
1701 899 1883 935 Poelman
1908 899 1957 936 de
1978 900 2176 943 Arnheim,
2200 901 2266 950 qui
2286 907 2378 937 tunc

441 976 570 1005 rector
584 976 623 1005 et
642 968 778 1004 saltem
795 968 893 1004 clam
909 982 954 1004 ex
965 976 1075 1017 parte
1092 968 1304 1011 Benedicti,
1326 976 1367 1004 ut
1380 968 1472 1004 olim
1489 982 1534 1004 ex
1547 976 1657 1018 parte
1671 969 1881 1005 Clementis
1897 969 1981 1012 fuit,
2000 982 2077 1006 non
2097 983 2239 1019 paucas
2257 983 2379 1019 angu-

440 1039 535 1074 stias
557 1038 776 1087 patiebatur
792 1039 874 1084 (765
892 1041 992 1087 sqq.)
1014 1039 1125 1074 Natio
1142 1037 1280 1074 exinde
1297 1039 1504 1074 Henricum
1520 1040 1717 1075 consortio
1736 1039 1903 1075 nationis
1920 1040 2099 1088 privavit.

492 1112 533 1145 ln
551 1110 666 1145 tertio
688 1110 803 1145 etiam
820 1108 994 1145 Concilio
1014 1109 1219 1144 Parisiensi
1244 1121 1304 1143 an.
1330 1108 1436 1151 1398,
1460 1109 1498 1143 in
1519 1121 1595 1157 quo
1617 1108 1827 1144 Benedicto
1841 1109 1926 1144 Xlll
1946 1108 2166 1144 obedientia
2182 1108 2378 1145 subtracta

440 1187 514 1219 est,
536 1180 641 1214 natio
658 1178 872 1227 Anglicana
888 1186 970 1214 erat
985 1185 1274 1227 repraesentata
1292 1190 1360 1226 per
1381 1190 1497 1213 unum
1515 1179 1686 1219 Scotum,
1710 1177 1904 1214 Galterum
1920 1179 2139 1220 Forestarii,
2158 1185 2379 1227 procurato-

440 1262 535 1289 rem,
557 1256 597 1284 et
614 1261 730 1284 unum
747 1247 1016 1289 Alemannum,
1035 1247 1240 1297 Aegidium
1260 1247 1421 1289 JutfaeS,
1438 1248 1708 1296 receptorem¹.
1727 1248 1800 1283 Vix
1817 1248 1954 1282 mirum
1970 1247 2224 1283 Alemannum
2239 1246 2377 1284 suffra-

437 1319 545 1366 gium
567 1318 742 1353 emisisse
763 1317 811 1353 de
832 1317 1097 1353 subtractione
1116 1316 1405 1358 obedientiae‘2;
1427 1315 1495 1352 sed
1519 1324 1715 1352 momento
1735 1329 1809 1352 non
1832 1323 1950 1358 caret,
1971 1318 2128 1352 Scotum
2150 1317 2265 1352 etiam
2288 1316 2377 1353 huic

439 1387 680 1423 conclusioni
702 1387 950 1423 consensisse
964 1388 987 1422 3.
1011 1388 1045 1422 ls
1062 1386 1311 1422 nihilominus
1327 1393 1462 1435 postea
1484 1398 1505 1421 a
1523 1385 1734 1421 Benedicto
1750 1386 1837 1421 XIIl
1858 1387 2125 1434 episcopatum
2143 1385 2377 1422 Brechinen-

440 1470 522 1492 sem
540 1458 754 1506 acceptavit
774 1457 871 1503 (782,
891 1464 970 1492 not.
989 1456 1012 1491 6
1028 1462 1066 1492 et
1082 1468 1196 1504 supra
1213 1469 1297 1505 cap.
1315 1456 1363 1501 9).
1388 1455 1625 1491 Universitas
1641 1456 1760 1491 Paris.
1777 1454 1983 1504 epistolam
1998 1454 2272 1491 subtractionis
2289 1467 2376 1490 cum

438 1526 619 1562 omnibus
639 1526 790 1575 sigillis,
810 1525 938 1574 sigillo
960 1527 1075 1561 etiam
1097 1526 1263 1561 nationis
1278 1524 1527 1574 Anglicanae,
1545 1524 1729 1574 sigillavit
1743 1525 1842 1571 (779,
1861 1531 1941 1560 not.
1963 1525 2010 1571 2).

489 1597 603 1632 Certe
626 1597 730 1631 natio
753 1595 966 1645 Anglicana
994 1608 1128 1644 parum
1153 1594 1226 1630 sibi
1251 1595 1486 1630 conveniens
1511 1594 1664 1643 agebat.
1694 1593 1838 1630 Eodem
1866 1600 2041 1643 tempore
2068 1600 2282 1642 protestata
2301 1600 2374 1636 est,

439 1665 557 1714 quod,
581 1666 755 1714 quamvis
774 1665 892 1713 major
911 1677 1012 1713 pars,
1034 1663 1273 1713 proindeque
1294 1664 1411 1706 natio,
1436 1664 1486 1700 sit
1506 1663 1554 1699 de
1572 1663 1793 1699 obedientia
1814 1664 1974 1699 Romani
1991 1662 2199 1712 pontificis,
2223 1675 2377 1699 manere

438 1735 533 1771 velit
556 1749 572 1769 «
596 1736 696 1770 sicut
712 1742 800 1770 ante
819 1736 900 1770 sine
921 1734 1235 1769 detes-minatione
1252 1741 1355 1769 certa
1364 1746 1441 1781 pro
1462 1733 1717 1782 aliquaparte
1733 1746 1750 1767 ))
1766 1733 1862 1779 (781,
1891 1732 1949 1774 15,
1971 1732 2039 1778 19).
2065 1731 2141 1767 Sed
2162 1732 2193 1767 si
2213 1732 2264 1767 ita
2289 1731 2373 1773 fuit,

439 1804 634 1853 quomodo
661 1811 750 1839 tunc
781 1804 1034 1840 subtractioni
1060 1801 1304 1839 obedientiae
1337 1801 1547 1839 Benedicto
1574 1814 1774 1838 assensum
1799 1801 1985 1851 praebere
2014 1809 2053 1837 et
2079 1814 2190 1837 suum
2207 1800 2377 1850 sigillum

439 1874 628 1923 epistolae
657 1874 926 1910 Universitatis
955 1872 1174 1922 appendere
1205 1874 1356 1921 potuit?
1381 1873 1523 1909 Verum
1551 1879 1629 1914 est,
1655 1872 1850 1907 nationem
1884 1870 1922 1906 id
1951 1877 2086 1919 postea
2117 1871 2375 1920 poenituisse,

439 1941 605 1980 dicendo
642 1956 727 1979 sese
762 1944 882 1979 inscia
909 1943 1126 1992 appositum
1158 1941 1277 1978 fuisse
1306 1941 1475 1991 sigillum
1495 1941 1593 1988 (862,
1624 1941 1670 1976 28
1700 1942 1798 1990 sqq).
1830 1941 1883 1976 Ex
1913 1940 1973 1976 his
2002 1939 2181 1976 omnibus
2217 1947 2378 1989 apparet

438 2013 674 2049 Alemannos
704 2013 996 2061 circumspectis
1026 2013 1135 2053 viris,
1164 2011 1297 2060 quales
1330 2024 1390 2046 an.
1424 2011 1636 2047 1379-1382
1671 2009 1871 2053 habuerat,
1897 2011 2085 2051 caruisse,
2105 2022 2176 2045 nec
2205 2009 2371 2045 consilio

439 2082 573 2118 talium
593 2081 852 2131 prudentium,
872 2089 914 2117 ut
929 2081 1021 2117 olim
1044 2082 1197 2117 Henrici
1214 2080 1262 2116 de
1279 2081 1427 2123 Hassia,
1447 2079 1611 2116 Conradi
1629 2079 1678 2115 de
1693 2079 1950 2122 Gelnhausen,
1970 2092 2078 2115 usam
2097 2092 2196 2116 esse.
2215 2079 2372 2115 Minime

439 2160 569 2188 tamen
591 2151 844 2192 reticendum,
865 2164 991 2187 rerum
1008 2157 1150 2186 statum
1168 2149 1374 2185 admodum
1397 2157 1582 2185 mutatum
1602 2149 1734 2185 fuisse.

277 2235 347 2260 1403
489 2224 559 2258 An.
586 2222 677 2257 1403
696 2222 854 2257 Francia
871 2228 910 2256 et
927 2221 1165 2256 Universitas
1184 2218 1395 2255 Benedicto
1411 2218 1671 2255 obedientiam
1688 2219 1953 2255 restituerunt.
1974 2219 2086 2254 Natio
2107 2225 2232 2254 aetate
2252 2224 2291 2254 et
2306 2230 2377 2255 usu

202 2280 257 2306 pm
270 2279 418 2306 Bonifacio
440 2292 555 2328 docta
572 2290 791 2340 respondit:
816 2289 950 2339 «quod
967 2290 1090 2335 (sicut)
1110 2290 1192 2338 ipsa
1206 2288 1447 2338 privilegiata
1469 2289 1610 2325 mansit
1624 2288 1791 2324 Parisius
1812 2287 1860 2323 de
1879 2288 2003 2337 gratia
2019 2286 2164 2323 domini
2181 2287 2283 2336 regis
2303 2286 2375 2323 sub

438 2361 662 2398 obedientia
676 2360 761 2402 alia,
775 2360 857 2395 scil.
872 2359 972 2395 dom.
994 2358 1192 2400 Bonisacii,
1205 2359 1243 2393 in
1259 2359 1500 2394 immunitate
1515 2371 1596 2401 sua,
1613 2359 1665 2394 ita
1681 2357 1775 2393 dixit
1787 2369 1828 2393 se
1839 2356 1938 2393 velle
1951 2363 2053 2392 stare
2065 2356 2136 2392 sub
2153 2355 2375 2392 obedientia

438 2433 521 2480 ejus
538 2432 637 2467 sicut
658 2438 746 2466 ante
770 2431 877 2465 stetit
894 2437 932 2465 et
949 2441 1111 2477 semper.
1139 2429 1194 2464 De
1212 2427 1494 2477 particulariter
1516 2426 1814 2477 respicientibus
1837 2427 1948 2462 istam
1971 2425 2232 2462 obedientiam
2254 2426 2377 2461 Bene-

439 2501 532 2537 dicti
555 2502 659 2536 natio
677 2513 719 2536 se
735 2512 812 2535 non
829 2499 1037 2534 intromisit
1060 2512 1076 2532 ³>
1101 2498 1203 2544 (857,
1222 2498 1266 2533 37
1290 2499 1403 2546 sqq.).
1422 2496 1592 2532 Tandem
1613 2495 1819 2545 aliquando
1841 2503 2066 2544 perpetuam
2084 2495 2376 2531 fluctuationem

439 2645 502 2674 nici
519 2645 625 2673 fuisse.
642 2643 783 2683 Epistola
799 2642 955 2671 invenitur
972 2641 1002 2670 in
1017 2641 1099 2670 Bibl.
1118 2641 1354 2680 Rotomagens.,

439 2705 498 2724 ms.
522 2694 559 2723 O.
587 2695 625 2722 20
645 2693 756 2732 (1355),
778 2692 828 2721 sol.
856 2692 930 2726 202;
956 2691 1037 2719 Bibl.
1064 2697 1125 2719 nat.
1154 2690 1268 2725 Paris.‚
1297 2700 1354 2719 ms.

439 2744 492 2773 lat.
516 2744 624 2777 14643,
644 2742 694 2771 sol.
709 2743 763 2777 67;
781 2742 873 2775 BUL.,
891 2740 941 2775 IV,
958 2741 1028 2770 752.

484 2795 510 2821 1.
556 2792 625 2820 vid.
644 2792 721 2820 infra
738 2802 768 2830 p.
789 2792 858 2824 777,
876 2796 940 2818 not.
958 2791 985 2819 1.
1001 2788 1118 2818 Ambos
1132 2789 1169 2817 (le
1186 2788 1355 2817 Benedicto

439 2842 527 2876 Xlll,
543 2848 575 2870 ut
592 2852 680 2880 papa,
698 2840 821 2869 diverse
840 2839 978 2868 sensisse
997 2848 1013 2867 e
1029 2838 1110 2867 notis
1127 2848 1194 2876 seq.
1212 2837 1319 2876 liquet.

482 2892 510 2920 2.
558 2891 667 2919 Exstat
692 2890 722 2918 in
746 2889 840 2918 Arch.
865 2894 926 2917 nat.
955 2888 1070 2922 Paris.,
1093 2887 1107 2916 J
1131 2888 1200 2921 517,
1225 2890 1257 2915 n⁰
1284 2887 1351 2915 155.

440 2941 541 2970 Gillez
560 2941 597 2968 de
615 2940 731 2968 Jutsaes
751 2938 888 2977 scripsit,
909 2950 922 2965 α
941 2947 1000 2976 que
1016 2937 1077 2965 l'on
1093 2936 1158 2966 doit
1172 2942 1257 2965 oster
1273 2938 1288 2964 ἐι
1309 2935 1354 2964 dit

1469 2650 1546 2679 pape
1566 2646 1651 2669 toute
1678 2639 1859 2668 obeissance
1887 2648 1961 2668 sans
1986 2638 2069 2667 nulle
2094 2636 2228 2666 dilacion
2253 2643 2282 2666 et
2307 2646 2380 2666 sans

1467 2695 1553 2718 autre
1570 2689 1745 2728 quiconque
1761 2688 1916 2717 monicion
1933 2697 1970 2716 ne
1988 2686 2177 2722 sommacion
2197 2698 2223 2714 ».

1507 2739 1535 2767 3.
1581 2738 1672 2773 Ihm„
1707 2741 1740 2766 n⁰
1772 2738 1839 2766 160.
1870 2737 1998 2766 Gautier
2035 2735 2193 2765 Forestier
2225 2733 2353 2774 scripsit
2373 2747 2379 2764 :

1468 2800 1481 2815 α
1497 2787 1519 2816 il
1534 2798 1581 2816 me
1601 2786 1717 2816 semble
1734 2796 1793 2826 que
1809 2788 1826 2815 a
1838 2786 2019 2826 practiquer
2033 2785 2060 2814 la
2075 2790 2161 2814 sante
2177 2784 2246 2814 voie
2261 2785 2299 2813 de
2311 2794 2381 2813 ces-

1466 2837 1534 2866 sion
1547 2836 1587 2865 n'i
1603 2847 1619 2864 a
1633 2835 1774 2865 meilleur
1790 2845 1900 2874 moyen
1912 2845 1972 2874 que
1989 2834 2026 2863 de
2044 2833 2143 2873 partir
2161 2843 2199 2862 en
2215 2839 2282 2862 tout
2297 2834 2335 2862 de
2351 2833 2380 2862 la

1464 2886 1646 2914 obeissance
1669 2885 1707 2914 de
1733 2890 1822 2913 notre
1847 2883 1929 2913 saint
1952 2886 2026 2923 pere
2045 2882 2072 2912 le
2096 2892 2175 2922 pape
2199 2892 2271 2912 sans
2294 2882 2378 2911 nulle

1464 2934 1597 2964 dilacion
1613 2943 1652 2963 ou
1671 2933 1826 2962 monicion
1846 2944 1871 2961 n.
