2632 3464
411 440 464 465 939

454 515 607 552 Quantum
623 513 660 541 ad
677 513 809 552 primum
826 511 1008 541 deliberavit
1026 511 1114 540 nacio
1133 511 1232 550 quod,
1252 509 1324 549 quia

412 563 546 603 singulis
562 562 708 591 clausulis
722 561 754 590 in
767 561 848 590 dicta
861 561 978 590 minuta
993 560 1068 590 satis
1081 560 1193 599 raptim
1207 560 1323 599 ponde-

412 613 498 647 ratis,
515 612 626 651 raptim
647 611 771 650 quidem
790 617 820 639 et
838 610 978 640 cursorie
996 615 1127 649 propter
1141 609 1322 638 brevitatem

412 672 446 691 ac
467 661 641 690 tarditatem
664 660 727 689 dati
749 659 915 699 temporis,
941 669 1002 698 quo
1027 658 1162 697 sigillum
1183 657 1322 687 nacionis

413 711 583 750 petebatur,
610 709 694 738 nulla
717 708 870 748 apparuit,
898 717 957 747 que
982 707 1081 746 prima
1111 706 1187 735 facie
1217 711 1324 734 contra

411 758 527 788 domini
558 757 736 787 Innocencii
765 763 816 786 aut
837 755 915 796 ,ejus
952 755 1144 785 successoris
1173 755 1322 783 honorem

411 818 522 837 sonare
544 807 718 842 videbatur,
742 812 848 846 preter
870 805 952 835 illam
973 805 1106 839 unicam,
1126 803 1287 833 videlicet⁴
1314 815 1319 832 :

413 869 426 884 ιι
446 857 496 886 Sic
510 856 590 885 enim
604 856 635 884 in
653 855 755 884 littera
769 861 873 884 vestra
888 855 926 883 de
941 854 1090 883 ambobus
1107 852 1322 882 contendenti-

411 907 469 935 bus
486 905 681 934 concluditur
694 917 699 933 :
716 906 856 943 quoniam
867 914 1031 942 perperam
1044 910 1072 930 et
1086 903 1198 930 notorie
1212 903 1321 930 scisma

410 956 528 993 faciunt
548 962 575 982 et
596 961 739 992 quantum
762 955 791 981 in
812 954 855 981 eis
875 960 919 980 est
938 962 1061 980 causam
1078 952 1323 989 perpetuacionis

408 1004 533 1043 prebent
547 1005 657 1031 crimen
672 1003 822 1031 scismatis
837 1003 1031 1035 incur-rentes,
1045 1006 1101 1029 etc.
1119 1002 1148 1028 in
1163 1001 1241 1028 hanc
1253 1010 1322 1028 sen-

411 1054 532 1081 tentiam
546 1064 572 1087 »,
592 1052 659 1091 ipsa
669 1051 768 1080 noluit
783 1051 895 1079 dictam
913 1050 1046 1079 litteram
1063 1049 1200 1089 sigillare
1214 1047 1322 1088 hujus-

412 1102 493 1131 modi
514 1107 613 1130 stante
638 1111 693 1130 sua
717 1099 913 1139 apparencia,
929 1099 990 1127 nisi
1006 1097 1068 1137 jam
1090 1098 1171 1126 dicta
1185 1097 1322 1126 clausula

410 1156 646 1184 ammoveretur,
663 1149 713 1179 vel
731 1149 791 1178 nisi
815 1148 891 1177 illud
917 1147 1035 1187 plurale
1055 1158 1062 1175 z
1086 1159 1099 1174 «
1118 1147 1163 1176 sic
1185 1147 1265 1175 enim
1283 1147 1321 1174 de

410 1200 560 1228 ambobus
575 1197 835 1228 contendentibus
849 1209 864 1224 »
879 1203 937 1226 etc.
952 1202 1122 1225 mutaretur
1137 1196 1168 1224 in
1182 1195 1241 1224 tale
1259 1195 1320 1224 sin-

410 1248 541 1287 gulare:
567 1259 580 1275 <1
601 1248 645 1276 sic
665 1247 746 1276 enim
772 1247 809 1275 de
835 1246 916 1285 ipso,
939 1245 1058 1274 scilicet
1084 1244 1265 1279 Benedicto,
1289 1244 1321 1272 in

409 1298 498 1326 litera
511 1303 615 1326 vestra
630 1296 835 1329 concluditur,
852 1294 996 1334 quoniam
1011 1303 1173 1333 perperam
1190 1299 1219 1322 et
1234 1300 1320 1322 noto-

409 1347 454 1375 rie
470 1346 581 1375 scisma
600 1346 670 1374 facit
688 1351 718 1374 et
733 1351 879 1384 quantum
896 1344 926 1372 in
940 1354 975 1373 eo
990 1349 1038 1372 est
1052 1355 1068 1370 »
1085 1349 1142 1371 etc.

450 1396 603 1432 Quantum
626 1395 662 1423 ad
679 1395 847 1423 secundum
862 1393 967 1427 nichil,
986 1393 1059 1431 quia
1076 1392 1179 1421 nullus
1198 1392 1319 1431 suppli-

409 1445 500 1473 cavit.

450 1494 540 1522 Facta
580 1492 827 1532 congregacione
864 1491 1003 1520 nacionis
1035 1490 1207 1530 Anglicane
1247 1496 1320 1529 aput

409 1543 553 1572 Sanctum
578 1542 765 1571 Maturinum
790 1551 870 1569 anno
895 1550 956 1580 quo
986 1550 1092 1579 supra,
1118 1539 1246 1568 XXVIIa
1269 1539 1319 1568 die

408 1593 523 1621 mensis
552 1591 745 1625 Decembris,
775 1591 811 1618 ad
836 1595 1011 1629 requestam
1044 1588 1160 1617 domini
1187 1589 1318 1617 rectoris

408 1641 628 1670 Universitatis
660 1639 850 1668 Parisiensis
879 1648 973 1677 super
1011 1639 1133 1666 duobus
1166 1637 1315 1667 articulis.

409 1690 532 1719 Primus
556 1696 621 1718 erat
647 1690 685 1718 ad
709 1688 894 1717 audiendum
925 1693 1099 1726 requestam
1128 1687 1259 1716 rectoris
1283 1697 1318 1716 ac

407 1740 621 1778 deputatorum
643 1737 874 1767 Universitatis.
896 1736 1058 1765 Secundus
1079 1746 1174 1775 super
1196 1736 1317 1775 suppli-

406 1788 584 1817 cacionibus
602 1794 631 1816 et
648 1786 782 1826 injuriis.

448 1838 600 1874 Quantum
628 1837 665 1865 ad
692 1836 821 1875 primum
848 1835 934 1865 venit
966 1841 1069 1863 rector
1096 1834 1316 1864 Universitatis

411 1887 559 1926 magister
575 1885 711 1914 Poncius
727 1884 886 1924 Symoneti
898 1883 911 1901 ²
927 1894 995 1913 cum
1011 1883 1164 1922 deputatis
1179 1882 1316 1923 ejusdem

409 1935 625 1965 Universitatis
647 1935 677 1963 in
698 1944 809 1973 magno
825 1943 953 1962 numero
970 1932 1171 1971 solempniter
1184 1943 1316 1972 congre-

405 1986 496 2024 gatiS‚
522 1985 689 2014 ostendens
714 1983 836 2012 nacioni
864 1983 1017 2022 quandam
1045 1982 1176 2011 litteram
1203 1982 1315 2022 sigillis

406 2034 597 2073 singularum
619 2033 793 2062 facultatum
812 2042 845 2061 ac
867 2032 1028 2060 nacionum
1048 2032 1163 2070 prefate
1181 2031 1316 2060 Univer-

405 2083 520 2118 sitatis,
546 2082 650 2122 sigillo
678 2088 779 2111 tamen
809 2081 949 2110 nacionis
979 2080 1150 2120 Anglicane
1179 2080 1315 2119 predicte

405 2133 526 2161 secluso
543 2132 608 2161 sive
625 2132 749 2170 dempto
763 2130 937 2170 sigillatam.
957 2130 990 2158 In
1005 2140 1063 2168 qua
1078 2130 1200 2168 quidem
1214 2130 1316 2158 littera

406 2181 599 2211 Universitas
616 2180 756 2219 predicta
771 2180 864 2208 Petro
881 2180 918 2207 de
935 2179 1035 2213 Luna,
1054 2179 1106 2217 qui
1125 2188 1157 2207 se
1178 2179 1316 2207 nominat

407 2231 617 2265 Benedictum,
635 2239 725 2268 quem
745 2230 849 2257 eadem
869 2228 1064 2257 Universitas
1081 2234 1185 2266 preter
1203 2228 1314 2256 dictam

406 2280 562 2308 nacionem
585 2277 811 2318 Anglicanam³
834 2277 892 2306 huc
914 2287 1012 2315 usque
1035 2283 1187 2315 tamquam
1206 2287 1314 2315 papam

405 2329 535 2363 colebat,
548 2328 679 2356 finaliter
698 2326 910 2356 concludendo
927 2325 1058 2365 amplius
1077 2336 1138 2354 non
1155 2336 1224 2354 esse
1240 2327 1315 2354 obe-

405 2378 549 2406 diendum
570 2376 698 2410 asserit,
717 2376 869 2414 approbat
888 2381 917 2403 et
936 2375 1079 2408 affirmat,
1099 2384 1200 2413 ymmo
1220 2375 1314 2403 eciam

404 2426 614 2455 obedienciam
636 2425 790 2464 papalem,
811 2434 900 2463 quam
919 2423 1066 2452 hactenus
1085 2423 1144 2451 sibi
1161 2424 1312 2462 prestitit,

404 2477 440 2503 ab
466 2476 572 2504 eodem
596 2473 777 2507 substrahit,
802 2479 926 2501 revocat
953 2479 982 2501 et
1007 2472 1144 2500 resumit.
1168 2472 1201 2500 ln
1226 2473 1314 2501 istius

404 2525 505 2563 itaque
517 2524 618 2552 littere
629 2523 807 2552 ostensione
822 2523 958 2560 prefatus
975 2521 1117 2549 dominus
1131 2528 1232 2550 rector
1247 2532 1314 2550 cum

404 2573 542 2611 ipsorum
561 2574 775 2611 deputatorum
797 2570 967 2599 directione
988 2577 1017 2599 et
1038 2580 1190 2598 consensu
1210 2571 1314 2599 nacio-

404 2632 472 2650 nem
490 2622 586 2660 ipsam
604 2622 648 2649 sic
666 2621 880 2659 alloquebatur
900 2630 905 2646 :

446 2684 458 2697 (ι
476 2671 617 2709 Magistri
631 2670 688 2698 mei
700 2669 874 2702 reverendi,
888 2678 976 2707 rog0,
990 2667 1137 2696 exhortor
1148 2674 1177 2696 et
1188 2668 1314 2706 requiro
1352 2692 1354 2694 ,

404 2730 459 2748 vos
476 2730 511 2748 ex
526 2726 611 2758 parte
630 2718 848 2747 Universitatis
863 2717 968 2746 matris
983 2723 1088 2745 nostre
1103 2717 1202 2745 modis
1218 2717 1314 2745 omni-

405 2770 462 2797 bus
493 2769 604 2807 quibus
632 2778 772 2806 possum,
808 2766 964 2805 quatinus,
996 2767 1251 2804 quemadmodum
1286 2772 1315 2794 et

435 2862 457 2884 1.
493 2863 562 2883 Hane
575 2860 724 2886 clausulam,
737 2868 802 2891 quae
816 2859 851 2882 ad
862 2859 936 2882 verba
948 2858 1015 2890 regis
1028 2859 1053 2881 in
1065 2858 1172 2889 epistola
1186 2859 1313 2881 Universi-

405 2897 467 2919 lalis
478 2897 555 2919 clema
570 2896 686 2926 refertur,
700 2896 748 2918 vid.
762 2895 832 2926 apud
845 2895 985 2922 BULAEUM,
1001 2894 1028 2921 V,
1041 2895 1095 2917 ⁴135.

435 2934 457 2954 2.
496 2934 524 2954 L'l
542 2932 616 2957 alias.
635 2932 671 2954 sic
692 2931 768 2954 etiam
787 2931 827 2953 hic
846 2931 970 2954 BULAEus
996 2930 1020 2952 in
1040 2938 1087 2952 sna
1112 2930 1312 2953 Nomenclatura

404 2972 543 2993 rectorum,
560 2968 585 2994 V,
597 2967 651 2989 919.
664 2966 689 2989 in
703 2974 811 2988 errorem
826 2965 924 2988 incidit.
939 2967 1002 2988 Loco
1016 2965 1099 2988 Pontii
1113 2964 1254 2995 Symoneti.
1264 2973 1312 2995 pro

955 434 1179 460 AUCTARIUM
1205 432 1465 460 CHARTULARII
1490 432 1664 459 UNIVERS.
1687 433 1805 459 PARIS.

1378 709 1394 734 5

1360 955 1393 980 10

1359 1200 1392 1225 15

1357 1447 1390 1472 20

1356 1693 1389 1718 25

1354 1940 1387 1965 30

1353 2186 1386 2211 35

1353 2431 1386 2456 40

2290 431 2344 458 940

1433 515 1534 539 cetere
1564 509 1722 538 facultates
1747 516 1777 538 et
1805 509 1952 538 naciones
1979 508 2068 538 matri
2095 515 2202 538 nostre
2226 509 2343 548 prefate

1433 559 1663 588 consentientes
1693 559 1823 598 propria
1857 568 1912 587 sua
1947 557 2052 597 sigilla
2077 558 2216 597 presenti
2241 558 2343 587 littere

1432 608 1609 647 appendere
1623 607 1748 647 dignate
1764 613 1847 642 sunt,
1862 607 1904 636 ita
1915 613 1945 636 et
1957 617 2013 636 vos
2027 607 2126 636 eidem
2142 606 2243 636 littere
2257 607 2343 646 sigil-

1432 656 1494 685 lum
1520 656 1660 686 nacionis
1688 663 1791 686 vestre
1822 657 2000 695 appendere
2029 651 2215 696 dignemini,
2243 656 2343 695 ipsam

1432 705 1610 744 sigillando,
1630 705 1773 744 quoniam
1790 715 1846 744 per
1864 704 2040 745 hujusmodi
2054 705 2156 734 littere
2173 705 2344 745 sigillacio-

1432 763 1500 783 nem
1516 754 1623 789 nichil,
1640 755 1723 793 quod
1739 755 1779 783 sit
1792 755 1823 783 in
1840 760 1944 784 vestre
1960 754 2123 783 obediente
2138 753 2342 793 prejudicium

1432 813 1486 832 seu
1504 813 1681 842 gravamen,
1699 804 1872 842 approbare
1885 803 2044 838 videmini,
2062 813 2098 832 eo
2114 804 2197 842 quod
2214 803 2245 832 in
2259 803 2342 832 nulla

1432 852 1522 881 istius
1539 851 1640 881 littere
1653 852 1790 881 clausula
1802 851 1931 892 aliquid,
1947 853 2031 892 quod
2043 858 2146 881 vestre
2162 852 2343 881 obediencie

1432 901 1519 930 cedat
1537 901 1568 929 in
1589 900 1791 940 prejudicium
1811 907 1863 931 aut
1879 901 1996 940 aliquid
2012 902 2095 941 quod
2111 901 2200 930 vobis
2216 901 2248 930 in
2265 902 2343 931 obe·

1431 950 1544 979 diendo
1560 950 1684 979 domino
1699 957 1816 985 vestro,
1838 961 1929 990 quem
1947 950 2049 979 colitis
2066 960 2124 989 pro
2141 960 2231 990 papa,
2246 951 2340 979 dero-

1430 1009 1505 1038 gare
1524 999 1572 1028 vel
1591 998 1784 1038 prejudicare
1801 999 1942 1029 videatur
1959 999 2206 1039 quomodolibet,
2224 1000 2341 1039 prefata

1431 1054 1526 1076 mater
1557 1054 1663 1077 nostra
1695 1047 1890 1078 Universitas
1918 1049 2108 1078 Parisiensis
2137 1049 2168 1077 in
2201 1049 2340 1088 presenti

1430 1097 1532 1126 littera
1545 1107 1697 1132 asserere,
1719 1098 1894 1136 approbare
1917 1097 1965 1127 vel
1987 1097 2137 1126 affirmare
2153 1098 2277 1127 videtur
2292 1098 2342 1127 vel

1430 1152 1568 1184 apparet.
1584 1157 1597 1173 n
1613 1146 1651 1175 Et
1667 1147 1877 1176 confirmando
1892 1146 2050 1186 subjunxit
2064 1159 2070 1175 z
2088 1158 2102 1174 α
2117 1149 2186 1176 Non
2197 1153 2245 1176 est
2260 1147 2340 1176 enim

1430 1205 1528 1230 mens,
1547 1195 1681 1224 intencio
1697 1205 1753 1224 nec
1770 1195 1913 1225 voluntas
1930 1196 2030 1224 nostri
2045 1205 2102 1225 nec
2120 1195 2342 1225 Universitatis

1429 1244 1569 1283 predicte
1586 1244 1677 1273 vobis
1693 1245 1723 1273 in
1740 1244 1795 1273 hac
1814 1244 1951 1283 presenti
1967 1244 2069 1273 littera
2086 1245 2197 1284 quovis
2213 1245 2342 1284 ingenio

1430 1293 1552 1332 quesito
1573 1293 1622 1322 vel
1644 1293 1748 1322 colore
1769 1294 1800 1322 in
1819 1299 1923 1323 vestra
1946 1293 2125 1323 obediencia
2142 1304 2223 1323 nunc
2240 1293 2289 1323 vel
2309 1294 2340 1323 in

1429 1342 1563 1372 futurum
1591 1342 1823 1382 quomodolibet
1858 1344 2008 1383 derogare
2042 1353 2096 1372 seu
2131 1343 2338 1383 prejudicare.

1430 1391 1628 1431 Quapropter
1645 1402 1758 1431 precor
1780 1399 1810 1421 et
1832 1392 1979 1422 exhortor
1997 1392 2177 1432 diligentius
2194 1393 2341 1432 quatinus

1428 1440 1489 1469 hiis
1500 1441 1625 1470 attentis
1636 1441 1775 1480 predicte
1787 1451 1852 1470 mee
1863 1448 2007 1480 requeste
2019 1441 2190 1481 dignemini
2201 1442 2338 1481 acquies-

1428 1499 1509 1525 cere,
1525 1490 1623 1529 ipsam
1639 1497 1768 1529 propter
1782 1491 1895 1520 bonum
1915 1491 1999 1530 pacis
2016 1491 2225 1520 concedendo.
2244 1503 2257 1518 n

1469 1539 1589 1576 Quibus
1603 1539 1648 1568 sic
1664 1549 1721 1579 per
1736 1540 1893 1569 dominum
1909 1546 2060 1569 rectorem
2078 1540 2250 1579 predictum
2263 1550 2340 1581 pro-

1427 1588 1541 1627 positis
1557 1595 1587 1617 et
1602 1589 1745 1623 narratis,
1761 1599 1880 1618 necnon
1897 1589 2014 1618 eisdem
2030 1589 2155 1618 domino
2172 1596 2294 1619 rectore
2309 1595 2340 1619 et

1428 1638 1581 1676 deputatis
1591 1638 1786 1672 abeuntibus,
1797 1644 1980 1677 procurator
1991 1639 2071 1668 dicte
2079 1639 2220 1668 nacionis
2230 1638 2338 1679 Angli·

1428 1696 1502 1715 cane
1517 1687 1717 1726 singulariter
1728 1687 1869 1727 singulos
1881 1688 2047 1727 magistros
2059 1688 2090 1716 in
2102 1689 2224 1717 modum
2238 1688 2339 1717 nacio-

1427 1736 1476 1765 nis
1493 1735 1629 1775 ejusdem
1646 1742 1864 1776 congregatos,
1883 1737 2053 1766 instancius
2067 1743 2157 1776 atque
2172 1737 2339 1767 discretius

1427 1795 1488 1824 quo
1504 1785 1603 1824 potuit
1616 1795 1673 1824 per
1683 1784 1889 1824 juramentum
1903 1786 2077 1825 requisivit,
2091 1792 2124 1815 ut
2137 1787 2174 1815 ad
2189 1786 2338 1815 honorem

1427 1835 1496 1869 Dei,
1525 1834 1704 1863 obediencie
1731 1835 1915 1870 lnnocenfii,
1939 1845 1973 1864 ac
1998 1835 2138 1864 nacionis
2169 1836 2336 1865 secundum

1426 1883 1651 1913 conscienciam
1668 1884 1887 1919 deliberarent,
1900 1894 1937 1912 an
1949 1884 2040 1913 dictis
2053 1885 2338 1924 protestacionibus

1426 1933 1557 1962 rectoris
1572 1943 1606 1962 ac
1621 1934 1836 1972 deputatorum
1855 1943 1912 1972 pro
1930 1939 2015 1972 parte
2032 1932 2252 1962 Universitatis
2268 1943 2337 1963 sue·

1426 1992 1485 2021 que
1505 1981 1689 2011 intencionis
1716 1982 1983 2011 declaracionibus
2010 1983 2134 2012 attentis
2164 1982 2336 2022 expediens

1425 2037 1500 2066 erat,
1516 2031 1596 2060 dicte
1610 2037 1753 2070 requeste
1766 2031 1898 2060 rectoris
1912 2041 2058 2066 annuere,
2076 2042 2114 2060 an
2129 2031 2228 2071 ipsam
2244 2032 2336 2061 dene-

1425 2089 1509 2119 gare,
1528 2080 1610 2108 dicto
1628 2086 1728 2108 tamen
1744 2086 1944 2118 procuratore
1960 2090 2019 2108 una
2032 2090 2099 2109 cum
2113 2080 2225 2110 ceteris
2241 2080 2336 2120 magi-

1425 2129 1499 2158 stris
1520 2129 1626 2158 saltem
1652 2139 1709 2168 pro
1735 2128 1841 2168 majori
1866 2135 1952 2168 parte
1973 2139 2027 2168 pre
2048 2129 2191 2158 omnibus
2210 2136 2336 2169 protes-

1425 2184 1506 2206 tante
1524 2179 1607 2217 quod
1621 2178 1652 2206 in
1671 2178 1785 2207 nullius
1801 2178 1901 2207 littere
1918 2177 2136 2217 sigillationem
2152 2178 2244 2207 vellet
2260 2188 2336 2207 con-

1425 2227 1551 2261 sentire,
1574 2227 1605 2255 in
1629 2237 1688 2266 qua
1712 2228 1847 2266 prefatus
1866 2227 2008 2256 dominus
2029 2227 2219 2266 apostolicus
2241 2227 2336 2257 lnno-

1425 2276 1543 2305 centius
1562 2276 1610 2305 vel
1628 2275 1693 2315 ejus
1711 2286 1874 2305 successor
1895 2276 2088 2305 scismaticus
2103 2276 2151 2305 vel
2171 2277 2209 2305 de
2231 2276 2335 2306 heresi

1425 2331 1588 2364 suspectus
1605 2325 1838 2364 quomodolibet
1851 2325 1950 2354 notari
1969 2325 2138 2354 videretur.
2159 2325 2261 2365 Super
2275 2335 2336 2365 qua

1424 2374 1519 2402 eciam
1539 2374 1766 2413 protestacione
1786 2374 1866 2403 idem
1889 2381 2073 2413 procurator
2093 2384 2149 2413 pro
2171 2385 2204 2403 se
2223 2380 2252 2403 et
2273 2374 2333 2403 sibi

1424 2423 1644 2452 adherentibus
1670 2423 1760 2462 petiit
1785 2433 1799 2451 a
1827 2423 1975 2462 magistro
2001 2423 2139 2452 Johanne
2165 2423 2336 2453 Guberstat

1423 2472 1489 2500 fieri
1516 2472 1586 2511 (F'ol.
1612 2474 1638 2510 6)
1663 2482 1755 2501 unum
1778 2472 1827 2501 vel
1854 2472 1941 2511 plura
1962 2472 2119 2511 publicum
2138 2472 2186 2501 vel
2211 2472 2333 2511 publica

1424 2521 1660 2550 instrumentum
1677 2521 1724 2550 vel
1741 2521 1954 2550 instrumenta.

1465 2570 1578 2599 Postea
1596 2580 1671 2599 vero
1690 2570 1822 2609 singulis
1839 2569 1985 2599 clausulis
2005 2570 2036 2598 in
2055 2569 2211 2608 sepedicta
2231 2570 2333 2600 littera

1424 2619 1577 2657 exquisite
1599 2619 1791 2658 ponderatis,
1815 2629 1883 2648 cum
1914 2618 2008 2647 nichil
2035 2628 2096 2657 quo
2120 2619 2334 2658 prenominata

1426 2667 1619 2697 Universitas
1639 2668 1826 2697 Parisiensis
1842 2668 1992 2706 prefatum
2011 2667 2167 2696 dominum
2185 2668 2334 2697 Innocen-

1414 2717 1497 2745 'tium
1511 2723 1562 2745 aut
1573 2716 1638 2756 ejus
1654 2726 1867 2746 successorem
1881 2716 2104 2745 scismaticaret
2114 2717 2163 2745 vel
2177 2717 2214 2746 de
2231 2717 2333 2746 heresi

1424 2772 1601 2804 suspectum
1619 2765 1773 2805 judicaret
1794 2765 1843 2794 vel
1871 2765 1930 2794 sibi
1953 2775 2014 2794 non
2035 2775 2104 2794 esse
2126 2766 2331 2795 obediendum

1423 2866 1465 2881 an.
1482 2858 1549 2886 1406,
1565 2860 1623 2881 Dec.
1640 2859 1677 2886 16,
1694 2867 1771 2889 usque
1785 2858 1820 2881 ad
1832 2866 1874 2881 an.
1894 2858 1963 2886 1407,
1977 2858 2067 2881 Martii
2081 2859 2120 2888 24,
2138 2858 2284 2882 Jo'nunnem
2300 2859 2333 2882 de

1422 2894 1543 2916 Mai-sono
1555 2902 1686 2924 pet-peram
1698 2894 1782 2925 affert.

1452 2930 1474 2951 3.
1516 2929 1567 2952 Vid.
1584 2929 1715 2960 imprimis.
1729 2938 1754 2960 p,
1766 2929 1819 2956 857,
1833 2930 1871 2952 ‘¹37-
