2632 3464
287 444 345 471 445
795 442 910 470 LIBER
934 440 1247 468 PROCURATORUM
1267 440 1448 468 NATIONIS
1469 441 1716 468 ANGLICANAE
2163 443 2216 469 4¹26

333 520 409 550 Item
429 519 644 550 determinavit
672 519 815 549 dominus
838 518 954 548 Hector
972 518 1010 547 de
1031 517 1198 546 Xanctroia

292 570 354 600 sub
394 569 543 609 magistro
581 568 723 598 Waltero
749 567 950 602 Gbiselberti‚
985 565 1073 606 cujus
1103 566 1198 595 bursa

293 618 400 649 nichil.
415 617 567 648 Statutum
576 616 702 657 juravit.

333 667 408 697 Item
429 666 646 697 determinavit
667 665 811 695 dominus
828 663 987 694 Gerardus
1006 663 1120 694 Visker

291 717 354 747 sub
374 716 522 756 magistro
542 715 684 745 Waltero
701 715 740 744 de
760 713 855 750 Dell't,
874 712 961 754 cujus
981 714 1077 743 bursa
1092 712 1119 742 V

288 765 386 795 solidi
401 771 431 795 et
444 764 517 795 VIII
526 764 656 799 denarii.

334 814 412 844 Item
434 803 650 844 determinavit
668 812 813 842 dominus
831 811 980 842 Hinricus
997 812 1120 852 Spronc

297 863 356 894 sub
370 863 519 904 magistro
542 861 660 892 Thoma
679 862 718 892 de
739 861 849 897 Clivis,
869 860 957 901 cujus
980 861 1075 890 bursa
1094 859 1120 889 V

290 912 389 942 solidi
407 917 436 942 et
447 911 521 941 VIII
535 911 667 941 denarii.

335 961 411 991 Item
424 959 639 991 determinavit
648 959 791 989 dominus
802 959 915 989 Petrus
927 960 966 988 de
978 959 1119 988 Trebron

290 1011 353 1041 sub
365 1010 516 1050 magistro
527 1008 698 1039 Wilhelmo
710 1009 748 1038 de
759 1008 911 1043 Trebron,
927 1007 1014 1048 cujus
1027 1009 1122 1038 bursa

295 1059 323 1089 V
336 1058 429 1089 solidi
441 1064 472 1088 et
482 1057 556 1088 VIII
566 1057 698 1087 denarii.

333 1107 408 1138 Item
425 1107 640 1137 determinavit
653 1107 796 1136 dominus
809 1106 967 1136 lohannes
982 1105 1121 1136 Vlaminc

290 1158 333 1187 de
347 1157 474 1197 Leyden
484 1157 543 1186 sub
557 1156 706 1196 magistro
718 1155 860 1186 Waltero
871 1156 909 1185 de
928 1155 1017 1191 Delst,
1035 1155 1122 1196 cujus

294 1207 390 1236 bursa
409 1205 436 1235 V
453 1205 557 1235 solidi.

338 1255 414 1286 Item
428 1255 506 1284 sacta
522 1253 771 1294 congregacione
780 1253 850 1284 XX*
861 1254 911 1283 die
922 1252 1109 1294 Fe[bruarii]
1119 1255 1200 1295 apud

297 1305 442 1335 Sanctum
458 1303 612 1334 Julianum
625 1303 663 1332 ad
684 1302 932 1342 supplicandum,
949 1303 1203 1342 supplicaverunt

289 1353 452 1384 <lohannes
483 1352 559 1388 Coc,
589 1351 747 1382 Jobannes
778 1351 872 1387 Gout,
906 1351 1057 1382 Ricoldus
1091 1352 1200 1390 Milde,

295 1401 453 1433 Johannes
467 1401 607 1431 Vlaminc
621 1401 659 1431 de
679 1401 804 1440 heyden
821 1410 880 1441 pro
901 1401 1053 1432 dilacione
1071 1402 1202 1442 pecunie

292 1462 351 1482 seu
366 1453 530 1481 bursarum
547 1450 671 1480 racione
693 1459 748 1480 sue
769 1450 1009 1480 determinancie
1030 1451 1202 1481 debitarum

295 1510 395 1541 usque
409 1500 449 1530 ad
468 1501 578 1530 festum
593 1499 724 1535 Pasche,
739 1498 976 1539 fidejussoribus
990 1500 1156 1540 fidedignis
1173 1507 1204 1530 et

294 1549 481 1591 pignoribus
503 1548 598 1578 certis
621 1547 750 1588 positis,
775 1548 1023 1589 supplicavitque
1045 1549 1202 1580 Jobannes

295 1597 443 1639 Wolgast
457 1607 515 1638 pro
532 1607 569 1627 eo
581 1598 689 1627 eodem
709 1597 801 1627 modo
822 1607 921 1637 usque
938 1598 977 1627 ad
994 1599 1104 1628 festum
1119 1598 1203 1628 Pen-

296 1647 465 1683 tbecostes,
483 1657 614 1677 narrans
626 1656 660 1676 se
677 1656 740 1676 non
754 1656 849 1686 posse
859 1647 1028 1677 certificare
1043 1647 1202 1677 nacionem

298 1706 356 1727 nec
371 1695 532 1726 certificari
549 1696 587 1725 de
604 1696 736 1725 adventu
757 1695 887 1735 pecunie
907 1705 973 1732 sue,
990 1706 1058 1726 cum
1075 1697 1202 1726 multum

295 1745 428 1776 distaret
445 1755 463 1774 a
483 1744 624 1785 partibus
649 1744 726 1774 suis.
746 1744 788 1774 Et
808 1744 931 1774 fuerunt
954 1745 1203 1785 supplicaciones

301 1804 407 1825 eorum
417 1803 578 1830 concesse,
589 1794 756 1823 dummodo
769 1794 851 1833 apud
866 1800 1058 1834 receptorem
1074 1795 1204 1835 pignera

296 1843 461 1884 posuerint
475 1842 652 1873 sufficencia
669 1843 772 1882 ipsum
795 1843 1018 1873 contentancia.
1043 1843 1078 1873 ln
1097 1845 1203 1874 eadem

298 1892 544 1933 congregacione
558 1891 811 1932 supplicaverunt
826 1891 983 1922 lohannes
999 1892 1063 1932 Fay
1078 1893 1116 1922 de
1131 1893 1205 1923 Tra-

288 1941 378 1983 jecto
392 1941 548 1981 superiori
559 1946 590 1971 et
602 1940 719 1971 Hector
726 1941 764 1970 de
779 1941 944 1971 Xanctroia
954 1951 1011 1981 pro
1022 1942 1204 1972 dimissione

297 1990 474 2031 hujusmodi
484 1990 615 2030 pecunie
629 1989 754 2020 racione
768 2000 824 2020 sue
833 1990 1073 2020 determinancie
1089 1991 1203 2027 debite,

297 2045 459 2070 narrantes
480 2049 514 2069 se
539 2048 693 2079 pauperes
715 2044 861 2069 statutum
887 2040 1078 2080 paupertatis
1098 2039 1205 2080 jurare

293 2089 451 2124 volentes,
467 2089 551 2128 quod
566 2086 759 2128 juraverunt.
777 2088 817 2118 Et
835 2088 1084 2128 supplicaciones
1099 2099 1205 2119 eorum

295 2147 445 2168 concesse
461 2138 584 2167 fuerunt
605 2138 663 2167 sub
684 2137 878 2172 condicione,
898 2147 958 2178 que
980 2138 1012 2167 in
1029 2137 1206 2178 juramento

297 2197 354 2217 seu
379 2192 493 2217 statuto
515 2187 707 2226 paupertatis
731 2186 928 2226 exprimitur,
949 2187 1094 2217 videlicet
1111 2187 1139 2217 si
1167 2188 1206 2218 ad

299 2235 495 2276 pinguiorem
514 2236 677 2271 fortunam.
693 2241 751 2265 etc.

338 2284 409 2325 (Fal.
423 2287 461 2315 39
476 2285 500 2325 ι’)
515 2284 589 2314 Item
603 2285 681 2314 facta
695 2284 939 2325 congregacione
951 2285 1091 2316 nacionis
1104 2285 1143 2314 V-
1157 2286 1206 2324 die

298 2333 419 2370 Marcii,
435 2343 495 2374 que
510 2333 567 2363 fuit
578 2334 610 2363 3·
623 2333 778 2363 dominica
788 2333 1042 2374 Quadragesime,
1055 2340 1127 2374 post
1142 2344 1206 2364 ser-

291 2392 432 2418 Jnonem,
455 2383 539 2423 apud
561 2381 706 2412 Sanctum
733 2382 920 2413 Maturinum
940 2383 1042 2423 primo
1062 2384 1101 2413 ad
1125 2383 1207 2413 reci-

300 2431 448 2472 piendum
462 2431 568 2462 literas
581 2441 636 2462 seu
645 2432 849 2462 instrumenta
860 2432 1012 2462 anotariis
1025 2432 1101 2462 facta
1111 2442 1207 2473 super

299 2487 458 2511 contractu
467 2481 589 2521 gardini
599 2480 631 2510 in
641 2480 856 2520 emphiteosim
868 2481 946 2510 facto
958 2481 1039 2511 inter
1048 2481 1206 2511 nacionem

300 2536 373 2565 etc.,
391 2536 424 2560 ut
435 2535 650 2570 prenarratum
665 2535 723 2566 est,
735 2529 937 2560 deliberatum
948 2529 1004 2560 suit
1017 2529 1124 2560 literas
1136 2530 1205 2560 illas

292 2588 316 2611 a
335 2578 466 2608 notariis
482 2578 558 2608 alias
584 2589 639 2609 seu
658 2578 765 2609 ultimo
788 2579 943 2618 deputatis
970 2589 1027 2619 pro
1054 2579 1107 2609 tali
1128 2579 1207 2609 facto

301 2627 496 2667 recipiendas
514 2637 571 2668 per
580 2637 697 2668 eosque
710 2628 878 2658 servandas
890 2634 921 2658 et
938 2627 1058 2658 nacioni
1074 2638 1206 2668 presen-

301 2677 419 2707 tendas.

338 2725 371 2755 2⁰
381 2725 420 2755 ad
437 2725 683 2765 supplicandum.
701 2725 741 2756 Et
757 2725 944 2766 supplicavit
955 2726 1103 2767 magister
1122 2725 1207 2756 Ghe-

299 2773 411 2804 rardus
440 2774 572 2814 Kemyn,
593 2784 661 2805 cum
680 2780 750 2805 ante
774 2775 891 2805 obitum
912 2785 990 2815 pape
1012 2774 1131 2805 Urbani
1155 2775 1207 2816 pie

304 2821 452 2853 memorie
466 2822 544 2853 infra
555 2833 691 2853 mensem
703 2824 742 2854 de
757 2824 859 2854 studio
876 2824 1047 2854 Parisiensi
1065 2834 1207 2854 recesse-

300 2870 344 2901 rit
355 2877 385 2902 et
401 2880 511 2902 versus
530 2872 645 2903 curiam
663 2872 875 2909 ambulaverit,
896 2879 926 2903 et
940 2873 972 2903 in
986 2873 1075 2903 firmo
1089 2883 1208 2914 propo-

1161 945 1190 1123 Posuerunt
1159 787 1200 930 pignora.

332 2969 356 2993 1.
389 2969 444 2994 Sed
454 2968 540 2994 adhuc
547 2978 596 3002 por
605 2973 717 3002 quatuor
733 2978 814 2995 ωυιω
824 2970 896 2996 visit.

1236 963 1270 989 10

1238 1209 1271 1236 15

1239 1455 1273 1481 20

1239 1698 1274 1724 25

1241 1944 1276 1971 30

1243 2189 1278 2217 35

1244 2435 1279 2462 40

1243 2680 1278 2707 45

1306 517 1366 546 sito
1388 523 1418 547 et
1441 517 1617 547 intencione
1638 517 1814 547 revertendi
1836 518 1983 553 extiterit,
2009 528 2112 557 ymmo
2136 519 2216 548 infra

1305 567 1436 596 eundem
1463 566 1664 602 ordinarium,
1691 566 1837 596 videlicet
1861 573 1932 606 post
1956 568 2066 596 festum
2097 568 2216 597 Pasche

1306 615 1479 645 immediate
1494 625 1640 645 reversus
1658 625 1757 655 usque
1777 617 1814 645 ad
1837 616 1947 645 festum
1970 616 2132 645 Michaelis
2149 624 2216 646 stu-

1306 664 1390 694 dium
1419 664 1627 694 continuando
1649 664 1790 694 Parisius
1817 675 1933 694 moram
1961 666 2090 694 traxerit
2121 672 2151 694 et
2183 666 2215 694 in

1305 713 1451 743 absencia
1475 723 1531 743 sua
1553 723 1633 752 papa
1654 720 1775 743 mortuo
1795 714 1832 742 ad
1853 713 1987 743 rotulum
2011 715 2132 753 positus
2148 725 2215 755 gra-

1306 762 1383 792 ciam
1403 772 1457 792 seu
1478 762 1705 802 expectanciam
1732 762 1912 798 obtinuerit,
1943 773 2032 802 quam
2064 770 2137 803 post
2162 774 2217 803 per

1303 811 1482 841 .vacanciam
1507 818 1668 841 assecutus
1694 811 1765 847 suit;
1801 822 1881 841 unus
1908 822 1983 842 suus
2018 813 2216 842 adversarius

1307 860 1368 890 sibi
1394 859 1508 900 objecit
1528 861 1611 900 quod
1636 870 1674 890 ex
1691 871 1754 900 quo
1778 860 1918 891 Parisius
1938 867 2077 900 tempore
2091 862 2218 891 conclu-

1307 909 1407 939 sionis
1422 909 1515 939 rotuli
1537 919 1600 938 non
1625 910 1691 945 fuit,
1713 910 1838 939 racione
1853 909 1936 939 bulle
1955 910 2077 950 papalis
2095 911 2218 950 gracias

1307 959 1596 998 superveniencium
1623 959 1801 988 absencium
1826 965 1856 988 et
1874 969 1937 988 non
1959 959 2104 989 continue
2129 960 2218 989 Pari-

1307 1007 1374 1038 sius
1398 1008 1591 1037 studencium
1609 1008 1796 1044 revocantis,
1822 1008 1924 1048 ipsum
1942 1009 2041 1048 gratia
2065 1019 2120 1038 sua
2140 1008 2219 1048 legi-

1307 1056 1381 1086 time
1398 1057 1540 1086 frustrari
1559 1063 1590 1086 et
1603 1067 1621 1086 a
1635 1057 1785 1086 beneficio
1803 1058 1927 1087 racione
1945 1058 2051 1098 gracie
2067 1058 2127 1087 sibi
2142 1058 2218 1087 facte

1308 1107 1506 1146 postmodum
1521 1112 1664 1135 assecuto
1679 1107 1717 1135 de
1727 1105 1798 1146 jure
1812 1107 1928 1146 privari
1947 1119 1953 1135 :
1969 1107 2115 1147 quatinus
2131 1107 2219 1136 nacio

1309 1155 1403 1185 vellet
1422 1155 1482 1184 sibi
1503 1156 1576 1185 dare
1589 1155 1720 1184 litteram
1737 1155 1974 1185 testimonialem
1992 1156 2218 1190 testificantem,

1309 1204 1412 1244 ipsum
1440 1210 1510 1234 ante
1541 1210 1571 1234 et
1598 1211 1670 1244 post
1684 1204 1863 1234 continuum
1881 1205 2032 1235 scolarem
2059 1205 2091 1234 in
2117 1205 2220 1235 studio

1310 1253 1482 1283 Parisiensi
1520 1253 1672 1289 extitisse,
1708 1259 1738 1283 et
1767 1263 1826 1294 per
1855 1254 2016 1284 nacionem
2044 1261 2220 1294 presentem

1310 1309 1483 1342 reputatum
1511 1302 1618 1332 fuisse.
1649 1302 1689 1332 Et
1709 1309 1873 1343 postquam
1904 1303 1971 1343 ipse
1995 1303 2075 1333 dixit
2096 1303 2127 1333 in
2146 1313 2221 1332 con-

1312 1351 1447 1382 sciencia
1465 1361 1530 1386 sua,
1546 1362 1580 1381 se
1593 1352 1689 1381 fuisse
1704 1352 1892 1382 intencionis
1908 1353 2085 1382 revertendi
2100 1354 2138 1382 ad
2155 1359 2221 1382 stu-

1310 1401 1394 1431 dium
1409 1401 1563 1436 Parisius,
1577 1401 1701 1440 quando
1721 1401 1862 1436 recessit,
1878 1401 1935 1431 suit
1947 1401 2139 1442 supplicacio
2155 1400 2221 1441 ejus

1311 1460 1471 1480 concessa.

1350 1499 1469 1529 Deinde
1489 1499 1675 1539 supplicavit
1692 1499 1840 1539 magister
1861 1499 2019 1529 Sanderus
2037 1501 2075 1529 de
2093 1499 2222 1529 Livonia

1310 1549 1349 1578 ad
1361 1555 1466 1588 partes
1479 1558 1552 1578 suas
1569 1548 1669 1578 iturus
1685 1559 1740 1578 sua
1759 1548 1971 1588 dispositurus
1987 1554 2016 1578 et
2031 1555 2104 1588 post
2120 1558 2222 1578 rever—

1311 1607 1415 1633 surus,
1427 1598 1510 1637 quod
1526 1607 1595 1627 cum
1608 1607 1719 1637 magna
1732 1604 1816 1627 esset
1832 1597 1983 1627 distancia
1997 1598 2097 1638 patrie
2114 1607 2168 1627 sue
2185 1598 2222 1627 de

1311 1647 1465 1682 parisius,
1478 1646 1523 1676 sic
1538 1647 1621 1686 quod
1631 1646 1684 1676 vix
1701 1647 1780 1676 infra
1795 1657 1906 1676 annum
1925 1653 2033 1686 posset
2047 1647 2104 1682 ire,
2119 1646 2222 1676 redire

1311 1703 1342 1726 et
1358 1706 1414 1726 sua
1433 1695 1463 1725 in
1479 1696 1619 1735 partibus
1639 1695 1819 1735 disponere,
1843 1696 1988 1735 quatinus
2008 1695 2035 1725 si
2054 1695 2222 1735 contigerit

1311 1755 1421 1786 papam
1441 1745 1519 1774 mori
1538 1745 1616 1774 infra
1632 1751 1753 1784 tempus
1767 1744 1789 1780 ¹,
1810 1755 1868 1784 per
1884 1745 1969 1785 quod
1984 1751 2069 1775 esset
2085 1744 2116 1774 in
2130 1745 2223 1784 parti-

1311 1795 1382 1830 bus,
1406 1794 1508 1834 ipsum
1534 1800 1688 1834 tamquam
1716 1800 1891 1834 presentem
1920 1794 2021 1823 rotulo
2046 1794 2223 1834 permittere

1307 1843 1405 1875 ,vellet
1421 1843 1539 1883 imponi
1561 1843 1672 1873 solutis
1690 1843 1860 1878 solvendis,
1885 1850 1915 1873 et
1932 1843 2077 1883 quatinus
2099 1843 2129 1872 in
2154 1843 2222 1872 loco

1313 1903 1370 1923 suo
1393 1903 1431 1922 ex
1454 1892 1635 1932 antiquitate
1660 1892 1831 1932 magisterii
1858 1892 1918 1922 sibi
1938 1898 2132 1932 competente
2154 1898 2223 1921 tan-

1314 1952 1405 1982 quam
1420 1951 1553 1982 presens
1579 1951 1616 1971 eo
1633 1942 1760 1971 absente
1778 1951 1960 1981 permanere
1976 1947 2093 1981 posset.
2115 1941 2153 1970 Et
2169 1941 2225 1971 suit

1314 1991 1414 2031 prima
1428 2001 1501 2030 pars
1520 1990 1764 2030 supplicacionis
1782 2000 1836 2020 sue
1855 1991 2023 2020 secundum
2040 1991 2123 2030 quod
2142 1991 2225 2031 peti-

1314 2040 1359 2070 vit
1373 2040 1412 2069 ad
1433 2050 1545 2070 annum
1565 2040 1712 2069 duntaxat
1728 2049 1877 2069 concessa
1884 2051 1892 2075 ς
1915 2045 1946 2069 et
1961 2039 1992 2068 2·
2010 2049 2084 2079 pars
2101 2040 2138 2068 de
2155 2039 2224 2068 loco

1315 2089 1372 2119 fuit
1390 2099 1407 2119 a
1427 2089 1556 2118 nacione
1581 2095 1611 2118 et
1633 2099 1648 2118 a
1674 2088 1832 2128 magistris
1847 2095 1979 2128 protunc
1997 2088 2028 2118 in
2051 2098 2225 2129 congrega-

1314 2138 1403 2168 cione
1430 2137 1647 2173 existentibus,
1664 2144 1811 2177 quantum
1829 2137 1980 2178 possibile
1996 2138 2033 2166 ab
2052 2138 2097 2167 eis
2113 2147 2225 2167 conce-

1315 2188 1389 2218 dere
1402 2187 1468 2222 fuit.
1487 2186 1626 2227 plenarie
1641 2196 1800 2217 concessa.

1356 2235 1429 2266 Istis
1447 2236 1535 2266 factis
1555 2236 1747 2266 intraverunt
1762 2236 1903 2275 magistri
1918 2236 2075 2265 tabernam
2094 2236 2136 2264 ad
2151 2236 2225 2264 duos

1313 2286 1436 2326 gladios
1446 2292 1651 2325 nuncupatam
1660 2291 1690 2315 et
1698 2291 1959 2325 consumpserunt
1970 2285 2083 2314 ibidem
2095 2285 2223 2314 XXXIX

1315 2334 1447 2370 solidos,
1468 2334 1506 2364 de
1519 2334 1633 2374 quibus
1649 2334 1797 2374 magister
1810 2334 1970 2364 Arnoldus
1984 2334 2021 2363 de
2038 2333 2150 2364 Nussia
2165 2333 2225 2362 sol-

1315 2384 1360 2414 vit
1374 2383 1402 2413 ll
1420 2384 1556 2418 francos,
1570 2389 1600 2413 et
1615 2382 1754 2423 magistri
1773 2383 1946 2419 residuum;
1965 2383 2068 2418 solvit,
2089 2383 2224 2422 inquam,

1317 2433 1478 2473 predictus
1494 2432 1643 2472 magister
1657 2431 1815 2462 Arnoldus
1835 2434 1850 2462 1
1866 2433 2002 2461 francum
2019 2442 2076 2471 pro
2087 2430 2224 2471 jocundo

1315 2491 1372 2512 suo
1394 2481 1522 2511 introitu
1541 2481 1573 2511 in
1591 2481 1731 2511 nacionis
1752 2481 1881 2521 primam
1901 2491 1984 2510 suam
2007 2479 2225 2520 congregacio-

1315 2541 1396 2566 nem,
1413 2537 1444 2560 et
1456 2540 1493 2560 ex
1510 2530 1738 2560 deliberacione
1751 2537 1781 2560 et
1798 2530 1992 2569 beneplacito
2008 2529 2225 2569 magistrorum

1316 2579 1409 2610 solvit
1421 2580 1513 2610 alium
1529 2589 1588 2619 pro
1610 2579 1757 2619 quitando
1773 2589 1807 2609 se
1824 2580 1862 2608 de
1878 2580 1983 2608 franco
2001 2588 2058 2618 pro
2078 2587 2222 2617 procura-

1314 2629 1403 2659 cione
1420 2629 1519 2668 prima
1531 2628 1591 2659 sibi
1604 2639 1620 2658 a
1634 2628 1761 2658 nacione
1778 2628 1964 2658 conferenda
1979 2627 2095 2661 debito,
2114 2636 2226 2655 secun-

1315 2678 1387 2708 dum
1404 2677 1658 2708 consuetudinem
1676 2687 1853 2716 moremque
1869 2675 2049 2706 laudabilem
2067 2675 2225 2715 hucusque

1315 2727 1526 2757 observatum.

1356 2776 1431 2806 Item
1454 2776 1531 2805 facta
1553 2775 1800 2815 congregacione
1825 2773 1910 2803 VIII·
1935 2774 1984 2803 die
2010 2773 2117 2803 Marcii
2143 2773 2224 2812 apud

1316 2824 1460 2854 Sanctum
1492 2824 1645 2854 sulianum
1681 2824 1719 2853 ad
1756 2822 2004 2863 supplicandum,
2040 2821 2228 2862 supplicavit

1314 2873 1472 2905 ‚lohannes
1492 2873 1652 2903 Mambren
1665 2872 1874 2902 determinans
1895 2871 1925 2900 in
1943 2870 2074 2907 artibus,
2090 2870 2229 2900 necessi·

1515 0 1833 22 *manv-‚fflssffli’sw’ev'
1849 0 1909 15 ’τ-Ὶ*
1922 0 1963 10 *-
2026 0 2051 14 .-·-
2069 0 2119 13 ww
2135 0 2138 8 »
2156 4 2160 8 »
2183 0 2186 2 ’
2212 0 2223 2 ”
2242 0 2244 2 ·
2279 1 2282 4 ⁴
