2632 3464
323 407 375 434 ⁶17

325 483 444 514 vincies
456 489 573 519 nostre,
585 484 644 513 sub
656 484 804 523 magistro
815 483 952 514 Jordano
967 484 1005 513 de
1017 483 1126 519 clivis,
1143 483 1230 524 cujus

323 533 419 562 bursa
432 532 487 562 Vll
502 532 574 568 sol„
593 532 663 562 VIII
678 532 809 562 denarii.
827 532 936 562 Solvit.

364 581 439 611 Item
459 581 674 611 determinavit
694 581 838 611 dominus
856 581 1018 621 Reynerus
1038 582 1076 611 de
1093 582 1229 611 Jucben-

322 630 382 660 den
399 632 457 660 sub
471 630 618 670 magistro
632 630 727 660 Petro
741 630 779 659 de
791 629 1016 665 Aemsterdam,
1031 629 1118 670 cujus
1135 631 1229 660 bursa

322 679 379 709 Vll
391 680 463 715 sol„
474 679 547 709 v111
557 679 686 709 denarii.
698 679 806 708 Solvit.

363 728 437 759 Item
447 727 660 758 determinavit
671 728 814 758 dominus
830 728 1066 758 Bartholomeus
1078 728 1227 758 Johannis

321 778 358 807 de
386 777 526 808 Sciedam
558 777 781 806 Hollandrinus
819 778 878 807 sub
907 777 1056 817 magistro
1087 777 1227 807 Johanne

322 827 501 861 Hoekelem,
518 825 605 866 cujus
616 827 711 855 bursa
726 826 752 855 V
766 826 869 856 solidi.
888 826 997 856 Solvit.

361 876 436 906 Item
453 875 667 905 determinavit
684 875 827 905 dominus
846 875 1031 906 Fredericus
1049 877 1086 905 de
1105 876 1226 906 Almelo

321 926 358 955 de
372 924 539 955 Aldensale
553 925 611 954 sub
626 924 775 964 magistro
789 924 929 954 Johanne
941 924 1122 961 Hoekelem,
1139 924 1225 965 cujus

321 975 415 1004 bursa
429 973 470 1003 VI
485 973 588 1003 solidi.
609 973 718 1003 Posuit
731 974 856 1013 pignus.

362 1023 436 1052 ltem
461 1022 675 1052 determinavit
697 1023 840 1052 dominus
860 1023 1023 1053 Conradus
1047 1023 1226 1054 Tumermflt

319 1073 358 1101 de
371 1071 511 1102 Valkilch
527 1072 584 1101 sub
604 1072 752 1111 magistro
772 1071 911 1101 Johanne
931 1073 968 1102 de
984 1073 1121 1108 Austria,
1138 1073 1224 1113 cujus

320 1121 415 1151 bursa
430 1120 457 1150 11
471 1120 576 1155 solidi,
593 1120 665 1150 v111
681 1121 810 1150 denarii.
829 1121 938 1150 Posuit
952 1122 1078 1161 pignus.

359 1170 434 1200 Item
459 1169 676 1199 determinavit
698 1170 842 1199 dominus
865 1170 1017 1200 Martinus
1039 1171 1225 1211 Menghelen

318 1220 357 1249 de
383 1218 537 1248 Alcmaria
563 1220 620 1248 sub
647 1219 796 1258 magistro
821 1219 960 1248 Johanne
982 1220 1020 1249 de
1044 1220 1223 1256 Hoekelem,

316 1267 404 1308 cujus
417 1268 512 1297 bursa
526 1267 552 1296 V
567 1267 671 1302 solidi,
688 1267 760 1297 v111
776 1268 905 1297 denarii.
927 1268 1036 1298 Solvit.

359 1317 434 1347 Item
460 1317 674 1346 determinavit
701 1317 844 1346 dominus
876 1317 1051 1357 Heynricus
1078 1318 1224 1348 Poelman

318 1367 357 1396 de
375 1366 513 1396 Arnbem
537 1367 594 1395 sub
619 1366 767 1406 magistro
791 1366 932 1396 Waltero
954 1366 1112 1403 Venedou,
1137 1367 1223 1406 cujus

319 1416 413 1445 bursa
427 1414 453 1444 V
467 1414 570 1444 solidi.
589 1415 699 1445 Posuit
713 1415 838 1454 pignus.

359 1464 434 1493 Item
457 1463 672 1493 determinavit
695 1464 838 1493 dominus
862 1463 1025 1504 Reynerus
1050 1465 1158 1495 Jacobi
1186 1467 1223 1495 de

317 1513 423 1543 Hoern
441 1514 498 1543 sub
516 1513 664 1553 magistro
677 1512 816 1542 Johanne
832 1513 1011 1549 Hoekelem,
1031 1513 1119 1555 cujus
1130 1516 1224 1545 bursa

316 1561 343 1591 V
357 1561 461 1591 solidi.
484 1562 616 1600 [Posuit]
635 1562 758 1602 pignus.

358 1611 432 1640 item
452 1610 667 1640 determinavit
684 1610 827 1640 dominus
845 1611 986 1641 Andreas
1009 1611 1160 1642 Johannis
1184 1614 1222 1643 de

317 1659 438 1690 Swecia
458 1660 516 1689 sub
539 1659 688 1699 magistro
714 1659 890 1689 Hermanno
917 1661 955 1690 de
978 1660 1106 1700 Treysa,
1134 1661 1221 1702 cujus

316 1709 411 1738 bursa
424 1708 450 1737 V
468 1708 571 1738 solidi.
591 1708 724 1747 [Posuit]
742 1709 868 1749 pignus.

356 1757 431 1787 Item
454 1758 668 1787 determinavit
689 1758 832 1787 dominus
853 1758 994 1788 Andreas
1015 1759 1053 1789 de
1079 1759 1222 1800 Langen-

316 1812 406 1846 steyn
418 1807 456 1836 de
472 1806 584 1836 Bassia
597 1807 654 1836 sub
670 1807 818 1847 magistro
834 1807 1010 1837 Stennislao
1027 1809 1064 1838 tle
1079 1808 1219 1845 Polonia,

316 1854 404 1895 cujus
412 1855 506 1885 bursa
518 1855 624 1890 nichil,
636 1854 826 1895 quiajuravit
835 1862 979 1886 statutum
990 1858 1218 1897 [paupertatisJ.

358 1905 431 1934 Item
450 1904 666 1934 determinavit
679 1905 824 1934 dominus
839 1905 973 1935 Jacobus
992 1907 1030 1935 de
1051 1906 1166 1936 Patella
1182 1908 1220 1937 de

315 1952 456 1993 Trajecto
472 1954 530 1983 sub
541 1953 689 1993 magistro
701 1953 841 1983 Johaune
853 1954 1013 1990 Lubberti,
1027 1955 1114 1995 cujus
1127 1957 1221 1986 bursa

316 2001 359 2032 Ill
376 2001 480 2032 solidi.
495 2002 603 2031 Posuit
619 2002 742 2042 pignus.

718 2096 815 2126 1382

340 2168 413 2197 Hec
442 2173 527 2197 sunt
552 2173 631 2196 acta
661 2167 696 2197 in
727 2169 988 2208 procuratoria
1018 2171 1190 2210 magistri

581 2216 736 2256 Nycolai
761 2217 804 2247 de
833 2217 949 2248 Cuba.

353 2295 443 2325 Anno
476 2296 599 2326 Domini
629 2296 674 2326 Μ’
703 2295 797 2327 CCC⁰
826 2297 991 2334 Lxxxllo,
1024 2298 1142 2328 decima
1167 2300 1217 2330 die

313 2345 428 2374 mensis
451 2344 572 2379 Marcii,
589 2346 667 2374 facta
689 2345 744 2375 suit
765 2347 971 2387 congregacio
995 2347 1146 2378 facultatis
1166 2359 1217 2378 ar-

313 2393 392 2423 cium
405 2399 478 2433 aput
490 2393 635 2423 Sanctum
647 2394 800 2424 sulianum
816 2405 983 2435 pauperem
998 2396 1216 2437 perjuramen-

312 2448 375 2472 tum
388 2442 464 2471 bora
479 2443 646 2482 primarum
668 2453 763 2483 super
778 2444 856 2474 sacto
877 2445 1084 2484 temptaminis
1106 2446 1217 2476 Sancte

313 2489 499 2520 Geneol'eve.
516 2491 630 2521 Eadem
646 2491 695 2521 die
713 2498 743 2521 et
758 2492 831 2522 hora
851 2499 880 2522 et
900 2492 968 2522 loco
982 2494 1073 2523 fiebat
1088 2505 1216 2535 congre-

312 2539 402 2579 gacio
413 2539 551 2570 nacionis
564 2540 735 2580 Anglicane
746 2542 783 2570 ad
795 2540 970 2581 eligendum
984 2549 1215 2582 procuratorem

313 2593 343 2618 et
356 2588 540 2618 audiendum
558 2595 732 2629 compotum
751 2590 932 2630 recepturis.
954 2590 993 2620 Et
1010 2597 1082 2621 tunc
1101 2592 1216 2623 electus

313 2636 369 2667 fuit
390 2636 421 2666 in
442 2644 672 2677 procuratorem
695 2639 775 2668 dicte
796 2639 934 2669 nacionis
960 2641 1156 2671 concorditer
1179 2643 1217 2671 ab

311 2685 454 2716 omnibus
488 2686 646 2727 magistris
680 2693 810 2727 protunc
847 2688 1044 2728 presentibus
1071 2690 1218 2730 magister

343 2791 365 2816 1.
399 2793 469 2816 runc
481 2792 592 2817 ilenrico
605 2793 787 2818 Brekarevere.

343 2827 366 2851 2.
400 2828 435 2851 De
447 2826 487 2851 Ιιῐι
499 2828 616 2852 omnibu·
631 2828 711 2853 dean
723 2829 852 2858 ctu-nul..
867 2830 911 2859 m,
926 2834 953 2854 n·
966 2830 1036 2855 14⁶⁵.

342 2862 366 2886 3.
399 2863 418 2886 Ι.
429 2870 452 2886 ο.
467 2863 579 2895 Miglis..
591 2864 703 2892 Picard.,
718 2865 859 2889 Normann.

342 2898 367 2921 ⁴.
401 2899 473 2930 Quae
489 2902 630 2931 neq-untur
646 2907 725 2932 unque
744 2901 800 2929 01⁹,
816 2901 854 2929 13,
871 2909 945 2925 eruce
963 2901 1066 2934 signata
1084 2905 1109 2926 ct
1123 2906 1216 2935 penum

309 2935 464 2962 aeram-nco,
483 2933 560 2958 euhe-
576 2934 642 2959 iaur
655 2934 746 2965 line-0,
759 2935 844 2960 deleta
858 2939 925 2966 nune,
937 2937 973 2961 ita
987 2940 1014 2961 ut
1031 2937 1133 2962 rubrica
1146 2938 1215 2970 diffl-

827 408 940 434 LIBER
966 409 1279 436 PROCURATORUM
1299 409 1479 436 NATIONIS
1501 409 1746 437 ANGLICANAE

1263 931 1297 958 10

1263 1177 1296 1203 15

1261 1423 1295 1449 20

1259 1669 1293 1695 25

1257 1913 1292 1940 30

1256 2159 1290 2185 35

1254 2404 1288 2431 40

1254 2649 1288 2675 45

2193 412 2244 437 618

1338 485 1493 524 Nycolaus
1509 486 1546 514 de
1563 485 1660 515 Cuba.
1682 486 1720 515 Et
1736 487 1766 515 in
1784 488 1888 515 eadem
1902 487 2147 526 congregacione
2164 499 2243 516 com-

1337 541 1431 573 putus
1449 535 1620 574 receptoris
1643 545 1704 564 non
1723 535 1778 564 suit
1799 536 1931 566 auditus,
1954 537 2026 575 quia
2048 537 2138 565 nimis
2159 538 2243 565 tarde

1339 583 1395 612 fuit
1409 589 1539 623 propter
1554 585 1664 612 sactum
1681 584 1842 613 facultatis.

1379 631 1454 660 Item
1478 632 1509 661 in
1534 633 1640 662 eadem
1667 634 1912 672 congregacione
1936 634 2076 662 budellus
2107 635 2243 663 nacionis

1338 680 1466 710 Francie
1489 682 1658 721 requisitus
1683 692 1699 710 a
1722 681 1876 717 rectore⁴,
1897 689 1929 711 ut
1951 683 2049 712 exiret
2075 694 2243 723 congrega-

1337 729 1456 759 cionem
1485 737 1627 770 tanquam
1662 741 1723 760 non
1749 730 1871 770 juratus
1901 731 2045 766 facultati,
2074 732 2157 760 exire
2182 743 2243 761 non

1335 779 1443 814 voluit,
1461 785 1491 809 et
1507 780 1577 808 ideo
1594 780 1695 820 alique
1712 780 1857 809 naciones
1873 790 1974 809 coram
1991 781 2060 820 ipso
2076 781 2243 811 deliberata

1336 829 1467 858 reddere
1490 829 1672 864 noluerunt,
1697 829 1792 858 eciam
1814 829 1885 868 quia
1904 829 1992 868 prius
2014 836 2078 858 tres
2099 830 2242 859 naciones

1334 877 1436 916 ipsum
1458 877 1753 916 in[h]abilitaverant
1770 884 1898 918 propter
1921 879 2111 908 consimilem
2133 886 2242 908 contu-

1334 926 1472 956 maciam.

1375 975 1449 1004 Item
1467 977 1572 1005 eadem
1590 977 1836 1016 congregacione
1856 977 1940 1005 finita
1957 977 2113 1015 predictus
2131 988 2241 1016 procu-

1333 1031 1418 1055 rator
1442 1024 1534 1054 solvit
1554 1026 1689 1054 francum
1713 1035 1804 1055 unum
1830 1035 1887 1065 pro
1911 1026 2008 1065 prima
2031 1027 2241 1065 procuratoria

1334 1083 1400 1109 sua,
1418 1074 1470 1113 qui
1489 1074 1591 1103 statim
1608 1075 1662 1103 fuit
1677 1081 1786 1114 postea
1800 1075 1831 1104 in
1846 1075 1976 1114 prandio
1993 1082 2192 1115 consumptus
2210 1076 2239 1104 in

1332 1124 1460 1152 taberna
1474 1133 1531 1162 per
1548 1123 1724 1163 magistros.

1375 1172 1449 1202 Item
1466 1172 1496 1201 in
1510 1173 1648 1212 predicta
1664 1173 1879 1212 procuratoria
1895 1173 1988 1202 multa
2009 1174 2130 1203 suerunt
2147 1175 2241 1203 ardua

1335 1222 1411 1250 sacta
1439 1228 1499 1250 tam
1533 1222 1565 1251 in
1592 1221 1801 1251 Universitate
1828 1232 1919 1261 quam
1948 1222 1979 1251 in
2007 1223 2157 1257 facultate,
2182 1234 2240 1262 que

1334 1270 1430 1300 scribi
1453 1281 1514 1300 non
1535 1277 1772 1301 consueverunt.
1795 1271 1979 1310 Specialiter
1997 1278 2095 1301 tamen
2119 1272 2147 1300 in
2169 1283 2240 1311 qua-

1333 1321 1402 1348 dam
1418 1320 1468 1349 die
1484 1319 1678 1350 Universitas
1694 1320 1896 1360 solempniter
1914 1331 1948 1349 ac
1966 1320 2168 1360 collegialiter
2186 1331 2242 1360 per

1331 1367 1538 1408 juramentum
1561 1369 1616 1398 suit
1635 1375 1823 1409 congregata
1842 1370 1879 1398 de
1898 1380 1984 1398 mane
2008 1370 2038 1398 in
2062 1377 2147 1399 sexta
2167 1370 2241 1399 bora

1335 1418 1373 1447 ad
1390 1418 1533 1447 Sanctum
1553 1418 1739 1448 Maturinum
1757 1428 1815 1458 pro
1833 1419 1974 1447 adeundo
1993 1429 2108 1458 regem,
2129 1430 2240 1448 secun—

1332 1467 1419 1496 dario
1439 1468 1476 1496 ad
1495 1467 1731 1506 supplicandum
1754 1467 1814 1496 sibi
1836 1477 1894 1507 pro
1916 1467 1988 1496 villa
2007 1468 2187 1502 Parisiensi,
2208 1475 2239 1497 ut

1332 1516 1432 1546 eidem
1447 1516 1610 1556 ignoscere
1633 1516 1725 1546 vellet
1738 1526 1773 1545 ea
1787 1527 1847 1556 que
1865 1517 1940 1546 sacta
1958 1523 2043 1546 erant
2060 1517 2088 1545 in
2103 1527 2238 1546 commo-

1331 1565 1419 1594 cione
1439 1564 1576 1604 ejusdem
1596 1565 1668 1594 ville
1689 1571 1796 1594 contra
1818 1565 1900 1600 illos,
1920 1566 1972 1605 qui
1992 1576 2029 1595 ex
2050 1573 2134 1605 parte
2155 1566 2239 1605 regis

1331 1614 1552 1654 imposiciones
1582 1624 1693 1653 capere
1723 1614 1898 1644 voluerunt.
1931 1615 1969 1644 Et
2000 1615 2067 1654 ipse
2096 1622 2238 1654 repertus

1331 1670 1462 1703 protunc
1487 1663 1517 1692 in
1545 1673 1669 1692 nemore
1692 1663 1880 1693 Viciniarum
1904 1663 2142 1693 Universitatem
2170 1674 2238 1704 gra-

1330 1718 1431 1742 tanter
1457 1712 1576 1752 accepit
1601 1719 1631 1741 et
1660 1712 1719 1742 sibi
1743 1719 1862 1752 gratum
1892 1723 2076 1753 responsum
2101 1723 2158 1753 pro
2184 1724 2238 1742 sua

1330 1761 1561 1801 supplicacione
1593 1761 1688 1796 dedit,
1714 1761 1857 1791 videlicet
1883 1763 1964 1801 quod
1990 1772 2047 1801 pro
2076 1763 2143 1801 ipsa
2167 1762 2237 1802 plus

1330 1821 1419 1850 quam
1444 1821 1502 1850 pro
1526 1811 1629 1850 aliquo
1654 1810 1776 1839 vivente
1798 1811 1897 1840 facere
1917 1810 2018 1840 vellet.
2046 1811 2084 1840 Et
2106 1818 2236 1851 protunc

1330 1859 1507 1899 specialiter
1521 1860 1560 1888 ob
1574 1859 1759 1899 peticionem
1775 1859 1874 1898 ipsius
1887 1860 2105 1889 Universitatis
2121 1867 2150 1890 et
2165 1871 2236 1889 con-

1329 1915 1496 1948 sequenter
1508 1915 1638 1948 propter
1652 1908 1729 1938 alios
1748 1908 1969 1948 supplicantes,
1987 1909 2128 1938 videlicet
2143 1919 2235 1949 prop-

1329 1964 1376 1987 ter
1391 1957 1571 1996 episcopum
1592 1957 1799 1986 parisiensem
1823 1964 1853 1987 et
1870 1958 2046 1997 capitulum,
2071 1965 2142 1992 etc.,
2164 1958 2234 1987 ville

1329 2006 1499 2036 Parisiensi
1526 2007 1564 2035 de
1590 2006 1741 2046 predictis
1769 2017 1821 2035 rex
1856 2008 1998 2036 forefacta
2026 2007 2163 2036 indulsit.
2197 2007 2235 2036 Et

1327 2056 1494 2085 notandum
1521 2056 1603 2095 quod
1633 2062 1762 2095 protunc
1786 2055 1980 2085 Universitas
2005 2056 2110 2085 habuit
2132 2066 2233 2086 coram

1328 2115 1401 2144 rege
1422 2111 1490 2134 ante
1510 2105 1690 2144 episcopum
1714 2111 1743 2134 et
1767 2105 1931 2144 capitulum
1959 2105 2056 2134 Paris.
2085 2106 2183 2134 locum
2205 2112 2234 2135 et

1327 2164 1432 2183 vocem
1452 2154 1646 2193 proponendi
1660 2154 1921 2194 supplicacionem
1938 2165 2034 2188 suam,
2053 2161 2109 2183 etc.
2124 2154 2136 2173 ²

1367 2203 1438 2242 (Fal.
1452 2205 1488 2233 34
1505 2203 1528 2243 b)
1547 2203 1620 2232 Item
1635 2203 1712 2232 facta
1725 2203 1972 2243 congregacione
1985 2203 2134 2232 facultatis
2152 2205 2233 2243 apud

1327 2252 1472 2282 Sanctum
1499 2252 1652 2281 Julianum
1679 2262 1847 2292 pauperem
1879 2252 2009 2281 xxull-
2035 2253 2083 2281 die
2118 2254 2232 2282 mensis

1326 2301 1446 2336 Marcii,
1467 2301 1670 2330 deliberatum
1688 2301 1743 2330 suit
1763 2301 1958 2330 concorditer
1976 2312 2031 2340 per
2050 2308 2112 2331 tres
2128 2303 2232 2331 nacio-

1326 2350 1404 2379 nes³
1432 2360 1526 2389 super
1558 2350 1754 2389 temptamine
1782 2351 1892 2379 Sancte
1923 2350 2112 2386 Guneofm,
2149 2353 2230 2390 quod

1326 2400 1426 2439 ipsum
1451 2399 1580 2429 deberet
1603 2399 1717 2438 aperiri
1740 2408 1797 2438 per
1819 2399 1981 2428 officiarios
2006 2400 2123 2438 positos
2144 2407 2173 2429 et
2192 2401 2229 2429 ad

1325 2447 1382 2477 hoc
1399 2448 1558 2477 ordinatos
1575 2458 1630 2487 per
1646 2447 1825 2487 magistrum
1843 2448 1990 2477 Jodocum
2010 2456 2139 2487 protunc
2157 2460 2230 2479 can-

1325 2497 1481 2526 cellarium
1504 2495 1639 2536 ejusdem
1667 2497 1809 2532 ecclesie,
1833 2504 1863 2526 et
1886 2497 1912 2526 si
1941 2498 2035 2525 abbas
2067 2498 2159 2527 nollet
2185 2499 2230 2527 eis

1325 2546 1486 2585 assignare
1507 2545 1622 2580 locum,
1648 2546 1730 2585 quod
1749 2552 1819 2574 tunc
1842 2547 1927 2575 tieret
1950 2546 2072 2585 quercla
2098 2548 2135 2575 dc
2162 2547 2230 2587 ipso

1325 2595 1459 2624 dominis
1477 2596 1515 2624 de
1532 2595 1720 2634 parlamento
1739 2595 1768 2623 in
1785 2605 1856 2624 casu
1874 2595 2028 2624 novitati-e.

1366 2644 1438 2674 Item
1451 2643 1462 2662 ⁴
1492 2644 1568 2673 sacta
1605 2644 1850 2684 congregacione
1886 2643 2023 2672 nacionis
2061 2644 2230 2684 Anglicane

1326 2683 1540 2732 sollempniter
1566 2693 1663 2732 prima
1692 2693 1740 2721 die
1772 2692 1912 2731 Appi-ilis
1939 2703 1995 2731 per
2024 2692 2229 2732 juramentum

1324 2796 1382 2821 cilio
1391 2797 1456 2821 tectu
1467 2797 1516 2825 uit:
1530 2798 1605 2821 immo
1616 2797 1745 2829 quaedam
1761 2798 1835 2821 verba
1850 2798 1886 2821 ila
1898 2797 1972 2829 [dens
1985 2798 2109 2822 uubducla
2120 2802 2187 2829 eunt,
2202 2804 2228 2824 ut

1324 2841 1355 2857 ne
1370 2841 1446 2856 unum
1464 2833 1563 2856 uerbum
1577 2833 1679 2864 quidem
1693 2833 1743 2865 legi
1756 2837 1850 2865 ponet.
1867 2833 1989 2857 Notitiam
2005 2837 2088 2858 tamen
2107 2834 2228 2859 habemus

1324 2867 1400 2900 hujus
1412 2868 1606 2892 deliberacione}
1618 2877 1650 2892 ex
1665 2869 1734 2900 infra
1750 2869 1837 2892 relatis
1849 2870 1862 2892 7
1873 2869 1964 2900 April..
1979 2871 2009 2892 251
2019 2869 2117 2898 Octob..
2131 2871 2192 2894 8-10
2204 2874 2228 2895 el

1325 2903 1354 2927 16
1370 2904 1526 2928 Novembris.
1539 2904 1616 2927 Natio
1631 2904 1784 2936 Anglicama,
1794 2904 1885 2935 paucis
1902 2906 2019 2936 erce-plia,
2035 2908 2096 2928 lunc
2110 2908 2228 2938 temporie

1319 2939 1379 2971 plue
1389 2948 1466 2971 quam
1475 2948 1587 2971 unquam
1596 2942 1673 2963 antea
1680 2943 1768 2971 purten
1778 2939 1873 2963 urbam
1890 2941 1918 2963 Vl
1925 2943 2013 2964 contro
2023 2941 2173 2965 Clementem
2188 2943 2230 2966 Vl!
