2632 3464
408 424 453 440 xvx
1239 411 1504 438 INTRODUCTIO

772 571 807 606 2.
849 571 997 607 Patria
1036 569 1392 619 suppositorum.
1437 569 1721 604 Constitutio
1759 568 1976 604 nationis.

458 703 507 738 Ut
524 708 657 738 notum
674 709 747 745 est,
768 700 930 737 facultas
947 702 1085 737 artium
1099 701 1255 736 Parisiis
1276 707 1457 749 quattuor
1471 699 1693 735 nationibus
1707 698 1960 742 consistebat,
1979 697 2187 740 Gallicana,
2211 698 2342 734 Picar-

408 771 564 815 dorum‚
590 773 915 813 Normannorum,
939 770 1164 819 Anglicana.
1189 771 1296 806 Sicut
1322 770 1445 819 prima
1468 769 1710 804 numerosior
1730 768 1893 804 caeteris
1915 775 2014 812 erat,
2042 768 2097 804 sic
2118 766 2252 803 ultima
2273 779 2341 803 seu

407 840 619 890 Anglicana
635 842 816 890 pauciora
833 853 948 890 quam
968 839 1164 889 quaelibet
1180 839 1254 875 alia
1271 839 1376 875 natio
1397 839 1436 874 in
1454 850 1495 874 se
1515 837 1740 874 continebat
1764 838 1977 887 supposita.
2001 836 2062 874 Nil
2081 837 2231 879 mirum,
2251 849 2339 872 cum

413 911 535 959 patria
571 911 860 959 suppositorum
886 909 1053 945 nationis
1079 898 1316 958 Anglicanae
1344 921 1364 944 a
1391 909 1546 944 Parisiis
1583 907 1670 957 plus
1708 906 1882 950 distaret,
1916 919 2031 956 quam
2056 906 2183 943 natale
2213 906 2339 942 solum

406 981 695 1029 suppositorum
720 979 879 1015 aliarum
909 979 1120 1015 nationum.
1146 980 1246 1014 Sane
1261 977 1346 1014 Itali
1370 978 1485 1014 etiam
1513 984 1552 1013 et
1582 977 1753 1026 Hispani,
1779 977 1844 1026 qui
1870 976 1918 1012 ad
1939 977 2177 1026 provinciam
2199 976 2337 1012 Bituri-

405 1062 561 1085 censem
590 1050 756 1085 nationis
780 1048 998 1085 Gallicanae
1032 1046 1290 1097 pertinebant,
1318 1060 1339 1083 a
1368 1048 1524 1083 Parisiis
1551 1059 1628 1082 non
1657 1047 1804 1082 minore
1829 1045 2032 1082 intervallo
2060 1045 2238 1088 aberant;
2267 1044 2337 1082 sed

406 1118 576 1168 reliquae
597 1118 816 1167 provinciae
836 1118 1003 1153 nationis
1023 1116 1241 1153 Gallicanae
1255 1116 1461 1152 viciniores
1482 1116 1661 1152 omnibus
1678 1115 1763 1151 aliis
1783 1116 1939 1151 Parisiis
1957 1122 2079 1158 erant,
2097 1114 2338 1164 proindeque

406 1189 511 1224 natio
533 1187 726 1224 Gallicana
744 1194 917 1223 caeteras
933 1187 1110 1222 nationes
1129 1198 1289 1222 numero
1310 1187 1599 1235 suppositorum
1620 1184 1840 1234 superabat.

457 1259 567 1294 Natio
584 1257 797 1307 Anglicana
818 1258 932 1293 etiam
950 1256 1083 1292 ultima
1104 1256 1303 1292 nationum
1324 1262 1419 1297 erat,
1440 1262 1478 1291 et
1498 1254 1632 1290 ultima
1653 1253 1946 1297 inrotulabatur,
1967 1267 1984 1289 τι
2002 1266 2079 1290 non
2096 1254 2185 1303 quia
2205 1261 2338 1303 poste-

406 1329 482 1364 rior
497 1327 685 1377 dignitate
705 1326 907 1370 existebat,
929 1326 997 1362 sed
1019 1327 1107 1375 quia
1122 1325 1340 1374 antiquitati
1361 1324 1505 1374 placuit
1523 1323 1624 1359 hunc
1646 1322 1818 1359 ordinem
1841 1322 2069 1359 observare¹
2088 1336 2121 1358 >).
2150 1322 2201 1359 At
2222 1324 2337 1359 etiam

407 1412 423 1432 «
442 1398 634 1446 posterior
649 1396 837 1446 dignitate
854 1410 871 1430 n
891 1395 1153 1445 reputabatur,
1171 1394 1308 1431 saltem
1323 1407 1410 1430 cum
1424 1392 1586 1429 facultas
1601 1394 1738 1429 artium
1752 1392 1800 1429 de
1821 1391 2001 1442 eligendo
2017 1400 2168 1429 rectore
2183 1400 2335 1442 ageret;

405 1480 492 1503 nam
507 1466 713 1516 aliquando
726 1466 814 1515 plus
827 1465 979 1502 duobus
993 1466 1104 1501 annis
1119 1464 1247 1500 nullus
1263 1476 1309 1500 ex
1335 1462 1489 1513 Anglic.
1513 1463 1669 1499 natione
1687 1469 1816 1499 rector
1833 1462 1980 1499 electus
1996 1469 2056 1498 est
2077 1462 2137 1508 (cf.
2157 1463 2243 1505 362,
2261 1463 2335 1510 39).

454 1537 710 1572 Nihilominus
726 1537 831 1572 natio
851 1534 1064 1584 Anglicana
1080 1532 1365 1583 quodammodo
1382 1532 1589 1568 notabilior
1608 1532 1732 1568 tribus
1757 1531 1842 1568 aliis
1867 1532 2088 1568 nationibus
2108 1539 2202 1569 erat.
2224 1531 2335 1580 Quod

405 1607 506 1643 enim
524 1605 708 1642 licentiati
726 1613 764 1641 et
782 1604 995 1641 baccalarei
1009 1605 1105 1653 juris
1122 1604 1277 1640 Parisiis
1298 1616 1358 1639 an.
1381 1603 1474 1639 1379
1495 1601 1662 1638 confessi
1683 1609 1785 1644 sunt,
1808 1601 1857 1638 de
1872 1602 2084 1651 suppositis
2105 1602 2228 1652 magis
2249 1609 2329 1638 nat.

404 1675 642 1724 Anglicanae
664 1688 778 1724 quam
806 1674 1014 1723 cujuslibet
1039 1674 1207 1710 nationis
1230 1673 1404 1722 apprime
1429 1671 1614 1721 probatur
1637 1685 1644 1708 z
1675 1686 1692 1706 t(
1723 1672 1756 1707 A
1781 1672 1931 1707 cunctis
1960 1671 2091 1707 mundi
2115 1670 2335 1708 climatibus

405 1745 571 1795 dispersi
594 1744 662 1780 filii
691 1744 738 1780 ad
763 1745 885 1794 ipsam
911 1744 1208 1780 Universitatem
1232 1743 1368 1785 Paris,
1391 1741 1536 1778 fontem
1563 1742 1746 1784 scientie,
1777 1753 1846 1790 pro
1869 1741 2031 1777 scientia
2056 1739 2289 1790 acquirenda
2315 1753 2336 1777 a

404 1815 541 1864 puerili
562 1822 664 1851 etate
690 1821 937 1855 concurrunt,
961 1812 1158 1849 laboribus
1181 1820 1219 1849 et
1242 1811 1425 1862 periculis
1452 1811 1581 1848 multis
1607 1818 1844 1860 exponentes
1866 1811 2110 1859 semetipsos,
2138 1817 2333 1859 parentes,

404 1885 548 1920 amicos
565 1892 603 1920 et
619 1885 821 1934 pecuniam
837 1883 1114 1932 relinquentes,
1131 1890 1170 1936 et
1184 1882 1285 1918 bona
1301 1882 1456 1931 propria
1471 1889 1509 1917 et
1524 1881 1733 1917 amicorum
1750 1887 2024 1916 consumentes
2034 1879 2058 1915 2.
2087 1893 2104 1914 1)
2128 1878 2239 1915 Nulla
2261 1877 2335 1915 alia

404 1955 508 1990 natio
526 1962 604 1990 tam
621 1953 752 1996 multa,
771 1960 849 1989 tam
872 1952 1022 1988 diversa
1045 1954 1144 1988 inter
1159 1965 1201 1988 se
1222 1951 1355 1987 usibus
1372 1958 1411 1988 et
1426 1951 1569 1999 lingua,
1589 1958 1668 1987 tam
1682 1949 1819 1986 dissita
1835 1962 1953 1999 regna
1967 1950 2006 1984 in
2019 1961 2061 1985 se
2077 1949 2332 1998 comprehen-

404 2023 520 2060 debat
541 2037 655 2072 quam
679 2024 783 2059 natio
806 2022 1031 2071 Anglicana.
1062 2023 1143 2058 Jam
1166 2035 1227 2057 an.
1254 2022 1343 2057 1331
1369 2020 1563 2064 dicebant,
1584 2034 1600 2055 α
1624 2019 1828 2056 duodecim
1853 2033 1971 2068 regna
1992 2020 2030 2054 in
2048 2018 2152 2055 dicta
2178 2020 2334 2055 natione

404 2095 606 2130 existere3.
639 2107 656 2128 »
687 2095 728 2129 ln
753 2092 880 2129 rotulo
906 2105 966 2128 an.
996 2093 1088 2128 1362
1117 2091 1195 2128 fere
1219 2093 1347 2128 omnia
1369 2092 1442 2127 ista
1469 2103 1587 2140 regna
1609 2097 1882 2126 enumerantur
1903 2104 1910 2125 :
1939 2103 1956 2125 τι
1976 2089 2196 2138 Imperium,
2215 2101 2334 2137 regna

406 2164 614 2212 Ungariae,
649 2163 870 2206 Bohemiae,
901 2162 1098 2203 poloniae,
1130 2162 1290 2197 Sueciae
1303 2190 1311 2202 ,
1343 2161 1496 2204 Daciae,
1529 2160 1755 2209 Norvegiae,
1795 2159 1960 2201 Scotiae,
1998 2157 2174 2208 Angliae,
2211 2157 2335 2194 Yber-

405 2234 502 2275 niae,
521 2240 595 2269 etc.
618 2233 670 2276 »43
695 2245 923 2268 annumeres
945 2231 1242 2281 patriarchatum
1263 2230 1528 2280 Aquilegiens.
1549 2237 1587 2266 et
1605 2230 1815 2265 Livoniam.
1844 2229 1897 2264 Ex
1912 2227 2091 2264 omnibus
2106 2228 2191 2263 istis
2212 2228 2334 2277 regio-

403 2302 516 2338 nibus
532 2304 569 2338 in
585 2302 769 2338 Ααοιαιίὀ
786 2302 833 2338 ab
851 2315 911 2338 an.
936 2302 1027 2337 1333
1048 2300 1095 2336 ad
1114 2314 1173 2336 an.
1201 2301 1293 2337 1406
1310 2313 1458 2336 summa
1479 2298 1603 2336 solida
1622 2299 1714 2336 1700
1728 2297 1904 2348 graduati
1920 2297 2143 2341 afferuntur,
2158 2303 2196 2333 et
2212 2296 2333 2332 multo

403 2372 511 2421 plura
536 2373 736 2422 supposita
763 2378 1007 2420 apparerent,
1034 2371 1065 2406 si
1093 2370 1205 2406 Liber
1225 2376 1516 2419 procuratorum
1538 2369 1621 2405 sine
1634 2368 1781 2404 lacunis
1796 2374 1912 2410 esset,
1935 2374 1974 2403 et
1996 2379 2073 2402 non
2096 2365 2221 2406 solum
2244 2378 2334 2416 gra-

403 2442 540 2478 duatos
553 2443 782 2483 contineret,
799 2440 867 2477 sed
879 2454 1012 2476 omncs
1025 2440 1287 2476 advenientes.
1304 2440 1374 2475 Ast
1386 2440 1501 2475 etiam
1518 2451 1618 2474 nunc
1630 2444 1783 2473 constat
1799 2450 1818 2473 a
1833 2437 2110 2486 septentrione,
2129 2442 2171 2471 ut
2186 2435 2233 2471 ab
2247 2434 2333 2472 ulti-

404 2514 475 2547 mis
505 2511 679 2561 partibus
709 2512 873 2551 Scotiae,
898 2523 918 2546 a
940 2511 1090 2552 Suecia,
1111 2510 1327 2558 Norwegia‚
1367 2521 1488 2557 usque
1515 2507 1562 2543 ad
1595 2506 1821 2549 Helvetiam,
1849 2505 2147 2555 patriarchatum
2176 2504 2332 2554 Aquile-

401 2594 559 2630 gcnsem
582 2589 619 2617 et
639 2580 893 2621 Sclavoniam,
913 2579 960 2615 ab
974 2579 1178 2616 occidente
1199 2579 1351 2627 Imperii
1367 2591 1489 2627 usque
1503 2577 1548 2613 ad
1566 2578 1752 2613 orientem
1771 2575 1957 2625 ejusdem,
1982 2582 2096 2624 atque
2113 2575 2322 2616 Livoniam,

403 2651 598 2686 poloniam
617 2657 656 2686 et
683 2651 909 2699 Ungariam,
942 2648 1137 2685 studiosos
1168 2647 1214 2684 ad
1238 2648 1492 2684 Parisiensem
1521 2647 1817 2684 Universitatem
1848 2644 2081 2681 confluxisse
2113 2650 2151 2680 et
2185 2644 2331 2680 nationi

400 2720 636 2769 Anglicanae
663 2719 880 2768 adscriptos
910 2718 1038 2754 fuisse.
1071 2733 1087 2753 (ε
1121 2717 1297 2754 Scolares
1322 2716 1370 2753 de
1391 2718 1547 2753 natione
1563 2723 1694 2752 nostra
1715 2722 1804 2751 sunt
1824 2714 1873 2751 de
1889 2712 2051 2750 diversis
2069 2712 2199 2750 mundi
2216 2714 2331 2762 parti-

400 2790 472 2825 bus
503 2805 535 2833 »,
558 2791 628 2839 ipsi
643 2789 810 2825 confessi
828 2796 917 2825 sunt
931 2789 1029 2836 (654,
1050 2789 1117 2834 13).

443 2910 468 2936 1.
514 2908 583 2936 Vid.
603 2907 825 2942 Char-tul.,111‚
843 2907 911 2935 269.
1461 2906 1490 2932 33.
1537 2903 1731 2942 lbid.,11‚p.
1750 2903 1819 2932 406.

440 2958 469 2985 2.
515 2957 604 2991 lbid.,
626 2968 654 2996 p,
674 2958 731 2986 274
1461 2953 1489 2981 4.
1538 2953 1626 2985 ΙΙ)ιίΙ-,
1646 2952 1699 2985 lll,
1719 2963 1749 2991 p.
1767 2953 1815 2980 91.
