2632 3464
313 454 369 481 813

316 530 467 560 haberent
484 535 518 560 ut
534 529 657 559 dicebat
673 528 823 569 magister
841 527 998 557 Johannes
1017 527 1167 566 prefatus,
1189 533 1220 555 et

313 589 355 609 ex
367 589 429 619 quo
443 578 502 608 hoc
521 578 553 608 in
567 578 648 608 libro
669 576 842 617 receptoria
859 575 1039 611 habebatur,
1057 576 1140 615 quod
1157 575 1220 604 sci-

315 628 388 658 licet
405 628 552 668 magister
572 627 704 667 Egidius
723 626 860 666 prefatus
878 630 1076 654 concesserat
1098 623 1220 654 nacioni

316 676 493 717 quindecim
507 686 639 706 coronas
655 687 662 705 :
681 675 770 704 nacio
783 674 877 704 vellet
890 674 1080 713 respondere
1096 679 1130 702 ut
1145 673 1220 702 alias

313 725 517 755 deliberatum
529 731 605 755 erat.
623 725 690 762 Que
704 717 894 764 supplicacio
908 732 1058 752 concessa
1073 728 1149 752 erat.

714 817 812 846 1400
1211 804 1223 818 ⁸

351 889 531 930 Sequitur
557 888 796 919 continuacio
823 886 986 927 ejusdem
1017 886 1188 926 magistri

515 937 696 968 Iohannis
723 938 767 966 de
791 936 1020 976 Galencoep.

357 1018 476 1048 Indicta
508 1017 754 1057 congregacione
788 1016 928 1046 nacionis
960 1016 1042 1056 apud
1077 1015 1220 1045 Sanctum

316 1067 504 1098 Maturinum
523 1076 605 1096 anno
621 1076 684 1106 quo
706 1076 812 1106 supra,
837 1065 936 1105 prima
953 1065 1002 1094 die
1025 1065 1120 1100 Junii,
1146 1064 1222 1094 hora

313 1122 421 1146 octava
439 1125 534 1155 super
550 1115 650 1145 tribus
664 1114 814 1144 articulis.
830 1115 953 1144 Primus
968 1120 1034 1144 erat
1049 1114 1088 1143 ad
1103 1113 1222 1154 eligen-

314 1165 388 1195 dum
411 1174 524 1195 novum
539 1170 770 1204 procuratorem
786 1163 837 1193 vel
857 1164 895 1192 ad
911 1163 1159 1192 continuandum.
1177 1163 1223 1191 2⁰·

314 1220 382 1244 erat
395 1214 434 1243 ad
449 1213 695 1243 distribuendum
719 1222 853 1246 menses.
876 1212 923 1241 3⁸¹·
946 1221 1041 1252 super
1065 1211 1223 1251 supplica-

284 1278 287 1279 ⁷
314 1262 458 1294 cionihus
477 1269 507 1292 et
531 1261 664 1302 injuriis.
684 1261 837 1299 Quantum
858 1261 896 1290 ad
912 1261 1043 1300 primum
1061 1260 1223 1290 continua-

316 1318 366 1342 tus
386 1311 442 1342 fuit
459 1311 656 1341 concorditer
677 1309 834 1340 Johannes
849 1310 887 1339 de
909 1309 1095 1349 Galencoep.
1117 1309 1223 1347 Quan-

315 1367 379 1391 tum
394 1361 432 1391 ad
447 1361 487 1390 2¹¹¹
501 1360 661 1390 articulum
678 1360 798 1400 primus
815 1358 931 1388 mensis
943 1360 1034 1388 datus
1049 1358 1106 1388 fuit
1124 1358 1223 1399 magi-

316 1416 383 1440 stro
415 1409 544 1440 Nicolao
574 1409 612 1438 de
647 1409 819 1449 Argentina
851 1418 909 1448 pro
935 1414 1067 1447 quatuor
1095 1406 1220 1443 solidis„

315 1459 471 1489 secundus
498 1458 616 1488 mensis
642 1458 732 1487 datus
760 1457 816 1487 fuit
846 1457 996 1497 magistro
1019 1456 1160 1486 Navnoni
1185 1457 1223 1486 de

317 1508 414 1538 Dacia
435 1517 492 1547 pro
514 1507 615 1536 tribus
637 1506 765 1542 solidis3
794 1513 824 1536 et
846 1507 892 1535 3¹·-
911 1506 1060 1546 magistro
1086 1506 1223 1535 Jordano

313 1558 355 1587 de
382 1556 555 1587 Darthesen
576 1566 634 1596 pro
658 1556 780 1585 duobus
801 1555 911 1585 solidis
919 1567 928 1592 3
954 1561 984 1584 et
1008 1555 1054 1584 4--
1074 1554 1223 1594 magistro

317 1606 481 1636 Conrardo
493 1615 552 1645 pro
569 1605 690 1635 duobus
701 1604 821 1635 solidis.
841 1604 880 1634 Et
895 1604 951 1634 ivit
962 1604 1050 1634 nacio
1067 1610 1140 1643 post
1152 1613 1223 1633 con-

317 1654 535 1695 gregacionem
550 1654 588 1684 ad
606 1654 764 1683 tabernam
781 1659 812 1683 et
827 1653 1003 1693 perpotavit
1018 1652 1132 1682 ibidem
1148 1653 1223 1682 istas

317 1703 476 1744 pecunias.
504 1710 534 1733 et
561 1713 629 1733 cum
663 1703 722 1732 hoc
751 1702 908 1732 dimidiam
942 1711 1098 1737 coronam,
1133 1711 1223 1741 quam

314 1753 402 1783 dedit
413 1758 607 1793 procurator.
627 1752 675 1782 De
689 1752 721 1781 3⁰
732 1751 861 1781 articulo
875 1750 1062 1791 supplicavit
1078 1760 1225 1790 procura-

315 1809 366 1833 tor
392 1802 575 1842 precedens,
598 1807 632 1831 ut
655 1801 687 1830 in
711 1801 788 1830 actis
813 1810 868 1840 per
891 1810 959 1830 eum
981 1801 1070 1830 nacio
1098 1799 1224 1830 haberet

315 1861 386 1882 eum
400 1857 532 1891 gratum.
550 1849 646 1890 Cujus
662 1849 885 1890 supplicacioni
903 1849 1009 1879 annuit
1021 1849 1120 1879 nacio.

357 1900 474 1930 indicta
489 1899 736 1939 congregacione
750 1899 889 1928 nacionis
903 1908 996 1933 anno,
1010 1908 1126 1934 mense,
1140 1899 1220 1934 loco,

314 1949 431 1990 quibus
442 1958 548 1988 supra,
566 1948 616 1978 die
629 1957 720 1982 nona.
731 1947 807 1977 hora
821 1948 854 1977 3·
867 1953 941 1987 post
953 1947 1116 1987 prandium
1128 1957 1223 1987 super

315 1995 438 2028 duobus
458 1997 608 2027 articulis.
634 1996 757 2026 Primus
775 1997 813 2026 ad
833 1996 1057 2036 providendum
1073 1997 1112 2026 de
1130 1997 1221 2026 domo

314 2048 361 2077 ad
374 2057 465 2076 cornu
481 2048 570 2081 cervi,
594 2046 666 2086 quia
687 2045 775 2075 nacio
794 2045 894 2075 adhuc
909 2045 1064 2075 nescierat
1080 2056 1117 2075 an
1133 2045 1222 2075 inha-

317 2097 451 2126 bitantes
475 2097 598 2125 domum
623 2095 770 2135 prefatam
790 2094 906 2124 vellent
927 2104 992 2124 eam
1015 2094 1149 2124 retinere
1172 2094 1221 2124 vel

317 2146 478 2185 resignare
500 2144 632 2174 nacioni.
654 2143 693 2173 Et
713 2143 849 2174 narravit
870 2143 984 2173 ibidem
1005 2144 1153 2184 magister
1166 2144 1222 2173 Jo-

296 2194 300 2195 ’
317 2194 435 2224 hannes
453 2193 605 2228 Eluwald,
625 2192 757 2232 qualiter
771 2192 908 2222 scolares
927 2192 1133 2223 inhabitantes
1149 2203 1222 2232 pre-

315 2243 428 2273 dictam
459 2243 582 2272 domum
613 2252 675 2271 non
706 2247 794 2271 erant
825 2241 923 2271 adhuc
955 2242 1147 2272 determinati
1183 2242 1222 2271 ad

315 2293 481 2322 tenendum
498 2291 547 2321 vel
562 2291 782 2330 resignandum
795 2290 907 2320 dictam
922 2291 1056 2320 domum.
1073 2291 1106 2320 Si
1120 2297 1221 2320 tamen

316 2341 405 2371 nacio
423 2340 517 2371 vellet
535 2340 656 2380 precise
677 2349 736 2380 pro
759 2338 881 2379 locagio
902 2339 993 2369 unius
1015 2340 1086 2370 anni
1109 2340 1221 2370 habere

314 2389 372 2420 XX
389 2395 486 2424 scuta,
503 2390 581 2419 bene
601 2388 737 2429 placeret
752 2388 814 2418 illis
833 2388 1006 2418 scolaribus
1023 2388 1223 2419 inhabitanti-

316 2440 375 2470 bus
390 2439 528 2474 domum:
544 2439 599 2468 sed
616 2437 642 2467 si
659 2447 720 2466 non
735 2437 872 2477 placeret
884 2437 1005 2467 nacioni
1021 2437 1133 2468 habere
1149 2444 1221 2474 etc.,

315 2487 426 2529 petivit
447 2488 582 2528 prefatus
607 2486 755 2527 magister
777 2486 934 2516 lohannes
959 2486 1142 2517 dilacionem
1165 2497 1222 2527 pro

318 2536 380 2567 illis
396 2537 489 2567 dictis
509 2535 684 2566 scolaribus
705 2545 803 2575 usque
827 2535 865 2565 ad
882 2535 1093 2565 duodecimam
1116 2535 1221 2566 horam

313 2586 378 2616 diei
404 2585 563 2626 sequentis
595 2585 625 2614 in
658 2584 788 2624 prandio
812 2585 850 2613 ad
879 2585 1011 2614 dandum
1037 2595 1221 2625 responsum

315 2634 438 2665 nacioni
453 2644 549 2674 super
562 2634 634 2664 isto.
652 2633 690 2663 Et
707 2634 765 2663 hoc
780 2632 894 2673 placuit
907 2633 1040 2663 nacioni.

350 2731 372 2756 t.
407 2731 435 2754 In
446 2730 625 2755 Universitate
642 2730 788 2755 vindobon.

349 2766 372 2790 2.
406 2765 540 2791 lohannes
552 2766 664 2791 Stolczcl
673 2766 706 2790 dc
716 2766 814 2790 Waltsc
825 2765 972 2790 intitulatus
981 2768 1018 2790 ene
1031 2774 1075 2790 an.
1086 2767 1147 2791 1896
1157 2767 1223 2791 inter

316 2801 455 2826 Auatrales
478 2800 618 2826 nutricula
634 2800 755 2826 Univcn.
773 2801 883 2826 vindob.
896 2801 943 2834 sol,
958 2802 988 2825 82
1000 2802 1034 2834 b).
1050 2802 1078 2826 In
1095 2803 1159 2826 Acta
1172 2803 1221 2828 fac.

316 2836 425 2864 artium.
436 2802 483 2868 soi.
497 2837 528 2861 79
538 2836 553 2857 b
566 2836 658 2870 legitur
670 2837 703 2861 ad
713 2845 757 2861 an.
773 2838 842 2865 1³97,
855 2837 926 2861 latit
944 2845 950 2861 ι
962 2837 1104 2869 presentati
1119 2838 1224 2862 fuerunt

317 2875 343 2896 ct
358 2871 455 2904 recepti
470 2872 585 2904 quinque
597 2873 713 2897 scolare·
728 2873 806 2897 locati
824 2872 966 2897 secundum
983 2873 1063 2897 intum
1082 2873 1201 2898 ordinem
1215 2882 1221 2898 ι

315 2907 452 2932 soh-nne·
475 2907 598 2932 Stotatin
617 2907 649 2932 dc
661 2908 775 2933 Walsc...
798 2908 863 2933 thid.
879 2908 926 2940 sol.
947 2910 978 2932 80
996 2909 1032 2932 ud
1050 2908 1100 2934 lul.
1119 2909 1148 2933 ta
1167 2917 1172 2933 2
1189 2909 1222 2933 ad

317 2941 477 2967 audiendum
496 2943 707 2975 supplicacione·
723 2947 836 2976 quatuor
853 2944 995 2968 scolarium
1014 2944 1222 2969 examinatorum

317 2978 418 3002 scilicet
433 2978 562 3003 :ohannis
579 2979 701 3004 Stolcxlin
723 2978 755 3004 dc
773 2979 859 3004 Watne
873 2997 889 3004 ..
903 2984 991 3012 petere
1013 2980 1159 3005 volencium
1179 2980 1221 3004 di-

811 451 926 478 LIBER
950 449 1263 477 PROCURATORUM
1287 450 1467 477 NATIONIS
1489 450 1733 477 ANGLICANAE

1259 973 1292 999 10

1259 1218 1294 1244 15

1260 1463 1294 1490 2⁰

1260 1708 1294 1735 25

1258 1952 1293 1979 30

1258 2197 1292 2223 35

1259 2441 1294 2467 4⁰

2178 452 2229 479 814

1368 526 1511 555 Narravit
1532 527 1627 555 eciam
1650 527 1762 556 ibidem
1781 534 1973 566 procurator,
1995 529 2127 568 qualiter
2147 530 2229 559 scole

1327 582 1437 613 septem
1460 577 1574 604 arcium
1595 582 1676 605 stant
1692 576 1892 615 incomplete,
1909 583 1939 606 et
1957 579 2040 616 quod
2060 579 2147 607 nacio
2165 579 2231 607 vel-

1328 623 1371 653 let
1390 624 1463 653 dare
1483 633 1575 653 unum
1593 625 1707 653 bonum
1728 626 1849 654 modum
1871 625 2004 654 habendi
2026 628 2172 665 pecunias
2193 628 2231 656 ad

1328 672 1543 712 complendum
1560 672 1628 702 illas
1649 673 1759 703 scolas.
1785 673 1824 703 Et
1845 674 1929 703 dedit
1946 675 2033 704 nacio
2056 676 2230 715 deputatos,

1329 721 1449 751 scilicet
1466 722 1623 751 dominum
1641 728 1843 761 receptorem,
1863 724 2043 763 magistrum
2061 725 2231 754 Arnoldum

1327 770 1456 800 Wtwiic
1472 777 1501 800 et
1516 771 1696 810 magistrum
1713 771 1727 800 J
1733 771 1882 801 ohannem
1897 772 1984 812 Dorp
2002 774 2039 802 ad
2054 773 2231 802 avisandum

1328 829 1422 848 unum
1443 820 1556 848 bonum
1579 820 1702 849 modum
1720 820 1853 850 habendi
1868 822 2015 861 pecunias
2033 832 2091 862 pro
2109 823 2233 851 edifica-

1329 868 1417 897 cione
1432 868 1584 898 scolarum
1597 870 1792 908 prefatarum.

1368 918 1414 946 2¹¹·
1434 917 1583 947 articulus
1602 924 1668 947 erat
1691 928 1786 958 super
1810 919 2093 959 supplicacionibus
2109 927 2139 949 et
2153 919 2234 959 inju-

1329 966 1396 995 riis.
1415 966 1455 995 Et
1469 973 1621 996 venerunt
1637 967 1674 996 ad
1692 967 1849 997 nacionem
1870 969 1931 998 duo
1947 969 2083 998 scolares
2102 976 2234 1009 protunc

1329 1015 1479 1045 intrantes
1498 1026 1636 1045 cameras
1653 1017 1733 1056 apud
1755 1017 1898 1047 Nostram
1920 1018 2092 1053 Dominam,
2113 1019 2235 1058 suppli-

1330 1071 1435 1094 cantes
1453 1065 1536 1104 quod
1552 1075 1589 1094 ex
1604 1075 1666 1104 quo
1682 1065 1741 1105 ipsi
1760 1073 1847 1095 erant
1862 1067 2027 1096 bachalarii
2043 1068 2074 1096 in
2092 1067 2151 1097 alio
2168 1074 2235 1096 stu-

1330 1113 1382 1143 dio
1395 1113 1417 1149 ¹,
1434 1114 1522 1143 nacio
1536 1114 1629 1143 vellet
1647 1124 1701 1144 eos
1723 1115 1881 1145 admittere
1902 1117 1939 1145 ad
1959 1117 2087 1156 gradum
2110 1117 2235 1146 bachal-

1330 1162 1467 1198 lariatus,
1485 1169 1515 1192 et
1529 1164 1612 1202 quod
1629 1163 1691 1203 ipsi
1705 1164 1939 1194 admitterentur
1953 1164 2162 1205 adjurandum
2176 1173 2235 1196 sta-

1330 1217 1427 1241 tutum
1455 1212 1645 1252 paupertatis
1676 1219 1736 1242 tam
1772 1223 1830 1252 pro
1860 1214 1964 1243 bursis
1997 1214 2232 1251 bachalariatus,

1331 1271 1420 1300 quam
1433 1260 1561 1290 licencie
1577 1267 1606 1291 et
1620 1261 1812 1302 incepcionis
1827 1262 1858 1291 in
1871 1263 2000 1298 artibus,
2015 1264 2081 1293 sine
2092 1265 2235 1303 ampliori

1331 1310 1577 1349 congregacione
1596 1311 1695 1340 fienda
1715 1321 1810 1350 super
1826 1311 1895 1341 hoc.
1918 1312 2053 1349 Quorum
2077 1313 2236 1353 supplica-

1331 1358 1413 1387 cioni
1426 1359 1544 1388 favebat
1558 1360 1656 1389 nacio.
1678 1360 1717 1389 Et
1724 1359 1906 1400 juraverunt
1916 1361 1947 1390 in
1961 1362 2122 1401 presencia
2135 1363 2235 1391 nacio-

1331 1407 1380 1437 nis
1403 1414 1547 1437 statutum
1573 1409 1763 1448 paupertatis
1789 1409 1833 1438 illi
1856 1410 1916 1439 duo
1944 1411 2091 1446 scolares,
2117 1412 2236 1442 scilicet

1331 1456 1488 1486 Johannes
1503 1456 1660 1486 Stelczlini
1671 1457 1683 1476 ²
1697 1464 1728 1487 et
1742 1458 1891 1488 Ludolfus
1906 1459 1943 1488 de
1959 1459 2074 1489 Lude³.

1373 1505 1443 1546 (F'ol.
1459 1508 1495 1536 54
1512 1506 1536 1546 ¹³)
1560 1506 1599 1536 Et
1614 1508 1781 1537 notandum
1797 1509 1880 1547 quod
1901 1508 1951 1538 die
1974 1515 2121 1548 sequente
2146 1510 2234 1539 istam

1331 1555 1602 1595 congregationem
1628 1557 1774 1595 prefatam
1794 1556 1927 1586 innotuit
1946 1558 2078 1594 nacioni,
2104 1559 2235 1598 qualiter

1332 1604 1469 1633 scolares
1481 1604 1687 1634 inhabitantes
1702 1606 1823 1635 domum
1839 1606 1880 1634 ad
1894 1617 1983 1635 cornu
1999 1608 2077 1636 cci-vi
2093 1608 2235 1647 resigna-

1330 1659 1439 1682 verant
1453 1663 1530 1688 eam,
1549 1660 1579 1683 et
1598 1660 1670 1683 tunc
1687 1654 1775 1684 nacio
1795 1654 1907 1685 locavit
1927 1665 1991 1684 eam
2015 1656 2163 1695 magistro
2185 1657 2235 1686 Jo-

1332 1701 1424 1731 hanni
1438 1702 1525 1742 Dorp
1537 1713 1593 1742 pro
1602 1709 1685 1732 tanta
1695 1713 1811 1732 summa
1826 1704 1953 1743 pecunie
1964 1705 2130 1740 annuatim,
2141 1716 2234 1744 quan-

1332 1756 1391 1780 tam
1408 1751 1561 1781 dederunt
1578 1751 1783 1782 inhabitantes
1801 1752 1937 1782 scolares
1956 1754 2098 1792 predicti,
2118 1754 2236 1784 scilicet

1331 1810 1389 1840 pro
1400 1801 1484 1830 XXV
1498 1801 1623 1830 francis.

1373 1849 1447 1880 Item
1469 1851 1635 1879 notandum
1665 1851 1746 1890 quod
1774 1858 1917 1891 receptor
1938 1852 2088 1887 nacionis,
2118 1852 2236 1882 scilicet

1331 1899 1478 1939 magister
1490 1899 1647 1928 Jobannes
1659 1899 1839 1936 Forestarii,
1851 1911 1887 1929 ex
1896 1900 2121 1930 deliberacione
2135 1901 2234 1931 nacio-

1330 1948 1379 1977 nis
1404 1958 1500 1988 super
1525 1947 1583 1977 hoc
1605 1948 1707 1978 habita
1733 1949 1826 1978 solvit
1847 1950 1995 1989 magistro
2020 1950 2175 1979 llichardo
2197 1951 2234 1980 de

1330 1996 1455 2026 Loenen
1487 1997 1642 2026 executori
1674 1997 1813 2037 magistri
1843 1998 1946 2038 Egidii
1969 1999 2006 2028 de
2033 1999 2160 2034 Jutsaes,
2185 2000 2234 2038 pie

1330 2046 1487 2082 memorie,
1504 2045 1559 2076 XV
1569 2056 1713 2081 coronas,
1732 2047 1762 2076 in
1778 2047 1890 2086 quibus
1906 2047 1993 2076 nacio
2006 2049 2125 2087 prefato
2141 2049 2234 2087 magi-

1329 2101 1395 2124 stro
1425 2095 1538 2135 Egidio
1567 2096 1742 2130 tenebatur,
1770 2106 1827 2135 pro
1856 2096 1968 2135 quibus
1997 2097 2064 2136 ipse
2091 2104 2236 2136 posuerat

1330 2154 1422 2174 unum
1439 2145 1550 2174 librum
1564 2145 1595 2174 in
1611 2145 1724 2184 pignus
1742 2146 1822 2184 apud
1841 2145 2020 2185 magistrum
2040 2146 2182 2185 ligidium
2197 2147 2235 2175 de

1331 2193 1570 2233 Asperomonte.

1431 2299 1646 2340 Sequuntur
1678 2301 1823 2330 nomina
1854 2300 2134 2331 licenciatorum

1658 2349 1770 2379 istius
1803 2350 1905 2379 anni.

1371 2437 1476 2467 Primo
1493 2437 1674 2468 licenciatus
1689 2445 1736 2468 est
1755 2439 1890 2468 Ywanus
1917 2439 2053 2468 Riclierii
2069 2440 2106 2469 de
2123 2439 2234 2469 Erlach

1331 2488 1389 2517 sub
1412 2486 1560 2526 magistro
1582 2487 1722 2517 Arnoldo
1743 2488 1882 2523 wis-iic,
1907 2487 1993 2528 cujus
2014 2489 2106 2517 bursa
2131 2489 2157 2518 ll
2181 2500 2234 2518 so-

1331 2537 1396 2567 lidi.

1372 2587 1446 2616 ltem
1462 2586 1641 2616 licenciatus
1654 2593 1701 2616 est
1720 2586 1852 2615 Thomas
1871 2586 1907 2615 de
1929 2586 2024 2615 Grilla
2041 2587 2098 2615 sub
2114 2587 2232 2622 eodem,

1331 2634 1417 2675 cujus
1429 2636 1523 2665 bursa
1535 2635 1575 2665 vt
1592 2635 1694 2665 solidi.

1330 2732 1529 2765 spen-acionem
1551 2740 1630 2764 super
1647 2732 1784 2764 pecuniam
1806 2731 1922 2755 facultati
1941 2731 2093 2756 solvendam
2113 2735 2137 2756 et
2155 2740 2235 2764 super

1330 2767 1466 2792 habitibus
1481 2768 1597 2800 proprii·
1611 2768 1746 2795 habendis,
1761 2775 1819 2791 cum
1835 2767 1930 2799 quibus
1947 2766 2056 2791 facultas
2071 2767 2235 2799 dispensavit

1330 2803 1452 2835 usquead
1461 2803 1626 2835 pinguiorem
1639 2804 1780 2827 fortunam.
1792 2802 1855 2826 lbid.
1866 2802 1911 2833 sol,
1921 2803 1951 2826 82
1961 2803 1975 2822 Ι·
1986 2810 1991 2826 z
2001 2803 2072 2834 (1³98
2083 2802 2232 2833 aroniim:

1331 2848 1343 2862 a
1351 2838 1485 2863 Secundus
1496 2838 1545 2863 fuit
1551 2838 1684 2862 Jobanncn
1691 2838 1814 2862 stoli-:lin
1823 2837 1866 2869 qui
1874 2837 1966 2869 petivit
1974 2837 2032 2861 dari
2041 2837 2090 2861 sibi
2098 2837 2233 2862 licenciam

1330 2874 1363 2898 ad
1381 2877 1469 2906 partc-
1487 2877 1512 2898 ct
1528 2874 1560 2898 ad
1578 2873 1657 2898 aliam
1676 2873 1878 2897 Univcrnitatem
1900 2876 1926 2897 et
1942 2872 2154 2897 committebatur
2170 2882 2233 2897 ron-

1331 2910 1442 2934 ·cicncie
1451 2918 1505 2938 nuc,
1516 2910 1577 2942 quia
1587 2910 1643 2942 ipsc
1656 2909 1781 2941 allegavit
1790 2908 1968 2932 infirmitatem
1977 2916 2056 2940 quam
2065 2909 2105 2933 hic
2115 2908 2234 2936 incurrit.

1331 2945 1369 2969 sie
1382 2949 1468 2970 tamen
1480 2945 1549 2977 quod
1561 2954 1607 2977 pru
1620 2945 1719 2968 arcibus
1729 2947 1753 2968 et
1766 2944 1893 2975 theologia
1903 2952 1952 2968 non
1964 2944 2011 2967 iret
2023 2943 2075 2968 niu·
2087 2945 2201 2969 Parium
2210 2953 2233 2968 n.

1364 2983 1387 3005 ³.
1421 2982 1457 3005 De
1468 2980 1578 3005 Ludolt'o
1590 2980 1734 3013 Ludicsom
1749 2988 1838 3012 nupta,
1852 2987 1878 3012 p.
1892 2980 1947 3011 809,
1960 2982 2012 3004 not.
2024 2981 2048 3003 3.
