2632 3464
461 422 495 447 63
1003 419 1226 445 AUCTARIUM
1247 417 1507 444 CHARTULARII
1528 417 1700 444 UNIVERS.
1725 418 1844 444 PARIS.

462 508 524 526 non
547 499 649 526 obstat
671 497 702 526 in
725 497 929 531 contrarium,
954 506 987 526 se
1008 497 1237 525 conformarent
1254 501 1284 523 et
1303 495 1370 523 dic-

462 547 501 576 tis
526 547 639 576 rectori
665 553 694 575 et
714 546 970 585 procuratoribus
993 546 1161 574 secundum
1184 544 1369 583 exigentiam

462 606 564 630 cause,
583 596 668 625 salvo
684 594 755 635 jure
769 594 944 635 cujuslibet,
962 594 1140 629 obedirent3
1156 592 1249 622 alias⁴
1268 599 1369 622 tamen

461 655 529 674 cum
547 645 616 673 aliis
635 651 871 674 consenserunt.

502 695 576 723 Item
593 694 642 723 die
660 694 756 723 altera
772 694 945 722 immediate
960 691 1123 732 sequenti²
1140 692 1218 720 sacta
1240 701 1368 730 congre-

461 744 590 783 gacione
612 743 750 783 generali
770 743 851 782 apud
874 742 988 771 dictum
1015 742 1160 770 Sanctum
1180 740 1367 769 Maturinum

462 793 537 821 hora
554 792 727 821 immediate
750 798 821 831 post
845 801 1017 820 sermonem
1041 790 1102 819 diei
1119 789 1288 824 dominice,
1307 789 1370 817 dati

461 843 583 871 suerunt
598 841 735 881 deputati
753 851 848 880 super
863 840 1021 869 exactione
1037 839 1161 879 pedagii
1178 838 1370 868 vicecomitis

462 891 710 925 Suessffinensis,
734 890 786 929 qui
809 890 951 918 audirent
972 888 1163 927 objectiones
1186 888 1318 927 partium
1341 894 1371 917 et

461 940 676 969 excusationes
696 939 769 968 dicti
789 938 996 973 vicecomitis,
1019 944 1049 967 et
1068 937 1127 967 sibi
1146 937 1263 966 offensa
1282 936 1368 976 (quia

461 990 616 1018 humiliter
626 988 824 1028 supplicavit,
837 994 867 1016 et
879 988 968 1016 etiam
982 987 1240 1026 contemplatione
1253 986 1370 1016 domini

461 1039 606 1078 Symonis
623 1040 659 1067 de
676 1037 850 1076 Bucheriis)
868 1037 1084 1066 dimitteretur.

502 1089 576 1117 Item
590 1087 722 1116 absoluti
740 1093 811 1116 sunt
826 1086 1023 1115 concorditer
1038 1087 1075 1114 ab
1089 1085 1233 1114 omnibus
1246 1085 1369 1114 faculta-

460 1137 542 1166 tibus
561 1137 684 1176 quidam
701 1137 738 1165 de
757 1136 870 1164 familia
886 1135 1003 1164 domini
1021 1135 1106 1174 regis
1125 1135 1261 1164 Navarre
1277 1144 1369 1163 causa

460 1186 606 1226 pedagii³
625 1187 662 1214 ad
685 1192 860 1224 requestam
887 1183 1044 1223 cujusdam
1066 1184 1203 1213 doctoris
1226 1184 1369 1212 decreto-

460 1246 539 1269 rum,
568 1235 615 1264 cui
643 1235 719 1263 facta
748 1235 845 1263 fuerat
873 1234 1013 1273 predicta
1039 1233 1167 1268 offensa,
1194 1233 1248 1272 qui
1276 1233 1367 1262 etiam

460 1284 632 1313 offensores
657 1283 841 1323 juraverunt
864 1283 894 1311 in
917 1283 1047 1311 animam
1070 1289 1099 1311 et
1123 1283 1161 1311 ad
1184 1288 1289 1311 sancta
1310 1282 1368 1311 Dei

461 1334 656 1373 [evangelia],
690 1343 722 1361 se
759 1333 975 1372 inperpetuum
1007 1341 1070 1360 non
1101 1337 1249 1360 venturos
1285 1337 1370 1360 certa

459 1383 588 1412 scientia
620 1389 727 1411 contra
755 1381 922 1421 privilegia
954 1391 1009 1410 nec
1043 1391 1105 1409 non
1137 1380 1257 1420 aliquas
1286 1380 1367 1409 dicte

459 1432 679 1461 Universitatis
699 1431 888 1460 Parisiensis
906 1440 1068 1469 personas.

499 1482 574 1510 Item
591 1481 704 1510 ibidem
723 1480 842 1509 exstitit
858 1481 1090 1513 concordatum,
1110 1485 1143 1508 ut
1158 1489 1225 1508 cum
1242 1479 1368 1518 deputa-

458 1531 497 1560 tis
522 1531 660 1559 adiretur
685 1529 863 1569 prepositus
886 1535 1090 1558 mercatorum
1113 1537 1209 1567 super
1230 1528 1367 1557 remedio

457 1586 612 1619 oportuno
646 1586 728 1608 tante
764 1579 892 1607 karistie
925 1578 1117 1612 victualium,
1151 1584 1303 1617 quatenus
1335 1587 1368 1606 se

457 1630 618 1658 nobiscum
646 1629 758 1663 uniret,
788 1635 821 1657 ut
849 1628 935 1656 fieret
963 1627 1112 1656 articulus
1143 1628 1181 1656 ad
1210 1627 1367 1656 dominum

457 1689 561 1718 regem
578 1689 645 1707 cum
663 1678 732 1706 aliis
751 1677 900 1706 articulis.

499 1727 573 1756 Item
592 1727 707 1756 ibidem
724 1726 880 1756 admissus
897 1733 944 1755 est
964 1732 1125 1765 promotor
1145 1725 1229 1754 curie
1249 1725 1365 1754 domini

457 1777 687 1806 conservatoris
713 1776 837 1815 quidam
861 1775 1008 1814 magister
1033 1775 1161 1810 arcium,
1185 1775 1238 1814 qui
1265 1784 1367 1803 coram

458 1826 668 1855 Universitate
692 1825 819 1865 juravit,
849 1835 882 1854 se
909 1824 1042 1853 fideliter
1064 1824 1195 1853 officium
1223 1834 1368 1853 exercere

458 1876 548 1904 etiam
564 1877 622 1904 sub
639 1885 717 1914 pena
732 1874 808 1903 alias
823 1880 933 1903 taxata.

499 1926 573 1954 Item
593 1925 709 1963 incepit
723 1924 867 1953 dominus
882 1923 1071 1952 Laurencius
1091 1923 1202 1952 Petrus
1218 1923 1256 1951 de
1273 1923 1368 1952 Dacia

459 1976 515 2004 sub
540 1974 689 2013 magistro
712 1973 870 2012 Nycholao
895 1972 1066 2001 Drunkken
1089 1973 1127 2001 de
1149 1972 1258 2006 Dacia,
1281 1971 1367 2011 cujus

457 2025 551 2052 bursa
573 2023 628 2052 XX
653 2022 761 2057 solidi,
786 2022 817 2051 in
841 2022 891 2051 die
916 2022 997 2050 beati
1021 2021 1152 2050 Servatii
1178 2021 1318 2060 episcopi
1339 2028 1369 2051 et

458 2071 679 2102 consessoris⁴.

498 2122 572 2151 Item
586 2122 635 2150 die
652 2122 810 2150 beatorum
826 2121 929 2159 Nerey
945 2126 975 2148 et
990 2119 1122 2148 Acillei²⁵
1145 2121 1221 2148 facta
1236 2129 1352 2159 congre

457 2172 585 2211 gacione
619 2171 757 2210 generali
787 2171 867 2209 apud
901 2169 1045 2198 Sanctum
1077 2168 1259 2198 Matulinum
1290 2169 1367 2198 hora

457 2226 615 2254 consueta,
632 2220 735 2249 audita
755 2219 909 2248 relacione
931 2219 1146 2257 deputatorum
1170 2228 1264 2257 super
1287 2219 1366 2247 facto

456 2270 647 2299 vicecomitis
668 2268 916 2297 Swessionensis
939 2268 978 2296 ob
1003 2267 1205 2296 reverentiam
1223 2267 1366 2296 domino-

457 2329 523 2347 rum
540 2319 778 2358 supplicantium
795 2328 852 2356 pro
871 2328 918 2351 eo,
934 2323 964 2346 et
974 2323 1088 2345 attenta
1103 2315 1169 2355 ejus
1185 2316 1364 2352 humilitate,

457 2368 618 2397 absolutus
636 2374 683 2396 est
702 2378 739 2395 ex
764 2373 827 2395 toto
851 2367 907 2395 sub
932 2366 1115 2394 condicione
1140 2366 1223 2404 quod
1244 2366 1366 2394 satisfa-

458 2424 541 2446 ceret
560 2417 699 2456 partibus
719 2423 748 2445 et
762 2415 881 2454 juraret
898 2426 931 2444 se
950 2415 979 2443 in
1003 2415 1136 2443 futurum
1157 2425 1212 2443 nec
1232 2415 1367 2443 scienter

458 2477 514 2505 per
537 2476 569 2495 se
592 2476 647 2494 nec
667 2475 724 2504 per
746 2465 837 2493 alium
863 2465 980 2493 directe
1002 2464 1050 2492 vel
1075 2464 1225 2492 indirecte
1248 2464 1365 2503 aliquid

458 2522 637 2555 attemptare
655 2521 763 2543 contra
781 2514 942 2553 privilegia
962 2512 1197 2547 Universitatis,
1217 2523 1273 2542 nec
1293 2523 1366 2552 gra-

457 2576 529 2594 vare
555 2565 679 2603 aliquod
710 2563 942 2602 suppositorum
972 2562 1202 2591 Universitatis.
1226 2562 1316 2599 Quod
1339 2562 1365 2591 si

458 2616 585 2649 faceret,
604 2624 682 2653 pena
701 2613 803 2642 debita
822 2622 879 2651 pro
899 2611 1029 2640 dimisso
1049 2611 1161 2640 delicto
1180 2611 1240 2639 sibi
1259 2621 1364 2640 serva-

457 2671 542 2693 retur
551 2670 579 2692 et
591 2674 649 2691 una
663 2673 729 2691 cum
743 2672 821 2700 pena
832 2661 934 2689 debita
946 2660 1016 2689 novi
1028 2660 1130 2689 delicti
1141 2660 1362 2699 requireretur.

544 2743 610 2766 ulias
623 2745 669 2765 etc.
685 2743 750 2765 inter
763 2741 854 2764 lineas.

545 2780 571 2802 11
589 2779 661 2805 Maii,
677 2787 743 2809 quae
758 2779 815 2800 erat
827 2776 966 2800 dominica.

545 2817 591 2839 Ms.
606 2814 685 2845 pedii.

547 2851 574 2874 13
592 2850 665 2874 Mazi.

546 2887 574 2909 12
590 2886 662 2909 Maii.

545 2923 575 2945 ’19
588 2921 659 2945 Maii.

546 2958 658 2982 Guidoni
671 2957 701 2980 de
716 2955 834 2982 Bolonia,
849 2955 937 2986 presb.
952 2954 1029 2978 Cat-d.
1045 2955 1070 2978 S.
1085 2954 1222 2978 Caeciliae.

487 2744 511 2982 ῖῐφῗῖῗῐκὲὒῒὸ

1408 941 1441 966 10

1407 1188 1440 1214 15

1406 1435 1440 1461 20

1406 1682 1439 1708 25

1405 1929 1439 1955 30

1405 2176 1438 2202 35

1404 2422 1437 2448 40

1403 2668 1436 2694 45

2354 418 2389 445 64

1520 493 1595 522 Item
1616 493 1730 523 ibidem
1745 494 1899 523 admissus
1918 500 1965 523 est
1981 494 2020 523 ad
2037 493 2199 531 iurandum
2217 504 2274 534 pro
2290 494 2389 524 officio

1479 542 1661 582 sigillatoris
1685 543 1717 571 in
1741 543 1825 572 curia
1848 543 1963 572 domini
1987 543 2218 572 conservatoris
2242 543 2389 583 magister

1479 591 1612 621 Thomas
1636 592 1674 620 ad
1698 598 1873 631 requestam
1897 592 2012 621 domini
2039 591 2283 622 Silvanectensis
2309 593 2390 632 [epi-

1479 641 1578 680 scopi]
1605 647 1634 670 et
1660 641 1899 671 conservatoris.
1932 642 2008 670 Item
2035 641 2078 670 ibi
2109 641 2264 671 admissus
2287 648 2334 670 est
2359 647 2390 671 et

1478 688 1591 729 juravit
1614 690 1761 730 magister
1778 690 1921 725 Michael,
1941 690 2121 719 licenciatus
2139 690 2171 719 in
2189 690 2323 730 legibus,
2351 691 2390 719 ad

1479 738 1609 768 officium
1637 740 1800 769 advocacie
1826 740 1858 768 in
1883 740 1965 769 dicta
1990 739 2076 768 curia
2102 740 2160 768 sub
2185 749 2266 778 pena
2289 745 2390 768 taxata

1478 788 1554 818 alias
1564 811 1571 823 ,
1586 788 1732 818 videlicet
1746 795 1866 818 centum
1882 789 2030 818 librarum
2049 795 2079 818 et
2094 788 2283 827 privacionis
2298 787 2388 818 officii

1479 844 1509 867 et
1525 839 1563 867 ab
1579 837 1799 867 Universitate.

1519 887 1595 916 Item
1615 887 1646 916 in
1671 887 1721 916 die
1741 887 1945 916 Potentiane⁶
1960 887 2093 927 virginis
2114 886 2248 926 sigillate
2267 887 2389 916 fuerunt

1479 946 1535 975 per
1552 942 1684 975 quatuor
1698 936 1845 966 naciones
1860 942 1992 976 quatuor
2006 936 2108 966 littere
2124 936 2240 965 directe
2257 941 2388 975 quatuor

1478 986 1704 1021 cardinalibus,
1738 986 1883 1015 videlicet
1918 986 2044 1015 domino
2077 985 2114 1015 G.
2146 986 2184 1014 de
2213 985 2345 1014 Bolonia
2360 984 2386 1019 ⁷,

1478 1035 1603 1064 domino
1630 1034 1666 1064 P.
1698 1034 1866 1069 Gometii⁸,
1895 1035 2020 1064 domino
2046 1035 2073 1064 J.
2106 1035 2143 1063 de
2178 1034 2351 1073 Columpna
2361 1032 2386 1068 ⁸,

1478 1083 1603 1113 domino
1622 1084 1657 1113 P.
1679 1084 1863 1113 Penestrino
1878 1083 1916 1112 ⁴⁰.

1519 1133 1592 1162 Item
1609 1133 1639 1162 in
1653 1132 1815 1163 crastino⁴⁴
1833 1133 2035 1162 Ascensionis
2050 1133 2174 1162 Domini
2190 1132 2264 1162 hora
2278 1141 2386 1171 vespe-

1478 1192 1580 1212 rarum
1600 1184 1637 1211 ad
1658 1183 1799 1212 Sanctam
1823 1182 2010 1211 Genovefam
2032 1192 2087 1221 per
2104 1188 2254 1211 rectorem
2270 1191 2386 1210 convo-

1477 1232 1553 1261 catis
1577 1232 1868 1271 [procuratoribus]‚
1894 1231 2027 1271 sigillate
2051 1231 2174 1260 fuerunt
2196 1237 2259 1260 tres
2286 1231 2387 1260 littere

1478 1281 1583 1321 sigillo
1603 1281 1839 1316 Universitatis‚
1858 1291 1918 1310 una
1934 1290 1992 1320 pro
2014 1286 2120 1310 curato
2137 1280 2268 1309 ecclesie
2288 1279 2386 1309 sancti

1476 1330 1583 1359 Jacobi
1597 1330 1677 1360 ultra
1693 1337 1815 1370 pontes,
1831 1340 1917 1359 sacre
1933 1330 2048 1369 pagine
2064 1330 2201 1365 doctore,
2219 1329 2315 1358 altera
2327 1338 2386 1368 pro

1477 1380 1626 1419 magistro
1647 1379 1787 1409 ,Iohanne
1809 1380 1847 1408 de
1872 1378 2044 1414 Kueiacho,
2065 1378 2214 1418 magistro
2235 1378 2266 1407 in
2288 1377 2387 1407 medi-

1477 1429 1556 1464 cina,
1576 1429 1634 1458 alia
1651 1439 1709 1468 pro
1726 1428 1876 1468 magistro
1891 1428 2058 1457 Willermo
2075 1427 2222 1463 Comitis,
2242 1436 2387 1466 procura-

1477 1484 1544 1507 tore
1557 1478 1696 1507 nacionis
1712 1478 1972 1512 Normannorum,
1986 1483 2016 1506 et
2030 1478 2153 1506 fuerunt
2165 1486 2272 1505 omnes
2285 1476 2387 1506 littere

1478 1527 1699 1567 supplicatorie
1718 1528 1753 1556 ad
1773 1537 1879 1556 eorum
1898 1527 2103 1565 dyocesanos.

1518 1576 1592 1606 Item
1611 1577 1673 1605 dati
1692 1577 1814 1605 fuerunt
1833 1577 1865 1605 in
1882 1576 2011 1605 nacione
2026 1581 2134 1604 nostra
2155 1581 2287 1614 quatuor
2304 1574 2387 1604 anti-

1477 1626 1604 1665 quiores
1629 1626 1769 1665 magistri
1794 1632 1866 1655 tunc
1889 1625 2039 1664 temporis
2067 1625 2098 1653 in
2124 1624 2253 1653 nacione
2279 1629 2387 1653 nostra

1476 1685 1536 1704 una
1559 1685 1626 1704 cum
1650 1681 1849 1713 procuratore
1875 1674 1914 1703 ad
1933 1674 2138 1703 ordinandum
2162 1679 2192 1702 et
2214 1673 2387 1702 reforman-

1477 1725 1548 1753 dum
1570 1724 1677 1752 libr-um
1695 1724 1913 1762 procuratoris,
1940 1723 1977 1752 ad
2001 1723 2186 1757 addendum,
2210 1722 2386 1751 diminuen-

1477 1774 1548 1802 dum
1565 1779 1594 1802 et
1606 1773 1823 1802 declarandum
1840 1778 1952 1801 statuta
1967 1778 1997 1801 et
2012 1771 2230 1801 ordinaciones
2244 1771 2386 1800 nacionis

1477 1823 1625 1862 predicte.
1646 1822 1789 1862 Magistri
1806 1821 1943 1861 deputati
1960 1821 2082 1850 fuerunt
2097 1820 2245 1860 magister
2260 1820 2385 1850 Ulricus

1477 1872 1514 1901 de
1536 1872 1687 1911 Augusta,
1708 1872 1794 1901 Zuno
1811 1871 1849 1900 de
1866 1870 1997 1905 Swecia,
2018 1869 2212 1899 Wilhermus
2233 1870 2271 1899 de
2290 1869 2386 1899 Grin-

1477 1921 1552 1956 law,
1573 1921 1740 1950 Nicholaus
1761 1920 1910 1949 Drunken
1932 1920 1969 1948 de
1995 1919 2100 1954 Dacia,
2122 1919 2235 1958 quibus
2255 1924 2386 1958 quatuor

1476 1970 1596 1999 vicibus
1612 1980 1669 2009 per
1684 1976 1916 2009 procuratorem
1933 1968 2111 1997 convocatis
2127 1968 2222 1997 nichil
2239 1967 2385 1997 termina-

1477 2026 1539 2049 tum
1556 2020 1621 2054 fuit,
1637 2020 1691 2048 sed
1705 2019 1804 2048 solum
1819 2018 1942 2047 collatio
1959 2017 2102 2057 aliqualis
2118 2017 2222 2046 habita
2236 2023 2294 2046 est.
2312 2017 2385 2046 Ideo

1477 2076 1614 2108 tempore
1649 2068 1722 2097 dicti
1751 2067 1964 2107 procuratoris
1993 2067 2171 2105 exspirante
2200 2066 2385 2096 concludere

1476 2129 1538 2147 non
1557 2118 1671 2157 potuit,
1692 2118 1746 2147 sed
1765 2116 1968 2156 subsequenti
1983 2116 2148 2145 commisit,

1518 2168 1591 2196 Item
1608 2166 1776 2207 penultimo
1793 2166 1842 2194 die
1855 2164 1963 2194 Maii⁴²
1979 2165 2133 2194 licenciati
2151 2166 2273 2194 suerunt
2288 2164 2383 2194 domi-

1476 2227 1534 2245 nus
1545 2216 1679 2245 Thomas
1694 2216 1731 2244 de
1742 2214 1855 2244 Wedel
1866 2215 1977 2243 Scotus
1993 2215 2074 2253 apud
2087 2214 2227 2243 Sanctam
2244 2213 2383 2243 Genove-

1477 2266 1534 2294 fam
1562 2267 1619 2294 sub
1647 2265 1795 2304 magistro
1821 2263 1985 2293 VVillermo
2012 2262 2152 2298 Grinlav,
2178 2261 2264 2300 cujus
2290 2263 2384 2292 bursa

1475 2314 1546 2344 VIII
1576 2314 1668 2344 solidi
1696 2314 1877 2353 parisiens,
1911 2319 1940 2342 et
1971 2313 2114 2341 dominus
2145 2311 2263 2341 Alanus
2291 2312 2384 2340 frater

1475 2364 1542 2404 ejus
1568 2365 1626 2393 sub
1654 2363 1800 2403 magistro
1832 2362 1993 2400 H[enrico]
2024 2362 2062 2390 de
2092 2360 2186 2396 Gore,
2210 2367 2283 2390 tunc
2305 2367 2383 2389 tem-

1475 2414 1561 2453 poris
1590 2418 1802 2452 procuratore,
1835 2410 1922 2451 cujus
1946 2412 2041 2440 bursa
2068 2410 2157 2439 etiam
2186 2409 2259 2438 VIII
2289 2409 2382 2439 solidi

1476 2463 1640 2502 parisiens.

1515 2512 1587 2551 (Ποῖ.
1606 2511 1680 2550 46¹2)
1698 2510 1772 2539 Item
1789 2509 1964 2539 convocatis
1982 2510 2114 2548 quatuor
2128 2507 2382 2547 procuratoribus

1474 2562 1555 2600 apud
1586 2560 1726 2589 Sanctam
1755 2559 1941 2589 Genovefam
1970 2558 2071 2587 tribus
2099 2557 2219 2587 vicibus
2248 2556 2382 2596 sigillate

1475 2611 1597 2640 fuerunt
1612 2609 1668 2638 VII
1685 2609 1798 2645 littere,
1815 2614 1946 2647 quatuor
1960 2606 2178 2637 Universitatis
2194 2617 2200 2635 τ
2216 2615 2277 2635 una
2289 2615 2380 2645 pape,

1475 2660 1569 2688 altera
1602 2659 1750 2698 magistro
1776 2658 1951 2687 Wilhermo
1974 2657 2011 2685 de
2033 2654 2214 2685 Lumhris⁴³
2237 2655 2295 2684 due
2323 2654 2381 2684 alie

1506 2741 1528 2764 8.
1563 2740 1639 2763 Petro
1655 2738 1776 2765 Gometii,
1793 2737 1879 2769 presb.
1896 2736 1983 2764 Card.,
1998 2735 2038 2760 tit.
2055 2736 2080 2759 S.
2096 2735 2230 2758 Praxedis.

1504 2777 1527 2798 9.
1561 2774 1674 2798 Johnnni
1688 2774 1719 2797 de
1732 2773 1872 2801 Columna,
1886 2772 1954 2795 diue.
1968 2771 2045 2795 card.
2061 2771 2086 2794 S.
2101 2770 2202 2802 Angeli.

1505 2811 1543 2834 10.
1563 2811 1638 2834 Petro
1651 2810 1682 2833 de
1696 2810 1783 2833 Prato.

1505 2847 1543 2870 11.
1562 2847 1592 2869 23
1605 2845 1677 2869 Maii.

1506 2883 1543 2906 12.
1563 2883 1592 2905 30
1605 2881 1679 2905 Maii.

1505 2918 1542 2941 13.
1563 2918 1600 2949 Cf:
1617 2925 1695 2948 supra
1711 2925 1737 2948 p.
1754 2916 1792 2944 61,
1806 2917 1859 2939 not.
1874 2915 1897 2938 2.
