2632 3464
442 397 491 422 231

439 473 678 502 determinature
695 472 935 512 prolongaretur
952 483 1051 512 usque
1067 474 1105 502 ad
1125 474 1235 503 festum
1250 472 1349 502 sancti

439 522 600 551 Johannis.
619 522 659 551 Et
674 521 731 551 hoc
744 522 825 551 idem
839 522 1025 562 supplicavit
1037 522 1180 552 dominus
1196 522 1294 552 Adam
1311 523 1348 551 de

440 571 600 607 Emelisse,
618 571 732 611 quibus
746 581 928 601 concessum
948 572 1004 601 fuit
1018 571 1119 601 etiam.

847 664 944 693 1358

694 734 922 764 Remboldus
954 732 1089 764 Visner.

478 813 569 843 Anno
588 814 714 843 Domini
734 824 795 853 quo
809 814 910 853 prius,
931 815 981 843 18ο
993 814 1044 842 die
1061 813 1146 848 Maii,
1162 812 1265 843 habita
1278 823 1349 842 con-

438 863 625 904 gregacione
643 863 783 892 nacionis
796 862 968 902 Anglicane
989 863 1071 902 apud
1087 862 1231 891 Sanctum
1248 862 1350 892 Matu-

438 913 551 947 rinum,
569 912 767 941 concorditer
778 912 894 941 electus
909 912 964 941 suit
976 912 1008 940 in
1020 918 1254 951 procuratorem
1268 911 1348 940 dicte

438 962 578 991 nacionis
601 961 748 1000 magister
767 961 959 990 Remboldus
979 959 1082 991 Vaner
1106 961 1143 989 de
1164 960 1346 996 Gamundia,

438 1011 470 1040 in
484 1011 706 1050 procuracione
720 1009 807 1049 cujus
820 1016 885 1039 acta
898 1017 970 1040 sunt
980 1021 1015 1040 ea
1026 1021 1085 1050 que
1097 1010 1346 1039 subscribuntur.

478 1060 595 1094 Primo,
608 1060 659 1088 242
674 1059 723 1088 die
739 1060 855 1088 mensis
867 1060 1000 1098 predicti
1012 1061 1088 1089 sacta
1101 1059 1348 1099 congregacione

438 1109 578 1138 nacionis
610 1107 747 1147 ejusdem
777 1109 858 1147 apud
891 1109 1036 1138 Sanctum
1070 1108 1285 1138 Bernhardum
1310 1109 1349 1137 ad

438 1158 665 1197 suplicandum,
690 1157 857 1196 suplicavit
871 1157 1068 1187 Wernherus
1086 1158 1188 1187 dictus
1207 1157 1294 1196 May,
1316 1163 1349 1187 ut

436 1207 497 1236 sibi
512 1207 662 1236 terminus
677 1207 715 1235 de
733 1207 864 1246 pecunia
885 1207 1125 1236 determinature
1144 1206 1349 1246 prolongare-

435 1263 485 1285 tur
501 1266 600 1295 usque
621 1257 659 1284 ad
682 1257 792 1285 festum
813 1256 911 1285 sancti
929 1256 1097 1291 Johannis,
1118 1257 1200 1295 quod
1221 1265 1349 1285 conces-

437 1315 504 1334 sum
518 1305 584 1339 suit,
603 1303 756 1344 sijuraret
769 1315 802 1334 se
818 1315 879 1334 non
895 1304 1020 1340 habere,
1039 1311 1069 1334 et
1084 1305 1110 1334 si
1123 1305 1210 1344 prius
1222 1305 1350 1334 haberet

438 1355 521 1394 quod
537 1354 625 1393 prius
637 1354 733 1383 daret.
755 1354 795 1383 Et
810 1353 867 1383 hoc
886 1354 953 1393 ipse
964 1353 1091 1394 juravit.

477 1403 553 1433 Item
576 1403 723 1442 magister
739 1403 896 1432 Johannes
916 1403 1035 1432 scilicet
1054 1404 1091 1432 de
1112 1403 1236 1433 Pavone
1257 1403 1350 1432 solvit

438 1453 450 1481 I
468 1452 617 1481 florenum
635 1462 692 1491 pro
713 1462 749 1481 eo
772 1453 855 1491 quod
875 1452 1016 1482 novicius
1039 1459 1104 1482 erat
1127 1453 1158 1481 in
1175 1462 1350 1492 congrega-

437 1501 590 1536 cionibus,
610 1502 647 1530 de
666 1512 727 1541 quo
747 1501 839 1530 fiebat
860 1501 1018 1541 magistris
1039 1501 1237 1541 presentibus
1258 1511 1349 1541 pran-

436 1551 519 1580 dium
535 1550 566 1579 in
585 1551 755 1590 quadruvio
770 1551 813 1579 ad
823 1553 995 1590 ymaginem
1010 1553 1109 1579 sancti
1124 1552 1282 1581 Johannis.

478 1600 551 1629 Item
576 1600 693 1639 incepit
717 1599 861 1629 dominus
883 1600 1036 1629 Martinus
1062 1601 1099 1629 de
1123 1600 1271 1629 Bohemia
1291 1600 1348 1629 sub

437 1649 586 1689 magistro
601 1649 729 1678 Alberto
746 1650 783 1678 de
803 1649 962 1684 Bohemia,
981 1648 1068 1688 cujus
1081 1650 1176 1679 bursa
1191 1650 1228 1678 10
1243 1649 1346 1678 solidi.

476 1748 567 1777 Anno
584 1757 645 1787 quo
661 1747 760 1787 prius,
777 1748 826 1776 162
840 1748 890 1776 die
901 1747 996 1783 Junii,
1009 1748 1086 1777 facta
1102 1747 1348 1788 congregacione

436 1797 576 1826 nacionis
594 1797 765 1837 Anglicane
787 1798 868 1836 apud
889 1797 1034 1826 Sanctum
1056 1797 1211 1826 Julianum
1230 1807 1349 1836 paupe-

436 1856 500 1875 rem
525 1847 562 1875 ad
586 1846 762 1885 eligendum
785 1846 834 1875 vel
857 1846 1095 1875 continuandum
1116 1852 1348 1885 procuratorem

436 1902 466 1925 et
480 1897 518 1924 ad
535 1896 719 1925 audiendum
739 1901 913 1934 compotum
929 1895 1113 1934 receptoris,
1129 1895 1170 1924 fui
1186 1895 1349 1924 continua-

437 1951 485 1974 tus
509 1955 567 1984 ego
593 1944 742 1984 magister
764 1944 954 1973 Remboldus
975 1944 1095 1973 Vaener
1116 1945 1153 1973 de
1177 1943 1349 1973 Gamundia

435 1995 474 2022 de
493 1994 647 2022 communi
671 2003 826 2022 consensu
849 1993 996 2028 omnium,
1022 1993 1108 2023 nullo
1128 1993 1252 2033 penitus
1273 2003 1349 2022 con-

436 2043 617 2072 tradicente.

477 2092 551 2121 ltem
564 2098 727 2131 computus
739 2091 913 2130 receptoris
927 2092 983 2121 suit
995 2092 1191 2121 continuatus
1207 2101 1305 2130 usque
1317 2091 1348 2120 in

438 2147 619 2180 sequentem
630 2141 722 2169 diem.

477 2190 551 2219 ltem
581 2190 729 2229 magister
756 2189 915 2219 Gilbertus
947 2190 984 2218 de
1020 2189 1230 2229 Lichtenberg
1257 2189 1350 2219 solvit

437 2246 568 2274 scutum,
591 2246 620 2268 et
637 2239 785 2278 magister
809 2239 964 2268 Patricius
984 2239 1095 2268 Scotus
1113 2239 1204 2268 etiam
1224 2238 1318 2268 solvit
1336 2238 1347 2268 1

437 2294 567 2323 scutum,
586 2289 676 2317 ambo
696 2298 754 2327 pro
775 2298 811 2317 eo
834 2289 916 2328 quod
935 2288 1006 2317 novi
1025 2295 1113 2318 erant
1129 2288 1159 2317 in
1176 2298 1349 2328 congrega-

436 2337 578 2366 cionibus
601 2338 681 2366 dicte
706 2337 857 2372 nacionis,
884 2339 922 2366 de
942 2337 1056 2376 quibus
1080 2338 1172 2366 fiebat
1191 2337 1348 2377 magistris

436 2397 528 2416 unum
558 2387 722 2426 prandium
745 2387 775 2414 in
799 2386 971 2425 quadruvio
996 2387 1038 2415 ad
1058 2388 1229 2425 ymaginem
1253 2388 1350 2415 sancti

434 2437 582 2465 Iohannis
599 2442 629 2464 et
648 2435 761 2464 ibidem
782 2436 820 2464 de
836 2446 990 2464 consensu
1011 2435 1229 2475 magistrorum
1248 2435 1349 2464 domi-

436 2495 494 2514 nus
510 2491 655 2524 receptor
673 2485 818 2524 exposuit
835 2486 849 2513 1
870 2491 1036 2514 mutonem.

477 2534 546 2573 (Vol.
575 2535 623 2573 39)
652 2534 726 2563 Item
754 2533 802 2562 die
828 2534 970 2572 sequenti
996 2534 1184 2573 computavit
1205 2534 1348 2563 dominus

437 2590 593 2622 receptor,
613 2589 642 2612 et
659 2583 803 2611 omnibus
821 2583 972 2622 expositis
989 2583 1147 2612 defalcatis
1167 2590 1197 2612 et
1214 2583 1349 2622 receptis

436 2633 599 2671 appositis,
618 2632 766 2661 remansit
781 2631 936 2671 obligatus
950 2632 1072 2661 nacioni
1091 2633 1129 2662 37
1146 2638 1230 2661 scuta
1248 2643 1315 2661 cum
1331 2633 1348 2661 2

437 2681 558 2717 solidis,
590 2687 677 2710 scuto
702 2681 821 2710 valente
845 2681 883 2710 24
907 2680 1039 2716 solidos,
1063 2687 1093 2710 et
1113 2681 1168 2710 suit
1187 2687 1349 2721 computus

436 2730 501 2769 ejus
529 2730 559 2759 in
591 2730 837 2770 congregacione
864 2730 945 2759 dicte
974 2730 1124 2777 nacionis,
1149 2731 1226 2759 sacta
1255 2740 1349 2770 super

467 2855 490 2877 1.
524 2855 554 2877 23
567 2854 646 2877 Iunii.

467 2891 490 2913 2.
523 2890 574 2914 Sub
589 2889 643 2921 ipso
660 2893 683 2914 et
700 2892 789 2913 contra
808 2889 889 2921 ipsum
907 2889 1004 2913 exarsit
1021 2890 1105 2914 denuo
1122 2889 1154 2913 lia
1174 2889 1348 2923 theologorum

435 2928 524 2949 eontra
542 2925 772 2958 praeeminentiam
797 2925 902 2949 rectoris
931 2928 958 2949 ut
981 2934 994 2948 e
1022 2926 1172 2949 documento
1201 2934 1244 2949 an.
1272 2926 1346 2954 1:359,

991 397 1216 423 AUCTARIUM
1236 396 1494 423 CHARTULARII
1514 397 1688 424 UNIVERS.
1710 398 1827 425 PARIS.

1386 922 1420 948 10

1386 1166 1419 1192 15

1386 1412 1420 1438 20

1386 1656 1419 1682 25

1385 1902 1419 1928 30

1385 2149 1419 2175 35

1386 2396 1420 2422 40

1386 2641 1419 2667 45

2317 402 2368 429 232

1458 473 1612 503 audiendo
1625 481 1800 514 compotum
1815 476 1987 515 receptoris
2000 477 2081 516 apud
2097 477 2211 507 dictum
2223 478 2368 508 Sanctum

1457 522 1623 558 Julianum,
1641 524 1679 552 ab
1696 524 1839 553 omnibus
1855 525 2051 555 concorditer
2062 527 2263 566 approbatus.

1498 570 1574 600 Item
1596 573 1647 601 19²
1663 572 1713 602 die
1732 573 1849 602 mensis
1873 574 2006 612 predicti
2024 575 2101 604 facta
2122 576 2368 616 congregacione

1457 620 1597 650 nacionis
1617 622 1699 661 apud
1726 622 1871 652 Sanctum
1895 623 2048 653 Julianum
2075 624 2113 653 ad
2142 624 2366 664 suplicandum,

1458 668 1622 708 suplicavit
1637 670 1786 710 magister
1801 671 1958 701 Johannes
1971 673 2010 702 de
2027 672 2134 702 Minda
2145 673 2228 712 quod
2241 673 2267 702 si
2280 679 2369 703 rotu-

1458 717 1506 747 lus
1519 718 1692 748 mitteretur
1708 720 1747 749 ad
1760 720 1875 749 curiam
1892 721 1962 760 ipso
1975 722 2114 757 absente,
2131 728 2161 751 et
2176 722 2203 751 si
2215 732 2368 761 poneren-

1457 772 1508 795 tur
1527 767 1671 797 absentes
1687 768 1719 797 in
1732 778 1785 804 eo,
1806 770 1889 808 quod
1905 770 1973 809 ipse
1989 770 2086 799 eciam
2101 770 2324 809 imponeretur,
2339 777 2370 801 et

1457 814 1516 844 hoc
1534 815 1589 844 suit
1604 815 1664 845 sibi
1682 818 1880 848 concorditer
1895 828 2088 848 concessum.

1499 863 1573 893 Item
1598 865 1763 904 suplicavit
1785 867 1932 897 Nicolaus
1949 867 2092 898 budellus
2109 875 2259 907 quatenus
2279 868 2368 898 nacio

1457 913 1592 942 solveret
1616 914 1692 943 duas
1714 914 1810 944 libras
1835 926 1892 955 pro
1916 926 2011 946 censu
2037 927 2157 946 camere
2183 927 2254 953 sue,
2284 918 2368 956 quod

1457 961 1553 990 eciam
1571 963 1768 992 concorditer
1784 964 1839 994 fuit
1851 974 2045 1001 concessum,
2061 972 2148 995 scuto
2162 966 2282 996 valente
2293 973 2367 996 tunc

1456 1011 1495 1039 24
1513 1010 1643 1047 solidos,
1665 1022 1733 1041 cum
1751 1014 1980 1052 protestacione
2000 1021 2101 1044 tamen
2123 1016 2206 1054 quod
2226 1015 2285 1044 hoc
2305 1014 2368 1044 sibi

1457 1069 1518 1088 non
1536 1060 1702 1090 deberetur
1719 1062 1757 1090 de
1768 1060 1838 1101 jure
1857 1063 1913 1091 sed
1933 1063 1970 1092 de
1986 1063 2089 1102 gracia
2107 1063 2245 1103 speciali.

1497 1109 1572 1138 Item
1591 1110 1643 1138 222
1657 1110 1707 1139 die
1725 1111 1840 1140 mensis
1857 1111 1968 1150 prefati
1983 1112 2098 1152 incepit
2113 1113 2256 1142 domiuus
2274 1112 2368 1142 Hein-

1456 1157 1540 1187 ricus
1557 1158 1595 1187 de
1609 1158 1813 1188 Wodrichem
1832 1161 1890 1189 sub
1910 1161 2059 1200 magistro
2077 1161 2238 1191 Willelmo
2254 1162 2366 1198 Buser,

1457 1205 1544 1246 cujus
1560 1208 1654 1237 bursa
1672 1209 1689 1238 7
1706 1208 1810 1238 solidi.

1499 1256 1573 1285 Item
1600 1257 1631 1285 in
1657 1257 1783 1296 vigilia⁴
1812 1258 1909 1287 sancti
1939 1258 2089 1288 Johannis
2124 1259 2264 1299 Baptiste
2291 1260 2370 1290 facta

1458 1306 1705 1345 congregacione
1726 1307 1877 1336 facultatis
1895 1309 1978 1347 apud
1997 1308 2142 1338 Sanctum
2159 1309 2313 1338 sulianum
2329 1309 2368 1338 ad

1458 1354 1634 1394 eligendum
1647 1361 1811 1391 rectorem,
1823 1356 1879 1386 suit
1891 1357 2088 1386 concorditer
2098 1357 2214 1387 electus
2225 1357 2258 1386 in
2266 1363 2365 1388 recto-

1457 1413 1522 1432 rem
1545 1404 1693 1443 magister
1711 1405 1868 1435 Johannes
1890 1407 1928 1435 de
1951 1406 2090 1435 Marchia
2110 1406 2250 1436 nacionis
2275 1406 2368 1436 Galli-

1458 1462 1531 1481 cane
1544 1451 1567 1488 2,
1585 1459 1615 1482 et
1633 1453 1688 1482 fuit
1710 1453 1819 1483 electio
1840 1453 1906 1494 ejus
1922 1455 1959 1484 ab
1977 1455 2121 1484 omnibus
2137 1455 2293 1484 ratificata.

1499 1502 1573 1531 Item
1599 1503 1704 1532 eadem
1729 1502 1805 1532 hora
1831 1510 1861 1533 et
1884 1504 1999 1533 ibidem
2021 1504 2098 1533 facta
2121 1504 2368 1544 congregacione

1457 1551 1597 1580 nacionis
1613 1552 1649 1580 ad
1663 1552 1889 1591 suplicandum,
1905 1553 2069 1592 suplicavit
2078 1552 2227 1593 magister
2242 1553 2368 1583 Gilber-

1457 1605 1506 1629 tus
1526 1600 1564 1629 de
1589 1600 1799 1641 Lichtenberg
1820 1602 1966 1641 quatinus
1990 1602 2140 1631 terminus
2159 1603 2197 1631 de
2219 1602 2369 1642 peccunia

1457 1649 1579 1679 nacioni
1596 1650 1699 1679 debita
1717 1660 1774 1689 pro
1792 1651 2053 1680 determinacione
2069 1657 2099 1681 et
2111 1651 2292 1691 incepcione
2308 1650 2368 1680 sibi

1457 1698 1708 1738 prolongaretur,
1740 1700 1824 1739 quod
1857 1710 2039 1729 concessum
2067 1700 2133 1736 fuit,
2163 1706 2193 1729 et
2216 1700 2367 1730 terminus

1458 1747 1514 1776 fuit
1527 1748 1731 1787 prolongatus
1745 1758 1843 1788 usque
1860 1749 1897 1778 ad
1913 1749 2023 1778 festum
2035 1749 2133 1778 sancti
2144 1748 2365 1778 Bartholomei.

1499 1796 1572 1826 Item
1584 1797 1816 1836 suplicaverunt
1827 1798 1971 1827 dominus
1982 1797 2080 1827 Adam
2091 1797 2221 1828 Catwiic
2230 1803 2260 1827 et
2267 1797 2368 1827 domi-

1457 1855 1515 1875 nus
1529 1846 1661 1875 Mathias
1677 1847 1714 1875 de
1729 1846 1850 1876 Kencze
1865 1847 2009 1886 quatinus
2023 1847 2172 1876 terminus
2189 1847 2227 1876 de
2237 1847 2369 1886 pecunia

1457 1895 1728 1924 determinacionis
1753 1895 1892 1935 ipsorum
1919 1906 2018 1935 usque
2042 1896 2080 1925 ad
2107 1897 2216 1925 festum
2238 1895 2367 1926 Bartho-

1457 1944 1548 1973 lomei
1566 1944 1816 1984 prolongaretur,
1833 1951 1863 1974 et
1878 1945 1934 1974 fuit
1951 1944 2009 1974 hoc
2024 1945 2220 1974 concorditer
2233 1944 2278 1974 eis
2295 1954 2367 1974 con-

1457 2003 1590 2034 cessum.

1499 2042 1573 2071 Item
1590 2042 1621 2071 in
1635 2042 1684 2071 die
1703 2043 1800 2072 sancti
1820 2042 1971 2072 Johannis
1989 2042 2130 2082 Baptiste
2144 2043 2221 2071 facta
2234 2051 2367 2082 congre-

1456 2091 1585 2131 gacione
1602 2091 1752 2121 facultatis
1769 2092 1850 2130 apud
1868 2091 2010 2121 Sanctum
2028 2091 2226 2126 Mami-inum,
2242 2091 2297 2120 fuit
2312 2101 2368 2130 per

1457 2140 1629 2169 facultatem
1653 2141 1851 2170 concorditer
1882 2141 2084 2170 deliberatum
2114 2141 2197 2179 quod
2222 2140 2366 2169 dominus

1457 2195 1560 2219 rector
1577 2200 1638 2218 una
1654 2200 1722 2219 cum
1743 2196 1874 2229 quatuor
1895 2189 2149 2229 procuratoribus
2169 2189 2201 2218 in
2219 2188 2366 2228 expensis

1457 2238 1595 2278 propriis
1618 2238 1699 2267 irent
1731 2240 1769 2267 ad
1791 2239 1947 2268 dominum
1970 2238 2087 2268 Ducem
2114 2238 2301 2268 Normannie
2328 2237 2367 2267 ad

1457 2294 1632 2327 requestam
1650 2294 1680 2317 et
1699 2287 1940 2327 suplicacionem
1960 2287 2083 2317 domine
2103 2287 2209 2327 regine
2227 2286 2366 2316 Johanne

1457 2347 1515 2377 pro
1531 2337 1696 2366 concordia
1708 2337 1788 2366 inter
1801 2337 1902 2376 ipsum
1918 2336 2035 2366 Ducem
2047 2343 2076 2366 et
2085 2336 2189 2366 villam
2201 2335 2366 2375 Parysien-

1458 2396 1534 2421 sem,
1560 2392 1590 2415 et
1615 2387 1699 2425 quod
1722 2392 1941 2425 procuratores
1963 2391 2114 2424 ponerent
2133 2394 2286 2424 expensas
2307 2394 2366 2424 pro

1457 2441 1591 2469 rectore,
1607 2435 1651 2464 sic
1663 2441 1762 2464 tamen
1779 2435 1863 2474 quod
1877 2441 2023 2474 quantum
2041 2440 2182 2474 tangeret
2198 2440 2362 2470 rectorem,

1458 2484 1588 2523 quilibet
1600 2490 1785 2524 procurator
1802 2484 1839 2513 de
1853 2483 2004 2523 proximis
2017 2483 2221 2523 proventibus
2232 2482 2365 2512 rectorie

1457 2533 1633 2562 defalcaret.

1499 2582 1572 2611 Item
1602 2582 1718 2621 incepit
1746 2582 1889 2611 dominus
1916 2581 2072 2611 Johannes
2105 2581 2143 2610 de
2172 2579 2279 2610 Ubach
2307 2581 2365 2610 sub

1458 2631 1607 2670 magistro
1633 2631 1774 2660 «Iohanne
1799 2631 1836 2660 de
1863 2630 1975 2670 Aquis,
2002 2630 2040 2659 de
2066 2628 2152 2668 cujus
2178 2629 2284 2658 bursis
2310 2629 2366 2659 suit

1457 2680 1642 2715 ordinatum,
1671 2686 1705 2709 ut
1732 2680 1763 2709 in
1791 2678 2008 2719 procuratione
2034 2677 2176 2718 magistri
2198 2677 2366 2707 Gwillelmi

1458 2729 1558 2759 Buser
1574 2729 1746 2758 immediate
1760 2739 1807 2758 me
1825 2727 2020 2768 precedentis
2036 2727 2125 2766 plene
2139 2727 2322 2756 continetur.

1457 2853 1592 2877 Februarii
1603 2853 1628 2877 in
1639 2853 1759 2877 Chartul.
1771 2853 1903 2882 Univers„
1915 2852 1959 2882 111,
1972 2857 1999 2876 n⁰
2013 2852 2075 2876 1246
2087 2853 2202 2884 apparet.
2221 2850 2276 2875 Vid.
2295 2850 2365 2883 infra

1456 2897 1483 2921 p.
1497 2890 1551 2917 239,
1567 2889 1609 2918 3ος
1623 2889 1678 2918 241,
1692 2889 1730 2914 11.
