2632 3464
434 395 485 420 315

475 470 549 499 Item
561 469 747 499 Wolbrandi
760 468 834 497 dicti
852 467 948 497 Cesar
964 468 1001 496 de
1016 467 1143 496 licencia
1153 466 1160 484 ⁴
1170 490 1176 495 .

473 518 547 547 Item
565 518 704 558 magistri
720 517 853 546 Gotfridi
869 516 984 556 Wylde
1000 517 1036 545 de
1052 516 1179 545 licencia
1195 521 1224 544 et
1241 515 1334 555 magi-

434 567 528 597 sterio
544 567 646 596 simul.

473 616 546 645 Item
578 615 779 655 imposuimus
808 616 822 643 1
844 614 955 643 librum
980 613 1124 643 videlicet
1149 612 1331 642 Brasilicum

431 674 489 703 pro
504 664 607 693 bursis
623 664 750 693 licencie
764 662 980 701 Bartholomey
997 661 1156 691 Wilhelmi
1174 668 1203 690 et
1219 661 1331 700 Delph.

472 713 546 742 Item
577 712 777 751 imposuimus
817 711 936 740 literam
972 710 1101 739 Gerardi
1132 709 1246 748 Wylde
1274 719 1332 748 pro

431 762 618 801 magisteryo
635 767 664 790 et
683 761 811 790 licencia
826 760 927 789 simul.

471 810 545 839 Item
571 810 701 839 redemit
724 809 871 848 magister
896 807 1083 837 Adalbertus
1113 807 1230 836 litteras
1260 817 1331 836 suas

429 869 487 898 pro
501 859 723 898 quinquaginta
738 858 857 886 solidis.

470 908 544 936 Item
563 907 594 936 in
614 907 662 936 die
684 904 941 944 Assumpcionis²
965 905 1108 944 exposuit
1131 904 1245 933 XXXII
1269 904 1326 934 sol.

470 956 543 985 Item
566 956 597 984 in
615 956 663 984 die
682 955 778 984 sancti
801 953 948 983 Ludvici3
968 953 1150 992 computatis
1168 953 1239 982 hinc
1258 954 1329 982 inde

428 1005 459 1034 in
473 1005 711 1044 congregatione
727 1004 802 1032 facta
815 1004 852 1032 ad
865 1003 1007 1031 Sanctum
1022 1002 1175 1032 Julianum
1190 1002 1329 1031 nacionis

427 1054 598 1093 Anglicane
621 1053 767 1082 remansit
789 1058 930 1091 receptor
950 1051 980 1080 in
1001 1051 1193 1091 septuaginta
1215 1057 1245 1080 et
1264 1051 1324 1080 3b²¹⁸

427 1102 526 1131 libris.

830 1192 929 1223 1368

492 1265 563 1305 (Fol.
593 1265 656 1304 1⁶5⁵)
680 1264 770 1294 Acta
795 1265 1055 1304 procuratorie
1086 1265 1260 1304 magistri

682 1314 836 1342 Jordani
863 1315 905 1342 de
930 1313 1066 1343 Clivis.

462 1393 553 1422 Anno
591 1394 715 1423 Domini
749 1405 810 1433 quo
844 1404 947 1433 supra,
987 1394 1098 1423 XXVIa
1128 1395 1177 1423 die
1211 1395 1326 1424 mensis

422 1442 566 1482 Augusti,
597 1453 656 1482 que
688 1443 744 1472 suit
775 1444 933 1472 sabbatum
959 1449 1031 1482 post
1062 1443 1322 1479 Bartholomeum,

423 1492 499 1520 faeta
507 1492 752 1531 congregacione
762 1492 899 1521 nacionis
907 1491 1077 1531 Anglicane
1088 1493 1169 1531 apud
1181 1492 1325 1522 Sanctum

421 1540 573 1569 Julianum
598 1551 763 1579 pauperem
788 1542 824 1569 ad
847 1541 1021 1580 eligendum
1042 1547 1275 1580 procuratorem
1295 1548 1325 1571 et

422 1589 605 1618 audiendum
623 1596 797 1629 compotum
808 1590 990 1628 receptoris,
1008 1590 1122 1619 electus
1140 1590 1195 1619 suit
1208 1590 1239 1619 in
1254 1601 1325 1630 pro-

422 1645 592 1666 curatorem
631 1638 711 1667 dicte
745 1639 883 1667 nacionis
922 1639 1069 1678 magister
1101 1639 1255 1669 Jordanus
1285 1640 1323 1669 de

422 1686 518 1716 Clivis
537 1687 731 1715 concorditer
745 1687 829 1716 nullo
845 1688 1083 1717 contradicente.
1103 1688 1137 1717 In
1152 1687 1238 1728 cujus
1254 1699 1325 1728 pro-

421 1735 583 1764 curacione
599 1742 666 1765 acta
679 1737 800 1765 fuerunt
814 1736 1022 1775 infrascripta.

462 1784 496 1812 In
513 1784 621 1822 primis
639 1784 726 1823 juxta
745 1785 1000 1814 deliberacionem
1020 1786 1159 1815 nacionis
1181 1787 1323 1816 dominus

420 1839 563 1872 receptor
589 1839 618 1862 et
645 1843 702 1872 ego
729 1834 865 1872 deputati
887 1835 925 1862 ad
949 1834 1134 1864 visitandum
1162 1835 1322 1864 ecclesiam

420 1882 559 1910 nacionis
578 1888 751 1911 sanctorum
764 1883 875 1912 Cosme
886 1889 916 1912 et
930 1883 1071 1912 Damiani
1089 1894 1146 1923 pro
1161 1894 1320 1913 ornamen-

419 1930 470 1964 tis,
490 1930 578 1959 libris
599 1937 628 1959 et
642 1931 710 1960 aliis
727 1931 848 1960 nacioni
866 1932 1076 1967 attinentibus,
1094 1933 1120 1962 si
1137 1943 1195 1972 que
1215 1933 1319 1963 talium

419 1979 618 2017 reparacione
635 1979 684 2009 vel
703 1981 906 2009 renovacione
926 1981 1081 2020 indigent,
1102 1988 1131 2011 et
1148 1982 1321 2012 invenimus

419 2027 461 2055 ibi
487 2028 592 2066 plures
618 2028 715 2057 libros
744 2029 918 2068 disligatos,
945 2037 1122 2059 ornamenta
1146 2031 1265 2060 dissuta
1293 2038 1323 2061 et

419 2077 567 2115 ampullas
590 2078 766 2116 deturpatas
792 2084 821 2106 et
845 2079 882 2107 ad
910 2079 1082 2118 rubiginem
1114 2080 1319 2117 declinantes,

418 2134 476 2163 pro
506 2135 634 2163 quorum
661 2126 859 2164 reparacione
890 2133 920 2155 et
947 2128 1149 2157 renovacione
1179 2129 1321 2168 exposuit

419 2173 561 2202 dominus
576 2181 719 2213 receptor
732 2175 859 2204 XXVIII
876 2175 993 2205 solidos
1010 2177 1174 2215 parisiens.

460 2222 534 2250 Item
554 2223 602 2251 die
623 2223 788 2252 mercurii*
807 2231 954 2263 sequente
974 2225 1051 2254 sacta
1074 2227 1319 2265 congregacione

418 2270 556 2299 nacionis
583 2281 639 2310 per
660 2271 866 2311 juramentum
891 2274 972 2312 apud
996 2274 1138 2303 Sanctum
1167 2275 1319 2305 Julianum

418 2319 455 2347 ad
481 2319 655 2358 eligendum
685 2327 715 2349 et
744 2321 990 2351 constituendum
1019 2323 1230 2352 subbedellum
1262 2334 1318 2363 pro

418 2367 499 2396 dicta
523 2369 663 2404 nacione,
686 2376 880 2408 presentatus
902 2371 999 2400 fuerat
1024 2381 1081 2410 pro
1103 2378 1175 2400 tunc
1197 2373 1318 2402 nacioni

416 2447 481 2470 curii
495 2451 555 2478 post
566 2449 662 2471 festum
675 2449 861 2472 Penthecosten
876 2450 992 2480 ejusdem
1002 2450 1056 2481 (an.
1070 2451 1138 2479 1368,
1151 2452 1178 2474 31
1196 2452 1269 2482 Maii)
1280 2461 1320 2476 co-

415 2490 470 2505 ram
487 2483 562 2506 nobis
576 2484 682 2507 officiali
698 2485 800 2508 Paris...
816 2485 948 2508 ⁸Iohannes
959 2486 1044 2509 dictus
1058 2487 1152 2510 Routat
1169 2489 1320 2519 recognovit

416 2521 441 2540 et
461 2519 595 2542 confessus
616 2520 665 2542 fuit
685 2520 752 2543 bona
772 2520 822 2543 fido.
837 2529 924 2543 coram
942 2522 1017 2544 nobis
1036 2530 1062 2545 se
1079 2522 1202 2546 debere...
1220 2524 1318 2547 nationi

415 2554 556 2584 Anglicane
572 2555 611 2577 vel
629 2556 792 2586 procuratori
811 2556 928 2587 ejusdem
943 2557 1057 2580 nationis
1074 2558 1177 2580 nomine
1195 2558 1278 2589 ipsius
1294 2563 1319 2583 et

416 2596 463 2619 pro
477 2589 535 2619 ipsa
550 2590 642 2620 viginti
656 2594 712 2613 octo
728 2591 826 2614 solidos
843 2592 945 2622 paris...
962 2600 1041 2615 causa
1059 2596 1083 2615 et
1096 2593 1196 2616 ratione
1212 2594 1318 2618 licencie

417 2631 461 2646 sue
474 2628 551 2654 prout
564 2625 632 2648 idem
645 2627 780 2649 consessus
796 2627 872 2650 fuit...

446 2659 469 2681 1.
502 2661 695 2683 lustramentum
717 2661 749 2684 de
772 2661 818 2684 hor:
847 2664 931 2685 exstat
953 2662 978 2685 ιή
1000 2663 1076 2686 Arch.
1105 2665 1226 2692 [Μίνω-9.,
1249 2665 1316 2688 thcc.

415 2693 477 2721 XIV,
504 2700 529 2716 n⁰
558 2696 595 2723 15,
625 2704 664 2718 un.
690 2697 758 2724 1368,
791 2697 855 2720 Iulii
876 2698 886 2720 1
917 2706 921 2720 :
949 2699 1021 2721 Anno
1050 2699 1153 2722 Domini
1179 2700 1317 2724 millesimo

415 2729 486 2752 CCC⁰
503 2730 553 2753 LX⁰
572 2731 648 2758 vulo,
666 2732 706 2754 die
728 2733 848 2755 sabbathi
863 2736 923 2764 post
944 2734 1037 2765 festum
1051 2735 1188 2758 beatorum
1203 2735 1271 2759 Petri
1293 2740 1318 2759 et

414 2764 487 2787 Pauli
499 2766 686 2796 apostolorum,
701 2776 788 2790 coram
802 2768 887 2796 nobis,
905 2769 1012 2792 officiali
1026 2770 1174 2798 parisiensi,
1190 2779 1317 2801 persona—

414 2799 474 2822 liter
491 2801 672 2830 Wolbrandus,
692 2803 776 2826 dictus
795 2803 883 2832 Cesar,
901 2805 1053 2835 recognovit
1071 2808 1096 2828 et
1114 2807 1248 2829 consessus
1270 2808 1318 2831 fuit

414 2834 482 2857 hona
498 2836 548 2859 fide
567 2845 654 2860 coram
673 2838 758 2866 nobis,
779 2847 805 2861 se
824 2839 916 2862 debere
934 2843 960 2863 et
976 2840 1092 2871 legitime
1112 2841 1193 2864 teneri
1216 2843 1316 2866 solvere

414 2870 515 2893 nacioni
534 2872 674 2902 Anglicane
694 2874 734 2896 vel
755 2875 918 2904 procuratori
940 2875 1056 2905 ejusdem
1076 2877 1192 2900 nacionis
1213 2878 1316 2901 nomine

413 2905 496 2935 ipsius
512 2910 536 2929 et
550 2915 597 2937 pro
611 2908 677 2938 ipsa,
695 2909 787 2940 viginti
806 2918 884 2932 unum
899 2910 997 2934 solidos
1013 2911 1163 2942 parisiens,
1179 2912 1205 2935 in
1220 2913 1314 2944 quibus

969 391 1190 418 AUCTARIUM
1211 389 1470 417 CHARTULARII
1491 390 1665 416 UNIVERS.
1688 389 1805 416 PARIS.

1388 666 1403 692 5

1369 911 1401 936 10

1366 1156 1399 1181 15

1364 1401 1397 1427 20

1363 1647 1396 1672 25

1361 1893 1394 1919 30

1359 2139 1392 2165 35

1356 2383 1390 2409 40

2291 394 2348 420 316

1442 476 1497 505 per
1511 466 1525 494 J
1531 465 1704 504 o[hannem]
1720 466 1872 495 bedellum
1885 466 2088 506 principalem
2103 468 2227 508 quidam
2247 469 2351 500 dictus

1441 513 1579 543 Matheas
1602 513 1722 549 Secur.,
1745 524 1835 553 quem
1856 524 1892 544 ex
1911 521 1984 544 tunc
2002 516 2090 546 nacio
2107 517 2264 557 assignata
2286 518 2347 548 sibi

1440 563 1528 602 virga
1541 563 1572 591 in
1587 562 1800 592 subbedellum
1812 563 1913 602 ipsius
1925 565 2054 604 recepit,
2064 564 2248 605 juramentis
2261 567 2345 597 debi-

1440 611 1480 640 tis
1499 617 1528 640 et
1545 611 1701 640 consuetis
1719 622 1776 651 per
1791 622 1859 641 eum
1873 612 1963 652 prius
1976 613 2075 650 sactis,
2093 614 2135 643 ita
2147 621 2247 644 tamen
2261 617 2345 656 quod

1441 660 1468 689 si
1489 670 1640 699 processu
1660 661 1808 699 temporis
1829 661 1861 690 in
1879 661 1980 691 officio
2002 671 2058 692 suo
2081 662 2183 693 minus
2201 670 2292 703 aptus
2315 671 2348 695 et

1440 708 1628 738 insufficiens
1660 709 1818 748 magistris
1844 710 1931 740 visus
1962 711 2064 747 fuerit,
2090 712 2190 748 nacto,
2214 723 2251 742 ex
2274 720 2349 743 tunc

1440 757 1541 796 ipsum
1563 757 1660 787 libere
1684 764 1714 787 et
1735 759 1802 788 sine
1828 757 1941 799 injuria
1963 760 2011 789 sui
2035 761 2192 800 deponere
2217 762 2345 801 poterit,

1439 806 1531 835 alium
1545 817 1601 845 pro
1617 807 1704 836 libito
1718 817 1775 836 suo
1790 809 1989 847 acceptando.

1480 855 1555 884 Item
1579 855 1628 884 die
1656 855 1794 885 sabbati⁵
1818 856 1990 887 immediate
2013 864 2162 898 sequente
2189 860 2268 889 facta
2289 860 2346 890 suit

1439 904 1644 943 congregacio
1663 905 1802 935 nacionis
1817 907 1899 945 apud
1918 906 2063 936 Sanctum
2081 907 2096 936 J
2101 907 2235 937 ulianam
2251 918 2350 948 super

1439 953 1568 991 quadam
1597 953 1728 992 pecunia
1752 960 1944 993 sequestrata
1967 961 1997 984 et
2024 955 2057 984 in
2083 956 2226 996 deposito
2250 957 2346 987 missa

1438 1002 1519 1040 apud
1538 1002 1720 1041 magistrum
1736 1003 1883 1032 Jacobum
1903 1004 2031 1034 Juvenis
2043 1003 2055 1023 ⁶
2075 1015 2113 1034 ex
2134 1011 2222 1044 parte
2239 1006 2343 1042 unius,

1438 1050 1475 1079 de
1491 1061 1552 1089 quo
1566 1057 1631 1080 erat
1648 1051 1860 1081 controversia
1876 1052 1957 1082 inter
1969 1053 2123 1083 nationem
2141 1053 2344 1094 Anglicanam

1437 1105 1467 1128 et
1489 1098 1687 1135 Gallicanam,
1709 1106 1739 1129 et
1764 1100 1964 1130 deliberatum
1987 1102 2043 1132 suit
2065 1103 2147 1142 quod
2168 1103 2195 1132 si
2216 1102 2348 1134 Gallicis.

1436 1147 1572 1187 placeret
1591 1149 1730 1178 dividere
1749 1149 1838 1179 istam
1858 1150 2019 1189 pecuniam
2035 1151 2186 1191 equaliter
2200 1162 2260 1182 una
2276 1163 2344 1183 cum

1436 1197 1552 1232 bursis,
1587 1208 1664 1237 quas
1692 1198 1723 1227 in
1748 1198 1831 1228 illius
1860 1199 2040 1239 incepcione
2074 1201 2282 1231 fraudolenter
2314 1209 2345 1232 et

1435 1246 1565 1275 latenter
1580 1257 1637 1285 per
1652 1257 1719 1276 eum
1735 1248 1811 1276 facta
1828 1254 1922 1287 prout
1938 1249 2128 1288 allegabatur
2144 1257 2340 1290 receperunt,

1435 1295 1523 1325 nacio
1545 1296 1699 1335 reciperet
1721 1297 1912 1326 medietatem
1932 1298 2038 1333 totius,
2062 1304 2091 1327 et
2108 1298 2184 1328 alias
2204 1309 2277 1329 non.
2304 1300 2347 1330 Et

1435 1345 1533 1373 suerat
1558 1345 1650 1373 michi
1675 1346 1871 1375 commissum
1893 1352 1927 1375 ut
1948 1356 2042 1386 super
2069 1347 2128 1377 isto
2148 1349 2341 1388 perciperem

1435 1393 1640 1422 intencionem
1672 1394 1871 1430 Gallicorum,
1905 1395 1958 1435 qui
1989 1396 2082 1425 michi
2111 1398 2344 1436 respondebant

1435 1443 1517 1481 quod
1533 1442 1650 1472 nollent
1664 1444 1775 1472 bursas
1791 1443 1983 1483 incepcionis
2002 1444 2154 1475 interesse
2166 1445 2342 1486 hujusmodi

1434 1491 1591 1527 divisioni,
1617 1492 1689 1531 quia
1710 1493 1894 1532 reputabant
1915 1503 1948 1522 se
1969 1493 2082 1523 habere
2099 1493 2152 1534 jus
2177 1494 2208 1524 in
2230 1495 2292 1525 illis
2312 1502 2345 1526 et

1434 1541 1581 1569 actualem
1596 1541 1841 1580 possessionem.

1474 1589 1549 1618 Item
1565 1590 1634 1629 ipso
1652 1590 1701 1619 die
1715 1589 1851 1619 Mathei⁷
1867 1591 1904 1620 de
1924 1601 2012 1620 mane
2034 1592 2176 1622 dominus
2196 1600 2345 1634 receptor

1433 1644 1463 1667 et
1489 1649 1548 1678 ego
1572 1639 1722 1668 adivimus
1747 1639 1881 1675 archam,
1905 1650 1942 1669 ex
1967 1651 2028 1679 qua
2050 1641 2226 1680 recepimus
2250 1653 2341 1672 unam

1433 1687 1552 1716 literam
1571 1688 1701 1726 positam
1717 1689 1799 1728 apud
1815 1689 1975 1718 nacionem
1995 1700 2054 1729 pro
2072 1691 2178 1720 bursis
2193 1692 2345 1720 determi-

1432 1736 1541 1765 nancie
1561 1736 1741 1766 Allexandri
1766 1738 1803 1766 de
1827 1737 1895 1766 Etal
1916 1744 1946 1767 et
1965 1738 2080 1768 Thome
2102 1739 2265 1776 Edinham,
2287 1741 2340 1780 qui

1433 1785 1649 1815 satisfecerunt
1661 1787 1827 1825 receptori.

1472 1834 1547 1863 Item
1563 1835 1670 1864 eodem
1683 1835 1733 1863 die
1751 1836 1828 1864 facta
1842 1836 2088 1876 congregacione
2104 1837 2244 1867 nacionis
2258 1839 2340 1878 apud

1433 1883 1576 1912 Sanctum
1592 1884 1778 1913 Maturinum
1794 1884 1826 1913 in
1840 1885 1932 1914 nonis
1948 1885 2061 1915 Nostre
2079 1886 2211 1915 Domine
2226 1887 2265 1916 ad
2281 1886 2344 1923 e1i÷

1431 1933 1565 1971 gendum
1577 1939 1769 1972 receptorem
1785 1939 1815 1962 et
1824 1934 1862 1962 ad
1873 1933 1939 1973 ejus
1954 1941 2130 1974 computum
2141 1935 2336 1972 audiendum,

1430 1981 1625 2010 continuatus
1649 1981 1705 2010 fuit
1730 1983 1928 2011 concorditer
1954 1983 1991 2012 ab
2021 1984 2163 2013 omnibus
2190 1985 2343 2024 magister

1429 2021 1583 2059 Arnestus
1595 2031 1632 2059 de
1646 2030 1811 2059 Hollandia
1821 2031 1852 2059 in
1864 2038 2067 2071 receptorem,
2083 2039 2113 2062 et
2123 2033 2201 2062 facta
2214 2043 2337 2072 compu-

1429 2079 1549 2108 tacione
1577 2079 1688 2108 mansit
1718 2080 1840 2109 nacioni
1872 2081 2026 2120 obligatus
2056 2081 2087 2110 in
2113 2081 2222 2111 LXXX
2248 2082 2338 2112 libris

1429 2128 1594 2167 parisiens.
1612 2135 1642 2157 et
1657 2128 1731 2157 XIII
1745 2129 1892 2158 denariis.
1914 2129 1953 2158 Et
1970 2131 2138 2159 secundum
2153 2130 2337 2161 laudabilem

1429 2177 1682 2206 consuetudinem
1696 2177 1822 2207 intravit
1832 2178 1919 2207 nacio
1932 2179 2089 2208 tabernam
2103 2185 2133 2208 et
2145 2180 2339 2220 consumpsit

1428 2236 1521 2254 unum
1533 2226 1668 2255 francum
1682 2236 1750 2255 cum
1761 2227 1900 2262 dimidio,
1917 2228 1954 2256 de
1966 2238 2026 2266 quo
2040 2228 2182 2258 dominus
2193 2235 2338 2268 receptor

1429 2275 1567 2304 solvebat
1581 2277 1595 2303 1
1615 2275 1751 2304 francum
1769 2285 1826 2314 pro
1842 2286 1921 2305 nova
1938 2275 2004 2316 ejus
2023 2277 2238 2313 institucione,
2255 2278 2337 2307 resi-

1428 2324 1520 2352 duum
1533 2324 1620 2353 nacio
1636 2334 1673 2353 ex
1684 2334 1836 2354 consensu
1849 2325 1996 2354 concordi
2009 2326 2227 2365 magistrorum
2241 2336 2337 2366 super

1427 2372 1486 2401 hoc
1502 2372 1665 2412 prehabito
1682 2373 1714 2401 in
1729 2373 1797 2402 loco
1815 2374 2083 2413 congregacionis.

1427 2451 1511 2475 eidem
1523 2455 1633 2480 tenetur,
1642 2461 1722 2475 causa
1733 2456 1758 2476 et
1770 2453 1871 2476 ratione
1883 2453 1990 2476 licencie
2002 2461 2056 2482 sue,
2069 2457 2148 2484 prout
2157 2453 2225 2477 idem
2237 2455 2340 2478 conses-

1427 2497 1472 2512 sus
1487 2490 1535 2512 fuit
1546 2490 1570 2512 in
1583 2490 1641 2520 jure
1653 2498 1742 2514 coram
1753 2490 1839 2517 nobis.
1857 2491 1966 2514 reddere
1981 2494 2006 2514 et
2019 2491 2121 2515 solvere
2133 2491 2217 2514 eidem
2232 2491 2335 2515 nacioni

1426 2525 1467 2547 vel
1482 2525 1647 2555 procuratori
1667 2525 1791 2556 ejusdem,
1806 2525 1876 2548 infra
1891 2526 1957 2549 duos
1973 2534 2055 2549 annos
2069 2534 2084 2549 a
2097 2526 2158 2549 data
2173 2527 2335 2557 presentium

1426 2560 1547 2583 continue
1559 2561 1759 2591 computandos,
1775 2561 1824 2584 sub
1835 2569 1904 2592 pena
1919 2562 2198 2585 excommunicacionis
2212 2563 2264 2586 late
2279 2571 2336 2586 sen-

1426 2596 1514 2625 tentie,
1530 2596 1661 2628 obligans,
1676 2600 1735 2624 etc.,
1749 2597 1913 2628 promittens,
1928 2600 1987 2625 etc..
2001 2605 2121 2625 renuens,
2136 2601 2198 2626 etc.;
2216 2601 2241 2621 et
2256 2606 2337 2629 super

1426 2631 1474 2654 hoc
1498 2632 1544 2655 fiat
1560 2632 1629 2655 bona
1649 2632 1738 2656 littera
1759 2635 1881 2663 grossata
1901 2632 2059 2664 obligatoria
2080 2633 2101 2656 si
2123 2641 2229 2658 necesse
2247 2633 2334 2663 fuerit,

1426 2667 1527 2690 meliori
1550 2668 1626 2691 modo
1647 2676 1697 2699 quo
1716 2668 1813 2699 poterit
1830 2668 1895 2696 fieri,
1912 2671 1960 2692 etc.
1979 2668 2073 2691 Datum
2094 2671 2120 2692 et
2139 2672 2225 2692 actum
2246 2669 2287 2692 die
2306 2672 2340 2692 ut.

1426 2710 1516 2733 supra.

1514 2739 1542 2761 15
1551 2739 1668 2769 Augusti.

1514 2774 1543 2796 25
1558 2774 1676 2805 Augusti.

1513 2810 1542 2832 30
1555 2809 1672 2841 Augusti.

1513 2845 1526 2867 2
1538 2845 1700 2875 Septembris.

1511 2879 1570 2902 Fuit
1582 2883 1636 2904 nat.
1648 2880 1750 2904 Picard.
1764 2881 1799 2903 De
1812 2888 1861 2912 quo
1874 2888 1960 2912 supra,
1974 2889 2001 2911 p.
2017 2881 2070 2909 297,
2084 2881 2138 2906 2-9.

1513 2915 1541 2938 21
1556 2915 1715 2946 Septembris.

1455 2739 1479 2938 flffiwssww
