2632 3464
429 440 479 465 419

432 516 680 544 deliberaverunt
699 522 804 542 omnes
831 511 971 551 magistri
1002 509 1136 539 unanimi
1163 518 1328 542 consensu,

429 564 511 603 quod
531 562 679 602 predictis
699 561 856 601 magistris
874 559 1123 589 discordantibus
1143 557 1330 596 supplicare-

428 619 491 647 tur,
502 619 534 641 ut
546 611 660 641 vellent
674 610 789 649 eligere
809 609 857 639 vel
874 609 1031 637 nacionem
1041 631 1047 642 ,
1064 608 1093 636 id
1107 613 1153 636 est
1168 607 1330 644 deputatos

428 661 577 695 nacionis,
596 660 645 690 vel
664 660 740 689 alios
762 667 972 698 quoscumque
993 656 1203 685 indifferentes
1227 655 1328 689 viros,

429 711 481 750 qui
506 720 558 739 eos
579 709 816 742 concordarent,
847 713 880 735 ut
901 716 962 734 non
988 711 1103 734 starent
1126 705 1157 732 in
1180 713 1329 743 processu

429 759 491 788 litis
506 758 669 798 pendentis
685 767 786 786 coram
804 755 934 784 officiali.
958 753 1016 791 Qui
1040 753 1179 792 magistri
1197 762 1330 791 respon-

429 809 539 837 derunt
553 807 634 846 quod
648 815 741 845 super
756 805 815 834 isto
829 803 1086 833 deliberacionem
1103 802 1214 830 habere
1227 801 1330 830 volue-

429 863 511 890 runt,
531 866 564 885 se
581 863 788 894 responsuros
807 853 933 881 domino
950 851 1063 880 rectori
1086 857 1115 879 et
1135 849 1330 889 procuratori

429 904 567 934 nacionis
584 903 720 943 predicte
735 902 813 931 infra
832 902 966 930 triduum
984 900 1214 939 pretendentes.

468 954 543 983 Item
570 952 753 992 supplicavit
779 951 901 990 quidam
925 949 1066 983 scolaris,
1090 954 1240 987 quatenus
1263 957 1330 976 cum

433 1003 507 1032 alias
519 1002 657 1041 posuerit
668 1001 798 1040 pignora
812 1009 868 1038 pro
883 998 1121 1027 determinancia
1131 1007 1196 1031 sua,
1212 1003 1241 1025 et
1254 1006 1331 1035 pau-

429 1062 485 1091 per
511 1056 593 1080 esset
613 1056 642 1078 et
667 1050 698 1078 in
725 1049 823 1077 Parva
842 1048 982 1077 Sorbona
1001 1046 1215 1075 beneficiarius
1236 1051 1329 1080 esset,

429 1107 577 1140 quatenus
590 1099 678 1127 nacio
691 1098 783 1127 vellet
798 1097 857 1126 sibi
870 1097 1003 1136 pignora
1013 1096 1155 1130 reddere,
1172 1101 1202 1123 et
1212 1104 1280 1123 eum
1293 1094 1331 1122 de

429 1149 558 1189 pecunia
571 1146 808 1176 determinancie
824 1145 1068 1174 misericorditer
1083 1143 1212 1183 quitare.
1231 1143 1332 1182 Super

430 1208 489 1238 qua
507 1196 735 1236 supplicacione
754 1195 954 1224 deliberatum
975 1194 1031 1223 fuit
1049 1194 1131 1232 quod
1151 1203 1213 1221 non
1231 1192 1331 1232 quita-

430 1253 526 1281 retur,
559 1246 585 1274 si
613 1255 674 1273 non
697 1244 816 1283 juraret
842 1249 985 1272 statutum
1010 1242 1218 1282 paupertatis3
1249 1241 1332 1280 quod

428 1301 527 1323 tamen
541 1293 567 1322 si
586 1291 686 1331 jurare
702 1302 735 1321 se
749 1291 908 1334 exhiberet
925 1296 1066 1329 protunc,
1084 1299 1145 1318 non
1162 1289 1217 1318 fuit
1229 1288 1332 1317 decla-

429 1350 537 1377 ratum,
559 1349 658 1370 utrum
679 1347 750 1370 tunc
768 1339 903 1369 totaliter
923 1340 1050 1368 deberet
1069 1338 1193 1378 quitari,
1212 1348 1249 1367 ex
1271 1347 1332 1376 quo

428 1398 496 1420 ante
523 1390 713 1430 posicionem
740 1390 906 1429 pignorum
932 1388 1104 1427 predictum
1125 1386 1331 1426 juramentum

429 1442 526 1469 facere
544 1439 707 1468 recusavit.

471 1489 544 1518 Item
561 1489 637 1517 facta
652 1487 895 1527 congregacione
911 1486 1048 1515 nacionis
1059 1485 1146 1514 XIIIa
1156 1485 1205 1514 die
1216 1485 1331 1513 mensis

431 1538 566 1567 Januarii
589 1538 626 1566 ad
645 1537 828 1566 audiendum
856 1542 1028 1574 compotum
1048 1534 1219 1574 receptoris
1244 1540 1274 1563 et
1294 1535 1332 1562 ad

429 1587 605 1626 eligendum
629 1592 857 1625 procuratorem
877 1591 907 1613 et
924 1584 1172 1623 supplicandum,
1189 1589 1332 1622 receptor

428 1642 558 1675 protunc
575 1645 634 1664 non
653 1634 849 1674 computavit,
867 1644 921 1662 nec
938 1633 1048 1672 aliquis
1065 1632 1260 1672 supplicavit,
1272 1638 1329 1661 etc.

830 1727 930 1756 1373

487 1799 578 1828 Acta
612 1799 871 1837 procuratoris
906 1798 1064 1827 walteri
1091 1798 1132 1826 de
1172 1797 1269 1826 Delf.

469 1879 558 1908 Anno
584 1879 707 1908 Domini
726 1879 770 1908 M⁰
790 1879 884 1908 CCC⁰
900 1878 1037 1913 LXXIII,
1055 1878 1103 1907 die
1119 1878 1333 1907 decimatercia

429 1929 544 1957 mensis
561 1928 708 1963 Januarii,
730 1928 845 1957 electus
863 1928 918 1956 fuit
938 1927 1122 1956 unanimiter
1137 1927 1167 1955 in
1188 1937 1332 1966 procura-

429 1984 525 2006 torem
541 1977 678 2006 nacionis
693 1977 863 2016 Anglicane
875 1976 1034 2005 Walterus
1050 1977 1087 2005 de
1102 1976 1181 2011 Delf,
1198 1976 1229 2004 in
1246 1974 1332 2015 cujus

429 2026 649 2065 procuracione
667 2032 733 2054 acta
750 2032 820 2054 sunt
831 2025 1005 2064 sequencia.

470 2075 543 2103 Item
560 2076 636 2103 sacta
651 2075 894 2114 congregacione
911 2074 1048 2103 nacionis
1063 2074 1094 2102 in
1109 2074 1220 2103 Sancto
1236 2074 1332 2103 Matu-

429 2124 497 2152 rino
515 2124 563 2152 die
581 2125 612 2152 6³
625 2124 739 2152 mensis
758 2123 917 2152 Februarii
935 2124 971 2152 ad
990 2123 1164 2162 eligendum
1178 2123 1333 2152 examina-

430 2179 525 2202 torem
542 2172 812 2201 determinancium
830 2179 860 2201 et
872 2172 1114 2201 bachalariorum
1130 2172 1333 2201 licenciando-

429 2231 495 2250 rum
515 2221 546 2249 in
568 2221 678 2250 Sancta
699 2221 861 2256 Genevefa,
887 2221 975 2250 electi
996 2222 1117 2250 fuerunt
1131 2221 1162 2249 in
1178 2221 1333 2250 examina-

430 2277 513 2299 tores
533 2270 807 2298 determinancium
823 2270 961 2309 magistri
978 2270 1135 2299 Mercilius
1147 2271 1185 2298 de
1202 2270 1331 2309 Inghen,

428 2319 581 2348 Jordanus
600 2319 637 2347 de
661 2318 757 2347 Clivis
773 2325 802 2347 et
816 2318 994 2347 Gherardus
1008 2319 1045 2347 de
1062 2319 1184 2348 Calker.

470 2368 543 2396 Item
566 2368 597 2396 in
627 2368 730 2396 eadem
757 2367 1002 2407 congregacione
1031 2368 1118 2397 electi
1150 2370 1272 2397 fuerunt
1302 2368 1333 2396 in

429 2417 651 2445 examinatores
658 2416 901 2445 hachalariorum
910 2416 1169 2446 licenciandorum
1180 2417 1211 2446 in
1224 2417 1334 2446 Sancta

432 2465 588 2495 Genovesa
613 2465 751 2504 magistri
786 2465 919 2494 Thomas
946 2466 983 2494 de
1018 2466 1115 2495 Clivis
1146 2476 1204 2505 pro
1233 2466 1333 2505 primo

434 2524 549 2548 mense,
571 2514 730 2543 Walterus
760 2515 797 2542 de
831 2514 903 2543 Delf
922 2524 979 2553 pro
1002 2516 1137 2544 secundo
1161 2525 1276 2550 mense,
1306 2521 1334 2544 et

432 2562 618 2591 Wilhelmus
633 2563 815 2601 Wadenoey
830 2573 887 2602 pro
903 2563 933 2591 3⁰
950 2573 1065 2592 mense.

473 2611 545 2640 Item
567 2612 671 2640 eadem
694 2612 742 2640 die
768 2611 855 2640 nacio
877 2612 1002 2641 intravit
1020 2614 1187 2648 tabernam,
1211 2619 1240 2641 et
1264 2623 1334 2642 con-

432 2660 562 2699 sumpsit
588 2661 665 2689 duos
688 2661 809 2689 francos
836 2671 903 2689 cum
929 2667 998 2690 octo
1017 2661 1136 2696 solidis,
1159 2662 1195 2690 de
1223 2662 1335 2701 quibus

435 2709 579 2747 magister
605 2709 738 2738 Thomas
765 2710 802 2738 de
830 2709 927 2738 Clivis
956 2710 1048 2739 solvit
1072 2720 1164 2739 unum
1186 2711 1332 2746 francum,

432 2756 590 2786 Walterus
601 2758 637 2786 de
650 2757 821 2787 Delsunum
840 2759 987 2793 francum,
1003 2765 1032 2788 et
1047 2759 1193 2798 magister
1204 2759 1334 2788 Wilhel-

432 2816 497 2834 mus
514 2807 551 2834 de
564 2806 745 2845 Wadenoey
758 2813 827 2836 octo
844 2807 972 2836 solidos.

463 2920 484 2942 1.
523 2921 567 2943 Vis
583 2921 648 2943 idem
661 2930 692 2943 αι·
702 2921 771 2945 Elias
782 2922 813 2945 de
827 2922 956 2953 Loepwiic
967 2922 1003 2953 (p,
1017 2923 1071 2950 308,
1085 2923 1127 2950 36;
1141 2923 1204 2953 347).
1216 2924 1288 2954 Infra
1299 2923 1334 2946 ad

433 2963 475 2979 an.
493 2956 560 2983 1378,
577 2958 641 2987 Sept.
658 2957 695 2984 23,
713 2958 816 2988 quando
827 2960 978 2988 procurator
990 2957 1083 2981 electus
1099 2961 1144 2986 est,
1164 2961 1267 2982 uocatur
1279 2959 1333 2982 Van

967 434 1188 461 AUCTARIUM
1214 431 1472 458 CHARTULARII
1493 431 1666 458 UNIVERS.
1687 432 1795 459 PARIS

1370 954 1402 980 10

1369 1199 1403 1225 15

1370 1445 1404 1470 20

1370 1689 1403 1715 25

1370 1935 1404 1961 30

1370 2179 1404 2205 35

1371 2425 1405 2450 40

1372 2672 1405 2695 45

2293 433 2346 461 420

1479 506 1555 536 Item
1576 508 1652 537 facta
1675 509 1921 548 congregacione
1938 508 2078 539 nacionis
2097 508 2147 539 die
2166 510 2216 539 10·
2228 510 2347 540 mensis

1439 555 1600 585 Februarii
1628 557 1709 596 apud
1739 557 1884 587 Sanctum
1910 557 1924 586 J
1930 557 2064 587 ulianum
2094 558 2134 587 ad
2159 558 2344 588 audiendum

1439 611 1626 644 compotum,
1639 606 1677 635 ad
1687 606 1863 646 eligendum
1877 613 2109 645 procuratorem
2127 613 2157 636 et
2171 608 2208 636 ad
2224 607 2345 647 suppli-

1439 654 1580 690 candum,
1603 655 1690 684 nacio
1715 655 1827 685 mansit
1849 655 2005 695 receptori
2031 655 2166 696 obligata
2189 656 2243 695 [in]
2259 656 2344 686 XVII

1438 701 1540 738 libris,
1555 703 1583 732 V
1595 703 1716 739 solidis,
1732 704 1792 734 1111
1813 704 1960 733 denariis.
1976 704 2102 734 Electus
2117 705 2174 735 fuit
2185 705 2216 734 in
2232 715 2346 745 procu-

1439 758 1571 780 ratorem
1585 753 1732 792 magister
1751 752 1950 782 Gheraerdus
1964 753 2077 783 Calker
2092 760 2122 783 et
2133 754 2345 794 dispensatum

1439 800 1495 829 suit
1509 810 1577 830 cum
1594 811 1630 830 eo
1645 801 1709 842 [de]
1725 802 1786 831 alio
1800 802 1969 842 optinendo
1986 802 2124 841 [olficio].

1848 894 1945 924 1373

1460 963 1532 1003 (Fal.
1566 963 1614 1003 33)
1647 964 1873 994 Procuratio
1901 964 2072 995 Gerardi
2102 966 2144 995 de
2173 965 2324 996 Calker.

1479 1045 1570 1074 Anno
1600 1045 1725 1075 Domini
1757 1056 1818 1085 quo
1854 1055 1963 1085 supra,
1995 1046 2044 1075 die
2079 1046 2198 1075 decima
2232 1046 2347 1076 mensis

1440 1093 1612 1129 Februarii,
1635 1095 1711 1123 facta
1729 1095 1976 1134 congregacione
1996 1095 2135 1124 nacionis
2153 1096 2233 1134 apud
2250 1095 2348 1125 Sanc-

1440 1149 1503 1172 tum
1527 1143 1680 1172 Julianum
1701 1144 1738 1172 ad
1766 1143 1941 1183 eligendum
1963 1150 2208 1183 procuratorem,
2232 1144 2348 1174 electus

1441 1192 1496 1222 fuit
1518 1192 1714 1221 concorditer
1735 1192 1820 1221 nullo
1839 1193 1962 1231 penitus
1986 1193 2170 1222 reclamante
2190 1192 2348 1222 Gerardus

1441 1242 1479 1270 de
1508 1240 1631 1276 Calker,
1662 1241 1693 1270 in
1720 1240 1806 1280 cujus
1835 1241 2058 1280 procuracione
2086 1247 2153 1270 acta
2184 1248 2256 1271 sunt
2289 1251 2348 1282 que

1441 1296 1622 1329 sequuntur.

1481 1339 1586 1368 Primo
1606 1339 1638 1368 in
1656 1339 1761 1368 eadem
1780 1339 2027 1378 congregacione
2050 1339 2243 1378 dispensavit
2260 1339 2349 1369 nacio

1441 1398 1509 1417 cum
1537 1389 1678 1428 predicto
1707 1387 1847 1417 Gerardo
1871 1387 1954 1427 (quia
1978 1388 2093 1417 electus
2119 1387 2175 1417 suit
2203 1388 2290 1427 prius
2318 1387 2350 1418 in

1441 1438 1571 1476 quadam
1585 1437 1832 1477 congregacione
1846 1437 1877 1465 in
1891 1437 2130 1466 examinatorem
2145 1437 2350 1466 determinan-

1441 1486 1532 1521 cium,
1548 1492 1577 1515 et
1592 1496 1659 1515 cum
1674 1486 1733 1515 hoc
1752 1486 1782 1514 in
1795 1492 2029 1525 procuratorem
2045 1485 2077 1514 in
2094 1486 2210 1524 prefata
2222 1495 2349 1526 congre-

1440 1534 1579 1575 gacione)
1597 1536 1635 1564 de
1651 1535 1709 1564 hoc
1726 1535 1808 1574 quod
1825 1534 1960 1574 optinuit
1975 1535 2036 1564 duo
2051 1534 2159 1564 officia.
2181 1535 2255 1564 Item
2276 1544 2350 1574 pre-

1441 1585 1542 1613 dictus
1558 1584 1728 1619 Gerardus,
1751 1584 1824 1623 quia
1847 1584 1935 1613 nacio
1957 1583 2083 1613 intravit
2100 1584 2269 1619 tabernam,
2286 1582 2352 1613 sol-

1440 1633 1484 1663 vit
1499 1633 1658 1662 dimidium
1682 1634 1817 1662 francum
1840 1632 1974 1668 nacioni,
1992 1642 2054 1661 non
2072 1638 2173 1661 tamen
2193 1633 2276 1671 quod
2291 1632 2350 1661 hoc

1440 1682 1615 1711 traheretur
1632 1682 1663 1710 in
1684 1681 1940 1711 consuetudinem
1966 1691 2024 1720 pro
2048 1681 2118 1710 aliis
2138 1680 2348 1711 eleccionibus

1441 1731 1600 1760 faciendis.

1482 1780 1557 1810 Item
1579 1780 1690 1809 obtulit
1708 1779 1856 1819 magister
1872 1778 1956 1808 Elias
1972 1779 2010 1808 de
2030 1778 2130 1809 Orde⁴
2153 1778 2274 1808 solvere
2291 1788 2349 1818 pro

1441 1839 1519 1859 nova
1535 1839 1590 1858 sua
1606 1829 1830 1868 procuracione
1851 1838 1905 1858 sua
1924 1829 2035 1863 futura,
2047 1829 2170 1868 quando
2186 1838 2203 1856 a
2219 1827 2348 1857 nacione

1441 1888 1498 1917 pro
1522 1879 1622 1907 futuro
1650 1877 1828 1917 eligeretur,
1852 1883 1882 1906 et
1901 1877 1928 1906 si
1945 1877 2059 1916 aliquis
2081 1876 2160 1906 alius
2188 1876 2246 1906 hoc
2267 1877 2350 1906 idem

1441 1928 1540 1956 facere
1563 1927 1667 1962 vellet,
1694 1927 1882 1956 sufficienter
1907 1926 2077 1965 inquisivit.
2101 1925 2162 1955 Sed
2179 1925 2266 1955 nullo
2289 1925 2349 1955 alio

1441 1977 1504 2013 hoc·
1514 1976 1636 2005 volente
1654 1976 1753 2004 facere
1769 1975 1883 2004 ibidem
1898 1975 2060 2009 existente,
2076 1975 2144 2014 ipse
2160 1985 2193 2004 se
2210 1980 2348 2014 paratum

1442 2025 1617 2064 ex[h]ihuit,
1641 2031 1672 2054 et
1686 2024 1844 2054 introitum
1879 2034 1968 2053 suum
1999 2034 2058 2064 pro
2089 2033 2168 2053 nova
2195 2023 2349 2054 eleccione

1441 2074 1507 2114 ejus
1525 2075 1556 2103 in
1574 2080 1805 2113 procuratorem
1822 2083 1881 2113 pro
1902 2074 2003 2102 futuro
2024 2073 2116 2102 solvit
2135 2072 2263 2102 nacione
2282 2072 2349 2102 exi-

1442 2129 1541 2153 stente
1561 2123 1592 2152 in
1612 2123 1748 2152 taberna.
1767 2122 1870 2152 Nichil
1886 2128 1987 2151 tamen
2005 2122 2118 2151 ibidem
2139 2122 2350 2161 exponebatur

1442 2174 1479 2202 de
1493 2172 1624 2212 pecunia
1637 2171 1776 2200 nacionis
1794 2171 1907 2200 tradita
1921 2181 1938 2200 a
1953 2177 2125 2210 receptore.
2143 2170 2146 2175 '

1483 2221 1557 2251 Item
1580 2221 1657 2250 facta
1681 2220 1929 2260 congregacione
1949 2219 2088 2249 nacionis
2109 2220 2148 2249 ad
2164 2218 2349 2249 audiendum

1437 2270 1611 2310 juramenta
1639 2269 1880 2299 examinatorum
1913 2268 2203 2303 determinancium,
2235 2267 2350 2307 juravit

1443 2320 1590 2359 magister
1608 2318 1768 2348 Mercilius
1781 2319 1819 2348 de
1835 2317 1954 2358 Inghen
1967 2324 1997 2347 et
2011 2317 2170 2347 Gerardus
2183 2317 2221 2346 de
2237 2316 2350 2346 Calker

1441 2369 1636 2408 prescriptus
1654 2368 1686 2396 in
1701 2367 1847 2403 nacione;
1872 2367 1928 2396 sed
1945 2366 2033 2396 nacio
2054 2365 2250 2406 procuratori
2265 2365 2351 2394 dedit

1443 2423 1625 2457 potestatem
1640 2416 1783 2446 audiendi
1798 2415 2004 2455 juramentum
2016 2415 2104 2445 tercii
2118 2413 2347 2449 examinatoris,

1444 2466 1562 2496 scilicet
1581 2466 1722 2506 magistri
1737 2465 1877 2500 Jordani,
1899 2474 1956 2504 pro
1976 2474 2009 2494 se
2024 2469 2155 2504 propter
2173 2463 2349 2493 absenciam

1443 2517 1509 2554 ejus
1523 2515 1555 2544 in
1570 2514 1622 2544 illa
1634 2514 1892 2554 congregacione.

1703 2593 2083 2624 Determinaverunt.

1484 2662 1589 2691 Primo
1614 2661 1756 2690 dominus
1787 2659 1999 2690 Theodericus
2024 2657 2185 2694 Ruusch²‚
2214 2658 2349 2687 diocesis

1443 2710 1632 2749 Trajectens.
1653 2710 1711 2739 sub
1733 2709 1880 2749 magistro
1898 2708 2039 2738 Waltero
2060 2707 2240 2742 Giselberd,
2262 2705 2349 2746 cujus

1443 2761 1537 2789 bursa
1554 2759 1579 2788 V
1595 2759 1699 2788 solidi.
1718 2757 1874 2787 Satisfecit
1888 2757 2053 2796 receptori.

1482 2810 1557 2838 Item
1584 2807 1778 2837 Giselbertus
1804 2807 1899 2836 Scout
1919 2807 1976 2835 sub
1997 2805 2146 2845 magistro
2162 2804 2289 2834 Nicolao
2311 2804 2351 2833 de

1442 2923 1491 2946 den
1506 2922 1598 2946 Oerde.
1617 2924 1700 2954 Supra
1713 2930 1739 2952 p.
1755 2922 1809 2949 360,
1824 2921 1853 2944 10
1870 2928 1875 2944 2
1890 2920 1978 2944 Helias
1989 2920 2021 2943 de
2036 2920 2114 2944 Orne.

1474 2959 1497 2982 2.
1530 2959 1578 2981 Ms-
1594 2957 1698 2982 Rwsch.
