2632 3464
280 415 333 441 229

280 491 363 521 niam
391 491 481 532 prius
509 492 638 521 comode
661 490 822 531 acquirere
847 496 967 530 posset,
998 489 1095 519 cicius
1122 499 1187 519 eam

282 540 429 571 solveret.

321 589 396 619 Item
421 590 453 619 in
481 589 532 619 die
557 589 696 629 Philippi
720 594 751 618 et
777 586 905 618 Jacobi⁴
935 587 1189 627 supplicaverunt

278 638 332 669 isti
348 638 515 669 bachelarii
540 651 547 668 :
566 638 667 678 primo
689 637 878 677 supplicavit
897 637 1041 666 dominus
1061 636 1188 666 Floren—

279 688 340 718 tius
364 689 402 717 de
423 687 582 723 Alcmade,
610 687 694 727 quod
715 686 866 716 terminus
889 696 965 716 suus
987 687 1026 715 de
1056 686 1188 725 pecunia

279 736 550 767 determinacionis
585 735 825 775 prolongaretur
866 745 964 775 usque
997 735 1036 764 ad
1078 735 1186 764 festum

278 786 426 826 Remigii,
452 791 484 815 et
503 785 594 814 etiam
615 785 699 824 quod
722 785 816 814 burse
839 794 894 814 sue
919 785 957 813 de
981 784 1105 813 licentia
1126 783 1186 813 sibi

277 841 511 875 aspectarentur
538 843 637 873 usque
661 834 701 862 ad
736 834 867 863 eundem
899 833 1080 869 terminum,
1114 833 1186 862 dum

276 890 378 914 tamen
401 884 514 913 faceret
536 884 647 912 bonam
669 882 846 912 caucionem
866 882 1078 917 literatoriam‚
1103 882 1186 922 quod

278 933 339 964 sibi
366 942 547 962 eoncessum
576 931 633 961 fuit
642 930 666 960 ².
702 931 770 960 Hoc
799 931 880 960 idem
911 931 968 961 fuit
1005 941 1186 961 concessum

276 981 402 1012 domino
423 980 562 1011 Volkero
589 990 688 1020 usque
717 981 755 1010 ad
783 981 893 1010 festum
923 980 1126 1015 Bartolomei‚
1157 986 1187 1010 et

276 1030 402 1061 domino
414 1029 548 1060 Johauni
563 1030 664 1068 Proys
680 1029 736 1059 fuit
752 1030 842 1059 datus
857 1029 1006 1059 terminus
1022 1030 1186 1059 bursarum

276 1081 314 1110 de
346 1079 526 1119 incepcione
556 1088 656 1118 usque
687 1079 725 1107 ad
751 1079 862 1108 festum
899 1078 1126 1114 Bartholomei‚
1156 1085 1187 1108 et

275 1129 475 1159 Ghiselberto
503 1129 540 1157 de
572 1127 751 1157 Ghorichen
778 1128 816 1157 de
841 1128 981 1163 licencia,
1008 1134 1038 1157 et
1060 1128 1185 1157 domino

274 1177 470 1218 Vepherman
496 1177 591 1206 eciam
623 1177 662 1206 de
689 1177 813 1206 licentia
838 1177 894 1206 fuit
919 1177 1008 1207 datus
1035 1176 1185 1206 terminus

274 1237 374 1267 usque
401 1227 440 1256 ad
467 1226 575 1256 festum
607 1226 753 1266 Remigii,
787 1226 848 1255 ista
875 1232 976 1255 tamen
1002 1226 1185 1255 condicione

274 1275 418 1316 apposita
435 1275 530 1315 quod,
547 1274 601 1314 qui
617 1274 932 1314 ponerentpignora,
945 1274 1087 1315 jurarent
1101 1275 1183 1315 quod

274 1335 337 1355 non
363 1325 514 1354 haberent
538 1323 712 1364 pecuniam,
743 1329 773 1353 et
801 1324 854 1363 qui
881 1330 1034 1364 ponerent
1066 1324 1182 1359 literas,

271 1373 412 1414 jurarent
431 1373 515 1413 quod
536 1383 593 1402 nec
614 1372 763 1402 haberent
779 1373 941 1412 pecuniam
963 1383 1020 1402 nec
1039 1374 1182 1413 pignora.

315 1422 391 1452 Item
409 1421 552 1462 sequenti
569 1421 620 1451 die
633 1422 711 1451 facta
726 1422 973 1461 congregacione
986 1423 1024 1451 ad
1040 1422 1184 1452 Sanctum

274 1471 462 1502 Maturinum
474 1470 626 1500 facultatis
635 1470 757 1506 artium,
771 1470 974 1500 deliberatum
989 1471 1045 1501 fuit
1057 1481 1184 1501 concor-

274 1521 356 1550 diter
379 1520 463 1560 quod
489 1520 550 1549 duo
579 1519 721 1559 magistri
744 1520 783 1549 de
805 1519 943 1559 qualibet
969 1520 1098 1550 nacione
1125 1531 1184 1550 una

273 1579 342 1599 cum
362 1569 486 1598 domino
511 1574 631 1598 rectore
654 1574 684 1597 et
705 1568 827 1598 bedello
847 1569 1002 1608 superiori
1023 1570 1183 1609 utriusque

273 1618 415 1648 nacionis
442 1617 524 1647 irent
555 1617 593 1646 ad
622 1617 780 1647 dominum
813 1617 931 1647 Ducem
963 1618 1153 1648 Normannie
1170 1618 1182 1636 ³

274 1673 403 1708 propter
429 1676 535 1706 pacem
559 1673 589 1696 et
611 1667 807 1696 concordiam
834 1667 941 1696 Trium
967 1667 1129 1697 statuum⁴
1153 1674 1183 1697 et

273 1716 331 1746 hoc
367 1715 515 1756 expensis
548 1715 702 1755 propriis,
733 1715 776 1745 ita
809 1717 893 1755 quod
922 1716 1059 1756 quelibet
1094 1717 1182 1746 nacio

273 1766 388 1795 faceret
413 1774 566 1805 expensas
586 1764 709 1794 illorum
733 1765 787 1804 qui
809 1765 890 1794 irent
908 1766 946 1795 de
966 1765 1019 1795 illa
1040 1767 1179 1796 nacione.

272 1813 313 1844 Et
338 1814 410 1854 quia
436 1823 495 1854 ego
518 1814 634 1844 fueram
657 1824 738 1844 unus
759 1814 798 1844 de
824 1814 888 1843 illis
915 1815 1081 1854 deputatis,
1110 1815 1181 1845 ideo

272 1863 420 1894 substitui
459 1862 641 1903 magistrum
664 1862 871 1903 Artholphum
901 1863 1102 1894 Lauterwech
1143 1865 1182 1894 ad

273 1913 478 1942 exercendum
503 1912 635 1942 officium
658 1922 758 1942 meum
781 1912 904 1942 interim
936 1914 1019 1953 quod
1042 1923 1181 1944 essemus

273 1963 311 1992 ad
330 1961 459 1991 Ducem.

313 2011 388 2040 Item
406 2011 512 2040 eadem
532 2010 583 2040 die
602 2010 634 2040 in
656 2010 766 2050 primis
780 2010 895 2041 Nostre
915 2011 1046 2041 Domine
1066 2012 1097 2041 in
1113 2012 1181 2043 loco

271 2060 414 2100 predicto
437 2060 560 2089 fuerunt
578 2059 641 2089 dati
665 2060 803 2099 deputati
823 2060 856 2089 in
882 2061 1035 2091 antedicta
1052 2062 1181 2092 nacione

272 2109 310 2139 ad
325 2100 569 2138 tractandum'de
582 2118 657 2148 pace
676 2115 707 2138 et
727 2109 894 2139 concordia
910 2110 991 2140 inter
1011 2111 1180 2150 predictam

271 2157 431 2187 necionem
459 2163 489 2187 et
512 2157 673 2187 nacionem
700 2157 872 2194 Piceardie,
901 2159 943 2189 ita
966 2165 1067 2189 tamen
1096 2161 1180 2200 quod

271 2206 446 2236 inconsulta
461 2206 590 2236 nacione
605 2206 701 2236 nichil
718 2207 877 2238 diffinitive
891 2214 1118 2248 attemptarent.

312 2255 384 2295 (Fbl.
413 2257 452 2286 38
466 2255 490 2295 Ι”)
525 2255 600 2285 ltem
631 2255 748 2296 incepit
775 2257 918 2286 dominus
947 2257 1115 2288 Nicholaus
1141 2259 1179 2288 de

270 2303 426 2334 Alcmaria
436 2305 494 2334 sub
509 2314 557 2334 me
568 2305 744 2345 prescripto
756 2312 970 2345 procuratore,
985 2305 1072 2346 cujus
1086 2307 1180 2337 bursa

270 2355 291 2384 8
305 2353 410 2383 solidi.

312 2402 388 2432 Item
417 2402 534 2442 incepit
559 2403 704 2433 dominus
729 2403 886 2433 iohannes
918 2404 1020 2444 Proys
1044 2405 1102 2435 sub
1132 2415 1179 2435 me

270 2451 448 2492 prescripto
463 2457 678 2492 procuratore,
699 2451 786 2492 cujus
801 2453 897 2483 bursa
909 2454 929 2483 6
947 2453 1050 2483 solidi.

311 2548 402 2579 Anno
412 2549 426 2568 ¹⁵
442 2549 568 2579 Domini
589 2550 682 2586 1358,
701 2550 733 2579 3·
747 2550 797 2580 die
810 2550 900 2586 Maii,
915 2552 992 2581 facta
1009 2562 1180 2592 congrega·

271 2598 361 2628 cione
384 2598 520 2628 nationis
547 2598 720 2639 Anglicane
746 2599 933 2630 substitutus
962 2601 1018 2630 fuit
1040 2600 1180 2632 Artolfus

272 2646 474 2678 Lauterwech
499 2647 530 2677 in
556 2654 790 2688 procuratorem
813 2648 950 2689 ejusdem
970 2650 1121 2687 nacionis,
1148 2651 1179 2680 in

271 2694 359 2736 cujus
373 2696 599 2727 substitucione
614 2698 692 2727 facta
709 2703 781 2728 sunt
792 2697 849 2727 hec
864 2708 924 2739 que
940 2706 1096 2729 secuntur.

301 2797 326 2822 1.
359 2797 371 2822 1
389 2797 464 2822 uait.

302 2833 326 2857 2.
360 2834 408 2857 Mn.
421 2833 509 2858 tuerit.

302 2869 326 2893 8.
360 2868 413 2901 ραι·
419 2871 510 2901 postea
518 2869 570 2902 suu
579 2870 690 2895 Carolu-
700 2870 730 2895 V.

301 2904 325 2928 Ιι.
363 2903 418 2928 rid.
436 2904 556 2930 ehu-tul.
569 2905 690 2931 Univern.
705 2906 801 2936 Parin„
812 2906 845 2935 11,
859 2915 885 2939 p.
899 2908 955 2938 ⁶⁹7,
966 2910 1019 2933 noe.
1033 2907 1072 2932 16.

302 2941 327 2964 5.
361 2938 516 2965 charactere
527 2941 629 2966 Artolfi.

789 414 903 441 LIBER
923 413 1236 441 PROCURATORUM
1256 413 1437 440 NATIONIS
1455 414 1700 441 ANGLICANAE

1224 939 1258 964 10

1223 1183 1256 1210 15

1222 1429 1256 1455 20

1220 1675 1254 1701 25

1219 1921 1253 1946 30

1217 2167 1252 2194 35

1217 2408 1252 2435 40

1218 2654 1252 2681 45

2152 419 2204 444 230

1338 489 1445 519 Primo
1458 490 1638 520 licenciatus
1654 491 1712 520 fuit
1726 492 1870 521 dominus
1889 492 2065 523 Florentius
2081 495 2119 523 de
2136 494 2206 524 Alc·

1296 539 1385 568 made
1402 540 1460 568 sub
1477 539 1626 579 magistro
1645 539 1815 570 Wilhelmo
1835 541 1950 576 Buser,
1972 541 2059 582 cujus
2079 544 2172 572 burse
2187 545 2207 573 8

1297 587 1407 623 solidi;
1423 588 1575 618 satisfecit
1586 588 1728 623 bedenis,
1740 599 1798 628 pro
1810 590 1937 619 residuo
1949 592 2053 629 posuit
2061 592 2203 631 pignora.

1338 636 1412 666 Item
1446 636 1620 666 licentiatus
1659 637 1714 667 suit
1740 638 1883 668 dominus
1923 639 2117 678 Vepherman
2149 642 2206 670 sub

1296 686 1446 725 magistro
1460 685 1577 716 Alardo
1595 688 1632 715 de
1652 686 1850 727 Osenbruge,
1871 687 1958 727 cujus
1971 689 2065 718 bursa
2080 691 2115 718 15
2132 690 2203 725 sol.‚

1297 734 1446 764 satisfecit
1458 735 1582 765 bedillis
1591 758 1598 771 ,
1612 745 1669 775 pro
1683 736 1810 766 residuo
1822 737 1949 775 [posuit]
1963 737 2093 767 literam.
2110 738 2204 768 Satis-

1296 783 1390 813 fecit⁶
1408 785 1446 813 de
1464 784 1552 814 litera
1572 794 1652 814 anno
1671 786 1724 820 62,
1744 795 1850 814 mense
1864 786 2004 815 Octobri.

1337 833 1411 862 Item
1429 833 1610 863 licenciatus
1626 834 1681 863 fuit
1695 834 1840 863 dominus
1856 834 2013 865 ,lohannes
2029 836 2066 865 de
2085 836 2203 872 Ubach,

1294 882 1349 922 qui
1363 882 1435 912 fecit
1450 883 1618 912 secundum
1633 883 1768 922 graciam
1787 883 1847 913 sibi
1863 884 2008 924 superius
2025 885 2143 914 factam.

1335 931 1411 960 Item
1435 932 1578 961 dominus
1603 932 1767 962 Conradus
1793 934 1831 962 de
1856 933 2004 963 Bohemia
2026 934 2204 964 licenciatus

1295 981 1356 1010 fuir
1368 981 1426 1010 sub
1445 981 1594 1020 magistro
1613 981 1742 1011 Alberto
1765 982 1802 1011 de
1823 982 1983 1020 Bohemia‚
2004 982 2091 1023 cujus
2111 985 2205 1014 burse

1294 1029 1402 1058 nichil.

1335 1079 1410 1108 ltem
1445 1079 1589 1109 dominus
1621 1079 1818 1110 Giselbertus
1850 1081 1945 1121 Pape,
1984 1081 2071 1121 cujus
2110 1084 2204 1112 burse

1294 1127 1399 1156 nichil.

1335 1176 1410 1206 ltem
1427 1177 1570 1207 dominus
1585 1177 1772 1208 Welcherus
1785 1180 1823 1208 de
1838 1179 2010 1219 Zutphania
2024 1180 2204 1211 licenciatus

1294 1225 1350 1255 fuit
1365 1227 1422 1256 sub
1439 1227 1589 1267 magistro
1607 1227 1747 1257 Johanne
1772 1229 1811 1258 de
1836 1229 1985 1265 Marcia⁷‚
2007 1229 2093 1270 cujus
2110 1231 2203 1261 burse

1295 1275 1332 1304 10
1347 1275 1451 1304 solidi.

1334 1324 1409 1353 ltem
1445 1325 1589 1355 dominus
1619 1325 1815 1356 Giselbertus
1851 1328 1889 1356 de
1927 1327 2115 1368 WVychghen
2145 1330 2203 1359 sub

1293 1373 1443 1413 magistro
1460 1374 1598 1404 Dietrico
1613 1375 1650 1404 de
1670 1375 1820 1415 Campen,
1838 1375 1925 1416 cujus
1944 1378 2039 1407 burse
2055 1379 2074 1407 8
2090 1378 2201 1414 solidi3

1293 1422 1399 1461 posuit
1416 1423 1547 1453 literam.

1333 1519 1395 1550 Et⁸
1409 1522 1640 1551 memorandum
1659 1528 1706 1552 est
1721 1524 1804 1563 quod
1820 1530 1892 1563 post
1902 1524 2034 1554 reditum
2047 1521 2200 1561 nostrum,

1293 1569 1413 1599 scilicet
1435 1570 1491 1599 xl=
1512 1570 1562 1600 die
1582 1571 1668 1607 Maii,
1688 1572 1765 1601 facta
1791 1574 2038 1612 congregacione
2063 1575 2202 1605 nacionis

1290 1617 1463 1658 Anglicane
1489 1621 1570 1659 apud
1601 1620 1746 1650 Sanctum
1775 1621 1930 1651 lulianum
1970 1634 2136 1663 pauperem
2164 1626 2200 1654 ad

1291 1668 1476 1698 audiendum
1491 1675 1551 1698 tam
1569 1676 1745 1709 computum
1758 1680 1858 1700 meum
1876 1682 1967 1711 quam
1983 1673 2078 1701 eciam
2094 1683 2202 1714 recep-

1290 1716 1380 1752 turis,
1398 1727 1456 1757 ego
1472 1724 1655 1757 procurator
1670 1719 1865 1759 prescriptus
1883 1722 2057 1760 computavi
2076 1722 2107 1751 in
2126 1733 2202 1762 pre-

1291 1765 1396 1795 sencia
1420 1767 1555 1796 nationis
1579 1768 1662 1807 quod
1686 1769 1724 1797 ad
1744 1779 1832 1798 usum
1856 1770 1996 1800 nacionis
2018 1772 2147 1810 exposui
2166 1772 2202 1802 14

1291 1821 1378 1844 scuta
1389 1821 1420 1844 et
1431 1815 1449 1844 4
1467 1816 1596 1852 solidos,
1616 1823 1704 1847 scuto
1718 1817 1839 1848 valente
1854 1819 1892 1848 23
1907 1819 2037 1856 solidos,
2054 1821 2107 1860 qui
2121 1831 2201 1850 com·

1291 1870 1383 1903 putus
1401 1864 1458 1894 fuit
1472 1867 1674 1905 approbatus.

1331 1913 1406 1943 Item
1424 1914 1538 1944 ibidem
1556 1916 1743 1955 computavit
1765 1917 1909 1947 dominus
1931 1924 2076 1958 receptor
2095 1920 2201 1949 nacio-

1289 1962 1339 1992 nis
1356 1963 1507 2002 predicte,
1524 1970 1555 1993 et
1571 1965 1627 1994 fuit
1644 1975 1762 1994 summa
1777 1967 1816 1995 59
1833 1972 1920 1996 scuta
1934 1977 2002 1997 cum
2022 1968 2059 1997 14
2077 1969 2199 2004 solidis,

1289 2018 1319 2041 et
1346 2021 1464 2041 summa
1487 2013 1699 2052 expositorum
1721 2015 1755 2044 31
1787 2021 1874 2045 scuta
1897 2026 1966 2045 cum
1991 2017 2131 2053 dimidio,
2160 2018 2200 2047 ita

1289 2061 1372 2100 quod
1390 2061 1533 2092 dominus
1544 2069 1690 2103 receptor
1699 2064 1843 2094 omnibus
1855 2066 2040 2105 computatis
2053 2068 2201 2097 remansit

1289 2109 1444 2150 obligatus
1463 2111 1587 2141 nacioni
1613 2112 1644 2142 in
1665 2113 1703 2142 28
1728 2114 1825 2143 scutis
1852 2124 1920 2143 cum
1949 2115 2049 2145 tribus
2072 2116 2199 2152 solidis,

1289 2165 1377 2188 scuto
1393 2159 1514 2190 valente
1529 2162 1566 2190 22
1583 2161 1713 2192 solidos.
1735 2161 1906 2202 Computus
1923 2164 1979 2194 fuit
1996 2166 2195 2204 approbatus.

1330 2208 1404 2238 ltem
1435 2210 1668 2249 computacionc
1693 2212 1769 2241 facta
1790 2213 1877 2242 nacio
1903 2214 2043 2253 predicta
2069 2214 2198 2244 invicem

1289 2258 1479 2293 comedebat,
1494 2265 1524 2288 et
1538 2259 1651 2290 ibidem
1669 2261 1813 2291 dominus
1831 2269 1975 2302 receptor
1986 2264 2129 2303 exposuit
2143 2274 2199 2304 pro

1288 2306 1417 2336 nacione
1435 2307 1453 2336 3
1469 2307 1564 2338 libras
1580 2318 1647 2339 cum
1663 2311 1699 2340 14
1715 2310 1787 2346 sol.‚
1807 2317 1894 2341 scuto
1910 2312 2030 2342 valente
2045 2314 2083 2342 23
2099 2313 2157 2342 sol.

1329 2355 1404 2385 Item
1419 2365 1478 2396 ego
1489 2365 1672 2396 procurator
1682 2360 1842 2399 predictus
1858 2361 1972 2390 ibidem
1986 2361 2065 2391 solvi
2079 2368 2197 2392 scutum

1288 2413 1388 2434 meum
1404 2405 1442 2434 de
1458 2405 1560 2445 prima
1574 2414 1776 2446 procuratura
1790 2419 1867 2439 mea.

1329 2452 1404 2483 Item
1422 2454 1571 2495 magister
1589 2456 1770 2487 Gherardus
1786 2457 1884 2488 Groet
1899 2460 1936 2488 de
1956 2459 2123 2489 Davantria
2138 2459 2199 2489 ibi-

1288 2502 1357 2531 dem
1377 2502 1470 2533 solvit
1486 2510 1605 2535 scutum
1621 2507 1659 2536 de
1678 2506 1747 2542 hoc,
1764 2509 1847 2547 quod
1866 2508 1966 2548 primo
1981 2509 2107 2538 intravit
2123 2519 2199 2539 con-

1288 2551 1492 2591 gregaciones
1508 2555 1725 2594 magistrorum
1742 2557 1882 2586 nacionis
1894 2558 2043 2597 predicte.

1330 2600 1404 2630 ltem
1424 2602 1461 2631 16
1482 2602 1532 2632 die
1551 2603 1625 2633 Maii
1646 2605 1721 2635 facta
1742 2606 1989 2646 congregacione
2007 2607 2087 2646 apud
2105 2607 2197 2637 Sanc-

1288 2655 1351 2679 tum
1373 2650 1554 2682 Matulinum
1572 2654 1610 2682 ad
1626 2654 1876 2694 supplicandum,
1894 2655 2081 2695 supplicavit
2095 2657 2197 2686 domi-

1288 2708 1347 2728 nus
1370 2699 1529 2731 Johannes
1559 2702 1661 2742 Proys
1692 2710 1725 2733 ut
1756 2703 1816 2734 sibi
1846 2705 1995 2735 terminus
2024 2706 2062 2735 de
2092 2706 2196 2735 bursis

1318 2804 1342 2827 8.
1377 2802 1437 2827 Alio
1449 2775 1611 2828 charactere..

1319 2840 1342 2863 7.
1375 2840 1433 2863 Non
1443 2838 1517 2862 debet
1528 2839 1660 2871 conlundi,
1673 2842 1700 2863 ut
1712 2840 1820 2870 videtur,
1832 2849 1888 2864 cum
1902 2841 2022 2866 Johanne
2034 2841 2066 2866 de
2076 2842 2194 2867 turchin

1287 2877 1342 2899 nal.
1355 2874 1423 2899 Gall.
1435 2874 1569 2899 Johannes
1582 2874 1614 2899 de
1629 2875 1726 2900 Marcia
1737 2876 1857 2909 (Met-sig)
1869 2880 1925 2902 erat
1937 2879 1992 2902 nal.
2011 2877 2110 2911 Anglie.

1318 2911 1341 2935 8.
1375 2912 1448 2935 Nunc
1461 2919 1538 2935 manu
1550 2910 1682 2936 Wilhelmi
1699 2911 1788 2936 Buner.
