2632 3464
318 450 370 477 697

321 536 416 566 supra
429 536 524 566 super
538 526 659 555 duobus
671 525 821 555 articulis.
834 525 958 555 Primus
973 530 1039 554 erat
1048 525 1086 554 ad
1100 525 1225 554 audien-

320 575 392 605 dum
414 581 590 616 compotum
616 574 789 615 recepturis
810 580 840 604 et
861 573 956 603 eciam
979 574 1019 603 ad
1039 573 1226 603 audiendum

320 623 372 654 illa
386 634 446 664 que
464 624 532 664 ipse
552 623 676 654 volebat
695 633 872 663 proponere
891 623 923 652 in
943 623 1082 652 nacione.
1099 623 1146 652 2¹·-
1161 629 1227 652 erat

319 682 416 713 super
429 673 713 713 supplicacionibus
730 679 761 702 et
774 671 908 712 injuriis.
926 672 972 702 De
988 672 1090 711 primo
1103 682 1226 712 compo-

319 728 370 752 tus
383 722 555 762 receptoris
573 721 629 752 suit
639 728 771 762 protunc
784 721 909 756 dilatus,
924 727 954 750 et
968 721 1151 751 monstravit
1169 721 1226 750 ibi-

319 771 389 801 dem
410 777 565 811 receptor,
587 771 742 811 quomodo
765 770 853 800 nacio
871 780 932 800 non
957 770 1062 800 habuit
1078 770 1226 810 pecunias

319 821 358 850 ad
374 820 543 850 faciendum
563 819 695 860 amplius
709 819 962 855 distribuciones,
979 825 1010 849 et
1024 820 1107 859 quod
1125 819 1227 849 avisa-

321 875 392 899 rent
403 869 478 909 quid
487 869 602 899 vellent
611 868 740 899 ulterius
749 869 848 898 facere
858 869 889 898 in
899 869 960 898 isto
974 878 1058 898 casu.
1069 867 1226 898 Unanimi-

322 924 369 948 ter
385 928 442 958 per
454 924 548 948 totam
560 918 718 948 nacionem
738 918 794 948 fuit
808 918 1026 947 concordatum
1044 917 1228 958 simpliciter

320 967 403 1007 quod
421 967 459 996 de
476 973 579 997 cetero
593 967 702 997 fierent
715 967 956 997 distribuciones
969 973 1003 996 ut
1017 967 1165 996 hactenus
1179 973 1228 996 est

319 1017 515 1046 observatum
528 1039 536 1052 ‚
564 1021 594 1046 et
617 1016 870 1056 supplicaverunt
892 1016 1047 1056 receptori
1075 1022 1227 1056 quatenus

319 1065 388 1105 ipse
401 1065 495 1095 vellet
511 1065 681 1095 concedere
697 1065 819 1095 nacioni
835 1065 983 1105 pecunias
1000 1075 1058 1105 pro
1076 1065 1227 1094 distribu-

319 1114 462 1144 cionibus
486 1114 646 1144 faciendis.
663 1114 704 1144 Et
724 1121 869 1154 receptor
889 1114 1046 1143 concessit
1069 1114 1227 1153 supplica-

319 1163 438 1193 cionem
453 1163 592 1193 nacionis
607 1173 706 1203 usque
725 1164 764 1193 ad
782 1163 917 1193 valorem
934 1163 989 1192 XV
1004 1163 1054 1192 vel
1070 1163 1127 1192 XX
1143 1163 1227 1192 sran-

320 1222 438 1248 corum,
454 1212 500 1242 sic
513 1213 597 1252 quod
613 1213 652 1242 de
664 1213 764 1252 prima
779 1213 910 1252 pecunia
923 1213 1024 1242 futura
1041 1212 1224 1242 solveretur.

361 1261 408 1292 De
427 1262 460 1291 2⁰
481 1261 734 1302 supplicaverunt
757 1261 905 1302 magister
925 1261 1082 1291 Johannes
1102 1262 1139 1290 de
1160 1261 1227 1291 Au-

321 1311 398 1340 stria
415 1317 566 1351 quatenus
583 1311 671 1340 nacio
685 1310 776 1340 vellet
795 1310 855 1340 sibi
871 1311 994 1340 tradere
1011 1311 1174 1350 deputatos
1189 1310 1227 1339 ad

321 1360 506 1390 audiendum
527 1360 679 1400 quandam
703 1370 824 1389 causam
847 1360 927 1389 inter
951 1360 1052 1400 ipsum
1075 1366 1105 1389 et
1128 1370 1227 1399 queu-

322 1409 391 1438 dam
402 1409 552 1439 scolarem
568 1409 606 1438 de
620 1409 760 1443 nacione.
770 1426 810 1431 —
822 1409 937 1448 placuit
950 1409 1071 1438 nacioni
1082 1409 1142 1438 sibi
1153 1410 1227 1438 dare

320 1458 547 1498 deputatos—;
561 1464 592 1487 et
604 1458 751 1498 magister
764 1458 856 1498 Hugo
871 1458 1042 1488 Franconis
1052 1459 1090 1487 de
1100 1457 1227 1497 Leyden

320 1517 378 1547 pro
389 1517 449 1536 una
462 1506 551 1536 litera
566 1506 763 1537 testimoniali
774 1507 832 1536 sub
846 1506 950 1546 sigillo
966 1507 1106 1536 nacionis
1117 1508 1154 1536 de
1170 1517 1227 1537 suo

320 1556 500 1596 magisterio
520 1556 675 1592 Parisius3
695 1566 754 1596 que
776 1555 967 1596 supplicacio
989 1556 1045 1586 suit
1066 1566 1225 1586 concessa.

726 1649 826 1679 1894

363 1720 486 1760 (nme
499 1720 523 1761 ¹’)
541 1720 630 1750 Acta
657 1727 743 1750 sunt
768 1720 833 1750 hec
862 1721 898 1750 in
923 1721 1188 1761 procuratoria

571 1769 756 1799 Johannis
785 1770 827 1799 de
855 1769 969 1799 Veen.

360 1850 453 1880 Anno
470 1850 594 1880 Domini
611 1849 774 1880 millesimo
791 1850 1010 1880 trecentesimo
1025 1851 1228 1891 nonagesimo

323 1899 443 1939 quinto,
466 1898 551 1928 XXI·
573 1898 624 1928 die
649 1898 830 1929 Decembris
852 1900 928 1929 facta
946 1899 1002 1929 fuit
1022 1900 1229 1940 congregacio

320 1947 461 1978 nacionis
482 1947 652 1988 Anglicane
675 1958 769 1988 super
793 1949 914 1978 duobus
937 1948 1086 1978 articulis.
1104 1949 1229 1979 Primus

321 1996 470 2027 articulus
496 1997 553 2026 fuit
578 1997 616 2026 ad
642 1997 819 2038 eligendum
844 2007 956 2027 novum
984 2004 1226 2038 procuratorem.

320 2046 367 2076 2-
382 2045 438 2076 fuit
449 2047 487 2075 ad
502 2045 686 2076 audiendum
703 2052 878 2086 computum
893 2047 1078 2087 receptoris‚
1092 2054 1122 2077 et
1134 2051 1233 2088 super

321 2095 604 2135 supplicacionibus
627 2101 658 2124 et
679 2094 812 2134 injuriis.
842 2095 944 2136 Super
970 2096 1072 2136 primo
1099 2097 1228 2127 articulo

321 2144 438 2174 electus
453 2144 509 2174 fuit
524 2143 681 2174 «lohannes
699 2145 736 2173 de
753 2144 837 2174 Veen
856 2145 888 2174 in
905 2151 1138 2184 procuratorem
1156 2156 1229 2186 pre-

320 2193 475 2223 nominate
488 2193 638 2223 nacionis.
649 2192 751 2233 Super
762 2195 793 2222 2⁰
803 2194 982 2224 conclusum
996 2194 1052 2224 fuit
1066 2196 1148 2234 quod
1158 2205 1228 2235 pro-

321 2248 393 2273 tunc
407 2252 470 2272 non
483 2242 641 2272 audiretur
652 2248 826 2282 computus.

728 2333 748 2365 1
754 2334 829 2365 ³0⁵

441 2406 689 2437 Continuscio
714 2406 895 2437 ,lobannis
923 2408 966 2437 de
991 2406 1104 2438 Veen.

361 2486 452 2516 Anno
473 2486 598 2516 Domini
617 2487 780 2517 millesimo
794 2487 1012 2517 trecentesimo
1027 2488 1228 2529 nonagesimo

321 2542 443 2576 quarto,
466 2536 544 2565 facta
569 2536 816 2576 congregacione
834 2536 974 2566 nacionis
991 2536 1031 2566 Χ·
1045 2537 1094 2566 die
1112 2537 1228 2567 mensis

321 2584 457 2615 Jnnuarii
475 2594 570 2624 super
591 2586 712 2615 duobus
734 2585 883 2615 articulis.
904 2585 1027 2615 Primus
1046 2586 1083 2615 ad
1108 2586 1229 2627 eligen-

321 2633 393 2664 dum
402 2643 512 2664 novum
528 2641 761 2674 procuratorem
773 2634 822 2664 vel
832 2634 869 2664 ad
881 2634 1038 2674 antiquum
1050 2635 1228 2665 continuan-

353 2726 376 2750 1.
409 2727 470 2751 Pone
480 2728 539 2751 lun.
554 2734 598 2751 aa.
615 2727 684 2751 1³7⁹.

352 2761 376 2785 2.
410 2761 520 2794 Quijom
532 2762 567 2786 ab
577 2770 620 2786 ιιι.
634 2762 695 2787 1389
708 2762 829 2787 Coloniae
838 2763 970 2795 prosector
981 2762 1041 2794 suit.

353 2798 376 2821 8.
409 2799 492 2829 supra
514 2805 565 2821 non
586 2798 680 2822 mencio
695 2798 726 2829 fit
744 2798 853 2822 Concilii
876 2798 955 2831 primi
980 2798 1089 2823 Puri-iis
1108 2798 1230 2823 celebrati

323 2832 457 2857 februarii
468 2833 483 2856 2
494 2840 572 2865 unque
585 2834 623 2861 ¹8.
637 2841 693 2857 eum
704 2836 790 2858 tomen
804 2833 875 2865 infra
891 2834 943 2857 duo
954 2833 1071 2858 Conciti·
1084 2834 1229 2866 sequentia,

323 2876 366 2892 on.
380 2868 441 2892 ¹8⁹⁶
452 2870 476 2892 et
489 2868 550 2892 lm
559 2869 711 2901 offerantur.
724 2870 752 2893 ln
765 2869 814 2894 isto
826 2869 939 2894 Concilio
949 2870 1124 2901 praelatorum
1137 2869 1230 2902 agebo-

322 2906 365 2928 tur
374 2903 406 2927 de
417 2903 458 2928 via
470 2903 598 2928 eos-ionis
608 2912 702 2937 popu.
719 2903 774 2929 vid.
785 2905 880 2929 Chron.
895 2905 930 2929 du
940 2905 986 2929 rel.
998 2905 1030 2929 de
1041 2905 1067 2929 S.
1082 2905 1178 2937 Dcnyn.
1189 2905 1229 2929 ed.

324 2938 496 2967 Βιιωουιτ,
511 2939 542 2968 ΙΙ,
562 2940 607 2963 218
626 2948 681 2972 uqq.
698 2939 971 2969 uariat-nunno,
985 2940 1071 2972 Ampl.
1089 2940 1160 2970 coll..
1174 2940 1229 2969 vu,

325 2982 351 3006 p.
366 2974 412 2998 ¹0³⁸
428 2982 483 3006 sqq.
494 2982 499 3003 ;
515 2982 542 3006 p.
555 2975 600 2998 ¹0³7
613 2977 697 2999 cantat
709 2975 843 3001 instructio
854 2984 904 3008 pro
918 2976 1010 3009 legatie
1019 2976 1056 3000 ad
1067 2975 1231 3000 Boudia-tum

815 449 929 475 LIBER
948 447 1262 475 PROCURATORUM
1288 447 1468 475 NATIONIS
1486 448 1731 477 ANGLICANAE

1264 971 1298 997 10

1265 1217 1298 1242 15

1264 1461 1299 1487 20

1265 1707 1298 1733 25

1265 1953 1300 1980 30

1265 2198 1299 2225 ³5

1265 2443 1299 2470 40

2189 453 2241 479 ⁶98

1333 525 1416 554 dum.
1442 525 1488 554 2¹¹·
1503 524 1559 555 fuit
1580 527 1618 555 ad
1639 527 1821 556 audiendam
1843 529 2103 568 computacionem
2125 530 2239 560 domini

1333 574 1516 613 receptoris.
1542 574 1644 614 Super
1668 576 1769 615 primo
1790 578 1985 607 continuatus
2008 579 2062 607 suit
2085 579 2241 609 Johannes

1334 623 1372 652 de
1386 623 1471 652 Veen
1486 623 1518 652 in
1536 631 1779 663 procuratorem.
1800 625 1902 665 Super
1917 627 1948 655 2⁰
1963 627 2018 656 suit
2031 627 2143 657 dilatus
2156 638 2241 657 com-

1335 678 1429 711 putus
1445 673 1618 712 receptoris
1637 680 1778 712 protunc.

1374 720 1466 750 Anno
1482 731 1544 761 quo
1561 731 1656 762 supra
1676 722 1749 752 x11-
1767 723 1816 753 die
1837 724 1972 753 Januarii
1995 725 2071 754 sacta
2092 726 2147 755 suit
2166 736 2241 755 con-

1334 771 1481 810 gregacio
1495 771 1634 801 nacionis
1646 771 1836 812 Anglicanae
1852 783 1946 812 super
1957 774 2077 803 duobus
2091 775 2239 804 articulis.

1335 818 1459 848 Primus
1477 820 1625 850 articulus
1644 821 1700 850 suit
1717 822 1754 850 ad
1771 822 1955 852 audiendum
1974 824 2120 862 quasdam
2136 823 2241 853 literas

1335 868 1446 898 missas
1463 869 1587 899 nacioni
1604 880 1641 899 ex
1655 877 1743 910 parte
1758 871 1873 900 domini
1885 871 2036 902 Johannis
2053 873 2090 901 de
2107 872 2239 902 Stralen.

1334 918 1381 946 2¹·-
1394 918 1449 947 suit
1461 927 1557 958 super
1571 919 1855 959 supplicacionibus
1870 927 1900 950 et
1914 920 2047 960 injuriis.
2065 921 2166 961 Super
2181 922 2241 962 pri-

1335 977 1384 996 mo
1398 967 1476 996 lecte
1494 968 1617 997 fuerunt
1630 968 1729 998 litere.
1748 968 1782 998 In
1799 970 1845 998 eis
1858 970 2073 1000 continebatur
2088 972 2242 1010 quomodo

1334 1016 1472 1055 prefatus
1500 1016 1644 1047 dominus
1676 1017 1833 1048 ,lohannes
1859 1019 1897 1048 de
1927 1019 2048 1049 Stralen
2077 1020 2182 1049 ultimo
2211 1021 2242 1050 in

1335 1074 1461 1094 recessu
1491 1075 1547 1095 suo
1576 1076 1594 1094 a
1617 1066 1787 1106 Parysius⁴
1820 1068 1946 1098 tradidit
1969 1069 2118 1108 quosdam
2145 1069 2242 1099 libros

1335 1114 1457 1143 nacioni
1472 1114 1503 1143 in
1518 1115 1608 1144 vadio
1624 1126 1680 1155 pro
1698 1116 1881 1156 quibusdam
1899 1117 2051 1156 pecuniis,
2071 1128 2147 1157 quas
2172 1129 2242 1158 pro—

1334 1169 1407 1192 tunc
1422 1163 1545 1193 nacioni
1559 1165 1691 1194 debebat
1697 1176 1705 1200 ;
1726 1171 1756 1195 et
1768 1166 1860 1195 modo
1875 1166 1907 1195 in
1921 1166 1984 1196 illis
2001 1166 2100 1196 literis
2121 1168 2243 1207 suppli-

1336 1212 1414 1242 cavit
1429 1212 1488 1242 sibi
1506 1212 1604 1243 libros
1619 1214 1711 1250 tradi,
1727 1220 1758 1243 et
1772 1214 1840 1253 ipse
1853 1222 1978 1254 paratus
1994 1215 2049 1245 suit
2063 1216 2101 1245 ad
2117 1217 2242 1246 solven-

1336 1261 1407 1290 dum
1430 1268 1460 1291 et
1481 1262 1730 1292 satisfaciendum
1755 1263 1887 1293 nacioni.
1908 1263 2095 1294 Conclusum
2112 1266 2167 1295 fuit
2187 1276 2242 1305 per

1337 1311 1495 1340 nacionem
1515 1321 1609 1351 super
1628 1311 1682 1341 illo
1700 1313 1783 1352 quod
1808 1313 1895 1342 nacio
1915 1314 2102 1343 rescriberet
2117 1315 2176 1344 sibi
2192 1325 2242 1344 re-

1338 1359 1486 1389 mittendo
1495 1370 1563 1389 eum
1572 1361 1609 1389 ad
1625 1361 1804 1401 magistrum
1817 1362 1984 1392 Jordanum
1995 1364 2033 1392 de
2043 1363 2141 1393 Clivis
2152 1363 2176 1398 ²,
2189 1364 2242 1403 qui

1338 1408 1409 1438 illos
1425 1409 1596 1439 invadiatos
1612 1410 1751 1439 vendidit
1766 1410 1890 1440 racione
1906 1411 1953 1440 sui
1969 1411 2070 1447 officii,
2086 1413 2156 1452 quia
2172 1423 2242 1452 pro-

1337 1463 1409 1487 tunc
1424 1465 1490 1487 erat
1506 1465 1650 1498 receptor
1663 1459 1814 1489 nacionis.
1832 1460 1871 1489 Et
1885 1465 1980 1489 totum
1994 1461 2035 1490 ita
2052 1462 2106 1490 fuit
2119 1462 2239 1493 sactum.

1377 1506 1479 1546 Super
1491 1508 1522 1536 2⁰
1534 1507 1664 1537 articulo
1677 1508 1784 1544 nichil,
1799 1509 1870 1548 quia
1881 1509 1956 1538 nulli
1967 1516 2054 1539 erant
2067 1511 2242 1550 supplican-

1336 1562 1394 1585 tes.

1375 1604 1467 1634 Anno
1485 1615 1546 1645 quo
1563 1615 1669 1645 supra,
1688 1606 1788 1636 XXII⁸
1802 1607 1851 1636 die
1866 1608 1981 1636 mensis
1997 1607 2145 1643 Januarii,
2166 1610 2242 1638 sacta

1337 1653 1582 1694 congregacione
1598 1655 1736 1684 nacionis
1755 1665 1850 1695 super
1865 1657 1987 1686 duobus
2001 1657 2150 1686 articulis.
2172 1658 2242 1687 Pri-

1336 1713 1404 1732 mus
1420 1703 1476 1732 fuit
1493 1705 1531 1733 ad
1552 1704 1756 1734 ordinandum
1777 1705 2001 1734 examinatores
2020 1706 2182 1735 mensium.
2197 1708 2242 1735 2¹¹·

1336 1752 1393 1782 fuit
1410 1762 1506 1792 super
1522 1752 1806 1793 supplicacionibus
1825 1760 1855 1783 et
1873 1753 2006 1793 injuriis.
2023 1754 2124 1795 Super
2141 1756 2241 1795 primo

1336 1801 1466 1831 artic-ulo
1487 1802 1619 1831 ordinati
1643 1803 1765 1832 fuerunt
1784 1803 2007 1832 examinatores
2027 1804 2188 1839 mensium,
2212 1811 2242 1834 et

1337 1849 1499 1880 habuimus
1523 1851 1561 1880 ad
1575 1852 1800 1890 perpotandum
1819 1852 1929 1890 viginti
1949 1859 1979 1881 et
2002 1863 2093 1882 unum
2110 1853 2239 1889 solidos,

1337 1910 1416 1940 quos
1441 1899 1543 1929 statim
1568 1900 1656 1930 nacio
1673 1900 1847 1940 perpotavit
1865 1901 1895 1930 in
1917 1901 2070 1940 supplet⁴.
2091 1902 2192 1942 Super
2211 1904 2242 1932 2⁰

1337 1949 1443 1985 nichil,
1458 1949 1529 1989 quia
1541 1949 1644 1979 nullus
1657 1949 1852 1989 supplicavit.

1741 2043 1759 2071 1
1765 2043 1839 2072 395

1372 2115 1444 2154 (Fol.
1472 2114 1518 2155 17)
1537 2115 1786 2145 Continuacio
1813 2114 1995 2145 Johannis
2022 2116 2064 2145 de
2095 2116 2207 2146 Veen.

1376 2194 1468 2224 Anno
1484 2194 1609 2224 Domini
1621 2194 1783 2223 millesimo
1795 2193 1890 2224 CCC⁰
1903 2195 2103 2234 nonagesimo
2119 2202 2239 2234 quarto,

1336 2245 1368 2273 8Ι
1378 2243 1428 2273 die
1443 2243 1603 2273 Februarii
1613 2242 1626 2261 ³
1646 2244 1722 2272 sacta
1730 2243 1976 2282 congregacione
1988 2244 2125 2273 nacionis
2136 2244 2241 2284 Angli-

1336 2302 1411 2322 cane
1429 2302 1524 2332 super
1541 2293 1662 2321 duobus
1680 2291 1828 2321 articulis.
1852 2292 1974 2321 Primus
1997 2293 2051 2322 suit
2069 2293 2106 2322 ad
2122 2293 2242 2332 eligen-

1335 2342 1407 2371 dum
1421 2351 1533 2371 novum
1548 2347 1780 2381 procuratorem
1794 2340 1842 2370 vel
1857 2341 1894 2370 ad
1911 2342 2146 2371 continuandum
2162 2342 2242 2371 anti-

1336 2400 1441 2430 quum.
1465 2391 1511 2419 2¹¹·
1535 2389 1682 2419 articulus
1707 2389 1763 2419 suit
1790 2390 1828 2419 ad
1854 2390 2037 2419 audiendum
2066 2397 2241 2430 computum

1336 2438 1520 2478 receptoris.
1533 2438 1635 2478 Super
1649 2439 1749 2478 primo
1760 2438 1888 2468 articulo
1901 2439 2078 2468 conclusum
2093 2440 2147 2468 suit
2159 2440 2242 2479 quod

1335 2487 1492 2518 lohannes
1509 2488 1547 2517 de
1563 2487 1646 2516 Veen
1664 2487 1895 2517 continuaretur
1910 2487 1940 2516 in
1958 2494 2200 2527 procuratorem,
2212 2494 2242 2518 ct

1338 2536 1454 2566 electus
1464 2537 1519 2566 fuit
1527 2536 1723 2566 concorditer
1734 2546 1790 2575 per
1800 2537 1968 2565 nacionem.
1983 2537 2083 2575 Super
2094 2538 2124 2565 2⁰
2135 2537 2240 2572 nichil,

1339 2585 1412 2626 quia
1426 2595 1487 2615 non
1502 2585 1557 2615 suit
1571 2585 1694 2614 auditus
1709 2591 1870 2624 compotus
1884 2585 2064 2624 recepturis.

1377 2634 1468 2664 Anno
1486 2644 1548 2674 quo
1569 2644 1675 2673 supra,
1695 2634 1744 2663 die
1762 2633 1872 2663 xxvi·
1889 2633 2025 2673 ejusdem
2045 2634 2160 2663 mensis
2180 2645 2241 2674 quo

1336 2728 1399 2751 xm
1414 2726 1544 2751 mittendis
1559 2726 1602 2758 (de
1623 2726 1714 2758 quibua
1727 2726 1816 2757 unfro),
1830 2735 1896 2758 quoe
1912 2726 2038 2758 exscripta
2056 2729 2093 2750 eut
2111 2735 2125 2750 ο
2140 2726 2197 2752 cod.
2215 2726 2241 2750 in

1336 2762 1415 2786 Arcti.
1426 2765 1480 2786 nat.
1493 2761 1586 2790 Pario..
1597 2762 1621 2786 J.
1631 2762 1684 2787 ⁵18.
1693 2761 1740 2792 sol.
1751 2763 1790 2789 8³,
1803 2762 1827 2785 in
1839 2770 1890 2793 qua
1899 2761 1946 2792 sol.
1958 2762 2000 2784 97¹·
2008 2761 2140 2793 (Marthno,
2151 2770 2177 2794 p.
2186 2762 2242 2793 1158)

1338 2798 1434 2823 dieitur
1446 2798 1473 2822 81
1488 2797 1545 2829 (leg.
1558 2798 1596 2828 87)
1607 2797 1733 2829 suffragia
1748 2797 1828 2828 suine
1841 2805 1889 2828 pro
1907 2797 1947 2820 oia
1962 2797 2089 2824 concionis.
2106 2800 2195 2821 eontra
2212 2798 2242 2820 22

1337 2833 1402 2858 alia.
1417 2835 1484 2857 Lucet
1501 2833 1597 2857 diuersi
1609 2833 1726 2865 magistri
1740 2833 1852 2856 Univen.
1867 2832 1948 2855 Parin.
1963 2831 2007 2855 illo
2024 2831 2137 2856 (tuncino
2152 2832 2242 2856 utite-

1339 2871 1405 2897 runt,
1415 2868 1501 2892 nullan
1508 2871 1592 2892 tamon
1603 2877 1616 2891 e
1626 2868 1730 2891 natione
1738 2870 1756 2891 Α
1763 2867 1882 2900 ngticono
1891 2868 2047 2892 nominatur.
2059 2869 2130 2899 Quae
2143 2868 2242 2892 veiim*

1339 2904 1404 2928 nicae
1418 2905 1501 2928 Parin.
1514 2904 1567 2928 euin
1584 2904 1714 2936 deputam
1727 2903 1875 2935 injunxerit,
1889 2902 1939 2926 uid.
1953 2902 2019 2927 aiot.
2038 2906 2093 2927 nat.
2109 2905 2178 2932 Por..
2195 2911 2241 2927 mn.

1340 2939 1388 2965 lat.
1402 2940 1487 2968 14648,
1500 2939 1547 2971 sol.
1558 2940 1600 2967 47;
1618 2939 1692 2967 But...
1708 2939 1748 2966 tv,
1760 2939 1804 2962 7³7
1817 2946 1872 2970 sqq.

1369 2976 1394 2999 4.
1429 2978 1448 3001 1.
1461 2983 1482 2999 e.
1499 2974 1524 2999 in
1536 2974 1693 3007 chapphtiu,
1703 2977 1729 2998 ut
1740 2973 1808 3006 fulto
1822 2974 1925 3007 legetur.
