2632 3464
659 10 667 14 ⁷
679 6 722 25 Νὴ-
732 0 800 35 ἒξῆἶ
806 0 1048 32 Ῥ-’,ᾸΥἻἾΤῖΨΡῆξ
1054 0 1089 22 ‘'R‘'
1096 0 1181 20 *NK-,fift-
1191 4 1198 11 ¹-
1206 0 1271 15 ‘3¹³⁶

275 424 327 458 1⁶25

277 507 389 538 Scotus
412 507 534 536 nacioni
555 517 611 546 pro
633 506 752 536 duabus
776 505 887 538 scolis,
913 504 944 533 in
965 513 1094 543 quarum
1124 513 1184 532 una

274 557 487 587 vendebantur
506 556 663 590 stramina,
686 561 717 585 et
733 554 792 584 alia
812 564 905 593 parva
923 563 982 592 que
1000 559 1048 581 est
1062 552 1089 581 ei
1107 561 1184 581 con-

274 607 371 647 tigua,
385 616 463 645 quas
478 605 524 635 eis
542 605 630 634 nacio
648 603 846 634 concorditer
864 601 1031 632 concessit.

316 654 391 685 Item
417 654 533 694 incepit
558 653 701 683 dominus
737 653 901 691 Reynerus
932 652 970 680 de
1005 650 1090 680 Ecka
1127 650 1184 679 sub

275 704 425 744 magistro
446 703 586 733 Johanne
600 703 638 732 de
653 701 803 736 WesaHa,
821 700 908 741 cujus
926 701 1020 730 bursa
1036 699 1142 728 nichil.

316 753 392 783 Item
417 752 602 792 supplicavit
623 751 772 791 magister
790 749 1003 779 Theodericus
1019 749 1094 784 Bor,
1116 758 1185 777 cum

276 802 369 832 suerit
397 807 583 842 procurator
613 801 645 830 in
676 799 805 829 nacione
829 798 1014 838 Anchaua,
1039 797 1185 837 quatinus

277 851 366 881 nacio
399 851 498 880 eidem
531 850 680 890 magistro
718 848 811 878 vellet
842 848 1014 878 concedere
1051 846 1184 886 primum

278 900 378 930 locum
399 900 431 929 iu
447 898 549 929 rotulo
566 899 604 928 ad
622 898 738 928 curiam
757 898 926 927 Romanam
946 896 1096 926 mittendo
1115 901 1187 935 post

276 949 473 979 ordinatores
487 947 592 983 rotuli,
612 948 695 987 quod
711 947 772 976 sibi
790 946 878 976 nacio
897 946 1096 975 concorditer
1109 955 1186 974 con-

278 997 384 1032 cessit,
401 997 486 1027 nullo
498 997 623 1037 penitus
637 996 820 1026 reclamante
833 998 855 1024 ¹.

319 1046 392 1077 ltem
411 1046 597 1086 supplicavit
612 1045 760 1085 magister
772 1044 931 1074 Arnoldus
949 1045 987 1074 de
1008 1043 1186 1073 Grutehuus

277 1095 400 1125 nacioni
421 1095 593 1135 Anglicane
614 1094 758 1134 quatinus
782 1094 842 1123 sibi
865 1093 952 1123 locus
974 1093 1006 1122 in
1027 1093 1130 1122 rotulo
1149 1093 1187 1121 ad

277 1145 382 1175 sedem
409 1143 611 1184 apostolicam
635 1144 784 1173 mittendo
810 1144 947 1178 daretur,
976 1143 1061 1182 quod
1087 1142 1187 1171 eidem

278 1193 427 1234 magistro
441 1193 524 1223 nullo
544 1193 667 1232 penitus
682 1193 866 1222 reclamante
880 1192 1077 1222 concorditer
1091 1192 1189 1220 suerat

277 1253 459 1273 concessum
469 1242 537 1272 sine
547 1241 721 1283 prejudicio
732 1242 953 1282 magistrorum
964 1247 1032 1271 actu
1047 1240 1188 1270 Parisius

280 1292 469 1333 regencium.

321 1341 396 1371 ltem
409 1347 598 1381 congregata
613 1341 741 1370 nacione
756 1339 929 1380 Anglicana
942 1339 1130 1369 sufficienter
1146 1339 1190 1367 ad

279 1401 396 1420 crucem
413 1401 539 1419 auream
551 1390 631 1419 infra
642 1396 763 1430 pontes,
780 1389 873 1419 solvit
886 1388 929 1418 ibi
945 1389 1094 1428 magister
1107 1388 1188 1418 Con-

280 1440 374 1469 radus
397 1440 436 1469 de
459 1439 579 1469 Swecia
605 1445 750 1479 receptor
773 1437 911 1478 ejusdem
933 1438 1073 1467 nacionis
1095 1447 1189 1466 unum

281 1488 430 1518 florenum
446 1499 483 1518 ex
500 1495 586 1528 parte
603 1488 754 1523 nacionis,
770 1498 860 1527 quem
876 1487 964 1516 nacio
983 1487 1098 1516 ibidem
1113 1496 1190 1516 con-

280 1537 414 1577 sumpsit
427 1547 487 1567 una
504 1547 572 1567 cum
592 1547 647 1567 sex
667 1536 805 1572 florenis,
827 1547 906 1577 quos
927 1536 1068 1576 magistri
1085 1536 1190 1565 solve-

280 1593 352 1616 runt
369 1587 423 1627 qui
440 1587 479 1616 de
493 1597 574 1616 novo
590 1586 784 1626 inceperunt.

688 1679 786 1709 1348

304 1751 545 1792 [Procuratio
572 1751 745 1792 magistri
775 1751 959 1781 Johannis
987 1751 1169 1789 Nicolai.]

323 1831 396 1873 (Vol.
421 1832 476 1871 8¹³)
496 1831 588 1862 Anno
613 1831 738 1862 Domini
761 1831 806 1862 Μο
825 1831 921 1862 CCC⁰
939 1831 1093 1867 XLVHP,
1115 1832 1194 1862 sacta

283 1882 532 1923 congregacione
559 1881 640 1922 apud
673 1881 818 1911 Sanctum
846 1881 1000 1911 Julianum
1026 1891 1193 1920 pauperem

285 1931 316 1961 in
340 1930 500 1961 crastino²
523 1930 604 1960 beati
627 1930 764 1960 Mauritii
792 1930 938 1970 martyris
960 1931 998 1960 ad
1021 1930 1193 1960 faciendum

283 1986 516 2021 procuratorem
536 1979 676 2010 nacionis
697 1979 882 2020 Anglicane,
904 1979 1020 2009 electus
1043 1980 1099 2009 luit
1118 1990 1194 2009 con-

283 2029 421 2059 corditer
435 2029 467 2058 in
481 2035 716 2069 procuratorem
731 2027 869 2069 ejusdem
886 2029 1026 2059 nacionis
1045 2029 1195 2069 magister

283 2078 441 2110 lohannes
463 2077 603 2108 Nicholai
621 2078 660 2108 de
683 2077 789 2114 Dacia,
811 2077 842 2107 in
862 2077 950 2118 cujus
970 2078 1194 2118 procuracione

284 2134 352 2158 acta
371 2134 443 2158 sunt
459 2137 519 2167 que
538 2133 721 2167 sequuntur.

324 2177 431 2207 Primo
453 2177 561 2206 eodem
588 2176 639 2206 die
667 2176 746 2206 facta
775 2177 1024 2217 congregacione
1054 2177 1195 2207 nacionis

284 2226 457 2267 Anglicane
487 2226 569 2266 apud
601 2225 747 2255 Sanctum
775 2225 979 2262 Maturinum,
1010 2226 1197 2267 supplicavit

284 2275 434 2316 magister
448 2274 616 2305 Nicholaus
634 2275 672 2304 de
687 2274 841 2311 Swechia,
859 2281 891 2305 ut
906 2275 1056 2316 magister
1067 2276 1196 2316 Halqui-

286 2334 345 2355 nus
368 2325 406 2354 de
429 2323 572 2354 Swechia
591 2329 676 2354 esset
697 2323 730 2354 in
749 2324 863 2360 rotulo,
883 2330 913 2354 et
932 2324 990 2354 hoc
1010 2325 1098 2355 nacio
1121 2335 1197 2355 con-

286 2374 382 2404 cessit
403 2373 463 2403 sibi
493 2373 602 2403 solutis
627 2372 787 2403 solvendis
814 2379 844 2403 et
869 2374 953 2413 quod
973 2384 1035 2404 non
1059 2381 1143 2404 esset
1165 2374 1197 2404 in

286 2421 491 2463 prejudicium
506 2422 647 2452 aliorum.

328 2471 403 2502 Item
428 2477 500 2501 tunc
524 2471 681 2502 concessit
704 2472 792 2502 nacio
821 2471 946 2502 domino
975 2472 1130 2503 Macolino
1160 2473 1198 2503 de

288 2520 408 2556 Scocia,
428 2521 511 2561 quod
528 2526 658 2560 poneret
673 2521 805 2561 pignera
818 2530 873 2552 sua
891 2521 923 2551 in
937 2521 1043 2551 sistam
1057 2522 1198 2552 nacionis

287 2580 347 2611 pro
362 2570 492 2610 quadam
510 2570 652 2610 pecunia,
672 2569 703 2599 in
723 2580 782 2610 qua
799 2576 920 2600 tenetur
935 2571 1058 2600 nacioni
1073 2572 1198 2602 racione

289 2629 344 2650 sue
371 2618 581 2659 incepeionis,
605 2625 636 2649 et
657 2619 742 2649 dedit
766 2619 930 2650 terminum
955 2619 1095 2650 solvendi
1120 2621 1198 2651 duos

289 2678 424 2703 menses,
450 2674 480 2698 et
505 2667 566 2698 nisi
590 2674 662 2698 tunc
687 2667 829 2703 solverit,
856 2668 945 2698 nscio
971 2669 1064 2699 debet
1085 2669 1199 2699 habere

290 2723 471 2757 potestatem
493 2716 658 2746 ordinandi
679 2717 717 2747 de
738 2717 801 2747 illis
824 2718 1008 2758 pigneribus
1029 2719 1197 2749 secundum

290 2766 477 2796 voluntatem
493 2776 589 2796 sunm.

323 2853 345 2879 1.
378 2854 490 2878 Primum
503 2853 586 2878 locum
596 2854 622 2879 ιἰι
634 2854 727 2880 Rutulo
741 2857 808 2880 tenet
818 2856 941 2880 muricus
950 2856 983 2881 de
994 2856 1103 2888 Mind115
1118 2857 1201 2882 Theo-

291 2889 395 2950 Ιᾰνοιὲῐειὲι
405 2892 445 2957 51⁶
454 2889 567 2922 quintae.
583 2889 638 2915 vid.
650 2890 768 2916 Chat-tul.
787 2891 965 2921 Univers.,11‚
978 2900 1003 2924 p.
1017 2893 1072 2921 ⁶46,
1081 2893 1200 2917 notulam

316 2933 332 2949 a
346 2943 351 2949 .
389 2933 405 2949 ιι
435 2933 466 2950 tc.

325 2961 348 2986 2.
381 2962 412 2985 2³
424 2961 586 2994 Sepumbrie.

779 429 892 456 LIBER
912 426 1226 454 PROCURATORUM
1246 426 1427 453 NATIONIS
1446 427 1691 453 ANGLICANAE

1224 950 1258 975 10

1227 1197 1260 1223 15

1227 1444 1261 1470 20

1229 1689 1263 1716 25

1231 1935 1266 1962 30

1233 2182 1267 2209 35

1235 2429 1270 2456 40

1237 2675 1271 2701 45

1272 0 1631 18 νΛῚ-π-,μῄπρονἾννῲ-
1651 0 1679 10 ⁵¹7
1710 4 1761 13 5⁷„
1787 0 1828 9 ,ι-
1862 0 1885 8 «ε-
1924 0 1954 7 >v

2147 429 2198 454 126

1334 502 1409 532 Item
1436 502 1553 542 incepit
1577 503 1720 532 dominus
1747 503 1920 532 Macolinus
1944 504 1981 533 de
2011 504 2118 533 Scocia
2142 506 2200 534 sub

1293 552 1443 590 magistro
1459 551 1585 581 Galtero
1599 553 1637 581 de
1647 552 1829 591 VVardelay,
1847 552 1933 592 cujus
1950 554 2044 582 bursa
2058 554 2082 581 V
2096 554 2200 582 solidi.

1335 601 1409 630 Item
1440 601 1489 630 die
1522 600 1664 630 sabbati³
1693 608 1763 630 ante
1789 602 1898 631 festum
1927 602 2006 631 beati
2041 602 2202 631 Michaelis

1293 656 1461 679 convocata
1482 651 1610 679 nacione
1631 660 1725 690 super
1745 657 1890 690 computo
1907 651 2091 690 receptoris‚
2115 652 2205 680 vide-

1294 698 1364 728 licet
1381 699 1522 738 magistri
1541 699 1677 729 Conradi
1693 700 1731 729 de
1745 700 1898 734 Swechia,
1915 700 2025 729 solutis
2042 700 2202 729 solvendis

1293 748 1438 777 videlicet
1464 749 1686 783 refusionibus,
1712 749 1848 783 bedillis,
1874 759 1932 788 pro
1958 749 2053 778 scolis
2075 750 2112 778 de
2145 749 2205 778 alio

1294 807 1386 832 anno,
1403 804 1433 826 et
1447 807 1504 837 pro
1524 797 1728 827 luminaribus
1749 798 1862 828 Nostre
1882 799 2026 833 Domine,
2043 799 2205 827 tenebatur

1294 847 1383 876 nacio
1399 847 1458 876 sibi
1477 847 1507 876 in
1524 848 1541 877 7
1557 847 1678 876 solidis.

1336 895 1411 925 Item
1444 897 1628 926 tenebantur
1664 897 1786 926 nacioni
1824 907 1882 936 pro
1919 897 2024 926 bursis
2058 897 2208 936 magister

1295 945 1468 974 Macolinus
1477 946 1514 974 de
1527 945 1647 981 Scocia,
1659 945 1842 975 Guillelmus
1854 946 2003 986 Clappam
2013 946 2208 976 etJohannes

1296 994 1375 1030 Red,
1402 1001 1432 1024 et
1455 995 1703 1035 impignerabant
1727 995 1825 1024 libros
1851 996 1974 1025 nacioni
1999 1002 2029 1024 et
2057 996 2207 1035 quicquid

1297 1044 1341 1073 illi
1367 1045 1551 1074 tenebantur
1577 1044 1712 1079 nacioni,
1738 1054 1798 1084 que
1823 1045 1912 1074 nacio
1941 1045 2026 1074 dedit
2058 1044 2208 1084 magistro

1296 1093 1430 1123 Johanni
1447 1093 1564 1122 Thome
1589 1093 1702 1123 nuncio
1724 1094 1763 1123 ad
1784 1094 1912 1129 curiam,
1935 1094 1976 1123 ita
2001 1094 2085 1133 quod
2110 1093 2210 1123 solvat

1298 1142 1439 1178 bedenis,
1462 1143 1604 1172 refundat
1623 1143 1737 1172 rectori
1758 1149 1788 1172 et
1810 1143 1910 1173 solvat
1931 1153 1988 1183 pro
2004 1143 2208 1173 luminaribus

1298 1192 1411 1223 Nostre
1429 1192 1571 1221 Domine.

1339 1242 1415 1271 Item
1440 1241 1584 1270 dominus
1605 1241 1761 1270 Henricus
1783 1242 1821 1270 de
1843 1241 1997 1271 Smalham
2015 1241 2131 1281 incepit
2152 1242 2210 1271 sub

1298 1291 1448 1331 magistro
1473 1290 1599 1320 Galtero
1620 1290 1658 1320 de
1679 1290 1861 1330 Wardelay‚
1880 1290 1968 1330 cujus
1987 1292 2083 1320 bursa
2099 1290 2207 1325 nichil,

1299 1341 1354 1370 sed
1364 1340 1510 1380 promisit
1526 1340 1605 1368 infra
1620 1339 1719 1369 Pasca
1734 1340 1856 1370 solvere
1874 1340 1901 1370 si
1917 1341 2031 1380 poterit
2046 1350 2115 1369 arce
2131 1350 2207 1369 mee.

1341 1389 1415 1419 Item
1441 1389 1605 1419 Conradus
1625 1389 1663 1418 de
1688 1389 1794 1418 Minda
1816 1395 1939 1419 tenetur
1958 1391 1976 1418 2
1999 1389 2125 1419 ssorenis
2144 1389 2210 1418 sol-

1298 1439 1408 1468 vendis
1427 1439 1506 1467 infra
1521 1438 1628 1468 Natale
1647 1438 1772 1468 Domini
1787 1439 1974 1478 proximum.

1339 1487 1414 1517 Item
1426 1487 1574 1527 magister
1586 1487 1749 1517 Conradus
1761 1488 1839 1517 sacta
1851 1488 2098 1527 congregacione
2110 1487 2212 1516 nacio-

1298 1537 1347 1567 nis
1354 1538 1436 1577 apud
1445 1537 1589 1566 Sanctum
1597 1536 1783 1566 Maturinum
1792 1537 2101 1576 resignavitofficium
2110 1546 2211 1571 suum,

1299 1586 1419 1616 scilicet
1438 1587 1521 1626 quod
1545 1586 1631 1624 [non]
1655 1592 1738 1615 esset
1757 1586 1889 1626 amplius
1910 1592 2065 1625 receptor,
2090 1592 2120 1615 et
2140 1592 2213 1615 tunc

1299 1636 1388 1665 nacio
1411 1636 1572 1664 tenebatur
1589 1641 1619 1664 et
1640 1635 1740 1664 adhuc
1760 1641 1882 1664 tenetur
1904 1635 1964 1665 sibi
1990 1635 2021 1664 in
2049 1645 2101 1664 sex
2123 1635 2213 1664 libris

1299 1684 1476 1726 parysiens.
1497 1684 1656 1714 solvendis
1671 1685 1709 1713 de
1724 1684 1824 1724 prima
1840 1684 1970 1723 pecunia
1981 1684 2138 1719 nacionis,
2152 1684 2212 1713 nisi

1301 1734 1394 1764 nimis
1411 1733 1548 1763 fueritin
1566 1733 1635 1762 aliis
1652 1733 1791 1773 inpedita
1809 1733 1857 1763 vel
1875 1733 2022 1773 obligata,
2044 1740 2073 1762 et
2094 1733 2214 1762 consti-

1301 1783 1360 1814 tuit
1374 1783 1476 1813 dictus
1507 1783 1671 1813 Conradus
1698 1789 1917 1822 procuratores
1945 1793 2019 1812 suos
2046 1783 2214 1823 magistros

1302 1832 1447 1862 Mathiam
1475 1838 1504 1862 et
1530 1831 1712 1862 Nicholaum
1736 1831 1898 1862 Michaelis
1920 1833 1958 1861 de
1984 1832 2127 1862 Swechia
2157 1842 2214 1872 pro

1303 1882 1431 1911 levanda
1449 1881 1579 1921 pecunia
1592 1891 1658 1911 sua.

1344 1931 1419 1961 Item
1437 1931 1468 1960 in
1486 1931 1535 1960 die
1558 1931 1637 1960 beati
1653 1930 1735 1960 Luce
1746 1930 1757 1949 ⁴
1771 1930 1972 1970 ewangeliste
1989 1931 2067 1960 sacta
2085 1941 2214 1970 congre-

1303 1980 1432 2021 gacione
1456 1980 1596 2010 nacionis
1620 1980 1652 2009 in
1676 1980 1790 2010 Sancto
1812 1979 1968 2010 Maturino
1992 1991 2050 2020 pro
2071 1980 2215 2019 eligendo

1303 2036 1476 2069 receptore,
1489 2029 1605 2059 electus
1617 2035 1664 2059 est
1674 2029 1871 2059 concorditer
1884 2029 2032 2070 magister
2047 2029 2215 2059 Nicholaus

1304 2078 1465 2109 Michaelis
1483 2079 1520 2108 de
1537 2078 1680 2108 Swechia
1698 2078 1728 2108 in
1744 2084 1936 2118 receptorem
1953 2079 2093 2108 nacionis
2106 2078 2215 2118 Angli-

1303 2138 1389 2158 cane.

1712 2221 1810 2251 1348

1407 2293 1647 2333 [Procuratio
1676 2293 1848 2334 magistri
1877 2293 2036 2323 Henrici
2072 2295 2115 2324 de

1685 2342 1843 2382 Herne.]

1348 2424 1420 2464 (Fal.
1447 2423 1475 2464 9)
1501 2422 1592 2452 Anno
1622 2422 1748 2453 Domini
1774 2422 1819 2452 Μο
1844 2423 1939 2454 CCC⁰
1962 2423 2117 2453 XLV11120
2141 2425 2217 2454 sacta

1307 2473 1556 2514 congregacione
1583 2473 1665 2512 apud
1693 2471 1838 2502 Sanctum
1869 2472 2022 2502 sulianum
2049 2483 2217 2512 pauperem

1307 2523 1377 2563 ipsa
1399 2522 1474 2552 feria
1494 2521 1613 2552 tercia¹⁵
1633 2527 1705 2562 post
1724 2521 1835 2551 festum
1858 2522 1955 2551 sancti
1980 2522 2060 2551 Luce
2082 2522 2217 2561 apostoli

1307 2573 1346 2602 ad
1363 2571 1535 2602 faciendum
1547 2577 1780 2611 procuratorem
1793 2570 1932 2600 nacionis
1943 2570 2125 2610 Anglicane,
2141 2570 2219 2600 elec-

1308 2627 1357 2651 tus
1373 2621 1429 2651 suit
1443 2620 1641 2650 concorditer
1658 2619 1690 2649 in
1707 2625 1940 2660 procuratorem
1959 2618 2095 2658 ejusdem
2112 2620 2219 2650 nacio-

1309 2670 1359 2701 nis
1382 2670 1530 2710 magister
1557 2668 1712 2699 Henricus
1740 2669 1777 2698 de
1806 2668 1910 2698 Herne
1939 2669 2155 2708 Westphalusi,
2187 2669 2219 2699 in

1309 2718 1396 2760 cujus
1408 2718 1633 2759 procui-acione
1651 2724 1716 2747 acta
1736 2724 1808 2747 sunt
1821 2718 1876 2747 hec
1892 2728 1952 2757 que
1966 2724 2149 2758 sequuntur.

1350 2769 1456 2799 Primo
1494 2773 1684 2808 congregata
1723 2767 1850 2797 nacione
1893 2777 1988 2806 super
2025 2767 2221 2806 expediendo

1341 2859 1365 2883 8.
1398 2858 1428 2881 27
1441 2855 1603 2889 Septembris.

1341 2894 1366 2917 4.
1400 2894 1429 2917 18
1441 2892 1565 2917 Octobris.

1342 2931 1366 2953 5.
1400 2929 1428 2952 21
1443 2928 1567 2953 octobris.
