2632 3464
1022 0 1033 9 ἰ
1055 0 1171 23 νῇεςινῃμῆ
1183 0 1499 33 ἾἏὟ-»Ῑη-ῃψιζΐμᾞφ
1515 7 1520 12 .,
1545 3 1565 13 f..

1403 36 1406 38 ,
1428 23 1448 43 Ἦ
1459 15 1491 35 ΜΙΪ
1508 22 1510 26 '
1528 11 1581 43 5³:2⁸1,

405 448 455 474 739
951 445 1173 471 AUCTARIUM
1194 445 1453 472 CHARTULARII
1473 447 1645 475 UNIVERS.
1668 449 1784 476 PARIS.
2269 453 2323 480 740

445 524 518 553 Item
534 523 711 552 licenciatus
727 528 774 551 est
785 522 926 551 dominus
940 521 1072 551 Mathias
1091 521 1238 551 Dartzant
1251 522 1308 551 sub

404 574 523 607 eodem,
543 571 630 612 cujus
647 573 740 601 bursa
754 571 810 600 VII
827 571 930 606 solidi,
943 570 1001 599 1111
1015 571 1144 600 denarii.

447 622 521 651 Item
537 621 715 650 licenciatus
738 626 784 649 est
806 620 949 649 dominus
963 619 1097 649 Jacobus
1114 619 1230 649 Mathei
1250 620 1307 649 sub

405 671 553 710 magistro
571 670 708 709 Nycolao
721 670 758 698 de
773 669 980 703 Monikedam‚
999 667 1085 708 cujus
1100 669 1194 698 bursa
1206 669 1233 698 V
1248 668 1305 698 sol.

446 720 520 749 Item
538 719 715 748 licenciatus
731 724 777 747 est
796 718 938 747 dominus
957 717 1114 747 Johannes
1131 719 1169 747 de
1195 717 1308 747 Sancto

404 769 553 798 Michaele
569 769 625 797 sub
641 768 789 807 magistro
802 767 972 796 Laurencio
988 767 1025 796 de
1039 767 1205 802 Londoris,
1220 765 1307 807 cujus

404 819 499 848 bursa
510 818 551 847 Vl
570 816 671 846 solidi.

485 921 697 960 Sequuntur
725 919 871 948 nomina
899 918 1164 958 incipiencium
1192 919 1228 948 in

616 969 786 1008 predicta
815 968 1094 1007 procuratoria.

444 1065 547 1094 Primo
567 1063 682 1102 incepit
701 1062 844 1092 dominus
861 1062 1018 1092 ,Iohannes
1036 1063 1073 1091 de
1087 1061 1304 1091 Francfordia⁴

405 1115 462 1144 sub
486 1113 635 1153 magistro
660 1112 772 1152 Egidio
797 1112 834 1141 de
856 1112 990 1147 Jutsaes,
1011 1110 1096 1151 cujus
1121 1112 1216 1140 bursa
1237 1111 1307 1140 XVI

403 1163 531 1193 denarii.

445 1213 518 1241 Item
541 1211 655 1251 incepit
681 1210 823 1239 dominus
844 1210 996 1239 Henricus
1021 1211 1059 1239 de
1089 1210 1228 1239 Sciedam
1250 1210 1308 1239 sub

408 1262 525 1296 eodem,
542 1260 628 1300 cujus
643 1261 736 1289 bursa
750 1259 831 1289 valet
845 1259 888 1289 111
905 1259 1033 1288 solidos.

447 1311 521 1340 ltem
540 1309 656 1349 incepit
668 1309 810 1338 dominus
822 1308 978 1337 Johannes
994 1308 1096 1338 Aveze
1112 1309 1170 1337 sub
1189 1308 1307 1342 eodem,

406 1359 492 1399 cujus
507 1361 602 1388 bursa
616 1358 642 1387 V
658 1358 759 1387 solidi.

447 1409 521 1438 Item
531 1408 646 1447 incepit
659 1406 966 1436 dominusJohannes
983 1407 1020 1436 de
1034 1406 1212 1446 Dieborgch
1224 1405 1236 1423 2
1252 1406 1309 1435 sub

408 1459 526 1492 eodem,
542 1456 628 1496 cujus
643 1458 737 1486 bursa
754 1456 822 1485 XVI
839 1456 968 1484 denarii.

446 1507 520 1536 Item
540 1506 654 1545 incepit
669 1505 812 1534 dominus
834 1505 990 1534 Johannes
1009 1505 1046 1534 de
1063 1505 1156 1534 Verlo
1178 1505 1236 1534 sub
1256 1514 1310 1534 eo-

406 1557 487 1591 dem,
505 1554 591 1595 cujus
610 1556 703 1584 bursa
720 1554 746 1583 V
763 1554 866 1584 solidi.

445 1605 520 1634 Item
536 1604 651 1643 incepit
661 1604 803 1633 dominus
815 1603 945 1632 Mathias
956 1603 1104 1632 Dartzant
1119 1604 1176 1632 sub
1190 1603 1308 1638 eodem,

408 1653 494 1693 cujus
507 1655 601 1682 bursa
615 1653 671 1682 Vll
688 1653 791 1688 solidi,
812 1652 871 1681 llll
885 1653 1014 1682 denarii.

449 1703 523 1732 Item
551 1702 667 1741 incepit
688 1702 830 1731 dominus
855 1701 1037 1740 Radulphus
1055 1703 1092 1730 de
1116 1701 1310 1731 Amsterdam

406 1753 463 1781 sub
477 1752 594 1786 eodem,
615 1750 701 1790 cujus
717 1752 811 1780 bursa
827 1750 883 1779 VII
905 1750 1008 1786 solidi,
1025 1751 1084 1780 llll
1099 1751 1229 1779 denarii.

810 1844 906 1874 1397

407 1918 497 1947 Acta
526 1917 560 1946 in
583 1916 845 1956 procuratoria
873 1916 1047 1956 magistri
1071 1916 1225 1955 Nicolay
1254 1916 1311 1954 [de

567 1964 795 2006 Pritzwalk]
821 1966 862 1994 de
889 1965 1048 1994 Saxonia
1079 1971 1148 1994 etc.

447 2047 538 2076 Facta
570 2046 815 2085 congregacione
853 2045 991 2074 nacionis
1025 2045 1196 2085 Anglicane
1231 2056 1311 2075 anno

408 2096 532 2126 Domini
552 2096 595 2124 Μο
623 2095 719 2124 CCC⁰
741 2094 943 2134 nonagesimo
963 2095 1110 2134 septimo,
1135 2095 1241 2134 quinta
1262 2095 1311 2124 die

406 2145 521 2174 mensis
536 2145 619 2180 Maii,
634 2145 665 2173 in
678 2144 787 2183 primis
801 2144 914 2173 Nostre
928 2144 1058 2172 Domine
1073 2145 1153 2183 apud
1167 2144 1311 2173 Sanctum

407 2194 592 2223 Maturinum
620 2203 715 2232 super
738 2193 837 2222 tribus
860 2193 1009 2222 articulis.
1033 2192 1157 2222 Primus
1181 2199 1246 2222 erat
1273 2193 1311 2221 ad

407 2243 582 2282 eligendum
609 2252 720 2271 novum
742 2249 974 2281 procuratorem
996 2241 1046 2271 vel
1072 2243 1109 2270 ad
1134 2242 1311 2271 continuan-

406 2293 477 2321 dum
494 2292 663 2330 antiquum.
679 2292 724 2319 2¹¹⁰
739 2291 885 2320 articulus
901 2297 965 2319 erat
976 2297 1007 2320 ut
1021 2291 1143 2330 quidam
1159 2291 1310 2330 magistri,

408 2341 459 2380 qui
479 2341 516 2369 de
532 2351 612 2369 novo
635 2340 826 2379 inceperunt,
845 2340 1001 2369 solverent
1015 2341 1145 2379 primam
1162 2350 1312 2379 procura-

407 2390 517 2419 toriam
532 2396 564 2418 ut
577 2389 672 2418 moris
683 2394 731 2418 est
746 2389 776 2417 in
788 2389 926 2423 nacione,
944 2399 1063 2418 necnon
1074 2390 1111 2418 ad
1127 2389 1312 2418 audiendum

406 2445 581 2478 compotum
594 2438 709 2467 domini
725 2437 906 2476 receptoris.
920 2439 965 2466 3¹¹⁸
977 2438 1124 2467 articulus
1140 2444 1204 2467 erat
1219 2448 1313 2477 super

412 2487 696 2527 supplicacionibus
718 2493 748 2516 et
772 2486 904 2526 injuriis.
930 2487 1030 2526 Super
1057 2487 1157 2526 primo
1184 2487 1312 2516 articulo

409 2537 524 2565 electus
541 2543 604 2565 erat
617 2536 813 2565 concorditer
824 2535 907 2564 nullo
925 2536 1152 2565 contradicente
1167 2536 1314 2576 magister

409 2586 554 2615 Nicolaus
578 2587 614 2614 de
644 2585 776 2614 Saxonia
799 2585 863 2614 sive
888 2585 925 2613 de
951 2584 1129 2614 Pritzwalk.
1155 2585 1255 2624 Super
1282 2586 1313 2614 2⁰

409 2635 538 2663 articulo
556 2635 757 2663 deliberatum
776 2634 831 2663 fuit
853 2634 935 2672 quod
955 2634 1027 2663 novi
1050 2634 1190 2673 magistri
1211 2634 1313 2663 solve-

409 2690 477 2712 rent
493 2683 619 2722 primam
635 2683 887 2722 procuratoriam.
907 2682 946 2712 Et
961 2683 1001 2712 ita
1016 2683 1126 2712 factum
1142 2689 1198 2712 est.
1218 2683 1313 2712 Intra-

409 2732 453 2761 vit
471 2733 550 2761 enim
573 2733 660 2761 nacio
684 2733 851 2767 tabernam,
876 2738 907 2761 et
925 2732 1038 2761 ibidem
1057 2731 1216 2761 solverunt
1237 2742 1313 2771 qua-

409 2787 478 2809 tuor
502 2782 640 2820 magistri
663 2781 735 2810 novi
756 2781 885 2820 quilibet
905 2791 998 2810 unum
1019 2781 1166 2815 francum,
1189 2786 1222 2809 ut
1243 2790 1313 2809 con-

412 2836 529 2859 suetum
558 2837 614 2865 est,
648 2830 765 2859 scilicet
791 2830 938 2869 magister
966 2829 1098 2859 Mathias
1128 2829 1312 2858 Dartzant...

442 2944 463 2966 1.
497 2945 532 2967 De
545 2953 594 2975 quo
608 2944 676 2975 infra
690 2944 725 2967 ad
737 2953 780 2967 an.
795 2945 862 2973 1400,
876 2944 962 2968 Octub.
980 2944 1016 2968 17.

441 2980 462 3001 2.
499 2980 548 3002 An.
570 2980 630 3002 1400
645 2982 671 3002 ul
690 2988 757 3011 mag.
769 2983 818 3003 art.
835 2981 917 3003 Parie.
938 2979 963 3003 in
983 2980 1091 3003 Univers.
1112 2979 1313 3011 Heidelberg-ms.

1346 970 1379 995 10

1346 1215 1379 1242 15

1347 1462 1381 1487 20

1348 1709 1382 1734 25

1349 1955 1382 1980 30

1349 2200 1382 2226 35

1350 2445 1383 2471 40

1351 2690 1384 2716 45

1416 523 1491 564 (sic),
1510 524 1668 554 residuum
1686 525 1846 555 solverunt
1863 533 2046 566 procurator
2057 534 2088 557 et
2103 535 2247 568 receptor
2261 536 2319 559 etc.

1417 572 1588 612 Computus
1599 575 1769 613 receptoris
1786 581 1916 614 protunc
1932 575 2044 606 dilatus
2060 577 2126 606 fuit.
2144 577 2190 607 De
2205 578 2236 606 3⁰
2250 578 2322 608 arti-

1416 621 1485 652 culo
1498 622 1593 652 nichil
1611 624 1720 653 factum
1736 624 1802 659 fuit,
1817 624 1889 664 quia
1900 624 2003 654 nullus
2017 632 2147 664 protunc
2163 626 2322 666 supplica-

1415 671 1469 701 vit.

1456 720 1649 751 Licenciatus
1676 728 1723 751 est
1746 722 1959 752 Theodericus
1983 722 2060 752 Oem
2086 724 2143 753 sub
2173 724 2322 764 magistro

1417 769 1588 799 Laurencio
1604 770 1770 806 Londoris,
1788 770 1875 811 cujus
1890 773 1984 802 bursa
1998 773 2135 812 quinque
2151 773 2254 803 solidi.

1457 819 1532 848 Item
1557 819 1672 860 incepit
1696 820 1839 850 dominus
1871 820 2064 851 Cristoforus
2095 821 2236 852 Pontfert
2265 823 2322 852 suh

1416 868 1564 908 magistro
1580 868 1750 898 Laurencio
1764 869 1930 905 Londoris,
1948 869 2035 910 cujus
2050 871 2145 900 bursa
2162 870 2203 900 VI
2217 871 2321 907 solidi,

1415 917 1489 947 VIII
1504 918 1634 947 denarii.

1457 966 1528 1006 (F'ol.
1553 969 1591 997 30
1602 966 1627 1007 b)
1647 967 1721 996 Item
1737 967 1916 997 licenciatus
1938 974 1985 998 est
2004 969 2147 998 dominus
2166 968 2323 999 ,Iohannes

1416 1015 1574 1045 Aurifabri
1600 1017 1657 1045 sub
1679 1016 1827 1056 magistro
1849 1017 2021 1046 Laurencio
2045 1017 2212 1053 Londoris,
2236 1017 2323 1058 cujus

1417 1066 1512 1095 bursa
1528 1075 1583 1094 sex
1598 1065 1690 1094 solidi
1705 1071 1735 1095 et
1752 1066 1794 1094 4⁰¹·
1810 1066 1939 1095 denarii.

1458 1115 1532 1144 Item
1552 1115 1627 1144 facta
1642 1114 1888 1154 congregacione
1903 1115 2043 1144 nacionis
2056 1114 2227 1155 Anglicane
2243 1126 2323 1145 anno

1417 1163 1542 1193 Domini
1574 1163 1619 1193 M⁰
1655 1164 1752 1194 CCC⁰
1783 1164 1984 1204 nonagesimo
2022 1164 2154 1203 septimo
2165 1187 2172 1200 ,
2206 1165 2324 1194 decima

1417 1219 1522 1242 octava
1538 1213 1588 1242 die
1605 1213 1722 1242 mensis
1739 1212 1813 1242 Maii
1828 1213 1859 1242 in
1877 1213 1986 1252 primis
2002 1212 2106 1242 Sancti
2124 1213 2232 1243 Jacobi
2251 1219 2325 1253 aput

1421 1262 1564 1292 Sanctum
1585 1262 1772 1291 Maturinum
1788 1272 1882 1301 super
1897 1262 2018 1291 duobus
2033 1261 2180 1291 articulis.
2200 1262 2324 1292 Primus

1418 1318 1483 1341 erat
1502 1321 1558 1351 pro
1578 1311 1779 1350 expedicione
1799 1310 1957 1351 cujusdam
1976 1311 2122 1340 bacclarii
2141 1311 2324 1341 licenciandi

1418 1361 1449 1389 in
1468 1361 1606 1389 examine
1623 1361 1737 1390 Nostre
1751 1360 1893 1389 Domine.
1909 1359 2034 1395 Verum,
2052 1366 2085 1389 ut
2100 1360 2192 1389 michi
2207 1360 2324 1396 retulit,

1418 1409 1590 1439 facultatem
1610 1419 1672 1439 non
1694 1409 1801 1438 habuit
1817 1408 1956 1438 solvendi
1979 1410 2090 1438 bursas
2109 1415 2252 1448 protunc,
2269 1410 2323 1439 sed

1417 1459 1547 1498 pignera
1561 1458 1693 1487 libenter
1706 1468 1821 1497 ponere
1832 1457 1924 1487 vellet
1935 1468 2035 1498 prope
2050 1458 2206 1487 dominum
2219 1468 2331 1497 recep-.

1418 1514 1534 1544 torem;
1561 1514 1591 1536 et
1614 1507 1686 1546 quia
1712 1507 1855 1536 dominus
1881 1513 2025 1547 receptor
2049 1507 2152 1547 ipsum
2177 1507 2324 1546 expedire

1419 1567 1480 1586 non
1509 1556 1610 1596 potuit
1634 1566 1690 1586 nec
1720 1556 1832 1592 voluit,
1865 1556 1925 1586 nisi
1958 1556 2045 1596 prius
2073 1556 2263 1596 supplicaret
2292 1556 2325 1586 in

1419 1606 1559 1641 nacione,
1574 1606 1643 1635 ideo
1661 1606 1699 1634 ad
1715 1605 1975 1645 supplicacionem
1990 1605 2091 1644 ipsius
2107 1605 2325 1645 congregacio-

1419 1666 1489 1685 nem
1501 1655 1640 1684 nacionis
1654 1655 1722 1690 feci,
1736 1665 1774 1683 ne
1790 1654 1947 1694 predictus
1961 1654 2133 1684 bacclarius
2148 1655 2179 1683 in
2197 1654 2326 1685 licencia

1419 1705 1633 1745 impediretur.
1660 1703 1699 1733 Et
1717 1704 1819 1743 quoad
1839 1703 1896 1732 hoc
1921 1703 2104 1733 deliberavit
2127 1704 2215 1733 nacio
2242 1704 2326 1743 quod

1421 1754 1488 1794 ipse
1501 1753 1740 1793 supplicaret‚et
1747 1752 1835 1782 nacio
1848 1753 1961 1782 faceret
1971 1752 2047 1782 illud
2060 1753 2143 1792 quod
2153 1753 2327 1792 posset.2¹¹·

1420 1810 1485 1833 erat
1502 1812 1597 1842 super
1611 1801 1901 1842 „supplicacionibus
1923 1808 1953 1831 et
1973 1800 2106 1841 injuriis.
2134 1801 2327 1841 Supplicavit

1420 1852 1500 1882 idem
1524 1851 1694 1881 hacclarius
1717 1851 1800 1890 quod
1818 1851 1906 1880 nacio
1923 1850 2016 1880 vellet
2031 1850 2091 1879 sibi
2108 1851 2181 1880 dare
2197 1850 2326 1880 dilacio-

1420 1911 1488 1931 nem
1505 1911 1599 1940 super
1616 1900 1720 1930 bursis
1736 1899 1905 1935 solvendis,
1920 1899 1992 1939 quia
2007 1906 2137 1939 protunc
2154 1899 2325 1929 facultatem

1421 1950 1561 1980 solvendi
1589 1959 1651 1978 non
1678 1948 1793 1978 habuit.
1830 1947 1925 1988 Cujus
1957 1948 2149 1987 supplicacio
2177 1957 2326 1977 concessa

1421 2005 1486 2028 erat
1504 2005 1533 2028 et
1559 1998 1643 2028 dedit
1665 1997 1725 2027 sihi
1747 1997 1836 2026 nacio
1862 1997 2026 2026 terminum
2049 1996 2189 2026 solvendi
2213 1997 2324 2026 bursas

1420 2049 1530 2077 festum
1556 2046 1653 2076 sancti
1676 2045 1838 2081 Johannis,
1865 2045 1917 2074 illo
1940 2055 2059 2074 annexo
2086 2045 2168 2084 quod
2194 2050 2326 2084 poneret

1421 2107 1517 2136 prope
1531 2095 1687 2125 dominum
1702 2101 1894 2134 receptorem
1907 2094 1996 2123 vadia
2011 2094 2097 2133 dupli
2112 2094 2161 2123 vel
2175 2094 2213 2123 ad
2224 2093 2324 2123 minus

1421 2145 1619 2184 sexquialteri
1633 2144 1749 2174 valoris
1767 2144 1804 2173 ad
1819 2144 1952 2173 valorem
1971 2144 2146 2172 bursarum.

1460 2195 1535 2223 Item
1553 2204 1610 2234 ego
1626 2193 1771 2222 Nicolaus
1787 2193 1824 2222 de
1844 2192 1976 2222 Saxonia
1991 2198 2124 2231 protunc
2142 2198 2326 2231 procurator

1420 2243 1560 2273 nacionis
1576 2242 1748 2282 supplicavi
1768 2248 1918 2281 quatenus
1938 2241 2060 2270 nacioni
2083 2241 2228 2280 placeret,
2245 2247 2278 2270 ut
2293 2240 2325 2270 in

1419 2292 1583 2333 presencia
1597 2291 1736 2320 nacionis
1753 2291 1941 2320 constituere
1956 2300 2080 2329 possem
2094 2295 2324 2329 procuratores,

1421 2343 1564 2371 absentes
1583 2347 1695 2375 tamen,
1710 2341 1746 2369 ad
1763 2340 1982 2379 acceptandum
1994 2339 2118 2368 nomine
2133 2348 2201 2367 meo
2213 2338 2325 2367 benefi-

1421 2391 1467 2420 cia
1492 2399 1682 2430 quecumque
1707 2388 1799 2418 michi
1821 2389 1931 2418 collata
1952 2388 2001 2418 vel
2020 2388 2216 2422 conferenda,
2239 2393 2269 2416 et
2287 2388 2326 2416 ad

1420 2440 1586 2479 petendum
1617 2438 1846 2467 institucionem
1872 2437 2048 2466 canonicam
2074 2436 2208 2476 inripsis
2235 2442 2265 2465 et
2287 2437 2326 2465 ad

1422 2495 1523 2518 cetera
1539 2488 1709 2517 faciendum
1725 2497 1792 2516 meo
1807 2486 1943 2522 nomine,
1957 2496 2016 2525 que
2030 2485 2111 2515 dicta
2125 2485 2273 2514 beneficia
2287 2485 2326 2514 de

1421 2537 1644 2566 consuetudine
1655 2536 1703 2565 vel
1719 2541 1832 2565 statuto
1842 2535 2048 2575 requirerent,
2061 2544 2117 2563 nec
2129 2544 2192 2563 non
2200 2534 2238 2563 ad
2246 2533 2327 2563 resi-

1421 2587 1575 2626 gnandum
1601 2595 1636 2614 ea
1663 2584 1902 2624 permutacionis
1922 2594 2014 2613 causa
2039 2589 2069 2612 et
2090 2583 2128 2612 ad
2155 2583 2326 2612 faciendum

1421 2634 1522 2664 omnia
1543 2633 1611 2668 alia,
1631 2643 1690 2673 que
1711 2633 1840 2662 facerem
1861 2642 1915 2662 seu
1939 2632 2038 2661 facere
2060 2641 2185 2670 possem
2205 2631 2231 2660 si
2251 2641 2326 2671 pre-

1422 2693 1494 2713 sens
1508 2693 1619 2717 essem,
1639 2682 1763 2711 eciamsi
1781 2682 1922 2710 mandato
1938 2680 2116 2720 indigerent
2130 2680 2268 2719 speciali.
2287 2680 2327 2710 Et

1421 2732 1477 2761 suit
1503 2731 1693 2771 supplicacio
1720 2731 1756 2759 ab
1787 2729 1930 2759 omnibus
1953 2729 2098 2758 admissa.
2130 2729 2327 2768 Quapropter

1422 2791 1480 2820 ego
1498 2780 1643 2810 Nicolaus
1658 2780 1696 2808 de
1717 2778 1848 2808 Saxonia
1864 2778 1929 2807 sive
1947 2779 1984 2806 de
2003 2777 2172 2808 Pritzwalk
2188 2777 2326 2807 meliori-

1422 2830 1479 2857 bus
1498 2829 1588 2857 modo
1607 2835 1636 2857 et
1651 2829 1746 2856 forma
1762 2827 1874 2866 quibus
1891 2826 1977 2866 potui
1994 2826 2026 2855 in
2043 2826 2207 2866 presencia
2220 2826 2326 2855 nacio-

1423 2943 1567 2967 intitulatus
1583 2943 1712 2974 (Tonans,
1726 2942 1771 2966 Die
1783 2942 1903 2966 Matrikel
1919 2941 1966 2965 der
1978 2941 2099 2966 Univers.
2111 2941 2239 2969 Heideuz„
2253 2940 2271 2969 1,
2285 2941 2325 2969 75,

1423 2978 1467 3002 ubi
1478 2979 1610 3003 „Iohannes
1624 2978 1726 3002 Kuntch
1738 2978 1770 3002 de
1783 2978 1936 3010 Diepporg).

2630 3155 2632 3157 .
2620 2899 2632 3141 .u..2.⁶.-.;012...A—«
2625 2800 2632 2890 ,ι-..-Λ
2624 2735 2632 2794 ιῳ-Α.
2626 2674 2632 2719 Δ.»
2624 2590 2632 2662 ..ι-μ
2627 2564 2632 2579 .-
2627 2533 2632 2556 Α.-
