2632 3464
0 3166 6 3296 ἰ

285 433 339 459 525
790 434 903 460 LIBER
925 432 1236 460 PROCURATORUM
1257 431 1438 458 NATIONIS
1461 432 1707 459 ANGLICANAE
2160 435 2213 460 526

285 510 459 549 comparuit
483 510 632 550 magister
657 510 808 540 Martinus
831 510 929 540 vicem
954 516 1062 539 tenens
1084 519 1195 548 recep-

284 559 374 594 toris,
391 558 572 599 supplicans
583 560 704 589 nacioni
719 558 864 599 quatinus
880 558 1002 589 differet
1018 564 1193 598 compotum

283 608 383 637 donec
401 608 522 638 veniret
538 609 682 638 dominus
703 614 857 648 receptor,
876 608 948 648 quia
967 614 1108 647 speraret
1125 617 1194 637 eum

286 656 318 686 in
344 656 432 686 brevi
455 657 572 687 venire.
597 657 638 687 Et
662 657 820 697 predictus
844 657 1058 696 vicereceptor
1083 657 1195 686 obtulit

285 712 428 745 prompte
441 707 563 736 tradere
578 705 661 736 XXX
677 706 800 736 francos
818 706 990 746 predictos.»
1005 705 1101 745 Cujus
1117 716 1194 745 sup-

286 754 416 793 plicacio
447 755 503 784 suit
527 764 690 790 concessa,
714 761 744 785 et
769 756 852 795 quod
876 755 1012 786 traderet
1032 755 1192 794 pecuniam

284 802 466 843 predictam.

326 852 402 882 Item
426 852 503 882 facta
523 852 770 892 congregacione
789 852 929 882 nacionis
948 852 1119 893 Anglicane
1143 853 1193 883 die

283 900 368 931 xxl·
386 901 502 931 mensis
526 900 718 940 Septembris
742 902 824 941 apud
843 901 987 932 Sanctum
1005 902 1192 932 Maturinum

285 949 363 980 hora
382 959 531 980 nonarum
551 949 645 980 Beate
668 949 767 980 Marie
787 950 921 991 virginis
945 952 983 980 ad
1007 951 1193 981 audiendum

285 1005 460 1038 compotum
475 999 591 1028 domini
608 999 782 1039 receptoris
798 1006 828 1030 et
840 1000 878 1029 ad
892 1000 1067 1040 eligendum
1082 1010 1194 1040 recep-

285 1054 384 1078 torem
401 1057 459 1087 pro
481 1058 561 1077 anno
584 1048 701 1084 futuro,
722 1054 756 1078 ut
774 1049 885 1084 moris;
905 1049 986 1079 unde
1006 1059 1069 1078 non
1088 1049 1193 1081 audito

283 1103 428 1137 compoto
446 1103 575 1136 propter
594 1097 768 1127 absenciam
791 1098 975 1137 receptoris,
999 1098 1115 1128 electus
1137 1098 1194 1128 fuit

284 1146 317 1175 in
336 1152 527 1185 receptorem
547 1146 695 1186 magister
713 1145 873 1176 Walter-us
893 1147 930 1176 de
950 1146 1032 1182 Delf,
1051 1147 1104 1186 qui
1123 1157 1193 1186 pro·

283 1201 357 1224 tunc
374 1201 440 1224 erat
454 1195 579 1230 absens,
596 1195 654 1224 sub
669 1195 722 1224 tali
737 1195 920 1225 condicione
941 1207 947 1225 ε
971 1196 998 1225 si
1016 1195 1095 1226 infra
1112 1196 1192 1225 diem

285 1243 405 1273 sabbati
438 1249 512 1283 post
539 1244 648 1273 festum
680 1243 824 1274 Omnium
859 1244 1042 1274 Sanctorum
1074 1245 1195 1275 veniret

283 1292 426 1322 Parisius
446 1299 476 1322 et
495 1292 610 1322 dictum
631 1292 763 1323 officium
783 1300 974 1334 acceptaret3
998 1293 1026 1323 si
1042 1300 1142 1325 autem
1162 1293 1194 1323 in

283 1341 425 1382 predicto
439 1341 572 1371 termino
586 1352 648 1371 non
662 1342 794 1378 veniret,
807 1342 856 1372 vel
874 1343 970 1372 eciam
988 1342 1015 1372 si
1032 1343 1152 1372 veniret
1163 1349 1194 1373 et

285 1390 458 1430 predictum
486 1390 618 1420 officium
643 1391 740 1421 nollet
765 1397 939 1432 acceptare,
969 1398 1041 1421 ωηο
1072 1402 1193 1422 exnunc

283 1440 380 1479 aliqui
395 1439 557 1480 elegerunt
575 1440 754 1480 magistrum
774 1440 958 1480 Hughonem
974 1442 1012 1470 de
1026 1441 1189 1471 Hervorst.

283 1489 346 1519 Alii
361 1489 505 1519 dicebant
515 1489 599 1528 quod
611 1489 717 1529 elapso
730 1489 862 1519 termino
873 1490 1014 1529 predicto
1025 1491 1112 1520 fieret
1121 1500 1192 1520 con·

281 1538 430 1578 gregacio
455 1537 612 1574 nacionis,
637 1544 668 1568 et
688 1538 856 1578 eligeretur
881 1546 1040 1579 receptor,
1063 1546 1098 1569 ut
1120 1545 1193 1569 tunc

284 1587 443 1617 videretur
459 1587 615 1627 expedire.

685 1680 783 1710 1877

282 1751 373 1782 Acta
411 1758 496 1782 sunt
533 1751 597 1782 hec
638 1752 674 1782 in
717 1753 981 1793 procuratoria
1021 1753 1192 1793 magistri

563 1800 669 1831 Pauli
697 1801 740 1831 de
769 1801 911 1831 Gelria.

321 1881 414 1912 Anno
442 1880 566 1911 Domini
589 1880 755 1911 millesimo
777 1882 995 1912 trecentesimo
1027 1889 1193 1923 septuage-

283 1930 363 1960 simo
382 1929 526 1970 septimo,
543 1929 676 1960 xxuu·
690 1930 740 1960 die
759 1931 875 1960 mensis
894 1930 1099 1971 Septembris,
1116 1933 1194 1961 facta

281 1978 528 2019 congregacione
561 1978 701 2009 nacionis
731 1978 904 2020 Anglicane
937 1981 1018 2020 apud
1048 1980 1192 2011 Sanctum

280 2027 436 2058 «lulianum
449 2037 615 2067 pauperem
625 2028 663 2057 ad
673 2027 848 2068 eligendum
864 2035 1097 2069 procuratorem
1112 2036 1143 2060 et
1154 2031 1192 2060 ad

281 2077 467 2107 audiendum
483 2083 659 2117 computum
671 2078 856 2117 receptoria,
871 2078 987 2108 electus
1001 2078 1057 2108 suit
1071 2079 1103 2108 in
1118 2090 1194 2119 pro-

281 2132 456 2156 curatorem
479 2125 559 2155 dicte
579 2125 719 2156 nacionis
741 2126 889 2167 magister
911 2127 1026 2157 Paulus
1043 2128 1135 2158 Fabri
1154 2129 1192 2158 de

283 2174 399 2204 Gelria.
418 2173 459 2204 Et
476 2180 548 2204 tunc
569 2180 713 2214 receptor
730 2184 792 2204 non
809 2175 982 2215 comparuit
1002 2186 1058 2206 nec
1079 2177 1192 2217 aliquis

284 2222 407 2253 nomine
429 2223 488 2252 sui.
511 2222 553 2252 Et
574 2233 612 2252 ex
634 2223 771 2253 unanimi
795 2234 950 2255 consensu
973 2225 1191 2265 magistrorum

286 2278 358 2302 tunc
379 2270 575 2312 presencium
593 2271 786 2302 intraverunt
803 2272 864 2312 ipsi
886 2274 1054 2310 tabernam,
1072 2280 1102 2304 et
1116 2284 1192 2304 con-

281 2326 483 2360 sumpserunt
504 2320 606 2350 xvlu
631 2320 749 2351 solidos
768 2331 837 2351 cum
852 2321 879 2351 ll
904 2321 995 2358 albis,
1016 2323 1054 2352 de
1078 2323 1191 2363 quibus

284 2369 386 2399 dictus
419 2369 567 2409 magister
597 2369 730 2406 Paulus,
762 2370 835 2410 quia
862 2377 1046 2410 procurator
1074 2382 1189 2408 novus,

287 2417 381 2448 solvit
398 2417 535 2448 francum
557 2428 626 2448 cum
647 2418 659 2448 1
674 2418 756 2448 albo.
776 2418 817 2448 Et
835 2419 905 2459 quia
930 2419 962 2449 iu
977 2421 1191 2459 procuratoris

283 2466 424 2507 magistri
440 2463 590 2497 ¹lobannis
608 2467 757 2497 Lubberti
770 2468 965 2507 propositum
981 2475 1047 2499 erat
1063 2469 1094 2499 in
1112 2470 1191 2499 deli-

282 2515 490 2551 beracionem,
515 2516 598 2556 quod
622 2516 694 2546 novi
721 2523 939 2556 procuratores
967 2518 1091 2548 francos
1115 2529 1190 2548 suos

279 2565 392 2594 darent
425 2564 547 2594 nacioni
581 2565 620 2594 ad
656 2566 861 2605 reparandum
899 2566 1017 2606 virgam
1051 2567 1190 2597 nacionis

280 2619 473 2653 argenteam,
497 2619 527 2643 et
546 2623 608 2643 non
628 2620 694 2644 erat
713 2614 750 2643 de
774 2614 831 2644 hoc
853 2614 969 2654 aliquid
990 2615 1140 2655 scriptum
1158 2616 1189 2646 in

282 2661 492 2701 procuratoris
520 2662 594 2692 dicti
621 2663 760 2702 magistri
788 2663 939 2693 Johannis
962 2663 1125 2700 Lubberti,
1151 2675 1189 2694 an

279 2714 365 2739 esset
374 2709 575 2740 deliberatum
589 2721 645 2751 per
658 2711 816 2741 nacionem
829 2712 911 2751 quod
922 2712 1054 2752 pecunia
1063 2713 1191 2743 deberet

281 2757 348 2787 dari
372 2758 420 2788 vel
451 2768 524 2794 non,
544 2765 574 2789 et
602 2759 689 2789 sicud
718 2760 874 2801 magistris
901 2766 972 2790 tunc
990 2762 1189 2801 presentibus

281 2807 453 2843 videbatur,
472 2808 556 2847 quod
573 2808 604 2838 in
621 2808 724 2838 dubiis
741 2809 789 2839 via
809 2809 929 2839 cercior
948 2816 996 2840 est
1015 2810 1157 2851 eligenda
1179 2823 1187 2841 ε

313 2921 335 2945 i.
370 2922 407 2945 Ea
419 2922 470 2946 tria
482 2922 558 2946 verba
570 2926 642 2947 extra
655 2926 750 2948 testum
761 2925 867 2957 scripta.

1248 709 1264 734 5

1230 954 1264 980 10

1231 1201 1264 1227 15

1229 1446 1264 1472 20

1229 1689 1263 1715 25

1230 1935 1264 1961 30

1229 2181 1263 2207 35

1228 2426 1262 2452 40

1226 2670 1260 2697 45

1302 508 1373 538 ideo
1383 507 1471 547 juxta
1489 509 1742 539 consuetudinem
1760 516 1849 538 antea
1864 511 2056 539 observatam
2071 511 2210 550 magistri

1301 556 1388 586 illum
1403 558 1540 587 francum
1556 558 1629 587 novi
1644 558 1858 597 procuratoris
1878 559 2081 588 decreverunt
2096 570 2212 599 perpo-

1302 612 1377 635 tare.
1399 605 1434 634 ln
1451 606 1575 636 nomine
1592 606 1717 636 Domini
1731 605 1753 635 ¹.

1342 654 1417 684 Item
1440 655 1548 684 eodem
1570 666 1662 690 anno,
1682 655 1851 695 penultima
1868 656 1917 685 die
1938 656 2054 685 mensis
2071 657 2212 696 Septem-

1301 703 1379 739 bris,
1397 714 1456 743 que
1472 710 1538 733 erat
1552 704 1620 734 dies
1632 704 1730 734 sancti
1746 704 1907 734 Michaelis
1923 705 2116 745 archangeli,
2137 707 2212 735 sacta

1302 753 1551 793 congregacione
1570 753 1735 793 sollempni
1753 754 1892 783 nacionis
1909 755 2087 794 regensium
2106 762 2135 784 et
2151 766 2211 784 non

1301 802 1479 842 regencium
1491 812 1549 842 per
1554 802 1762 842 juramentum
1777 804 1858 842 apud
1871 803 2016 833 Sanctum
2026 804 2211 834 Maturinum

1301 861 1397 891 super
1418 851 1519 880 tribus
1541 851 1692 887 articulis,
1717 851 1837 882 scilicet
1855 862 1986 891 quorum
2007 853 2124 892 primus
2149 860 2212 882 erat

1301 901 1339 929 de
1357 900 1488 940 pecunia
1504 910 1595 940 quam
1615 906 1795 930 tenerentur
1815 902 1889 930 dare
1904 901 1975 930 novi
1993 908 2212 941 procuratores

1301 959 1344 981 ac,
1356 949 1479 979 noviter
1496 949 1646 979 intrantes
1663 950 1954 989 congregacionem,
1974 961 2033 990 que
2053 951 2212 980 consuevit

1301 1004 1372 1028 ante
1386 999 1546 1038 perpotari
1560 999 1640 1028 inter
1656 999 1823 1038 magistros
1836 999 1987 1034 nacionis,
2000 1010 2037 1028 an
2053 1000 2213 1039 expediret

1302 1047 1383 1077 illam
1405 1057 1565 1077 reservare
1590 1058 1648 1087 pro
1675 1049 1791 1077 factura
1813 1048 1918 1088 virge,
1942 1049 2015 1088 quia
2037 1049 2125 1078 nacio
2150 1060 2211 1078 non

1302 1096 1408 1126 habuit
1430 1102 1530 1126 tantas
1555 1097 1703 1136 pecunias
1727 1097 1776 1126 vel
1801 1097 1907 1127 saltem
1932 1098 2031 1127 noluit
2056 1108 2211 1138 exponere

1302 1151 1402 1175 tantas
1417 1152 1530 1185 quante
1548 1146 1700 1175 dabantur
1717 1156 1775 1185 pro
1792 1146 1881 1186 virga
1898 1153 2045 1186 argentea
2057 1147 2210 1181 facienda;

1302 1200 1332 1224 et
1344 1194 1439 1224 eciam
1451 1201 1567 1224 attento
1582 1195 1665 1234 quod
1681 1195 1755 1224 alibi
1771 1195 1891 1225 meliori
1908 1196 1998 1225 modo
2016 1195 2067 1225 ille
2084 1197 2212 1235 pecunie

1301 1244 1464 1283 procurari
1477 1243 1526 1273 vel
1544 1243 1651 1273 haberi
1664 1254 1725 1273 non
1737 1251 1877 1284 possent,
1891 1245 1928 1274 ad
1942 1245 2091 1274 honorem
2102 1252 2132 1274 et
2143 1255 2212 1285 pro-

1303 1293 1413 1322 fectum
1433 1292 1583 1322 nacionis.
1603 1292 1724 1322 Extunc
1746 1294 1835 1322 nacio
1856 1293 2040 1333 simpliciter
2058 1294 2214 1323 delibera-

1301 1341 1346 1371 vit
1364 1341 1449 1371 nullo
1471 1342 1672 1378 reclamante,
1693 1343 1777 1381 quod
1796 1342 1847 1372 ille
1865 1343 1995 1382 pecunie
2018 1343 2212 1382 postmodum

1301 1397 1537 1420 reservarentur
1563 1401 1620 1430 pro
1649 1390 1738 1430 virga
1765 1391 1861 1426 dicta,
1892 1398 1923 1421 et
1948 1392 2214 1431 suspenderentur

1301 1439 1551 1479 perpotaciones‚
1568 1441 1667 1469 donec
1682 1440 1813 1479 pecunia
1824 1450 1881 1480 pro
1897 1440 1986 1480 virga
2001 1447 2085 1470 esset
2100 1441 2210 1476 soluta,

1300 1494 1332 1518 et
1345 1495 1417 1518 tunc
1435 1489 1545 1518 iterum
1564 1495 1766 1528 perpotarent
1783 1489 1924 1528 magistri
1939 1495 1971 1518 ut
1990 1489 2078 1529 prius
2090 1488 2114 1518 ¹.

1342 1537 1416 1577 (Fol.
1441 1537 1468 1577 9)
1490 1537 1652 1567 Secundus
1672 1537 1820 1567 articulus
1843 1544 1923 1572 erat,
1947 1548 1985 1567 an
2012 1544 2095 1567 esset
2117 1548 2212 1577 expe-

1300 1587 1390 1616 diens
1402 1586 1525 1616 nacioni
1536 1587 1619 1626 quod
1631 1586 1818 1616 haberentur
1829 1587 1901 1616 boni
1911 1587 1994 1616 modi
2004 1586 2211 1616 distribuendi

1300 1635 1402 1666 scolas
1415 1645 1472 1676 pro
1487 1635 1646 1665 ordinario
1658 1642 1687 1665 et
1702 1642 1766 1666 toto
1782 1646 1861 1665 anno
1872 1636 2017 1666 continue
2033 1636 2212 1676 regentibus

1301 1685 1338 1714 de
1362 1685 1432 1714 vico
1453 1684 1653 1714 straminum.
1680 1684 1719 1714 Et
1741 1685 1768 1714 si
1789 1685 1841 1725 qui
1865 1685 1937 1714 boni
1958 1691 1988 1715 et
2006 1685 2212 1724 acceptabiles

1301 1734 1384 1764 modi
1407 1740 1537 1774 possent
1562 1734 1710 1774 reperiri,
1733 1744 1772 1763 an
1794 1735 1907 1763 bonum
1932 1741 2016 1763 esset
2038 1733 2212 1774 hujusmodi

1301 1783 1445 1823 redigere
1463 1783 1494 1812 in
1513 1783 1652 1822 scriptis,
1673 1789 1788 1812 attento
1808 1784 1890 1822 quod
1907 1783 1989 1812 omni
2008 1793 2088 1812 anno
2106 1784 2212 1812 turba-

1301 1832 1407 1862 ciones
1426 1838 1455 1862 et
1477 1831 1635 1862 mociones
1653 1833 1812 1862 excessive
1832 1832 1912 1862 inter
1929 1832 2111 1872 magistros,
2132 1833 2212 1862 unde

1301 1881 1466 1921 aliquando
1491 1891 1603 1910 rancor
1625 1887 1655 1911 et
1680 1881 1797 1911 invidia
1819 1888 2053 1921 generarentur.
2080 1882 2118 1910 Et
2140 1888 2211 1911 tunc

1301 1940 1398 1970 super
1428 1929 1603 1969 hujusmodi
1635 1930 1774 1960 articulis
1801 1931 1889 1960 nacio
1920 1930 2006 1960 dedit
2029 1931 2209 1970 deputatos,

1301 1979 1422 2009 scilicet
1435 1979 1478 2008 4⁰*
1492 1980 1531 2008 de
1546 1979 1724 2008 senioribus
1739 1979 1932 2019 regentibus,
1950 1985 1979 2009 et
1996 1980 2039 2008 4⁰³
2053 1980 2091 2008 de
2106 1979 2210 2009 senio-

1301 2028 1389 2058 ribus
1400 2038 1462 2058 non
1475 2028 1669 2068 regentibus,
1684 2028 1737 2067 qui
1747 2029 1785 2057 de
1797 2028 1855 2058 hoc
1871 2027 2020 2058 haberent
2029 2029 2208 2067 disponere.

1302 2077 1342 2106 Et
1363 2083 1451 2106 erant
1470 2083 1542 2106 tunc
1565 2077 1706 2106 seniores
1726 2083 1871 2117 regentes
1893 2077 2034 2117 magistri
2055 2077 2210 2107 Jordanus

1301 2127 1339 2155 de
1355 2126 1466 2162 Clivis,
1484 2125 1643 2156 Gerardus
1657 2127 1694 2155 de
1710 2126 1834 2161 Kalker,
1853 2126 1944 2167 Hugo
1959 2127 1998 2155 de
2014 2126 2167 2156 llervorst
2182 2133 2211 2155 et

1300 2174 1458 2205 Johannes
1475 2175 1550 2204 Koc.
1565 2175 1712 2204 Seniores
1731 2185 1791 2204 non
1812 2182 1957 2215 regentes
1974 2182 2105 2215 protunc
2124 2181 2211 2204 erant

1301 2224 1442 2264 magistri
1478 2223 1637 2254 Arnoldus
1677 2225 1714 2253 de
1753 2223 1881 2263 Trycht‚
1920 2224 2051 2263 Egidius
2093 2224 2208 2259 Brfine,

1299 2272 1457 2302 Iohannes
1479 2272 1626 2313 Wolgast
1647 2279 1677 2302 et
1696 2273 1844 2312 magister
1864 2272 2008 2302 Galterus
2028 2272 2206 2302 Gisclberti.

1340 2321 1469 2351 Tercius
1491 2327 1523 2351 et
1541 2321 1667 2351 ultimus
1686 2322 1834 2351 articulus
1854 2328 1920 2351 erat
1939 2322 1976 2350 de
1999 2321 2210 2361 supplicacio-

1299 2371 1401 2401 nibus.
1430 2370 1470 2400 Et
1488 2370 1705 2410 supplicabant
1727 2371 1827 2410 primo
1847 2371 2039 2410 antiquiores
2064 2377 2207 2409 regentes

1299 2426 1363 2450 tres
1376 2430 1434 2460 pro
1450 2419 1545 2450 scolis
1558 2420 1636 2455 suis,
1649 2430 1726 2459 quas
1740 2426 1809 2450 ante
1821 2420 1915 2449 eciam
1931 2430 1947 2448 a
1964 2419 2057 2459 longo
2070 2426 2207 2458 tempore

1298 2469 1496 2499 obtinuerant
1519 2475 1549 2499 et
1570 2475 1643 2498 sunt
1666 2468 1712 2498 eis
1733 2479 1897 2504 concesse,
1920 2475 1950 2498 et
1967 2474 2054 2497 erant
2076 2467 2119 2496 illi
2143 2474 2205 2497 tres

1299 2517 1611 2560 magistrilJordanus
1633 2518 1670 2547 de
1689 2517 1803 2553 Clivis,
1828 2517 1985 2547 Gerardus
2011 2518 2048 2546 de
2076 2517 2204 2551 Kalker,

1299 2566 1391 2607 Hugo
1412 2567 1451 2596 de
1473 2566 1636 2597 Hervorst.
1660 2566 1773 2596 Postea
1795 2566 2047 2605 supplicaverunt
2067 2565 2206 2604 magistri

1297 2615 1454 2645 Johannes
1471 2615 1621 2645 Hokelem
1638 2622 1668 2644 et
1683 2616 1829 2656 magister
1847 2615 2035 2654 Meynardus
2051 2613 2206 2653 Radutphi

1297 2674 1356 2704 pro
1371 2664 1554 2704 quibusdam
1573 2664 1668 2694 scolis
1686 2663 1886 2693 inferioribus
1907 2670 1976 2692 ante
1991 2662 2091 2692 scolas
2112 2673 2206 2692 novas

1297 2713 1529 2743 Almannorum.
1561 2713 1599 2743 Et
1624 2713 1748 2743 attentis
1772 2712 1895 2742 motivis
1920 2711 2080 2751 utriusque
2110 2711 2207 2751 partis

1298 2762 1385 2792 nacio
1401 2762 1518 2792 dimisit
1530 2762 1598 2791 illas
1613 2762 1712 2791 scolas
1729 2761 1877 2800 magistro
1893 2761 2025 2790 ‚iohanni
2044 2760 2204 2796 llokelcm,

1298 2811 1350 2851 qui
1369 2818 1437 2841 ante
1457 2811 1552 2840 eciam
1570 2821 1650 2840 anno
1669 2811 1840 2839 immediate
1861 2810 2008 2849 preterito
2032 2815 2152 2838 rexerat
2175 2809 2205 2838 in

1329 2926 1351 2949 2.
1386 2927 1413 2949 ln
1431 2925 1545 2957 margine
1560 2924 1623 2948 add.
1640 2925 1705 2948 Natu
1721 2924 1789 2956 quod
1806 2927 1866 2947 tunc
1880 2923 1954 2947 nacio
1968 2923 2000 2947 de
2013 2931 2061 2947 suo
2073 2923 2144 2947 dedit
2157 2931 2206 2955 pro

1298 2961 1372 2992 virga
1388 2961 1451 2984 ΧΧΧ
1466 2962 1579 2988 francos,
1591 2964 1617 2984 et
1627 2960 1760 2983 residuum
1774 2959 1886 2983 debebat
1898 2959 1998 2991 colligi.
