2632 3464
302 453 355 481 8³7
805 452 920 479 LIBER
945 450 1258 478 PROCURATORUM
1279 450 1459 478 NATIONIS
1480 451 1726 478 ANGLICANAE
2170 453 2222 480 838

302 529 490 570 supplicavit
511 534 695 570 procurator
709 537 769 568 pro
792 527 947 568 deputatis
970 527 1009 556 ad
1030 526 1204 566 regracian-

302 579 374 608 dum
400 578 526 608 domino
551 579 701 618 episcopo
723 576 948 607 Silvanectensi
967 577 1005 606 de
1027 576 1097 611 hoc,
1123 576 1207 615 quod

301 627 431 658 contulit
447 629 558 658 bursas
575 628 614 657 de
634 627 774 657 Sei-bona
794 625 877 655 dicto
900 625 1050 665 magistro
1073 624 1206 654 iohanni

302 676 434 707 Rluvald
468 677 506 706 ad
538 682 713 716 requestam
748 674 889 705 nacionis
900 673 924 702 ⁴.
959 675 990 704 2⁰
1021 673 1208 714 supplicavit

301 726 451 766 magister
463 725 598 756 Thomas
611 725 650 755 de
661 724 823 759 Cracovia‚
834 729 868 753 ut
881 724 1029 753 darentur
1039 722 1100 752 sibi
1113 723 1207 762 depu-

299 774 366 810 tati,
382 774 436 814 qui
451 774 600 804 haberent
615 774 717 814 ipsum
729 773 980 802 recommendare
995 772 1120 801 domino
1137 781 1207 800 can-

300 822 450 853 cellario²
469 833 507 853 ex
521 829 610 863 parte
632 821 772 852 nacionis
782 820 807 851 ⁸.
826 820 923 862 Cujus
942 820 1135 861 supplicacio
1152 820 1208 850 suit

299 872 445 902 admissa.

706 965 801 994 1401

426 1035 517 1066 Acta
539 1037 576 1066 in
603 1036 867 1076 procuratoria
899 1035 1080 1065 Johannis

638 1085 869 1125 Galencoop.

339 1166 431 1196 Facta
445 1166 692 1206 congregacione
707 1165 848 1195 nacionis
859 1166 941 1205 apud
957 1164 1101 1195 Sanctum
1111 1165 1204 1195 Julia-

297 1224 370 1245 num
394 1223 560 1255 pauperem
583 1224 664 1244 anno
685 1225 748 1254 quo
773 1224 878 1254 supra,
897 1213 981 1243 xvl·
1002 1213 1051 1243 die
1078 1214 1204 1244 Decem-

297 1264 375 1300 bris,
394 1273 490 1304 super
511 1264 634 1293 duobus
651 1262 800 1293 articulis.
824 1263 947 1293 Primus
970 1264 1008 1293 ad
1028 1262 1203 1303 eligendum

296 1318 542 1352 procuratorem.
573 1311 699 1342 Electus
733 1312 790 1341 fuit
818 1312 1016 1342 concorditer
1046 1311 1204 1342 ¹lohannes

297 1360 488 1401 Galencoop.
506 1361 554 1390 2¹¹·
575 1361 633 1391 suit
653 1371 750 1401 super
770 1360 1055 1400 supplicacionibus
1075 1367 1106 1390 et
1126 1360 1204 1402 inju-

295 1410 364 1440 riis.
387 1410 426 1440 Et
445 1409 631 1450 supplicavit
654 1410 798 1440 dominus
818 1416 1003 1450 procurator
1018 1411 1202 1449 precedens,

295 1465 330 1490 ut
352 1459 440 1489 nacio
458 1458 585 1488 haberet
603 1468 672 1488 eum
695 1465 829 1499 gratum,
853 1465 884 1488 et
910 1459 1201 1495 recommendatum,

296 1514 326 1538 et
345 1514 487 1538 avoatum
510 1508 543 1537 in
562 1507 623 1538 hiis
646 1518 706 1548 que
725 1508 790 1547 egit
807 1514 947 1548 tempore
969 1508 1202 1548 procuracionis

295 1566 362 1587 sue.
380 1556 545 1587 Concessit
556 1557 646 1586 nacio
659 1556 920 1597 supplicacionem
935 1567 1032 1587 suam.

335 1605 428 1636 Facta
440 1606 687 1646 congregacione
701 1606 840 1636 nacionis
852 1606 933 1646 apud
947 1605 1091 1636 Sanctum
1105 1605 1202 1636 Matu-

293 1654 395 1685 rinum
410 1664 492 1684 anno
507 1661 539 1684 et
557 1664 663 1684 mense
679 1655 793 1694 quibus
810 1665 915 1695 supra,
932 1655 1039 1685 ultima
1052 1655 1102 1685 die
1118 1654 1202 1695 ejus-

293 1704 376 1739 dem,
395 1703 482 1734 venit
506 1704 545 1733 ad
566 1703 727 1733 nacionem
751 1713 831 1744 mag.
860 1703 967 1734 Navno
992 1704 1142 1734 Johannis
1163 1705 1201 1735 de

297 1752 394 1783 Dacia
409 1762 478 1782 cum
499 1752 626 1782 domino
642 1752 806 1782 Cristerno
819 1753 995 1794 Hemmingi
1008 1753 1200 1794 supplicans,

293 1801 439 1842 quatinus
456 1801 544 1831 nacio
561 1801 655 1831 vellet
672 1802 850 1841 permittere
869 1803 952 1842 quod
974 1802 1042 1842 ipse
1057 1809 1088 1832 et
1101 1803 1202 1832 domi-

293 1860 352 1881 nus
379 1850 562 1880 Cristernus
591 1851 815 1880 substituerent
834 1850 958 1891 'aliquos
983 1858 1200 1891 procuratores

292 1900 403 1930 domus
420 1900 464 1929 ad
478 1901 649 1939 ymaginem
666 1907 764 1929 nostre
780 1901 905 1930 Domine
924 1900 956 1929 in
974 1901 1043 1930 vico
1061 1901 1201 1930 Brunelli

293 1948 364 1984 site,
382 1959 419 1978 ex
439 1959 501 1989 quo
517 1948 578 1988 ipsi
593 1955 682 1978 erant
698 1949 864 1979 recessuri.
885 1949 1022 1986 Quorum
1043 1949 1201 1990 supplica-

292 1997 341 2027 cio
359 2004 425 2027 erat
437 2006 586 2028 concessa
601 2008 669 2027 cum
684 1998 743 2028 ista
758 1998 940 2028 condicione
958 1998 1042 2038 quod
1055 1998 1115 2039 ipsi
1129 1999 1200 2028 sub-

291 2046 439 2077 stituendi
467 2046 643 2087 obligarent
671 2057 704 2076 se
733 2056 790 2087 per
818 2047 938 2077 litteras
964 2053 1105 2087 patentes
1138 2058 1200 2077 non

291 2095 426 2125 alienare
448 2096 583 2130 domum,
606 2105 663 2125 nec
686 2096 809 2125 tradere
827 2096 1007 2136 cuicumque
1032 2096 1099 2126 sine
1124 2107 1200 2126 con-

292 2154 387 2174 sensu
405 2144 557 2174 nacionis.
576 2143 615 2174 Et
630 2145 857 2175 substituerunt
871 2145 980 2184 prefati
996 2145 1028 2174 in
1050 2155 1200 2185 procura-

290 2199 376 2223 tores
395 2193 476 2223 dicte
501 2194 612 2223 domus
629 2194 811 2234 magistrum
827 2193 975 2224 Jacohum
999 2195 1038 2224 de
1055 2194 1198 2225 Haerlem

291 2248 321 2272 et
337 2242 546 2272 Hei-mannum
561 2243 599 2271 de
621 2242 727 2277 Dacia,
746 2249 804 2272 etc.

332 2291 451 2331 incepit
472 2291 615 2321 dominus
638 2291 773 2321 Jacobus
795 2291 950 2332 Lindesay
967 2293 1025 2322 sub
1050 2293 1198 2332 magistro

290 2339 463 2370 Laurencio
477 2341 516 2370 de
531 2340 703 2376 Londonis,
719 2340 807 2380 cujus
823 2341 918 2370 bursa
931 2340 988 2370 Vll
1003 2341 1106 2371 solidi.

321 2482 345 2507 1.
382 2482 437 2506 rid.
447 2485 502 2507 not.
515 2482 720 2514 praecedentem.

319 2518 343 2541 2.
375 2517 490 2542 Jobnnni
503 2517 641 2542 Ger-onio.

323 2553 347 2577 ³.
379 2552 433 2576 Sed
448 2561 480 2577 ex
492 2552 572 2583 infra,
591 2553 628 2576 ad
644 2560 685 2576 an.
701 2552 770 2581 140³,
787 2553 852 2586 Aug.
867 2553 905 2582 27,
922 2552 1010 2577 relati·
1026 2555 1050 2578 et
1067 2561 1099 2577 a·
1112 2554 1196 2578 Cutal.

288 2587 377 2612 licent.
392 2588 502 2612 Thomas
513 2588 546 2612 de
561 2588 685 2612 Cracouia
697 2595 741 2612 on.
761 2587 822 2612 1403
835 2590 936 2612 tantum
948 2587 975 2613 in
992 2587 1069 2612 theol.
1082 2588 1198 2614 licencia-

290 2625 332 2647 ιω
341 2625 388 2647 one.

319 2659 343 2683 4.
376 2658 510 2683 johanne·
527 2658 665 2683 Hulbusen
683 2658 715 2683 de
734 2659 815 2683 Beroe
828 2666 871 2683 an.
888 2659 948 2683 1³⁹4
963 2659 1011 2683 cub
1023 2662 1118 2683 rectore
1135 2660 1198 2684 Am-

288 2693 379 2726 plonio
399 2693 554 2725 Rutyngbon
577 2694 602 2718 in
626 2693 794 2718 Univornitaeo
817 2694 968 2726 Erfurdemi
990 2694 1136 2719 intitulatae
1161 2698 1198 2719 ent

288 2728 350 2760 (nid.
364 2729 570 2758 Wsiumonu,
583 2730 663 2754 Acten
680 2729 728 2754 der
744 2730 863 2754 Erfurter
876 2730 1046 2759 Univenitut.
1058 2730 1078 2759 Ι,
1091 2738 1118 2763 p.
1135 2731 1166 2755 4³
1175 2738 1196 2760 ι,

318 2802 343 2824 5.
374 2800 509 2825 'oli-nno·
522 2801 630 2826 Loefl'elt
647 2801 679 2826 do
698 2801 802 2826 xnneti·
818 2801 843 2825 in
861 2802 1028 2826 Univern'tate
1047 2802 1197 2834 Error-donn

287 2843 331 2860 an.
345 2835 407 2860 18⁹⁶
416 2835 463 2860 nub
479 2838 576 2861 ructon
590 2837 740 2861 Hermanno
754 2837 836 2861 [aures
849 2836 881 2861 de
891 2837 1065 2870 Nurenburgu
1078 2837 1197 2862 intitula-

286 2874 329 2896 tue
338 2874 377 2895 nt
388 2871 610 2903 (wlnonis-ou,
622 2872 640 2897 Ι.
651 2881 684 2901 e..
698 2881 725 2905 p.
737 2873 769 2897 11⁹
779 2873 803 2902 b.
817 2873 847 2897 16
860 2873 905 2896 ubi
911 2881 1045 2905 perperam
1058 2873 1196 2905 Lonvolt).

318 2907 342 2931 0.
376 2906 504 2931 flenrlcus
519 2907 695 2940 Haltmynger
708 2908 742 2932 de
757 2908 841 2933 Bet-ka
857 2916 899 2933 aa.
917 2909 977 2933 1³94
991 2908 1016 2933 ῐιι
1030 2908 1197 2933 Universum

287 2942 440 2974 Erlordoni
448 2942 595 2968 intitulatae
601 2943 818 2975 (wmnnon,
826 2943 844 2969 l.
855 2953 887 2973 c..
897 2952 924 2976 p.
936 2945 967 2968 4³
981 2944 1050 2974 214,
1060 2943 1105 2968 ubi
1111 2946 1195 2968 tamen

283 2985 419 3010 μίτρη-αι’·
427 2978 584 3011 praefigitur
595 2978 766 3012 infigi-ted).

1261 726 1278 752 5

1244 971 1278 998 10

1242 1215 1275 1242 15

1240 1459 1274 1486 20

1239 1703 1273 1730 25

1238 1949 1272 1976 30

1236 2194 1270 2220 35

1721 527 1818 556 1402

1355 596 1620 637 (Fol.62b)Acta
1652 598 1688 627 in
1720 600 1983 638 procuratoria
2010 601 2181 640 magistri

1466 647 1595 676 Jacobi
1626 647 1809 676 iohannis
1833 649 1870 676 de
1903 648 2067 679 Harlem.

1357 721 1449 752 Facta
1465 723 1712 763 congregacione
1730 723 1868 753 nacionis
1890 723 2002 764 Anglie
2018 726 2099 764 apud
2122 726 2220 756 Sanc-

1314 777 1378 801 tum
1400 771 1587 801 Maturinum
1613 782 1693 800 anno
1716 772 1840 801 Domini
1863 772 2033 809 MCCCCl,
2057 774 2144 803 xlll-
2171 776 2220 805 die

1315 820 1431 850 mensis
1450 820 1599 855 sanum-ii,
1616 830 1712 860 super
1730 822 1851 850 duobus
1869 821 2018 851 articulis.
2041 822 2164 853 Primus
2182 826 2219 853 ad

1315 869 1491 909 eligendum
1507 879 1619 899 novum
1637 877 1880 910 procuratorem.
1899 871 1938 900 Et
1950 871 2066 901 electus
2080 872 2135 901 suit
2149 883 2220 902 con-

1314 918 1452 948 corditer
1465 918 1600 948 Jacobus
1614 918 1764 948 johannis
1779 920 1817 948 de
1835 919 1971 949 Harlem.
1990 919 2151 950 Secundus
2165 922 2220 951 fuit

1315 977 1410 1007 super
1423 967 1706 1007 supplicacionibus
1721 974 1752 997 et
1764 967 1894 1008 injuriis.
1914 969 2107 1008 Supplicavit
2124 971 2220 1000 domi-

1314 1026 1373 1046 nus
1402 1023 1586 1056 procurator
1615 1018 1797 1056 precedens,
1823 1024 1856 1047 ut
1878 1018 1967 1047 nacio
1994 1018 2121 1048 haberet
2151 1030 2218 1049 eum

1314 1071 1435 1106 gratum
1460 1072 1490 1095 et
1509 1072 1649 1095 avoatum
1671 1073 1701 1096 et
1718 1067 1997 1096 recommendatum
2022 1068 2053 1096 in
2078 1067 2138 1098 hiis
2159 1079 2220 1108 que

1313 1115 1378 1154 egit
1406 1121 1546 1154 tempore
1573 1115 1809 1155 procuracionis
1840 1126 1906 1146 sue.
1937 1116 2102 1146 concessit
2131 1118 2219 1148 nacio

1313 1163 1577 1204 supplicacionem
1593 1174 1690 1194 suam.

1354 1212 1446 1242 Facta
1460 1213 1706 1253 congregacione
1728 1214 1867 1243 nacionis
1888 1215 1969 1254 apud
1988 1215 2132 1245 Sanctum
2150 1216 2219 1246 Ma-

1312 1261 1448 1291 turinum
1463 1271 1543 1291 anno
1554 1272 1616 1301 quo
1631 1271 1736 1302 supra,
1753 1272 1835 1291 nona
1848 1263 1898 1292 die
1913 1263 2029 1293 mensis
2046 1263 2216 1300 Februarii,

1312 1319 1408 1350 super
1422 1311 1543 1340 duobus
1559 1311 1708 1340 articulis.
1726 1311 1849 1341 Primus
1869 1313 1907 1341 ad
1924 1313 2126 1342 ordinandum
2146 1323 2218 1342 exa-

1311 1359 1479 1389 minatores
1505 1360 1778 1390 determinancium
1805 1367 1835 1390 et
1853 1361 1890 1390 ad
1912 1361 2089 1391 avisandum
2116 1369 2217 1392 utrum

1312 1409 1455 1448 expediat
1471 1409 1570 1438 facere
1587 1419 1667 1438 nova
1679 1409 1848 1439 stillicidia.
1868 1409 1970 1449 Super
1987 1410 2088 1450 primo
2104 1411 2219 1450 placuit

1311 1457 1433 1487 nacioni
1447 1457 1562 1498 eligere
1581 1458 1803 1488 examinatores
1819 1460 1987 1488 secundum
2004 1460 2126 1489 modum
2141 1470 2218 1490 con-

1312 1513 1443 1542 suetum,
1467 1513 1497 1536 et
1517 1507 1611 1546 elegit
1633 1507 1707 1547 (sic).
1733 1506 1834 1547 Super
1857 1509 1993 1538 secundo
2016 1515 2129 1548 puncto
2155 1510 2217 1539 dati

1311 1561 1399 1585 erant
1410 1556 1548 1595 deputati
1563 1556 1616 1595 qui
1631 1556 1779 1586 haberent
1794 1556 1920 1586 visitare
1944 1557 2044 1587 scolas
2065 1564 2095 1587 et
2111 1558 2217 1587 videre

1310 1610 1411 1634 utrum
1426 1605 1635 1634 necessarium
1649 1606 1689 1635 sit
1704 1605 1803 1635 facere
1816 1615 1896 1635 nova
1908 1606 2100 1645 [stillicidiaJ.
2116 1606 2217 1646 Super

1310 1654 1342 1683 2⁰
1364 1653 1494 1684 articulo
1519 1654 1772 1694 supplicaverunt
1797 1665 1852 1684 sex
1875 1654 2064 1690 bachellarii,
2086 1666 2215 1695 quorum

1310 1703 1371 1732 duo
1395 1709 1482 1732 erant
1505 1704 1543 1732 de
1565 1704 1669 1733 studio
1695 1703 1875 1733 Coloniensi
1898 1710 1928 1733 et
1952 1703 2003 1733 alii
2025 1711 2157 1744 quatuor
2177 1706 2215 1734 de

1310 1752 1413 1782 studio
1443 1752 1640 1788 Arfordensi,
1666 1759 1698 1782 ut
1728 1753 1776 1782 hic
1808 1753 2042 1783 admitterentur
2073 1760 2215 1793 tanquam

1309 1801 1499 1830 bachellarii.
1517 1801 1654 1839 Quorum
1670 1802 1860 1841 supplicacio
1876 1802 1932 1831 fuit
1945 1812 2094 1832 concessa
2103 1801 2215 1843 juratis

1305 1848 1449 1890 jurandis
1465 1857 1495 1879 et
1510 1850 1620 1880 solutis
1636 1850 1804 1880 solvendis.

1310 1956 1525 1997 Sequuntur
1554 1957 1705 1986 nomina
1739 1957 2070 1987 determinancium
2102 1958 2214 1988 istius

1500 2006 1600 2041 anni,
1633 2006 1782 2036 scilicet
1805 2006 1835 2035 M
1863 2006 2021 2036 CCCCl.

1349 2095 1454 2125 Primo
1469 2095 1597 2125 admissi
1618 2096 1740 2125 suerunt
1758 2095 1900 2125 dominus
1918 2095 2074 2125 Johannes
2098 2095 2176 2125 Bere
2188 2095 2212 2131 ⁴,

1307 2143 1464 2174 Johannes
1479 2145 1541 2183 [de]
1562 2144 1688 2174 Xanctis
1700 2144 1713 2163 ³
1735 2150 1764 2173 et
1782 2144 1935 2174 ilenricus
1959 2144 2037 2173 Berc
2049 2143 2072 2178 ⁸,
2090 2143 2214 2173 bachel-

1308 2193 1375 2223 larii
1393 2193 1590 2228 Arfordens.‚
1607 2203 1737 2233 quorum
1755 2194 1848 2222 bursa
1866 2199 1982 2232 septem
1996 2192 2096 2222 solidi.

1349 2242 1423 2272 ltem
1443 2242 1598 2272 admissus
1621 2242 1676 2271 suit
1697 2241 1841 2271 dominus
1864 2241 2017 2280 Nycolaus
2042 2242 2079 2270 de
2107 2241 2213 2271 Offen-

1307 2291 1399 2331 burg,
1416 2290 1621 2321 bachellurius
1636 2291 1730 2321 studii
1743 2291 1956 2329 W[i]ennens.
1969 2290 1993 2326 ⁷,
2011 2290 2096 2329 cujus
2120 2291 2212 2320 bursa

1306 2339 1363 2369 Vll
1378 2339 1482 2369 solidi.

1349 2388 1422 2418 ltem
1445 2388 1600 2418 admissus
1617 2389 1673 2418 suit
1691 2388 1835 2418 dominus
1855 2389 2032 2418 Conrardus
2052 2388 2176 2418 Lubeck
2186 2387 2211 2423 ⁸,

1337 2482 1360 2505 7.
1394 2481 1525 2513 Nyeoluns
1538 2481 1706 2514 Sunencheyn
1717 2481 1748 2506 de
1763 2481 1924 2513 Offenburgn
1935 2490 1979 2505 an.
1991 2482 2051 2505 13⁹ss
2064 2481 2132 2506 inter
2143 2481 2213 2505 Rbe-

1306 2524 1380 2541 nens.
1403 2516 1428 2540 ιἰι
1449 2516 1587 2541 Matricula
1607 2517 1750 2542 Universit.
1768 2517 1912 2540 Vindobon.
1929 2517 1976 2548 sol.
1994 2517 2023 2540 32
2035 2517 2048 2536 b
2066 2516 2211 2540 intitulatus

1306 2555 1343 2577 ent
1354 2552 1441 2583 (Arch.
1453 2552 1574 2577 Univen.
1588 2552 1754 2584 vindobon).
1769 2553 1795 2576 ln
1810 2553 1864 2576 Act.
1878 2553 1927 2575 rac.
1938 2554 1998 2579 art..
2011 2551 2057 2583 sol.
2069 2553 2107 2579 8³.
2121 2552 2157 2575 ad
2166 2560 2210 2575 an.

1307 2589 1376 2616 189⁸,
1393 2588 1466 2612 lunii
1483 2589 1521 2615 2⁹.
1540 2588 1646 2621 legin-ua
1660 2596 1665 2612 ;
1681 2588 1719 2612 Ad
1731 2587 1908 2619 recipiendum
1925 2588 2037 2611 scolare·
2050 2587 2212 2611 examinatos

1306 2632 1355 2656 pro
1366 2624 1545 2648 buccula-ium
1558 2623 1584 2648 in
1597 2623 1699 2648 artibus
1712 2632 1823 2655 quorum
1839 2623 1943 2647 nomina
1957 2626 2102 2655 sequuntur
2117 2631 2212 2647 secun-

1305 2659 1368 2683 dum
1379 2659 1498 2683 ordinem
1507 2667 1599 2683 eorum
1611 2667 1616 2683 :
1667 2659 1700 2691 (7)
1714 2659 1844 2691 Nycoluu·
1857 2659 1889 2682 de
1900 2659 2067 2689 Oll'enburge.
2084 2658 2149 2683 naid.
2162 2658 2212 2690 sol.

1305 2695 1336 2719 88
1348 2695 1420 2725 (1399
1436 2696 1501 2726 Aug.
1523 2695 1562 2727 17)
1579 2702 1584 2719 :
1603 2695 1649 2719 suit
1669 2694 1851 2726 dispensatum
1869 2703 1928 2718 cum
1946 2694 2052 2718 Nicolno
2070 2694 2102 2717 de
2121 2693 2210 2719 Offen-

1306 2730 1407 2755 burkcli
1420 2734 1446 2755 et
1505 2730 1661 2755 baec-larii·
1673 2738 1752 2762 nuper
1763 2734 1880 2762 tempore
1895 2733 1919 2753 et
1934 2730 2035 2753 actibus
2046 2737 2094 2761 per
2105 2729 2211 2754 eosdem

1305 2766 1468 2798 complendi·
1484 2765 1626 2790 seeundum
1642 2774 1806 2789 communem
1821 2766 1960 2789 sormam...
1979 2765 2042 2789 ltem
2058 2765 2165 2789 Nicoloo
2178 2765 2211 2789 de

1305 2801 1467 2834 Offenburga
1480 2801 1637 2829 baccalnrio,
1651 2809 1700 2833 pro
1716 2809 1767 2833 quo
1782 2809 1850 2831 mag.
1866 2801 2028 2824 ilci-mannus
2044 2800 2075 2824 de
2086 2800 2209 2829 Waltuee.

1306 2837 1424 2870 predicto
1439 2837 1557 2864 absente,
1574 2837 1741 2868 supplicavit,
1757 2840 1813 2860 crnt
1823 2844 1946 2859 cunc-eun
1957 2839 1982 2859 et
1992 2835 2108 2859 admi„-
2122 2835 2209 2860 littora

1305 2873 1488 2898 testimoniali·
1506 2881 1537 2896 nc
1554 2872 1804 2896 recommendaturiu
1820 2871 1952 2895 facultati·
1972 2879 2030 2895 eum
2049 2879 2096 2895 suo
2110 2871 2208 2903 sigillo.

1335 2910 1358 2932 8.
1392 2907 1529 2932 Com-adu·
1546 2908 1649 2932 Lubeck
1661 2907 1694 2931 do
1711 2907 1863 2938 Wolrhngen
1883 2906 2028 2931 intitulatae
2045 2907 2070 2930 ιἰι
2085 2907 2210 2931 Univerei—

1304 2946 1357 2969 tate
1375 2943 1526 2976 Erlordenu'
1546 2951 1590 2966 an.
1611 2943 1671 2967 1395
1694 2942 1741 2966 nub
1763 2945 1858 2967 rectore
1876 2942 1995 2966 :ohanne
2011 2942 2042 2966 de
2063 2942 2208 2974 Bymbeeke

1304 2980 1520 3011 (Wnannaons,
1539 2979 1556 3003 1.
1576 2987 1608 3007 c..
1625 2987 1651 3010 p.
1671 2979 1728 3006 44¹.
1742 2979 1795 3008 2¹);
1817 2986 1858 3002 an.
1875 2978 1944 3006 1404,
1966 2979 2024 3002 lun.
2043 2978 2073 3002 2³
2091 2981 2118 3002 ue
2139 2986 2206 3009 mag.

1839 6 1860 14 ··
1895 3 2148 36 ''si''
2169 17 2189 31 .=
2211 0 2556 37 unffi-R.>-...,5²³z''÷²3¹¹v'³ss
2588 15 2590 18 ε
2626 15 2632 20 „

2225 47 2230 56 ,
