2632 3464
275 439 326 466 901

278 525 347 546 eum
361 521 494 556 gratum,
509 515 790 546 recommendatum
806 521 837 544 et
848 520 1003 554 agoatum,
1020 520 1050 543 et
1063 513 1185 553 suppli-

278 565 363 595 cacio
382 564 449 605 ejus
469 571 536 595 erat
554 574 713 595 concessa·
736 563 923 604 Adjunctum
945 569 1010 592 erat
1029 563 1061 592 in
1079 563 1184 592 eadem

276 614 525 654 congregacione
551 620 581 643 et
605 613 784 644 conclusum
808 613 892 653 quod
913 612 1002 641 nacio
1025 612 1187 641 assisteret

277 663 403 693 domino
416 663 554 694 Goberto
570 663 608 692 de
619 661 840 693 Luczenborch
850 666 881 691 et
895 671 963 691 eum
974 666 1187 690 manuteneret

276 711 388 752 injure
401 722 459 742 suo
479 713 581 752 quoad
596 712 706 741 factum
724 710 938 741 conductionis
957 711 1067 740 domus
1084 710 1186 739 Daco-

276 770 344 790 rum
361 770 461 801 prope
477 760 672 791 Camelitas.

317 809 393 840 ltem
412 809 592 840 licenciatus
612 815 660 839 est
673 809 817 838 dominus
835 807 926 848 Hugo
947 807 1129 838 Goddefridi
1147 808 1185 836 de

277 858 416 888 Delfsub
429 858 580 898 magistro
593 857 764 888 Wilhelmo
777 857 864 892 Bloc,
882 856 968 897 cujus
980 857 1075 886 bursa
1087 856 1143 886 V11
1158 867 1184 886 s.

317 907 392 937 Item
410 907 591 937 licenciams
606 913 654 937 est
669 906 812 936 dominus
820 905 978 936 lohannes
996 905 1111 945 Boytin
1126 907 1184 935 suh

276 956 425 996 magistro
437 955 609 986 Wilhelmo
628 955 717 991 Bloc,
735 954 824 996 cujus
837 956 932 984 bursa
947 954 1003 984 Vll
1018 954 1122 984 solidi.

316 1004 391 1035 Item
415 1005 596 1035 licenciatus
615 1011 664 1035 est
686 1004 830 1034 dominus
851 1004 986 1034 lacobus
1007 1004 1046 1033 de
1070 1003 1185 1043 Leydis

275 1055 334 1084 sub
351 1053 500 1094 magistro
514 1053 687 1084 Wilhelmo
705 1053 793 1089 Bloc,
810 1052 898 1094 cujus
916 1054 1048 1083 bursa...
1066 1053 1143 1093 (sic).

315 1102 390 1132 Item
419 1103 537 1144 incepit
560 1102 704 1133 dominus
722 1104 919 1132 Hermannus
941 1102 1125 1142 Craczvogil
1146 1103 1184 1131 de

275 1150 494 1192 Goethinghen
509 1153 568 1182 sub
581 1151 730 1192 magistro
746 1152 924 1182 Hermanno
938 1151 1080 1186 Ummen,
1094 1150 1181 1191 cujus

274 1201 368 1231 bursa
387 1201 474 1230 11110‘
490 1201 562 1231 albi.

314 1249 390 1280 Item
408 1250 525 1290 incepit
540 1250 683 1280 dominus
699 1250 791 1290 Hugo
805 1251 844 1279 de
858 1249 942 1279 Delft
961 1250 1018 1279 sub
1032 1249 1181 1289 magistro

251 1305 254 1307 ’
272 1298 442 1330 Wilhelmo
461 1299 548 1334 Bloc‚
564 1298 651 1339 cujus
666 1299 761 1329 bursa
774 1298 831 1328 Vll
849 1298 954 1328 solidi.

315 1348 389 1378 {tem
409 1348 527 1388 incepit
543 1348 686 1378 dominus
702 1348 860 1377 lohannes
881 1348 994 1387 Boytin
1009 1348 1068 1377 sub
1085 1347 1184 1387 magi-

273 1403 340 1427 stro
351 1397 523 1427 wilhelmo
537 1397 625 1433 Bloc,
638 1396 725 1437 cujus
741 1397 835 1426 bursa
845 1395 901 1426 V11
918 1396 1020 1426 solidi.

315 1446 390 1476 ltem
415 1447 532 1486 incepit
555 1446 699 1476 dominus
722 1445 879 1476 =lohannes
909 1447 948 1475 de
980 1445 1094 1485 Leydis
1126 1446 1183 1475 sub

273 1498 422 1535 magistro
437 1494 606 1526 Wilhelmo
625 1495 712 1530 Bion,
730 1494 817 1535 cujus
830 1495 925 1525 bursa
941 1494 998 1524 Vll
1017 1494 1121 1524 solidi.

315 1543 390 1574 Item
411 1544 592 1575 licenciatus
617 1550 664 1574 est
687 1544 831 1574 dominus
849 1543 998 1574 Nicolaus
1019 1544 1057 1573 de
1079 1543 1184 1573 Mont-

273 1593 373 1623 i'ordia
392 1594 450 1624 sub
465 1593 615 1633 magistro
631 1593 801 1623 Wilhelmo
818 1593 856 1623 de
871 1592 1078 1628 Amsterdam‚
1096 1591 1183 1632 cujus

271 1643 367 1672 bursa
382 1641 410 1672 V
424 1642 530 1672 solidi.

313 1690 388 1721 Item
407 1691 525 1731 incepit
537 1691 682 1721 dominus
699 1691 844 1721 Nicolaus
861 1691 898 1720 de
918 1690 1108 1720 Montsordia
1125 1691 1183 1720 sub

270 1740 421 1780 magistro
434 1739 605 1771 Wilhelmo
623 1741 661 1770 de
678 1740 886 1775 Amsterdam.
904 1739 992 1780 cujus
1005 1740 1099 1769 bursa
1115 1739 1141 1768 V
1154 1750 1180 1769 s.

311 1789 384 1829 (ml.
403 1789 452 1829 81)
473 1789 549 1820 Item
565 1789 684 1829 incepit
699 1789 844 1819 dominus
863 1788 1020 1819 lohannes
1041 1788 1101 1828 Gyl
1124 1789 1181 1819 sub

271 1837 422 1878 magistro
437 1837 575 1868 Henrico
592 1838 630 1867 de
648 1837 796 1873 Herwen,
816 1836 903 1878 cujus
921 1839 1016 1867 bursa
1033 1837 1059 1866 V
1076 1837 1180 1867 solidi.

314 1885 389 1916 Item
413 1885 531 1926 incepit
555 1886 700 1916 dominus
727 1886 886 1917 Goss'ridus
908 1886 1097 1916 Abirbroeth
1125 1887 1182 1916 sub

272 1935 422 1975 magistro
436 1935 606 1966 Wilhelmo
622 1935 711 1971 Bloc,
728 1934 815 1976 cujus
835 1936 928 1965 bursa
943 1935 1000 1965 Vll
1017 1935 1120 1965 solidi.

315 1984 390 2014 ltem
411 1983 593 2015 licenciatus
616 1991 663 2015 est
686 1985 829 2014 dominus
843 1984 1031 2014 VVilhelmus
1053 1985 1183 2014 Monke-

271 2033 341 2063 dam
362 2034 420 2063 sub
441 2033 592 2074 magistro
615 2033 785 2064 Wilhelmo
807 2034 845 2063 de
869 2034 1074 2068 Amstefflam.
1094 2033 1181 2074 cujus

272 2083 366 2112 bursa
384 2082 409 2111 V
425 2082 528 2112 solidi.

313 2131 387 2161 ltem
410 2131 526 2171 incepit
547 2131 691 2161 dominus
711 2131 898 2161 Wilhelmus
921 2131 1104 2161 Monkedam
1125 2133 1183 2162 sub

271 2180 423 2220 magistro
436 2180 608 2210 Wilhclmo
623 2181 661 2210 de
674 2180 880 2216 Amsterdam‚
898 2179 985 2220 cujus
1001 2181 1095 2210 bursa
1107 2180 1133 2209 V
1154 2191 1180 2210 s.

312 2229 404 2259 Facta
441 2229 688 2270 congregacione
723 2229 862 2259 nacionis
897 2229 1068 2269 Anglicane
1100 2230 1181 2269 apud

271 2278 416 2308 Sanctum
432 2278 619 2308 Maturinum
630 2288 710 2308 anno
722 2289 784 2318 quo
796 2289 902 2319 supra.
919 2278 969 2308 die
985 2278 1053 2308 ΧΧ·
1066 2279 1182 2308 mensis

271 2325 357 2362 Maii,
380 2326 456 2356 bora
473 2333 581 2356 octava
607 2337 702 2366 super
728 2327 849 2357 duobus
876 2326 1027 2356 articulis.
1056 2327 1180 2356 Primus

271 2382 337 2405 erat
356 2381 389 2405 ut
409 2375 557 2405 darentur
574 2374 710 2415 deputati
727 2374 915 2415 adjungendi
930 2375 1056 2405 domino
1071 2385 1181 2415 recep-

270 2424 332 2454 tori
355 2425 394 2453 ad
416 2424 595 2454 avisandum
617 2433 713 2464 super
736 2424 1012 2454 reformacionibus
1032 2424 1180 2454 faciendis

271 2473 303 2503 in
320 2474 412 2503 domo
427 2474 470 2502 ad
489 2475 659 2513 ymaginem
681 2481 779 2502 nostre
802 2475 927 2502 Domine
950 2473 981 2503 in
1007 2474 1077 2503 vico
1100 2473 1182 2503 Bru-

270 2521 344 2552 nelli
359 2527 389 2552 et
402 2532 498 2561 super
515 2522 737 2552 resormacione
753 2521 870 2551 cellarii
883 2522 915 2551 in
929 2523 1022 2551 domo
1034 2523 1079 2551 ad
1088 2533 1181 2551 cornu

270 2572 361 2600 cervi*
374 2570 406 2600 in
427 2571 496 2600 vico
515 2571 620 2601 Sancti
645 2570 776 2610 Hylarii.
801 2577 831 2600 et
852 2577 940 2600 erant
961 2570 1023 2601 dati
1045 2572 1181 2610 deputati

271 2619 411 2660 magistri
444 2619 593 2650 Hinricus
623 2621 662 2649 de
694 2620 841 2656 Herwen,
873 2619 1060 2650 Wilhelmus
1092 2620 1179 2655 Bloc,

271 2667 429 2699 lohannes
442 2669 480 2698 de
496 2668 673 2709 Galencoep
688 2668 876 2709 adjungendi
890 2669 1055 2709 receptori.
1067 2669 1181 2699 Secun-

271 2717 330 2747 dus
345 2717 493 2748 articulus
511 2723 577 2747 erat
591 2728 687 2758 super
701 2717 986 2757 supplicacionibus
1002 2724 1032 2747 et
1046 2717 1179 2758 injuriis.

272 2764 312 2795 Et
328 2766 430 2806 primo
445 2766 631 2806 supplicavit
644 2766 832 2797 Wilhelmus
844 2766 1029 2796 Monkedam
1045 2767 1181 2807 inceptu-

272 2823 326 2844 rus
346 2814 377 2844 in
401 2816 532 2850 artibus,
551 2822 584 2846 ut
602 2815 722 2846 solucio
743 2817 905 2845 bursarum
925 2815 1102 2845 differretur
1121 2816 1180 2845 sibi

271 2872 370 2903 usque
386 2864 423 2893 ad
438 2864 546 2894 festum
559 2863 779 2900 Barffiolomei,
791 2871 894 2894 eterat
906 2874 1055 2894 concessa
1067 2865 1182 2905 presti-

303 2966 315 2989 1
321 2983 327 2989 .
361 2965 537 2990 Alemanni-c.

776 437 890 468 LIBER
911 437 1222 464 PROCURATORUM
1241 437 1422 464 NATIONIS
1441 438 1686 464 ANGLICANAE

1242 714 1258 740 5

1224 960 1257 985 10

1223 1205 1256 1231 1⁵

1221 1451 1255 1477 20

1221 1697 1254 1723 25

1220 1942 1254 1968 ³0

1220 2186 1254 2212 35

1220 2431 1254 2458 40

1219 2677 1253 2703 4⁵

2155 441 2209 467 902

1295 514 1335 543 tis
1359 514 1543 553 pignoribus
1561 515 1676 544 valoris
1694 515 1902 555 sesquialteri.
1924 516 2066 545 Secundo
2082 517 2204 556 suppli-

1296 563 1374 591 cavit
1394 563 1543 602 magister
1559 563 1747 593 VVilhelmus
1776 564 1851 594 Bloc
1876 565 2017 603 pluribus
2041 566 2204 604 premissis

1296 611 1613 647 consideracfflnibus,
1627 613 1772 652 quatinus
1792 613 1929 652 placeret
1942 614 2061 643 nacioni
2076 625 2204 644 succur-

1296 670 1365 690 rere
1387 661 1546 700 provincie
1561 660 1582 696 ‘,
1612 662 1777 691 mutuando
1801 662 1899 691 eidem
1925 662 1980 692 XX
2002 663 2096 692 libras
2121 664 2207 703 pari-

1296 709 1406 744 siens,
1422 720 1480 749 pro
1499 710 1612 749 quibus
1627 710 1788 749 provincia
1802 711 1923 740 nacioni
1938 712 2072 741 traderet
2088 712 2204 742 literam

1295 758 1511 797 obligatoriam
1526 766 1556 788 et
1575 759 1669 788 eciam
1686 760 1772 788 daret
1788 759 1920 799 pignora
1937 770 2098 800 quousque
2117 768 2204 801 grata

1296 807 1449 837 solutione
1466 808 1639 847 predictum
1660 815 1795 838 mutuum
1816 809 2003 838 refunderet.
2022 809 2117 848 Cujus
2133 820 2205 850 sup-

1295 856 1426 896 plicacio
1442 857 1640 886 concorditer
1658 857 1714 887 suit
1724 867 1883 887 concessa.

1337 905 1411 934 ltem
1437 905 1617 935 licenciatus
1649 913 1696 936 est
1725 906 1868 936 dominus
1894 907 2028 936 Jacobus
2056 907 2119 936 Koc
2147 909 2205 938 sub

1295 955 1444 994 magistro
1451 954 1621 984 wilhelmo
1630 956 1667 984 de
1678 955 1884 990 Amsterdam,
1895 955 1982 995 cujus
1990 957 2083 986 bursa
2094 956 2165 986 Vlll
2176 967 2202 986 s.

1336 1003 1410 1032 Item
1444 1004 1559 1043 incepit
1591 1005 1735 1034 dominus
1769 1004 1916 1034 Albertus
1949 1005 2115 1045 Yselsteyn
2144 1007 2203 1036 sub

1295 1053 1444 1092 magistro
1462 1053 1620 1082 Willelmo
1635 1054 1674 1082 de
1690 1053 1901 1089 Amsterdam‚
1920 1053 2006 1093 cujus
2022 1055 2116 1084 bursa
2132 1054 2158 1083 V
2175 1066 2202 1084 s.

1336 1101 1411 1131 Item
1433 1102 1548 1141 incepit
1572 1103 1715 1132 dominus
1737 1102 1871 1132 Jacobus
1893 1103 1958 1132 Koc
1978 1104 2036 1132 sub
2055 1103 2205 1144 magistro

1293 1149 1453 1180 Willelmo
1470 1152 1507 1180 de
1523 1150 1729 1186 Amsterdam,
1750 1150 1836 1191 cujus
1856 1153 1950 1181 bursa
1965 1151 2037 1181 Vlll
2057 1152 2162 1182 solidi.

1703 1245 1802 1273 1405

1364 1314 1626 1353 [Continuacio
1659 1316 1921 1355 procuratoris
1951 1316 2133 1346 Johannis

1647 1364 1851 1405 Bonrode.]

1334 1444 1425 1473 Facta
1462 1445 1708 1484 congregacione
1738 1445 1878 1474 nacionis
1916 1445 2087 1485 Anglicane
2119 1447 2201 1486 apud

1293 1492 1437 1523 Sanctum
1452 1493 1638 1523 Maturinum
1651 1504 1732 1523 anno
1750 1494 1873 1523 Domini
1891 1495 1978 1529 1405,
1996 1494 2045 1524 die
2063 1496 2198 1525 secunda

1293 1542 1409 1571 mensis
1423 1542 1519 1577 Junii,
1534 1542 1610 1572 hora
1622 1549 1728 1572 octava
1741 1553 1836 1582 super
1851 1543 1951 1572 tribus
1969 1543 2116 1576 articulis.
2135 1544 2201 1573 Pri-

1293 1601 1360 1620 mus
1380 1597 1446 1620 erat
1462 1592 1500 1620 ad
1521 1591 1696 1630 eligendum
1718 1602 1830 1621 novum
1849 1598 2081 1631 procuratorem
2098 1593 2147 1622 vel
2163 1594 2202 1622 ad

1293 1639 1532 1669 continuandum
1545 1640 1714 1680 antiquum.
1732 1640 1772 1670 Et
1788 1641 1888 1680 quoad
1906 1641 1991 1670 illum
2007 1641 2202 1672 continuatus

1292 1695 1358 1719 erat
1378 1689 1534 1729 antiquus.
1563 1689 1724 1719 Secundus
1751 1690 1789 1719 ad
1815 1690 2000 1720 audiendum
2026 1697 2200 1730 compotum

1292 1738 1479 1778 recepturis,
1512 1744 1542 1768 et
1570 1738 1683 1768 dilatus
1714 1745 1780 1768 erat
1811 1745 1992 1778 compotus;
2023 1740 2200 1779 propinavit

1291 1793 1392 1816 tamen
1407 1793 1560 1827 receptor.
1578 1787 1707 1817 Tercius
1723 1794 1789 1817 erat
1806 1798 1901 1827 super
1916 1788 2200 1828 supplicacionibus

1292 1842 1322 1866 et
1341 1835 1476 1876 injuriis,
1497 1843 1527 1866 et
1547 1836 1732 1875 supplicavit
1753 1843 1936 1876 procurator
1960 1843 1992 1866 ut
2010 1837 2039 1866 in
2063 1837 2123 1867 hiis
2139 1848 2200 1878 que

1291 1886 1369 1915 sacta
1393 1892 1479 1914 erant
1501 1895 1558 1925 per
1578 1885 1680 1925 ipsum
1707 1886 1795 1915 nacio
1823 1885 1949 1915 haberet
1973 1896 2040 1915 eum
2065 1893 2197 1926 gratum,

1291 1935 1571 1964 recommendatum
1590 1941 1621 1964 et
1637 1941 1796 1974 aguntum;
1816 1933 1903 1974 cujus
1928 1935 2117 1974 supplicat-io
2135 1942 2200 1965 erat

1292 1993 1450 2013 concessa.
1476 1983 1550 2012 ltem
1575 1983 1761 2023 supplicavit
1784 1983 1962 2013 Bomundus
1988 1983 2127 2013 bedellus
2145 1995 2202 2014 na-

1292 2032 1391 2062 cionis
1412 2038 1445 2062 ut
1459 2031 1548 2061 nacio
1570 2032 1705 2061 solveret
1718 2031 1778 2061 sibi
1796 2038 1909 2061 certam
1928 2038 2050 2071 quotam
2070 2033 2201 2072 pecunie

1292 2081 1351 2110 sibi
1367 2080 1512 2116 debitam.
1528 2091 1623 2120 super
1637 2091 1697 2120 qua
1707 2081 1838 2110 babebat
1852 2081 1971 2110 literam
1985 2082 2198 2121 obligatoriam

1291 2129 1431 2159 nacionis
1442 2129 1466 2159 ².
1483 2129 1521 2159 Et
1536 2130 1726 2169 supplicacio
1742 2140 1797 2159 sua
1815 2130 1870 2159 fuit
1882 2140 2042 2160 concessa.

1332 2178 1404 2218 (Fol.
1426 2181 1462 2209 81
1479 2178 1502 2218 ¹³)
1527 2178 1600 2208 Item
1627 2179 1806 2208 licenciatus
1829 2185 1876 2208 est
1900 2179 2044 2208 dominus
2063 2179 2200 2209 wilhel-

1292 2238 1359 2258 mus
1375 2227 1501 2262 Leonis,
1518 2227 1605 2267 cujus
1623 2229 1717 2257 bursa
1731 2227 1757 2256 V
1773 2227 1878 2257 solidi.

1333 2277 1406 2306 ltem
1422 2277 1601 2306 licenciatus
1613 2277 1810 2306 estdominus
1823 2276 1976 2306 Henricus
1987 2278 2025 2306 de
2041 2276 2196 2312 Luebeck,

1291 2325 1378 2365 cujus
1396 2326 1490 2356 bursa
1507 2326 1566 2356 llll
1583 2325 1656 2355 albi.

1332 2374 1406 2404 ltem
1429 2375 1544 2414 incepit
1561 2375 1703 2404 dominus
1726 2374 1879 2404 Henricus
1900 2374 2042 2404 Luebeck
2057 2376 2114 2404 sub
2134 2385 2200 2404 ina-

1290 2424 1391 2464 gistro
1407 2424 1585 2453 Hermanno
1604 2423 1744 2459 Ummen,
1763 2422 1851 2462 cujus
1870 2424 1963 2452 bursa
1980 2423 2038 2453 llll
2054 2423 2126 2452 albi.

1333 2473 1407 2502 ltem
1430 2473 1609 2502 licenciatus
1636 2478 1683 2502 est
1707 2473 1849 2502 dominus
1866 2471 2045 2501 Gherardus
2061 2473 2098 2501 de
2115 2472 2196 2508 Deli,

1291 2521 1378 2561 cujus
1398 2522 1491 2551 bursa
1507 2521 1561 2550 Vll
1581 2521 1685 2551 solidi.

1332 2571 1406 2600 ltem
1426 2570 1542 2610 incepit
1553 2571 1697 2600 dominus
1710 2570 1868 2600 Gerardus
1886 2570 1959 2599 Deir
1973 2570 2030 2599 sub
2048 2570 2196 2610 magistro

1291 2618 1453 2649 Gherardo
1466 2620 1504 2649 de
1518 2619 1598 2654 Deis,
1613 2618 1700 2659 cujus
1717 2620 1808 2648 bursa
1826 2618 1879 2647 Vll
1897 2618 2001 2647 solidi.

1333 2668 1423 2698 Facta
1453 2668 1699 2708 congregacione
1729 2668 1866 2697 nacionis
1890 2677 1970 2696 anno
2000 2677 2061 2707 quo
2089 2677 2196 2707 supra.

1290 2717 1433 2747 xxvii!-
1447 2717 1497 2746 die
1517 2717 1633 2746 mensis
1647 2716 1729 2746 Junii
1746 2717 1826 2756 apud
1845 2717 1988 2746 Sanctum
2009 2715 2194 2746 Maturinum

1291 2766 1366 2796 hora
1379 2765 1476 2801 Vlll¹‚
1491 2775 1586 2806 super
1601 2766 1700 2795 tribus
1713 2765 1861 2795 articulis.
1879 2765 2000 2794 Primus
2015 2765 2053 2794 ad
2070 2765 2196 2794 audien-

1289 2816 1361 2845 dum
1380 2822 1555 2855 compotum
1571 2814 1753 2854 recepturis.
1779 2814 1815 2843 1⁴21
1834 2814 2020 2853 computavit
2036 2820 2066 2843 et
2082 2813 2194 2853 placuit

1290 2870 1451 2904 compotus
1465 2864 1596 2897 nacioni.
1614 2864 1666 2903 qui
1683 2863 1818 2902 scriptus
1834 2869 1881 2892 est
1899 2862 1929 2892 in
1945 2862 2019 2891 libro
2034 2864 2196 2901 receptor-ie

1320 2967 1344 2990 2.
1384 2966 1436 2990 Vid.
1452 2974 1478 2997 p.
1492 2966 1546 2993 8¹15,
1559 2966 1602 2992 ³¹:
1616 2966 1670 2993 846,
1681 2966 1724 2993 20;
1738 2965 1777 2988 103.

1980 0 2009 10 ,⁴
2053 0 2334 27 ‘'⁴2'‘22‘wewssff··*s·-2
2363 5 2371 10 ‚⁷
