2632 3464
297 418 349 445 357
800 419 914 445 LIBER
934 418 1246 446 PROCURATORUM
1266 419 1446 446 NATIONIS
1464 421 1711 447 ANGLICANAE
2166 426 2217 451 358

297 501 404 524 essent
436 495 579 531 soluturi,
605 497 690 536 quod
719 495 820 526 dictus
848 495 996 535 magister
1021 495 1204 534 Radolphus

296 543 422 573 minime
437 544 520 574 fecit.

337 591 410 632 (1701.
437 595 473 623 14
488 593 513 634 ΙΦ)
540 594 588 624 De
611 594 713 634 primo
733 593 797 633 jam
824 593 975 623 dictorum
1001 593 1202 623 deliberatum

297 642 364 677 fuit,
391 648 424 672 ut
449 642 592 672 dominus
623 649 726 672 rector
748 643 966 672 admoneretur
989 643 1028 672 ad
1049 643 1202 682 quandam

296 691 574 731 congregacionem
593 691 745 721 facultatis
770 690 952 727 faciendam,
973 691 1004 720 in
1028 701 1089 732 qua
1118 691 1202 721 istud

296 739 407 769 factum
422 739 546 780 plenius
561 739 700 780 expediri
717 739 830 780 possit,
849 746 943 780 prout
959 740 1058 770 eidem
1076 741 1202 770 domino

296 789 410 818 rectori
431 789 464 818 in
491 789 738 829 congregacione
761 789 940 829 precedenti
968 789 1120 819 facultatis
1146 799 1202 829 per

295 837 492 868 concordiam
522 838 614 868 trium
646 838 810 868 nacionum
841 845 907 868 erat
935 848 994 879 pro
1030 838 1201 868 deliberato

296 885 475 927 injunctum.
493 886 540 917 De
566 887 598 916 2⁰
621 887 750 917 articulo
773 887 888 918 dictum
906 887 973 923 fuit,
999 894 1032 918 ut
1053 888 1202 928 magister

294 934 478 976 Radolpbus
495 936 640 966 citaretur
659 937 697 966 ad
712 936 906 976 presenciam
923 936 1062 966 nacionis
1078 937 1109 966 in
1129 947 1201 966 con-

295 985 482 1025 gregacione
500 985 640 1025 proxime
659 985 798 1015 facienda
816 986 930 1015 ibidem
947 987 984 1016 de
1006 986 1066 1015 sibi
1082 996 1201 1026 propo-

293 1033 406 1064 nendis
422 1043 643 1074 responsurus.
662 1035 708 1064 De
725 1035 758 1063 3⁰
771 1035 901 1065 articulo
916 1035 1061 1065 videlicet
1075 1036 1113 1064 de
1129 1045 1200 1075 sup-

293 1081 512 1122 plicationibus
538 1084 731 1123 quorundam
764 1084 990 1114 baculariorum
1020 1084 1051 1113 in
1081 1084 1200 1114 artibus

293 1131 524 1171 incepturorum
536 1132 681 1162 videlicet
691 1132 715 1168 ⁴,
731 1133 846 1163 dictum
859 1133 916 1163 fuit
928 1134 1012 1173 quod
1030 1135 1200 1163 secundum

293 1181 421 1214 formam
443 1181 548 1211 statuti
569 1181 709 1211 nacionis
731 1181 914 1211 dilacionem
937 1182 1086 1212 haberent
1107 1182 1199 1212 trium

292 1229 456 1265 mensium,
472 1236 502 1259 et
518 1237 671 1270 ponerent
685 1231 818 1271 pignora
840 1231 966 1261 domino
986 1232 1140 1271 receptori
1160 1232 1200 1261 ad

291 1278 428 1309 valorem
442 1279 622 1319 quantitatis
635 1280 799 1310 bursarum
815 1290 950 1310 suarum.

333 1327 409 1358 Item
441 1328 554 1357 ibidem
583 1328 771 1368 supplicavit
800 1329 944 1359 dominus
979 1329 1127 1360 Albertus
1161 1331 1200 1360 de

293 1376 405 1406 Prusia
426 1386 484 1416 pro
501 1377 644 1417 ampliori
661 1377 814 1407 dilacione
836 1379 999 1408 bursarum
1019 1389 1142 1408 suarum
1161 1389 1199 1408 ex

293 1431 380 1465 parte
411 1436 466 1455 sue
487 1425 615 1456 licencie
642 1426 870 1462 solvendarum,
898 1427 1043 1458 videlicet
1073 1429 1110 1457 ad
1134 1434 1199 1458 tres

292 1483 428 1510 menses,
444 1476 527 1514 quod
545 1475 605 1505 sibi
621 1485 803 1505 concessum
820 1476 886 1506 fuit.

333 1522 408 1553 Item
434 1524 484 1554 18·
511 1524 562 1553 die
597 1525 713 1554 mensis
742 1525 816 1554 Maii
845 1526 922 1555 facta
951 1527 1198 1566 congregacione

291 1572 431 1602 nacionis
440 1573 523 1612 apud
533 1573 678 1603 Sanctum
691 1573 878 1604 Maturinum
891 1574 966 1605 hora
977 1576 1145 1615 primarum
1161 1576 1198 1605 ad

291 1620 464 1651 babendum
484 1622 647 1652 consilium
662 1633 701 1652 an
716 1623 878 1663 expediret
894 1624 1020 1654 visitare
1040 1625 1197 1654 dominum

290 1670 470 1711 episcopum
481 1672 520 1700 de
533 1671 695 1711 provincia
706 1672 810 1702 Scotie
821 1671 846 1709 ²,
862 1680 1056 1714 proponente
1074 1674 1119 1703 ire
1131 1684 1198 1704 ver-

290 1729 345 1750 sus
360 1719 476 1750 curiam
494 1720 663 1751 Romanam
682 1727 712 1750 et
729 1721 789 1751 sibi
810 1731 989 1762 proponere
1008 1729 1039 1752 et
1055 1723 1196 1753 commit-

289 1774 355 1799 tere
376 1769 487 1799 factum
507 1769 648 1800 nacionis
670 1770 895 1810 expediendum
920 1778 950 1801 et
970 1772 1096 1802 domino
1118 1783 1197 1812 pape

290 1818 538 1858 proponendum,
558 1818 760 1849 deliberatum
785 1820 841 1849 fuit
861 1821 944 1860 quod
964 1827 1048 1850 esset
1069 1821 1196 1850 visitan-

289 1866 349 1896 dus
367 1876 426 1906 per
439 1867 604 1907 deputatos
623 1867 772 1898 honestos
794 1874 824 1898 et
842 1869 952 1904 bonos,
974 1869 1111 1899 valentes
1135 1870 1195 1899 sibi

290 1915 400 1945 factum
415 1921 447 1946 et
462 1914 529 1956 ejus
547 1916 700 1957 originem
714 1926 774 1957 pro
784 1927 890 1947 eorum
903 1928 998 1958 posse
1009 1918 1197 1948 sufficienter

292 1964 433 1994 intimare
443 1963 467 1994 ⁸.

331 2013 405 2043 Item
421 2014 452 2044 in
463 2013 526 2054 jam
538 2014 621 2045 dicta
637 2015 884 2056 congregacione
896 2016 1082 2056 supplicavit
1098 2017 1198 2057 magi—

289 2068 354 2092 ster
375 2062 559 2103 Radolphus
578 2070 611 2094 ut
632 2063 798 2094 baberetur
818 2066 1018 2105 subportatus
1040 2076 1139 2106 usque
1158 2067 1196 2095 ad

288 2111 459 2151 proximam
485 2113 763 2153 congregacionem
783 2114 924 2144 nacionis
951 2115 1136 2150 faciendam,
1165 2115 1196 2144 in

289 2170 350 2200 qua
366 2170 400 2191 se
414 2161 565 2202 obligavit
580 2162 703 2193 nacioni
718 2163 756 2193 de
772 2163 838 2193 suis
853 2163 967 2194 debitis
983 2163 1132 2194 solvendo
1143 2164 1195 2194 vel

289 2210 400 2240 bonam
414 2211 592 2241 caucionem
610 2211 750 2242 faciendo
768 2212 1007 2243 satisfacturum.

329 2258 405 2289 item
427 2259 545 2300 incepit
569 2261 713 2291 dominus
739 2260 896 2291 lohannes
918 2262 956 2292 de
978 2262 1194 2303 Leyenbergh‚

287 2306 376 2348 cujus
390 2309 484 2339 burse
498 2308 572 2339 vul
585 2309 689 2340 solidi.
708 2309 818 2340 Solvit.

691 2402 790 2433 18⁷0

287 2470 380 2503 Acta
413 2472 450 2502 in
477 2474 748 2514 procuracione
782 2475 952 2516 magistri
991 2475 1194 2507 Guilhelmi

540 2523 584 2553 de
614 2522 783 2554 Trebrun
817 2524 936 2555 Scoti.

326 2600 418 2632 Anno
441 2601 565 2633 Domini
587 2603 655 2633 M*
675 2603 771 2635 CCC⁰
797 2604 889 2640 Lxx,
911 2604 984 2635 die⁴
1010 2605 1094 2636 Junii
1117 2606 1194 2636 facta

286 2651 532 2692 congregacione
545 2652 685 2683 nacionis
701 2653 783 2694 apud
797 2653 942 2684 Sanctum
957 2654 1143 2685 Maturinum
1162 2655 1193 2685 in

318 2760 342 2785 1.
376 2762 405 2786 ln
418 2769 464 2786 ms.
475 2762 594 2794 epatium.

319 2797 344 2820 2.
377 2796 512 2822 autumn
525 2797 557 2822 de
568 2798 723 2828 Wnrdelavn
734 2799 780 2832 qui
787 2800 839 2831 suit
845 2800 1003 2833 “appositum
1015 2804 1071 2826 nat.
1082 2801 1192 2834 Δημὼ,

286 2832 631 2901 εἷςῶιέἷοίιῖιθέςιῃευίε
640 2835 674 2858 ab
684 2842 727 2859 an.
740 2835 808 2864 1:³⁶7.
820 2836 900 2869 April.
914 2836 943 2861 1⁴
956 2836 1018 2869 (vid.
1029 2837 1149 2862 Chai-tul.
1159 2838 1191 2868 ΙΙ,

289 2875 306 2892 ¹¹
317 2903 341 2927 8.
374 2886 410 2928 D'e
425 2886 473 2928 islo
483 2887 556 2934 [eicco
568 2904 696 2938 (iugatum
710 2906 762 2939 fin't
777 2915 856 2940 nuque
873 2908 909 2932 ad
927 2917 969 2933 an.
990 2909 1058 2938 1³8².
1073 2908 1138 2934 Iulii
1153 2909 1191 2938 ¹2.

1238 941 1272 967 10

1238 1186 1272 1212 15

1237 1432 1271 1458 20

1235 1677 1270 1703 25

1234 1923 1268 1949 30

1233 2169 1267 2196 35

1232 2414 1267 2440 40

1230 2659 1265 2686 45

1311 496 1420 535 primis
1451 496 1565 526 Nostre
1597 497 1728 527 Domine
1759 499 1798 527 ad
1824 498 2010 528 audiendum
2042 509 2215 540 compotum

1310 545 1484 585 receptoris
1513 552 1543 575 et
1568 547 1606 575 ad
1632 547 1807 586 eligendum
1831 555 2075 587 procuratorem,
2101 551 2216 580 electus

1311 593 1367 623 fuit
1380 594 1411 623 in
1422 602 1652 634 procuratorem
1665 596 1812 636 magister
1822 595 2006 626 Guillelmus
2015 599 2052 626 de
2062 598 2215 634 Trebrun,

1311 641 1435 678 Scotus,
1468 643 1500 672 in
1531 643 1618 683 cujus
1654 646 1876 683 procuracione
1906 652 1972 675 acta
2003 647 2125 676 fuerunt
2157 659 2216 687 que

1311 698 1494 731 sequuntur.

1351 740 1456 770 Primo
1479 742 1512 770 in
1533 743 1638 771 eadem
1663 743 1909 782 congregacione
1934 744 2135 774 deliberatum
2161 746 2217 775 fuit

1309 789 1395 819 adire
1412 790 1569 820 dominum
1587 791 1802 821 cancellarium
1822 791 1992 822 Parisiens.
2006 792 2018 810 ³
2037 803 2094 832 pro
2117 794 2215 823 literis

1310 837 1460 868 habendis
1475 840 1512 868 ad
1532 850 1642 879 papam
1661 846 1690 870 et
1707 840 1880 870 cardinales
1899 851 1958 880 pro
1976 841 2054 870 facto
2078 842 2216 872 nacionis

1309 894 1392 917 moto
1405 887 1486 918 inter
1500 889 1660 918 nacionem
1675 889 1804 919 Francie
1815 896 1845 919 et
1860 890 2029 930 predictam
2040 891 2210 921 nacionem.

1350 936 1425 966 ltem
1436 937 1467 967 in
1476 939 1581 967 eadem
1592 938 1834 978 congregatione
1847 938 1988 968 nacionis
1999 940 2140 979 predicte
2154 941 2215 970 dati

1309 991 1397 1014 erant
1423 986 1559 1024 deputati
1589 987 1628 1016 ad
1647 986 1852 1016 ordinandum
1874 993 1905 1017 et
1925 988 2152 1027 disponendum
2177 991 2215 1019 de

1309 1032 1422 1074 injuria
1438 1035 1516 1064 facta
1531 1035 1612 1065 dicte
1628 1036 1749 1065 nacioni
1765 1046 1821 1076 per
1836 1037 1997 1066 nacionem
2013 1037 2037 1066 F
2039 1038 2142 1067 rancie
2162 1039 2215 1078 qui

1309 1082 1458 1112 haberent
1490 1083 1575 1124 loqui
1611 1095 1679 1114 cum
1719 1085 1878 1125 capellano
1922 1086 2038 1115 domini
2076 1086 2216 1127 episcopi

1309 1131 1511 1162 Glascuensis
1544 1134 1604 1162 sibi
1635 1134 1831 1174 propinando
1859 1144 1914 1164 seu
1943 1134 2046 1174 aliqua
2076 1135 2210 1166 clinodia

1309 1182 1422 1217 dando,
1451 1188 1484 1211 ut
1513 1184 1746 1213 recomendaret
1779 1183 1894 1213 dietum
1929 1184 2040 1214 factum
2070 1186 2216 1215 memorie

1309 1230 1426 1260 domini
1443 1231 1502 1261 sui.

1350 1279 1423 1309 item
1442 1281 1629 1320 computavit
1648 1282 1791 1311 dominus
1811 1288 1966 1322 receptor,
1984 1282 2037 1322 qui
2057 1283 2214 1313 defalcatis

1308 1329 1452 1359 omnibus
1467 1330 1614 1360 remansit
1628 1330 1783 1370 obligatus
1801 1331 1882 1360 dicte
1897 1331 2018 1360 nacioni
2030 1331 2061 1360 in
2075 1331 2114 1360 vl
2127 1332 2216 1362 libris

1307 1377 1474 1418 parisiens.

1349 1426 1424 1456 Item
1439 1429 1545 1457 eadem
1563 1428 1612 1458 die
1630 1429 1718 1458 nacio
1729 1429 1911 1458 deliberavit
1924 1429 2038 1459 intrare
2054 1430 2210 1459 tabernam

1307 1477 1350 1505 ad
1365 1479 1506 1506 Malleeos
1519 1477 1573 1507 ubi
1586 1478 1779 1517 consumpsit
1793 1484 1858 1507 tres
1870 1479 2003 1514 francos,
2018 1479 2056 1508 de
2071 1479 2208 1518 [quibus]

1307 1525 1400 1555 solvit
1414 1533 1597 1566 procurator
1615 1527 1642 1556 ΙΙ
1661 1527 1796 1562 francos,
1815 1527 1887 1567 quia
1906 1528 2041 1557 nondum
2063 1538 2215 1567 procura-

1307 1581 1356 1604 tor
1381 1581 1461 1611 erat,
1487 1582 1517 1605 et
1536 1576 1702 1605 notandum
1722 1586 1802 1616 opus
1830 1576 2161 1616 super[e]rogationis,
2187 1583 2217 1606 et

1306 1631 1451 1664 receptor
1472 1626 1486 1653 1
1507 1625 1656 1660 francum,
1677 1625 1760 1664 quod
1780 1625 1963 1655 deliberavit
1985 1631 2047 1654 tota
2064 1625 2152 1654 nacio
2173 1626 2215 1655 ibi

1307 1673 1443 1703 existens
1461 1673 1545 1703 nullo
1559 1673 1752 1703 reclamante.

1348 1722 1422 1752 Item
1454 1723 1532 1752 facta
1563 1723 1619 1753 fuit
1647 1723 1854 1763 congregacio
1893 1723 2032 1752 nacionis
2073 1723 2128 1753 Vll
2165 1724 2215 1753 die

1306 1771 1422 1802 mensis
1443 1771 1526 1801 Junii
1548 1773 1586 1802 ad
1609 1772 1858 1812 supplicandum,
1882 1773 1934 1802 ubi
1960 1772 2215 1812 supplicaverunt

1305 1819 1462 1850 lohannes
1475 1820 1566 1857 Vlon,
1580 1822 1633 1861 qui
1649 1821 1798 1851 satisfecit
1818 1831 1874 1862 per
1891 1821 2035 1861 pignora,
2052 1828 2082 1851 et
2099 1821 2217 1851 Gerar-

1305 1870 1364 1899 dus
1379 1870 1417 1899 de
1433 1870 1583 1907 Enteron‚
1600 1871 1652 1911 qui
1672 1877 1720 1900 est
1730 1869 1853 1911 juratus
1870 1877 2027 1906 statutum,
2049 1871 2132 1910 quod
2153 1881 2215 1900 non

1305 1917 1433 1949 haberet
1460 1920 1541 1949 unde
1568 1919 1714 1955 solveret,
1745 1926 1775 1949 et
1806 1919 1950 1949 dominus
1988 1919 2144 1949 lohannes
2178 1920 2217 1949 de

1306 1967 1455 2008 Inghene,
1474 1969 1527 2009 qui
1544 1969 1693 1999 satisfecit
1705 1979 1762 2009 per
1778 1969 1920 2009 pignora.

1345 2017 1419 2047 Item
1443 2018 1640 2048 concorditer
1663 2018 1845 2048 deliberavit
1866 2017 1954 2046 nacio
1978 2017 2092 2047 intrare
2115 2018 2215 2046 taber-

1304 2076 1386 2102 nam,
1404 2068 1607 2107 expendimus
1620 2068 1648 2106 [1
1663 2068 1799 2097 francum
1811 2066 1835 2106 ⁸]
1850 2077 1941 2107 quem
1956 2066 2049 2096 solvit
2067 2067 2216 2106 magister

1305 2115 1462 2146 Galfridus
1477 2126 1536 2156 pro
1549 2127 1630 2146 novo
1648 2117 1774 2146 introitu
1793 2126 1862 2146 suc.

1344 2165 1416 2206 (Fol.
1444 2166 1492 2206 15)
1518 2166 1592 2196 Item
1615 2165 1746 2195 delatum
1769 2166 1825 2195 fuit
1835 2164 2046 2204 juramentum
2074 2165 2214 2204 magistri

1304 2214 1426 2245 Radulfi
1447 2215 1485 2244 ad
1505 2215 1675 2254 proximam
1695 2214 1973 2254 congregacionem
1993 2214 2031 2243 ad
2047 2212 2213 2253 jurandum

1304 2270 1527 2304 paupertatem.

1345 2313 1419 2342 ltem
1445 2313 1625 2342 licenciatus
1654 2313 1710 2342 fuit
1735 2313 1879 2342 (lominus
1911 2311 2067 2341 Johannes
2089 2311 2212 2340 Volon⁷

1304 2362 1356 2401 qui
1371 2361 1521 2391 satisfecit
1537 2372 1594 2402 per
1609 2362 1740 2402 pignora
1757 2362 1788 2391 in
1806 2361 1948 2390 nacione.

1345 2410 1419 2440 ltem
1430 2411 1610 2440 licenciatus
1620 2411 1762 2440 dominus
1773 2410 1930 2440 Johannes
1942 2410 1979 2438 de
1993 2409 2140 2449 lnghene,
2153 2409 2206 2449 qui

1304 2459 1464 2495 satisfecit,
1481 2458 1567 2499 cujus
1586 2460 1678 2489 burse
1695 2459 1766 2489 Vlll
1783 2458 1889 2489 solidi.

1345 2509 1419 2538 ltem
1441 2509 1620 2538 licenciatus
1643 2509 1786 2538 dominus
1809 2508 1966 2538 Gcrardus
1985 2508 2022 2535 de
2043 2507 2209 2541 Enterene,

1303 2558 1355 2598 qui
1367 2557 1484 2598 juravit
1497 2564 1642 2587 statutum
1657 2557 1882 2597 [paupertatis]

1344 2607 1418 2637 ltem
1433 2607 1611 2637 licenciatus
1628 2607 1682 2636 fuit
1696 2606 1840 2636 dominus
1858 2605 2023 2634 lleinricus
2035 2605 2072 2633 de
2084 2604 2210 2634 Tremo-

1302 2655 1363 2691 nia‚
1380 2656 1433 2695 qui
1451 2656 1611 2692 satisfecit,
1631 2654 1718 2695 cujus
1734 2656 1827 2684 burse
1844 2654 1902 2684 llll
1920 2653 2023 2684 solidi.

1301 2766 1451 2798 ”alienique
1475 2766 1575 2798 Angue.
1605 2774 1631 2790 ne
1657 2765 1833 2797 adjutu-frunt
1861 2765 1938 2789 ceiam
1967 2768 2021 2788 nae.
2057 2763 2159 2788 ricard.
2185 2767 2210 2789 et

1301 2803 1441 2826 Hermann.
1451 2805 1541 2826 contra
1551 2804 1604 2825 nat.
1620 2801 1712 2826 Gallie.
1730 2801 1782 2825 Vid.
1795 2801 1912 2825 Chat-tul.
1929 2801 1973 2828 ΙΙΙ,
1989 2805 2015 2824 n·
2031 2800 2100 2824 146⁸.

1332 2838 1356 2862 ¹1.
1390 2840 1455 2862 Ante
1468 2838 1510 2862 dis
1519 2838 1647 2870 epatium(

1332 2876 1355 2898 5.
1387 2874 1546 2898 Grimerium
1560 2874 1695 2898 Bonifacii.

1332 2911 1355 2933 6.
1389 2911 1445 2933 Non
1460 2909 1618 2941 ess-primitur,
1630 2909 1694 2941 quid
1703 2909 1878 2941 expenderint.

1333 2946 1355 2969 7.
1389 2945 1440 2969 Sed
1453 2945 1498 2969 lin.
1514 2946 1543 2969 28
1554 2945 1628 2973 Vlon,
1642 2947 1666 2968 et
1676 2944 1745 2976 infra
1759 2944 1878 2968 scribitur
1892 2944 2003 2968 Vlocme.
