2632 3464
308 457 363 484 673

309 534 441 564 duorum
459 533 699 573 magistrorum;
722 541 817 572 quare
841 541 889 560 me
909 530 1111 570 requirebant
1131 535 1164 558 ut
1181 529 1218 558 de

310 582 460 622 predictis
482 581 760 622 congregacionem
781 581 922 615 facerem,
944 579 1017 619 quia
1035 579 1114 618 ipsis
1130 578 1220 608 vide-

309 632 401 661 batur
433 631 517 671 quod
551 630 744 661 consuetudo
780 629 822 660 ita
854 629 964 659 leviter
993 638 1056 658 non
1088 628 1220 657 debebat

309 680 432 710 mutari.
460 680 507 710 2·-
530 679 597 715 fuit,
627 680 711 719 quod
740 678 768 709 si
800 688 838 708 ex
868 678 988 707 defectu
1013 676 1219 707 intimacionis

309 729 424 759 bedelli
436 735 467 759 et
483 729 572 759 etiam
588 734 718 768 propter
734 727 858 768 longam
873 726 1128 756 consuetudinem
1145 725 1219 755 deli-

311 778 436 808 beracio
454 777 600 808 hesterna
617 787 680 807 non
696 777 855 807 videretur
873 776 995 806 nacioni
1012 775 1167 805 sufficiens
1182 775 1220 804 ad

310 826 487 867 eligendum
526 836 625 856 novos
663 826 888 856 examinatores
932 824 1217 854 determinancium.

309 876 357 906 3¹¹·
371 875 427 906 suit
448 885 545 916 super
564 875 644 905 sacto
666 875 771 905 statuti
787 875 831 904 *ad
853 874 1089 904 destatuendum
1109 883 1168 913 pro
1189 873 1221 902 2·

309 924 388 960 vice,
401 924 452 955 vel
467 925 506 954 ad
519 925 714 954 statuendum
732 933 790 963 pro
806 923 917 963 prima.

351 973 453 1014 Super
465 973 567 1013 primo
581 972 711 1003 articulo
724 973 888 1002 videbatur
900 970 1008 1012 majori
1023 971 1104 1011 parti
1119 971 1220 1000 nacio-

310 1022 372 1057 nis,
396 1022 524 1052 nacione
546 1022 669 1052 interim
693 1021 895 1061 solempniter
915 1026 1115 1061 congregata,
1136 1020 1219 1060 quod

310 1078 440 1111 propter
448 1070 606 1111 predictas
617 1071 758 1100 raciones
769 1081 803 1100 ac
815 1070 909 1099 eciam
921 1080 959 1099 ne
970 1070 1084 1099 scisma
1093 1075 1123 1099 et
1134 1079 1220 1098 scan-

310 1119 412 1150 dalum
427 1120 562 1150 oriretur
576 1119 608 1149 in
622 1119 764 1155 nacione,
777 1120 860 1158 quod
875 1119 1062 1148 deliberacio
1076 1118 1219 1148 hesterna

310 1168 414 1199 habita
451 1168 536 1199 nulla
570 1169 695 1208 penitus
734 1168 895 1198 existebat.
927 1168 1029 1205 Quare
1064 1176 1159 1207 super
1188 1167 1221 1196 2⁰

309 1217 440 1248 articulo
465 1217 555 1248 electi
585 1218 708 1247 suerunt
736 1217 768 1246 in
797 1217 947 1247 electores
979 1216 1219 1246 examinatorum

309 1266 583 1296 determinancium
609 1266 740 1296 ulterius
767 1266 873 1296 senior
903 1275 966 1295 non
996 1275 1126 1305 regens,
1157 1266 1219 1295 duo

310 1315 451 1346 seniores
466 1321 624 1356 regentes,
641 1315 738 1355 quise
753 1315 840 1355 ipsos
856 1314 1020 1355 eligerunt,
1037 1320 1131 1354 prout
1143 1314 1219 1344 alias

310 1365 420 1394 modus
435 1365 501 1400 suit,
513 1371 547 1394 ut
563 1364 716 1394 dicebant.
732 1364 833 1404 Super
845 1364 876 1393 3⁰
888 1364 1003 1404 placuit
1014 1363 1136 1393 nacioni
1148 1373 1219 1393 con-

310 1413 435 1443 cludere
448 1414 487 1443 ad
497 1413 731 1443 destatuendum
742 1423 802 1453 pro
816 1413 934 1443 2¹vice.
950 1412 1051 1452 Super
1065 1413 1096 1442 4⁰
1110 1412 1215 1442 nichil.

311 1462 546 1492 Examinatores
573 1463 696 1492 fuerunt
719 1462 867 1502 magister
888 1461 1098 1497 Conraerdus,
1120 1461 1219 1502 magi-

311 1517 376 1542 ster
390 1511 566 1552 Heynricns
579 1512 617 1541 de
634 1511 802 1547 Aernhem‚
820 1511 987 1541 Heinricus
1001 1511 1039 1540 de
1057 1511 1116 1550 Oy.

392 1613 460 1643 lsti
482 1619 568 1643 sunt
589 1612 884 1643 determinantes
906 1611 1014 1653 hujus
1034 1613 1130 1642 anni.

350 1707 456 1737 Primo
468 1706 685 1736 determinavit
697 1706 854 1736 ,lohannes
871 1706 958 1746 Dorp
977 1707 1015 1736 de
1040 1706 1146 1736 Leidis
1161 1707 1219 1736 sub

310 1756 458 1797 magistro
489 1755 604 1796 Egidio
631 1756 670 1785 de
698 1756 828 1791 Jutsaes,
857 1754 946 1796 cujus
973 1756 1070 1786 bursa
1101 1762 1218 1796 septem

310 1805 403 1835 solidi
417 1811 447 1835 et
464 1804 525 1835 1111
538 1805 667 1834 denarii.

350 1853 574 1884 Determinavit
583 1854 727 1884 dominus
734 1853 869 1884 Alardus
879 1854 918 1883 de
931 1854 1017 1883 Driel
1028 1854 1086 1884 sub
1098 1855 1217 1889 eodem,

311 1902 399 1944 cujus
413 1903 508 1933 bursa
525 1909 644 1943 septem
657 1902 749 1933 solidi
767 1909 798 1932 et
813 1902 872 1932 llll
890 1903 1021 1932 denarii.

350 1951 574 1982 Determinavit
587 1951 799 1982 Theodericus
816 1952 854 1981 de
870 1951 1069 1982 Gravesande
1086 1953 1144 1982 sub
1165 1962 1220 1982 eo-

311 2001 392 2036 dem,
406 1999 494 2041 cujus
510 2001 606 2030 bursa
619 1999 676 2030 vll
693 2000 796 2031 solidi.

351 2049 577 2080 Determinavit
600 2049 743 2080 dominus
763 2049 948 2079 Fredericus
971 2050 1009 2079 de
1032 2050 1165 2080 Saxonia
1184 2061 1218 2080 ac

310 2098 456 2129 Nicolaus
476 2097 543 2138 ejus
562 2099 656 2128 frater
671 2099 729 2128 sub
750 2098 898 2139 magistro
913 2098 1052 2128 Johanne
1067 2098 1220 2129 Rudelin-

310 2146 405 2188 gben,
421 2145 508 2187 cujus
530 2147 626 2176 bursa
638 2145 665 2175 V
682 2146 786 2176 solidi.

352 2195 576 2226 Determinavit
621 2195 765 2225 dominus
801 2195 958 2226 Johannes
998 2196 1121 2226 Palmer
1161 2198 1218 2227 sub

310 2244 459 2284 magistro
493 2243 634 2274 Johanne
667 2243 902 2284 Rudelinghen,
929 2243 1016 2285 cujus
1046 2243 1167 2285 [bursa]
1193 2245 1218 2274 V

312 2292 417 2323 solidi.

350 2341 574 2372 Determinavit
599 2342 744 2372 dominus
767 2341 924 2372 lohannes
947 2341 1076 2382 &Valays
1107 2342 1218 2373 Scotus

310 2391 369 2421 sub
382 2391 568 2431 magistro...
590 2390 665 2430 (sic),
681 2389 770 2430 cujus
786 2391 881 2420 bursa
902 2390 959 2420 Vl!
974 2391 1076 2420 solidi.

350 2439 575 2470 Determinavit
598 2439 742 2470 dominus
765 2439 924 2470 Arnoldus
955 2439 1136 2470 Gruuthuus
1161 2441 1219 2470 sub

310 2488 459 2529 magistro
475 2488 633 2528 Heynrico
648 2489 686 2518 de
704 2487 871 2524 Aernhem,
887 2487 976 2529 cujus
991 2489 1086 2518 bursa
1101 2495 1219 2529 septem

310 2537 403 2567 solidi
420 2543 450 2567 et
463 2536 535 2567 Vlll
553 2537 684 2567 denarii.

350 2586 574 2616 Determinavit
600 2586 744 2616 dominus
767 2585 944 2616 Geraerdus
966 2586 1131 2617 venatoris
1162 2587 1219 2617 sub

310 2634 430 2670 eodem,
444 2634 531 2675 cujus
546 2635 640 2665 bursa
657 2634 714 2665 Vll
728 2634 832 2665 solidi.

350 2682 573 2714 Determinavit
583 2683 727 2714 dominus
739 2683 926 2714 Wilhelmus
941 2684 980 2714 de
994 2683 1219 2714 Woudrichem

310 2732 369 2762 sub
392 2732 541 2772 magistro
566 2731 679 2773 Egidio
697 2732 833 2768 «latices,
859 2731 946 2773 cujus
970 2733 1064 2763 bursa
1088 2739 1220 2773 quatuor

309 2780 384 2811 albi.

340 2908 366 2967 ἑ.
397 2907 584 2968 Ettm'dudlio
598 2943 729 2968 Ysbrnndi
746 2944 779 2969 ds
791 2944 894 2976 hydis.
909 2944 956 2977 qui
966 2953 1011 2969 aa.
1025 2945 1085 2969 1³94
1097 2945 1219 2970 determi-

308 2978 382 3003 navit
393 2978 454 3010 (rid.
473 2987 500 3011 p.
517 2980 582 3012 608),
601 2988 644 3004 un,
659 2979 721 3004 1³0⁹
737 2980 763 3004 ln
780 2980 948 3004 [Intret-elcale
966 2981 1053 3005 colon.
1072 2981 1219 3006 intitulatae

388 3024 502 3044 Auen-ri·-
515 3024 640 3045 ίἎυιιΙ-ηἵ
651 3024 740 3045 vaiecra.
752 3025 820 3046 Parsa.
830 3035 856 3041 —
867 3024 885 3045 l.

810 455 925 481 LIBER
945 452 1257 480 PROCURATORUM
1276 451 1457 478 NATIONIS
1476 452 1721 478 ANGLICANAE

1258 973 1292 998 10

1257 1218 1291 1244 15

1256 1463 1290 1489 20

1257 1709 1290 1735 25

1256 1955 1290 1981 30

1256 2200 1290 2226 35

1257 2445 1291 2472 40

1257 2690 1291 2717 45

2184 453 2236 479 674

1369 528 1592 558 Determinavit
1605 529 1747 558 dominus
1762 528 1918 558 Johannes
1931 529 2081 559 wittonis
2097 532 2135 560 de
2155 531 2234 566 Deli,

1328 576 1415 616 cujus
1430 578 1524 606 bursa
1540 584 1657 616 septem
1673 577 1775 607 solidi.

1368 626 1592 655 Determinavit
1606 627 1749 656 dominus
1767 627 1879 656 Petrus
1898 628 2028 658 Pinonis
2046 630 2140 659 sub...
2161 630 2235 671 (sic),

1328 674 1415 715 cujus
1428 675 1523 704 bursa
1538 681 1670 714 quatuor
1683 675 1756 704 albi.

1369 724 1440 763 (F'ol.
1463 726 1478 753 7
1493 724 1517 764 ¹³)
1538 724 1629 754 Facta
1646 725 1892 764 congregacione
1910 726 2048 756 nacionis
2067 727 2235 767 Anglicane

1328 773 1446 802 decima
1474 773 1519 802 8v²
1542 773 1592 802 die
1618 774 1732 803 mensis
1754 773 1911 813 ejusdem⁴
1938 775 1968 804 in
1993 776 2102 815 primis
2125 777 2236 807 Nostre

1330 821 1461 851 Domine
1474 822 1506 851 in
1521 822 1634 851 Sancto
1646 822 1811 857 Maturino‚
1824 833 1861 852 eo
1874 825 1956 863 quod
1970 830 2042 854 tunc
2056 826 2110 854 suit
2124 826 2236 855 ibidem

1329 871 1535 911 congregacio
1549 871 1779 906 Universinntis,
1791 882 1885 912 super
1898 874 1942 902 4⁰=
1955 874 2103 903 articulis.
2115 875 2236 905 Primus

1329 920 1385 949 fuit
1407 921 1445 949 ad
1470 920 1654 949 audiendum
1681 921 1865 950 relacionem
1889 922 2027 962 episcopi
2055 923 2236 954 Baioeensis

1329 979 1424 1009 super
1442 969 1520 998 sacto
1535 969 1607 1004 orti,
1626 969 1770 999 videlicet
1785 980 1880 1010 super
1897 971 1949 1000 illo
1966 979 2235 1011 appunctamento‚

1329 1019 1412 1058 quod
1425 1018 1513 1047 nacio
1531 1018 1631 1058 ipsum
1642 1025 1761 1048 teneret
1774 1019 1935 1049 immunem
1953 1020 2065 1050 habitis
2079 1028 2109 1051 et
2125 1022 2235 1052 solutis

1329 1067 1456 1107 triginta
1480 1067 1601 1097 duobus
1624 1068 1738 1097 francis
1760 1075 1867 1098 contra
1894 1079 2096 1110 quoscunque
2119 1071 2237 1101 scilicet

1329 1116 1466 1146 scolares
1481 1123 1510 1146 et
1525 1117 1614 1151 alios,
1635 1124 1726 1156 prout
1742 1118 1908 1157 episcopus
1927 1119 2084 1158 predictus
2102 1120 2234 1155 volebat,

1327 1182 1368 1187 —-—-
1386 1166 1470 1205 quod
1492 1166 1581 1195 nacio
1604 1176 1667 1194 non
1688 1166 1811 1196 volebat
1833 1168 2021 1203 consentire,
2043 1170 2097 1198 sed
2122 1175 2236 1199 tantum

1327 1214 1429 1254 ipsum
1442 1215 1608 1244 defendere
1621 1215 1652 1244 in
1667 1215 1729 1244 illis
1743 1216 1774 1244 in
1788 1216 1900 1255 quibus
1914 1223 2054 1257 tangeret
2064 1218 2234 1247 nacionem.

1329 1263 1431 1301 Quare
1452 1264 1520 1303 ipse
1542 1270 1668 1293 econtra
1684 1264 1806 1294 volebat
1821 1266 1902 1304 quod
1927 1266 1952 1294 si
1971 1266 2002 1295 in
2021 1267 2152 1296 futurum
2170 1278 2236 1296 mo-

1328 1312 1508 1348 lestaretur,
1531 1314 1614 1352 quod
1637 1313 1726 1342 nacio
1754 1314 1814 1343 sibi
1842 1315 1985 1344 redderet
2009 1315 2086 1345 istos
2110 1317 2237 1356 triginta

1327 1362 1406 1391 duos
1428 1363 1569 1398 francos;
1589 1362 1678 1391 etiam
1700 1362 1768 1402 ipse
1790 1370 1915 1393 econtra
1938 1364 2060 1393 nacioni
2081 1375 2167 1394 suum
2184 1365 2236 1405 jus

1328 1411 1512 1451 resignaret,
1529 1411 1673 1441 videlicet
1686 1411 1791 1442 literas
1807 1422 1878 1442 suas
1894 1423 1971 1452 quas
1982 1412 2045 1453 jam
2061 1415 2148 1444 nacio
2167 1425 2235 1454 pos-

1328 1459 1459 1489 sidebat.

1367 1509 1412 1538 2⁸¹·
1427 1508 1483 1538 suit
1498 1509 1536 1538 de
1550 1509 1683 1548 quodam
1700 1509 1922 1539 determinante
1933 1509 1957 1546 ²,
1972 1511 2023 1550 qui
2046 1511 2144 1541 libros
2162 1522 2236 1542 suos

1327 1557 1359 1587 in
1373 1557 1434 1587 alio
1450 1557 1553 1587 studio
1567 1558 1693 1593 audivit,
1711 1558 1856 1588 videlicet
1872 1566 1973 1589 utrum
1987 1566 2108 1599 tempus
2123 1561 2235 1590 ibidem

1327 1612 1448 1646 captum
1476 1607 1616 1636 Parisius
1642 1607 1702 1636 sibi
1725 1608 1852 1637 deberet
1873 1609 2055 1648 computari,
2083 1610 2125 1639 ita
2153 1611 2236 1650 quod

1328 1666 1389 1685 non
1409 1657 1550 1685 obstante
1571 1657 1653 1696 quod
1675 1667 1737 1686 non
1755 1657 1807 1686 diu
1826 1658 1909 1687 stetit
1927 1658 2078 1694 Parisius,
2095 1660 2178 1698 quod
2198 1660 2235 1688 ad

1327 1705 1456 1745 gradum
1472 1705 1696 1735 bachalariatus
1707 1712 1815 1745 posset
1829 1707 2014 1745 promoveri.

1367 1754 1413 1782 3¹¹·
1438 1754 1585 1784 articulus
1610 1754 1665 1784 suit
1688 1755 1727 1784 ad
1750 1755 1930 1785 avisandum
1952 1762 2052 1785 utrum
2077 1757 2236 1796 expediret

1328 1803 1428 1833 facere
1442 1803 1632 1833 mensionem
1644 1803 1656 1822 ³
1670 1804 1783 1833 rectori
1794 1804 1842 1834 vel
1859 1804 1890 1833 in
1901 1805 2040 1834 facultate
2052 1806 2235 1845 superfacto

1328 1852 1478 1882 examinis
1499 1852 1610 1882 Sancte
1633 1852 1802 1888 Genovese,
1826 1853 1944 1883 scilicet
1963 1854 2000 1883 de
2018 1854 2236 1894 preposicione

1327 1908 1357 1931 et
1371 1901 1605 1941 postposicione
1619 1912 1835 1942 personarum.

1367 1951 1413 1980 4·-
1430 1950 1486 1980 suit
1501 1961 1596 1991 super
1615 1951 1911 1991 supplicacionibus,
1927 1958 1984 1982 etc.

1368 1999 1470 2039 Super
1499 2000 1598 2040 primo
1629 2000 1758 2030 articulo
1785 2001 1924 2040 placebat
1949 2008 2234 2040 appunctamentum

1327 2049 1460 2086 nacioni,
1475 2055 1505 2078 et
1519 2050 1602 2089 quod
1616 2049 1647 2078 in
1659 2048 1866 2079 Universitate
1882 2057 2119 2089 proponeretur.
2136 2051 2236 2090 Super

1327 2099 1358 2127 2⁰
1372 2098 1502 2128 articulo
1515 2098 1656 2138 placebat
1670 2098 1791 2128 nacioni
1804 2099 1902 2127 facere
1919 2099 2053 2138 graciam
2071 2099 2121 2128 isti
2137 2101 2235 2129 deter-

1327 2147 1455 2177 minanti
1476 2154 1605 2187 propter
1625 2148 1725 2187 plura,
1748 2148 1793 2177 sic
1815 2149 1898 2187 quod
1918 2149 1955 2177 ad
1978 2149 2105 2187 gradum
2125 2149 2236 2178 bacha-

1327 2195 1454 2226 lariatus
1467 2206 1524 2236 pro
1542 2207 1623 2226 nunc
1638 2197 1835 2236 procederem
1856 2207 1917 2226 non
1933 2197 2023 2226 vellet
2037 2204 2135 2226 tamen
2154 2198 2235 2237 quod

1327 2245 1359 2275 in
1377 2245 1632 2285 consequenciam
1650 2251 1831 2275 verteretur.
1851 2245 1953 2285 Super
1973 2247 2004 2275 3⁰
2023 2246 2160 2285 placebat
2180 2257 2236 2286 pro

1327 2304 1407 2324 nunc
1426 2294 1621 2324 dissimulare
1637 2305 1671 2324 ac
1689 2301 1801 2324 tacere.
1821 2295 1922 2334 Super
1937 2296 1967 2324 4⁰
1986 2295 2236 2334 supplicaverunt

1328 2343 1471 2373 dominus
1478 2343 1635 2373 Johannes
1645 2343 1786 2383 Walays‚
1797 2344 1940 2373 dominus
1954 2344 2130 2373 Geraerdus
2140 2344 2235 2373 vena-

1328 2392 1417 2427 toris,
1436 2392 1579 2422 dominus
1597 2392 1754 2422 «lohannes
1774 2392 1937 2427 NVittonis,
1956 2393 2100 2421 dominus
2125 2393 2235 2422 Petrus

1328 2440 1458 2470 Pinonis
1483 2451 1540 2480 pro
1571 2441 1722 2471 dilacione
1752 2442 1926 2476 bursarum.
1960 2442 1999 2470 ita
2025 2447 2122 2470 tamen
2153 2443 2235 2480 quod

1329 2496 1479 2529 ponerent
1501 2490 1630 2530 pignera
1654 2490 1894 2530 sexquialterum
1918 2490 2070 2524 valencia,
2088 2496 2119 2519 ut
2142 2490 2237 2519 moris

1329 2545 1387 2568 282.

1368 2587 1459 2617 Facta
1474 2587 1721 2628 congregacione
1734 2587 1873 2617 nacionis
1890 2587 2058 2627 Anglicane
2075 2597 2169 2627 super
2184 2588 2235 2616 tri-

1328 2636 1386 2666 bus
1407 2636 1545 2666 articulis
1570 2637 1599 2666 in
1623 2637 1735 2666 Sancto
1759 2636 1913 2666 Maturino
1938 2636 2082 2664 vicesima
2105 2635 2234 2675 quarta·

1328 2684 1377 2713 die
1397 2685 1513 2714 mensis
1534 2685 1693 2714 Februarii
1715 2695 1808 2724 super
1833 2685 1931 2713 tribus
1949 2683 2095 2713 articulis.
2114 2684 2235 2713 l'riinus

1329 2743 1424 2773 super
1438 2733 1661 2763 distribucione
1676 2734 1824 2763 mensium
1841 2733 1989 2762 examinis
2008 2733 2117 2762 Sancte
2131 2733 2235 2762 Geno-

1328 2783 1406 2812 vefe.
1426 2783 1471 2811 2⁸·
1489 2792 1583 2822 super
1604 2783 1681 2811 sacto
1704 2782 1818 2816 statuti.
1838 2781 1979 2811 videlicet
2001 2782 2037 2810 ad
2058 2782 2235 2811 destamen-

1327 2913 1373 2934 εει.
1391 2910 1443 2934 rid.
1459 2910 1591 2937 Ksussnx,
1605 2910 1734 2936 Matrikel.
1750 2910 1767 2936 l.
1780 2918 1806 2941 p.
1820 2910 1858 2936 Υἰ3,
1873 2910 1964 2933 110697.

1359 2947 1382 2969 3.
1417 2947 1436 2970 Ι.
1448 2954 1468 2968 ο.
1486 2946 1651 2969 mentionem.

1359 2982 1382 3004 Ιι.
1418 2982 1445 3005 ln
1459 2983 1515 3004 1⁸1¹·
1527 2981 1595 3005 clare
1608 2984 1644 3004 eat
1655 2989 1728 3012 unqu·
1743 2981 1766 3003 in
1783 2981 1821 3003 Ιιῐε
1828 2980 1931 3013 paginis
1943 2988 1955 3003 x
1967 2989 2015 3012 pro
2026 2981 2048 3004 Ιι.

2130 3026 2154 3044 ὁ]
