2632 3464
267 414 320 440 21³

267 489 421 524 distinxit,
443 489 608 530 distinguit
627 495 658 518 et
679 488 874 527 distinguere
903 486 996 516 debet
1016 485 1174 525 predictas

265 538 427 574 naciones,
444 538 490 568 sic
505 539 588 578 quod
608 547 716 568 omnes
735 535 877 576 magistri
897 535 964 564 sive
981 534 1118 564 scolares
1137 535 1176 564 de

266 586 330 616 illis
347 587 488 626 partibus
505 587 587 617 circa
606 586 722 616 dictum
738 585 862 615 fluvium
881 583 1006 614 oriundi
1027 583 1176 614 hactenus

266 637 390 666 suerunt
410 642 442 666 et
464 645 535 666 esse
556 636 741 669 debuerunt,
763 639 838 664 sunt
857 639 888 662 et
911 643 981 662 esse
1004 633 1119 662 debent
1137 633 1176 662 de

264 685 394 715 nacione
413 685 628 719 Picardorum,
647 690 678 713 et
694 683 740 712 sic
760 693 778 712 a
799 682 882 712 dicto
903 688 1044 722 tempore
1059 681 1179 711 exstitit

266 734 474 764 observatum.

306 782 358 822 (11)
378 783 453 812 ltem
473 782 557 822 quod
578 781 719 821 magistri
741 786 771 810 et
790 779 928 810 scolares
948 779 1090 809 Parisios
1110 785 1178 809 stu-

266 832 375 861 dentes
398 832 436 860 de
457 830 530 861 villa
553 831 592 860 de
618 829 813 860 Buscoducis
840 839 964 869 semper
985 829 1023 858 ab
1049 828 1177 868 antiquo

266 886 404 920 tempore
419 879 552 920 reputati
567 881 690 909 suerunt
705 885 735 908 et
747 888 782 907 se
800 884 966 908 tenuerunt
983 878 1021 907 de
1037 877 1178 917 predicta

267 929 396 959 nacione
415 928 627 958 Picardorum.

307 978 376 1018 (111)
395 977 471 1007 ltem
489 976 694 1007 consimiliter
713 977 752 1006 de
774 975 934 1016 magistris
955 982 986 1005 et
1003 975 1176 1005 scolaribus

265 1028 304 1056 de
315 1026 389 1056 villa
405 1027 444 1056 de
461 1025 621 1060 Heusden‚
639 1024 852 1066 Trajectensis
867 1025 1014 1055 diocesis.

306 1075 370 1115 (W)
393 1075 468 1105 Item
487 1074 694 1104 consimiliter
708 1075 745 1103 de
762 1073 904 1114 Trajecto
920 1074 1076 1114 superiori
1093 1080 1124 1104 et
1138 1075 1176 1103 de

265 1124 371 1154 Monte
385 1124 497 1154 Sancte
513 1123 718 1163 Ge[r]trudis‚
739 1123 923 1153 Leodiensis
940 1123 1087 1153 diocesis.

305 1172 351 1212 (V)
381 1173 456 1203 Item
479 1173 685 1203 consimiliter
708 1173 746 1202 de
773 1172 917 1202 omnibus
941 1172 1024 1202 villis
1047 1178 1077 1202 et
1099 1172 1177 1202 locis

265 1221 494 1252 circumvicinis
509 1222 735 1262 prenominatis
749 1221 832 1251 villis
844 1231 943 1261 usque
954 1222 992 1251 ad
1003 1221 1177 1261 predictum

265 1270 391 1301 fluvium
403 1271 534 1301 Mosam.

306 1320 368 1360 (VI)
390 1320 466 1350 item
479 1320 611 1349 intendit
624 1320 706 1349 dicta
720 1319 810 1349 nacio
825 1319 1029 1349 Picardorum
1043 1320 1177 1359 probare

265 1375 374 1399 contra
390 1369 502 1398 dictam
517 1369 677 1398 nacionem
696 1368 912 1408 Anglicorum‚
934 1370 1017 1408 quod
1039 1369 1107 1408 ipsa
1129 1375 1178 1398 est

266 1418 364 1447 adhuc
386 1418 417 1447 in
441 1418 580 1457 presenti
601 1424 742 1457 tempore
764 1418 795 1447 in
816 1418 1017 1457 possessione
1040 1417 1176 1447 omnium

265 1467 314 1497 vel
334 1467 467 1506 plurium
487 1467 708 1507 magistrorum
730 1473 761 1496 et
780 1466 947 1496 scolarium
969 1467 1006 1496 de
1026 1467 1175 1506 predictis

264 1515 348 1545 villis
372 1522 433 1545 tam
455 1515 620 1545 nominatis
645 1525 736 1555 quam
760 1514 988 1545 circumvicinis
1012 1526 1111 1556 usque
1138 1516 1176 1545 ad

267 1564 439 1604 predictum
453 1563 590 1594 fluvium.

305 1612 382 1653 (Vll)
412 1613 488 1643 item
514 1614 598 1653 quod
629 1613 656 1643 si
683 1613 824 1653 predicta
851 1614 941 1643 nacio
972 1613 1176 1654 Anglicorum

263 1661 385 1702 aliquos
403 1662 569 1702 magistros
588 1662 635 1692 vel
652 1662 790 1692 scolares
805 1663 843 1691 de
861 1662 923 1692 illis
936 1662 1020 1692 villis
1035 1669 1066 1692 et
1084 1663 1176 1702 parti-

264 1711 322 1740 bus
346 1711 386 1740 ad
407 1721 441 1740 se
468 1711 610 1747 traxerit,
636 1717 730 1751 prout
750 1711 860 1741 nititur
883 1712 982 1741 facere
1007 1712 1090 1741 omni
1112 1712 1174 1748 die,

264 1759 322 1790 hoc
347 1759 404 1790 suit
425 1759 617 1790 clandestine
643 1760 693 1790 vel
717 1761 821 1800 quasi,
848 1767 878 1790 et
904 1761 1067 1801 ignorante
1094 1761 1177 1791 dicta

263 1808 394 1838 nacione
415 1808 632 1845 Picardorum,
657 1819 717 1849 que
739 1809 797 1839 hoc
817 1809 918 1850 potuit
936 1816 1030 1849 prout
1049 1810 1121 1840 ferit
1143 1810 1175 1840 in

265 1867 339 1887 casu
354 1857 497 1898 predicto
514 1858 736 1888 universaliter
750 1859 908 1898 ignorare.

304 1906 399 1947 (VIII)
417 1906 492 1936 ltem
512 1908 596 1947 quod
618 1917 714 1947 super
726 1908 889 1947 premissis
905 1908 1124 1938 laboraverunt
1146 1915 1175 1938 et

264 1955 407 1985 laborant
424 1955 549 1995 publica
563 1966 625 1986 vox
640 1962 670 1986 et
689 1957 777 1986 fama.

305 2003 498 2044 (Conclusio).
530 2005 651 2042 Quibus
677 2005 841 2044 premissis
863 2006 1002 2036 articulis
1030 2006 1173 2046 probatis

263 2053 313 2083 vel
327 2053 498 2088 concessis,
515 2054 597 2083 dicte
612 2064 667 2083 sue
678 2055 848 2084 reverende
866 2055 954 2084 matri
971 2055 1174 2085 Universitati

265 2102 437 2132 Parisiensi
452 2108 504 2132 aut
516 2112 612 2142 super
629 2102 688 2132 boc
701 2103 858 2143 deputatis
874 2105 912 2133 ab
930 2105 1036 2134 eadem
1050 2104 1127 2144 petit
1145 2110 1175 2134 et

264 2150 419 2191 supplicat
435 2158 602 2180 memorata
624 2151 826 2182 Picardorum
844 2153 932 2182 nacio
952 2153 1098 2193 quatinus
1116 2164 1172 2193 per

263 2200 390 2229 eandem
412 2206 540 2229 matrem
560 2200 609 2230 vel
634 2201 798 2240 deputatos
819 2202 977 2241 predictos
996 2202 1171 2232 declaretur

264 2254 295 2278 et
309 2249 543 2288 pronuncietur‚
564 2259 621 2288 pro
637 2260 671 2279 se
690 2256 719 2279 et
734 2256 841 2280 contra
856 2251 1008 2281 dictorum
1023 2251 1174 2292 Anglico-

264 2307 331 2327 rum
351 2298 522 2333 nacionem,
540 2298 761 2338 proprietatem
777 2306 807 2329 et
826 2300 1058 2339 possessionem
1077 2301 1173 2330 dicto-

265 2356 334 2376 rum
360 2346 579 2387 magistrorum
604 2354 634 2377 et
659 2348 824 2378 scolarium
848 2349 886 2378 de
908 2349 985 2379 locis
1012 2350 1065 2388 [et]
1090 2350 1173 2380 villis

264 2395 452 2435 supradictis
477 2396 618 2426 Parisius
645 2397 841 2427 studentibus
865 2398 903 2427 ad
931 2408 964 2428 se
986 2399 1024 2428 ab
1046 2399 1172 2439 antiquo

263 2450 423 2484 spectasse
440 2451 471 2475 et
492 2455 573 2474 nunc
595 2452 738 2485 spectare
757 2447 795 2476 de
806 2445 878 2487 jure
895 2447 1022 2483 debere,
1042 2454 1073 2478 et
1090 2449 1172 2488 quod

264 2493 404 2534 magistri
422 2500 452 2523 et
471 2494 609 2524 scolares
632 2501 678 2524 tot
697 2502 773 2534 quot
792 2506 873 2525 nunc
895 2503 967 2526 sunt
988 2497 1026 2526 de
1046 2497 1124 2527 locis
1144 2504 1174 2527 et

263 2542 346 2572 villis
357 2542 521 2582 predictis,
541 2543 567 2573 si
583 2543 636 2583 qui
653 2544 716 2574 sint
728 2554 784 2584 per
797 2545 957 2575 nacionem
970 2546 1173 2586 Anglicorum

264 2590 407 2632 subjecti,
435 2591 571 2632 surrepti
605 2591 652 2622 et¹
682 2594 774 2622 amoti
809 2603 827 2623 a
854 2594 935 2624 dicta
969 2594 1171 2625 Picardorum

264 2640 404 2676 nacione,
423 2641 462 2670 ad
478 2651 544 2670 eam
560 2647 755 2671 revertantur
772 2648 802 2672 et
819 2643 931 2673 reverti
949 2650 1100 2684 cogantur
1117 2655 1174 2684 per

262 2688 375 2718 dictam
394 2690 594 2719 reverendam
612 2696 738 2721 matrem
761 2698 813 2721 aut
834 2691 901 2732 ejus
918 2693 1081 2732 deputatos
1103 2703 1172 2734 pre-

263 2737 375 2767 dictos.
400 2738 440 2768 Et
463 2739 592 2778 insuper
610 2738 687 2779 petit
707 2746 738 2770 et
756 2740 912 2781 supplicat
926 2741 1008 2771 dicta
1029 2742 1172 2773 Picardo-

264 2796 332 2816 rum
348 2786 421 2826 (Fal.
439 2789 478 2818 35
492 2787 516 2827 b)
537 2788 625 2818 nscio
640 2789 786 2828 quatinus
801 2790 862 2830 ipsi
883 2790 1004 2820 nacioni
1026 2791 1172 2831 Anglico-

296 2896 318 2920 1.
353 2898 443 2921 Postea
454 2905 498 2921 m.
511 2897 574 2922 add.
586 2898 694 2924 admoti.

296 2932 319 2955 2.
352 2932 473 2964 Sequitur
493 2932 535 2957 laic
562 2933 653 2958 cabula
668 2934 852 2967 geographie-a,
871 2944 948 2968 quam
964 2936 1170 2971 photographon

770 411 884 438 LIBER
904 409 1218 437 PROCURATORUM
1238 409 1419 436 NATIONIS
1437 410 1684 436 ANGLICANAE

1232 689 1249 715 5

1215 934 1249 960 10

1215 1179 1248 1206 15

1214 1423 1248 1450 20

1214 1667 1248 1694 25

1213 1913 1248 1939 30

1212 2157 1246 2184 35

1211 2403 1246 2429 40

1210 2653 1245 2679 45

2144 412 2195 438 214

1284 495 1352 515 rum
1384 485 1585 525 prohibeatur
1611 496 1650 515 ne
1679 487 1718 515 de
1749 493 1853 516 cetero
1880 487 1924 516 sic
1955 487 2105 517 terminos
2131 487 2198 527 ejus

1285 540 1393 564 contra
1413 534 1574 564 nacionem
1599 535 1803 564 Picardorum
1826 536 2003 575 transgredi
2026 544 2196 575 presumat,
2212 568 2221 580 0

1285 584 1340 613 sed
1359 583 1484 622 pacifice
1499 583 1658 623 permittat
1669 583 1829 613 nacionem
1845 584 2046 614 Picardorum
2062 586 2198 624 gaudere

1286 632 1352 662 suis
1377 632 1567 672 proprietate
1589 639 1619 662 et
1639 632 1842 672 possessione
1866 633 2015 672 predictis
2037 644 2136 673 usque
2158 635 2195 663 ad

1286 681 1460 721 predictum
1473 681 1598 711 fluvium
1612 681 1743 711 Mosam.

1326 729 1396 760 Non
1421 730 1599 770 astringens
1627 740 1661 759 se
1692 731 1774 760 dicta
1801 730 2003 760 Picardorum
2037 731 2125 761 nacio
2159 733 2198 761 ad

1286 779 1390 809 omnia
1415 778 1498 808 dicta
1523 780 1694 819 probanda,
1729 780 1785 808 sed
1818 780 1902 819 quod
1927 780 1987 809 sibi
2013 780 2136 810 valeant
2164 791 2200 810 ea

1286 838 1409 868 queque
1424 838 1483 868 que
1499 829 1537 857 de
1551 828 1701 868 predictis
1714 828 1828 867 poterit
1839 829 1984 868 probare,
1995 835 2025 858 et
2038 830 2196 868 probabit,

1286 884 1396 917 petens
1414 878 1453 906 ad
1469 877 1525 906 hec
1543 878 1704 917 probanda
1719 876 1874 907 admiuv.

1327 975 1399 1015 (Ποῖ.
1423 974 1473 1015 36)
1499 976 1574 1005 Item
1605 976 1710 1005 audito
1737 982 1881 1016 compoto
1914 976 2087 1016 receptoris
2117 978 2199 1016 apud

1287 1024 1432 1054 Sanctum
1461 1024 1650 1055 Maturinum
1676 1025 1726 1054 die
1745 1024 1853 1065 jovis³
1880 1031 1953 1065 post
1978 1026 2088 1055 festum
2116 1026 2197 1055 beati

1284 1073 1408 1109 Jacobi,
1431 1074 1582 1104 remansit
1601 1074 1756 1114 obligatus
1779 1074 1810 1103 in
1832 1074 1904 1104 Vlll
1923 1074 2013 1104 libris
2033 1085 2101 1104 cum
2124 1075 2199 1105 Xlll

1286 1123 1396 1152 solidis
1414 1129 1444 1152 et
1455 1123 1496 1152 VI
1511 1124 1660 1158 denariis,
1678 1130 1766 1153 scuto
1779 1123 1900 1153 valente
1916 1123 2042 1153 XXXVI
2059 1124 2117 1153 sol.

1345 1205 1612 1242 Responsiones
1638 1205 1804 1232 nacionis
1834 1205 2065 1243 Anglicorum
2091 1205 2139 1233 ad

1506 1254 1687 1282 articulos
1717 1254 1971 1282 Picardorum.

1325 1319 1373 1348 Ad
1394 1319 1566 1359 positiones
1589 1326 1619 1349 et
1639 1319 1787 1349 articulos
1810 1320 1910 1349 editos
1937 1326 1967 1350 et
1990 1320 2138 1350 formatos
2158 1331 2196 1350 ex

1284 1375 1371 1408 parte
1387 1368 1528 1398 nacionis
1544 1369 1746 1398 Picardorum
1759 1375 1867 1398 contra
1880 1369 2040 1398 nacionem
2051 1369 2196 1409 Anglica-

1285 1427 1354 1447 nam
1372 1418 1600 1457 protestacione
1618 1418 1772 1458 premissa
1786 1428 1823 1447 ex
1835 1425 1923 1458 parte
1939 1418 2039 1458 ipsius
2057 1419 2198 1449 nacionis

1284 1466 1498 1507 Anglicorum‚
1525 1467 1609 1506 quod
1630 1477 1687 1506 per
1707 1467 1932 1506 responsiones
1952 1477 2033 1497 nunc
2054 1468 2102 1497 vel
2122 1468 2198 1498 alias

1285 1516 1441 1545 faciendas
1471 1516 1588 1545 eisdem
1617 1526 1679 1545 non
1713 1516 1845 1545 intendit
1873 1516 1961 1545 nacio
1992 1516 2195 1556 Anglicorum

1284 1564 1431 1594 articulos
1453 1571 1484 1594 et
1507 1565 1680 1604 positiones
1703 1564 1878 1604 hujusmodi
1899 1566 2072 1604 approbare
2094 1576 2197 1605 ymmo

1286 1614 1389 1653 potius
1403 1615 1585 1654 reprobare,
1602 1624 1636 1643 ac
1652 1614 1743 1643 etiam
1759 1615 1798 1643 de
1819 1624 1926 1644 eorum
1945 1614 2150 1654 ineptitudine
2168 1622 2198 1645 et

1285 1662 1502 1692 insufficientia
1516 1663 1697 1703 protestari,
1714 1664 1884 1703 respondet
1897 1663 1965 1703 ipsa
1978 1664 2066 1693 nacio
2084 1664 2197 1705 Angli-

1285 1722 1360 1741 cana
1377 1722 1439 1741 non
1454 1712 1556 1741 animo
1572 1712 1656 1742 litem
1670 1713 1874 1747 contestandi,
1894 1713 1949 1742 sed
1967 1723 2060 1742 causa
2073 1713 2197 1743 satissa-

1285 1761 1386 1790 ciendi
1404 1771 1460 1800 per
1481 1761 1705 1801 responsiones
1727 1761 1848 1791 debitas
1871 1762 2004 1791 termino
2023 1772 2118 1801 super
2138 1762 2197 1792 hoc

1284 1810 1457 1849 assignato.

1325 1858 1442 1894 Primo,
1462 1860 1500 1888 ad
1517 1859 1647 1897 primum
1665 1859 1828 1889 articulum
1841 1861 2010 1899 respondet
2027 1860 2095 1900 ipsa
2106 1861 2195 1890 nacio

1283 1907 1487 1948 Anglicorum
1509 1909 1592 1948 quod
1615 1909 1821 1948 qualicunque
1844 1909 1947 1948 lingua
1971 1909 2137 1949 loquantur
2159 1920 2197 1939 ex

1284 1967 1344 1986 una
1360 1963 1446 1996 parte
1457 1957 1506 1987 vel
1517 1967 1554 1987 ex
1567 1964 1696 1997 utraque
1712 1957 1814 1998 ipsius
1827 1957 1911 1987 ssuvii
1926 1958 1975 1987 vel
1986 1958 2194 1998 qualicunque

1284 2006 1389 2046 lingua
1410 2005 1462 2035 ille
1486 2006 1597 2036 fluvius
1616 2007 1665 2037 vel
1688 2013 1792 2046 partes
1811 2007 1896 2037 illius
1919 2008 2128 2043 nominentur,
2150 2008 2195 2037 di-

1284 2055 1409 2084 stinctio
1423 2062 1568 2095 pretensa
1583 2066 1639 2095 per
1647 2056 1759 2086 dictam
1769 2057 1930 2086 nacionem
1942 2056 2145 2087 Picardorum
2157 2067 2195 2086 eo

1283 2105 1374 2134 modo
1396 2115 1458 2144 quo
1481 2105 1668 2145 proponitur
1687 2112 1718 2135 et
1736 2106 1774 2135 ad
1793 2106 1884 2135 finem
1909 2107 1947 2135 ad
1971 2116 2062 2146 quem
2085 2106 2195 2142 tendit,

1283 2163 1345 2183 non
1374 2159 1422 2183 est
1447 2164 1532 2189 vera,
1559 2154 1643 2184 salva
1667 2155 1846 2184 reverencia
1877 2155 2094 2195 proponentis,
2122 2166 2194 2195 ymo

1282 2202 1397 2232 veritas
1425 2213 1459 2232 se
1483 2202 1575 2233 babet
1596 2210 1743 2244 quantum
1768 2204 1806 2232 ad
1829 2204 2062 2234 distinctionem
2090 2205 2190 2244 ipsius

1282 2251 1367 2281 fluvii
1382 2258 1414 2281 et
1426 2251 1566 2282 villarum
1582 2262 1619 2282 eo
1632 2253 1736 2288 modo,
1755 2263 1817 2293 quo
1834 2253 1866 2282 in
1884 2253 1972 2283 sactis
1988 2253 2101 2292 positis
2116 2253 2193 2283 arti-

1283 2300 1361 2330 culis
1379 2307 1410 2330 et
1423 2301 1633 2341 positionibus
1649 2301 1730 2332 dicte
1746 2302 1886 2331 nacionis
1903 2302 2106 2342 Anglicorum
2123 2313 2194 2332 con-

1283 2349 1409 2385 tinetur,
1442 2356 1472 2380 et
1502 2351 1610 2380 eodem
1643 2352 1734 2380 modo
1763 2351 1877 2380 ibidem
1913 2358 2059 2381 contento
2094 2352 2195 2381 extitit

1283 2399 1492 2429 observatum.

1321 2447 1371 2478 Ad
1387 2449 1415 2478 ll
1434 2448 1477 2478 lll
1494 2448 1552 2478 llll
1568 2455 1597 2478 et
1616 2448 1643 2478 V
1663 2449 1812 2479 articulos
1827 2450 1997 2489 respondet
2020 2459 2076 2488 per
2099 2450 2190 2479 inter-

1282 2497 1474 2537 empcionem
1505 2504 1536 2527 et
1564 2499 1642 2528 sacta
1667 2499 1822 2528 contraria
1848 2499 2010 2538 proposita
2041 2509 2077 2528 ex
2106 2505 2192 2538 parte

1282 2556 1349 2582 sua,
1372 2556 1432 2586 que
1452 2546 1580 2576 affirmat
1600 2557 1670 2577 esse
1692 2558 1775 2582 vera,
1797 2554 1828 2577 et
1847 2558 1881 2577 ea
1899 2547 1989 2576 offert
2008 2548 2066 2577 sub
2084 2554 2191 2577 tenore

1282 2595 1396 2625 tradito
1410 2605 1443 2625 se
1458 2595 1594 2636 legitime
1613 2597 1824 2636 probaturam.

1321 2643 1371 2673 Ad
1392 2643 1432 2674 Vl
1455 2645 1617 2675 articulum
1636 2646 1806 2685 respondet
1827 2645 1896 2684 ipsa
1914 2645 2001 2674 nacio
2021 2645 2192 2685 Anglicana

1282 2703 1339 2734 per
1359 2694 1629 2734 interemptionem
1653 2694 1795 2724 similiter
1820 2701 1850 2724 et
1872 2695 1982 2723 factum
2003 2694 2191 2724 contrarium

1281 2743 1408 2773 evidens
1427 2749 1458 2773 et
1476 2743 1670 2773 manifestum
1688 2749 1781 2783 prout
1797 2743 1887 2772 oss'ert
1907 2754 1940 2772 se
1961 2743 2098 2783 legitime
2117 2754 2192 2783 pro-

1281 2792 1436 2828 baturam,
1464 2798 1494 2822 et
1519 2793 1602 2832 quod
1628 2793 1790 2832 possessio
1817 2802 1907 2832 quain
1939 2793 2094 2832 pretendit
2128 2802 2190 2822 non

1281 2906 1337 2927 arte
1348 2902 1506 2926 reddendam
1517 2903 1670 2926 curavimus.

1312 2938 1335 2962 3.
1371 2939 1383 2961 7
1397 2938 1468 2964 lucii.
