2632 3464
276 439 330 466 157

276 515 449 556 Anglicane
466 515 548 554 apud
566 513 710 543 Sanctum
729 511 884 542 Julianum
902 519 1070 550 pauperem
1090 518 1185 549 super

277 564 434 594 eleccione
469 562 680 604 procuratoris
713 561 868 595 facienda,
900 559 1095 589 continuatus
1129 557 1186 587 fuit

278 613 360 643 idem
374 613 524 653 magister
537 611 694 642 lohannes
709 611 748 640 de
762 609 869 640 Peblis
888 609 1000 639 Scotus
1017 608 1050 637 in
1069 617 1185 647 procu-

278 668 411 692 ratorem
427 660 564 702 ejusdem
584 659 724 690 nacionis
743 658 828 688 nullo
842 658 966 698 penitus
982 657 1183 692 reclamante,

277 709 310 740 in
325 710 412 750 cujus
426 709 640 750 procuratoris
654 713 720 738 acta
735 713 807 737 sunt
821 716 881 746 que
897 712 1054 736 secuntur.

318 759 353 789 ln
366 759 475 799 primis
490 757 609 798 incepit
620 756 764 786 dominus
779 755 933 785 Martinus
949 756 987 785 de
1004 753 1111 784 Bomel
1126 754 1185 783 sub

277 808 427 848 magistro
446 807 586 837 Johanne
609 806 647 835 de
668 804 824 840 Wesalia‚
848 803 935 844 cujus
959 804 1055 833 bursa
1076 802 1183 832 nichil.

318 857 394 887 ltem
406 854 621 886 determinavit
632 854 777 884 dominus
790 853 946 883 Henricus
959 852 1131 892 Scriptoris
1146 852 1185 881 de

279 905 378 936 clivis
397 906 455 936 sub
473 905 621 945 magistro
637 903 774 933 Henrico
791 903 830 932 de
852 902 967 938 Clivis,
984 901 1071 942 cujus
1091 902 1186 931 bursa

278 954 390 990 nichil,
413 954 486 994 quia
506 953 635 983 licencia
654 952 880 982 determinandi
903 961 1052 981 concessa
1077 951 1132 980 suit
1153 950 1186 980 in

278 1004 431 1034 facultate.

319 1053 394 1083 Item
412 1051 627 1082 determinavit
645 1050 789 1080 dominus
807 1049 962 1079 Arnaldus
978 1050 1016 1079 de
1038 1048 1184 1079 Stokhem

278 1103 337 1133 sub
349 1101 499 1142 magistro
511 1101 640 1130 Alberto
653 1101 692 1129 de
707 1099 852 1134 saxonia,
867 1098 954 1139 cujus
968 1100 1062 1128 bursa
1077 1098 1183 1127 nichil.

319 1151 394 1181 Item
407 1150 587 1180 licenciatus
599 1149 656 1179 suit
668 1155 698 1178 et
709 1147 826 1188 incepit
837 1148 981 1177 dominus
995 1147 1186 1177 Remboldus

277 1200 379 1230 dictus
395 1197 704 1238 Berchua(Berchem
713 1198 734 1237 Ρ)
751 1198 808 1227 sub
823 1196 973 1236 magistro
993 1196 1132 1226 Johanne
1148 1196 1185 1225 de

277 1248 430 1284 Wesalia,
442 1246 530 1288 cujus
542 1248 637 1277 bursa
650 1246 710 1277 1111
727 1246 799 1282 sol„
810 1246 863 1286 qui
878 1245 994 1286 juravit
1007 1255 1040 1275 se
1049 1245 1185 1275 satisfac-

278 1304 379 1328 turum
390 1307 481 1337 quam
490 1297 586 1326 cicius
604 1296 665 1326 sibi
681 1295 868 1326 successerit
885 1304 1037 1334 prospera
1052 1295 1184 1324 fortuna.

319 1347 394 1377 Item
414 1347 493 1376 facta
508 1345 755 1386 congregacione
776 1344 916 1374 nacionis
937 1345 1018 1384 apud
1041 1343 1186 1373 Sanctum

278 1396 432 1427 lulianum
446 1405 626 1435 pauperem,
642 1404 824 1424 concessum
837 1400 903 1423 erat
911 1394 948 1422 ab
957 1393 1100 1423 omnibus
1114 1402 1186 1422 una-

278 1445 414 1480 nimiter,
428 1444 511 1484 quod
526 1444 553 1474 si
566 1443 762 1483 contingeret
772 1443 907 1472 rotulum
923 1442 1001 1472 mitti
1016 1442 1055 1471 ad
1070 1442 1186 1472 curiam

278 1493 459 1529 Romanam,
475 1494 559 1533 quod
576 1493 724 1532 magister
742 1491 933 1522 Remboldus
949 1491 1184 1527 inscriberetur,

278 1544 351 1573 dato
365 1542 449 1583 quod
464 1548 548 1572 esset
562 1542 691 1577 absens,
708 1541 781 1571 dum
796 1547 897 1570 tamen
914 1546 1098 1580 procurator
1110 1550 1185 1570 suus

278 1592 402 1622 nomine
418 1591 466 1621 sui
482 1591 674 1620 satisfaceret
687 1590 802 1620 nuncio
817 1589 968 1619 nacionis.

318 1641 393 1671 ltem
426 1639 606 1670 licenciatus
638 1639 694 1669 fuit
725 1639 869 1668 dominus
902 1639 1116 1668 Theudoricus
1147 1639 1185 1668 de

279 1689 478 1721 Confluencia
500 1689 582 1729 apud
605 1688 750 1718 Nostram
775 1688 938 1718 Dominam
956 1688 1014 1717 sub
1035 1687 1186 1728 magistro

277 1739 418 1770 Johanne
433 1739 471 1769 de
487 1737 637 1773 Wesalia,
654 1736 741 1778 cujus
758 1738 854 1767 bursa
870 1737 930 1767 1111
947 1736 1050 1767 solidi.

319 1789 395 1818 item
424 1787 541 1828 incepit
571 1787 715 1816 dominus
743 1786 900 1816 lohannes
931 1787 969 1816 de
1001 1786 1101 1826 Aquis
1127 1786 1185 1816 sub

278 1839 399 1874 eodem,
415 1836 503 1878 cujus
517 1837 614 1866 bursa
629 1835 736 1866 nichil.

320 1887 395 1917 item
415 1885 596 1916 licenciatus
618 1885 675 1914 fuit
699 1885 782 1924 apud
803 1884 947 1914 Nostram
971 1885 1134 1914 Dominam
1156 1891 1186 1914 et

279 1936 396 1976 incepit
417 1935 560 1965 dominus
586 1933 743 1964 Johannes
765 1934 802 1963 de
825 1933 935 1963 Rode⁴
958 1934 1016 1963 sub
1036 1933 1186 1974 magistro

277 1984 418 2015 Johanne
433 1984 471 2014 de
485 1983 635 2018 Wesalia‚
649 1981 737 2022 cujus
752 1983 847 2012 bursa
863 1982 922 2012 1111
940 1982 1043 2012 solidi.

320 2033 395 2063 ltem
407 2033 587 2062 licenciatus
599 2032 656 2062 suit
667 2032 748 2072 apud
759 2031 904 2061 Nostram
916 2031 1077 2061 Dominam
1090 2032 1186 2060 domi-

278 2093 338 2112 nus
355 2081 455 2112 David
470 2082 509 2111 de
526 2081 661 2111 Cuiners
672 2079 684 2098 ²
697 2080 820 2116 Scotus,
839 2078 926 2120 cujus
937 2081 1032 2110 bursa
1045 2079 1105 2110 1111
1126 2079 1184 2109 sol.

685 2173 782 2203 1352

281 2244 524 2286 [Procuratio
555 2245 730 2286 magistri
760 2244 917 2275 Henrici
951 2246 993 2275 de
1029 2245 1185 2284 Clivis.]

318 2325 411 2356 Anno
424 2325 550 2356 Domini
563 2325 609 2355 Μο
619 2325 714 2356 000ο
724 2326 786 2361 52⁰,
800 2325 851 2355 die
862 2324 947 2366 jovis
959 2325 971 2345 ⁸
984 2332 1057 2366 post
1076 2327 1186 2356 festum

278 2374 411 2410 Pasche,
423 2375 502 2404 sacta
513 2374 760 2415 congregacione
769 2374 909 2404 nacionis
922 2374 1092 2415 Anglicane
1105 2376 1187 2415 apud

280 2423 425 2454 Sanctum
442 2423 597 2454 Julianum
614 2433 780 2463 pauperem
794 2433 890 2463 super
904 2423 1060 2454 eleccione
1076 2434 1186 2464 procu-

278 2472 394 2503 ratoris
422 2471 572 2507 facienda,
599 2471 716 2502 electus
743 2472 800 2502 fuit
819 2472 1017 2502 concorditer
1039 2473 1188 2513 magister

281 2520 436 2551 Henricus
451 2522 489 2551 de
505 2521 604 2552 Clivis
623 2521 655 2550 in
673 2527 905 2561 procuratorem
925 2520 1062 2561 ejusdem
1081 2522 1187 2552 nacio-

279 2570 341 2606 nis,
355 2570 386 2600 in
402 2569 489 2611 cujus
505 2570 720 2610 procuratorio
735 2577 803 2600 acta
817 2577 890 2600 sunt
903 2570 959 2600 hec
976 2581 1036 2611 que
1049 2581 1187 2611 sequun-

278 2625 341 2649 tur.

321 2667 427 2698 Primo
455 2667 628 2698 licentiatus
657 2668 713 2698 fuit
738 2669 820 2709 apud
850 2667 995 2698 Nostram
1025 2669 1186 2699 Dominam

280 2716 424 2747 dominus
443 2717 608 2747 Conradus
623 2717 662 2747 de
681 2717 833 2747 Gesekem
853 2718 912 2747 sub
931 2717 1080 2758 magistro
1100 2718 1187 2748 Hen-

279 2765 346 2795 rico
360 2765 399 2795 de
414 2764 531 2802 Minda,
548 2765 636 2806 cujus
651 2767 745 2796 bursa
763 2766 822 2796 1111
838 2766 896 2796 sol.

312 2857 335 2882 ί,
369 2858 415 2882 Ma.
425 2857 513 2890 pocius
526 2858 605 2883 node.

312 2893 334 2917 2
370 2893 423 2926 Qui
440 2893 511 2925 infra
521 2897 627 2919 uocatur
637 2894 670 2919 de
680 2894 824 2927 Coyguen,
838 2895 984 2928 Cngnorys.

313 2929 335 2952 s.
370 2929 400 2952 12
414 2929 519 2961 Aprilis.

311 2964 336 2988 4.
369 2965 400 2988 80
408 2964 512 2996 Aprilie.

780 435 894 463 LIBER
915 432 1230 462 PROCURATORUM
1249 431 1430 459 NATIONIS
1449 431 1693 458 ANGLICANAE

1225 953 1257 979 10

1224 1198 1258 1224 15

1223 1443 1258 1469 20

1223 1687 1257 1714 25

1223 1933 1258 1960 30

1224 2178 1259 2204 35

1225 2423 1259 2450 40

1224 2677 1259 2704 45

2146 433 2198 460 158

1334 507 1410 537 Item
1420 507 1601 537 licenciatus
1614 508 1670 537 fuit
1681 509 1763 547 apud
1776 508 1919 538 Nostram
1932 509 2092 539 Dominam
2103 511 2198 540 domi-

1292 566 1351 586 nus
1367 556 1525 586 Rubertus
1539 558 1576 586 de
1595 556 1700 586 Foulis
1717 557 1828 587 Scotus
1841 558 1898 586 sub
1914 559 2063 598 magistro
2074 559 2200 590 Galtero

1293 606 1331 635 de
1346 605 1538 640 Wardelaw‚
1555 604 1643 645 cujus
1656 606 1750 635 bursa
1762 607 1782 635 6
1795 606 1898 636 solidi.

1334 653 1409 684 Item
1431 655 1548 694 incepit
1566 654 1709 684 dominus
1729 655 1892 685 Conradus
1915 657 1953 686 de
1974 656 2125 687 Gesekem
2141 658 2199 687 suh

1293 703 1443 744 magistro
1455 703 1591 733 Henrico
1604 704 1642 733 de
1658 703 1789 744 Mynda,
1804 704 1891 745 cujus
1906 706 2001 735 bursa
2017 706 2076 736 1111
2093 707 2197 737 solidi.

1333 801 1425 831 Anno
1448 802 1572 832 Domini
1595 801 1641 832 Μο
1657 802 1753 833 CCC⁰
1774 804 2030 844 quinquagesimo
2052 807 2199 842 secundo,

1292 851 1402 892 vigilia
1413 850 1425 869 ⁴
1456 851 1595 892 Philippi
1634 859 1664 882 et
1697 852 1804 883 Jacobi
1840 855 1917 883 sacta
1953 856 2199 895 congregacione

1294 900 1435 930 nacionis
1467 900 1639 941 Anglicane
1677 912 1773 942 super
1808 902 1964 933 eleccione
1989 905 2201 943 procuratoris

1295 950 1442 985 facienda,
1460 950 1576 980 electus
1590 951 1646 981 fuit
1660 951 1691 981 in
1705 958 1936 991 procuratorem
1952 951 2090 992 ejusdem
2100 954 2201 984 nacio-

1293 998 1343 1029 nis
1356 1005 1387 1028 et
1401 1000 1596 1030 continuatus
1611 1001 1759 1041 magister
1772 1001 1926 1031 Henricus
1944 1003 1982 1031 de
1997 1002 2107 1032 clivis.

1333 1048 1423 1078 Anno
1451 1049 1575 1079 Domini
1608 1049 1813 1086 M⁰CCC⁰52⁰‚
1845 1051 1894 1081 die
1927 1052 2025 1082 sancti
2057 1052 2201 1083 Germani

1294 1097 1434 1138 episcopi
1446 1098 1470 1134 ³,
1495 1099 1571 1128 facta
1595 1100 1841 1140 congregacione
1864 1101 2003 1131 nacionis
2030 1101 2202 1142 Anglicane

1295 1156 1390 1186 super
1414 1148 1564 1177 electione
1591 1149 1802 1188 procuratoris
1828 1150 1976 1186 facienda,
2005 1151 2202 1182 continuatus

1295 1196 1351 1226 suit
1365 1196 1446 1226 idem
1466 1197 1615 1237 magister
1633 1197 1788 1228 Henricus
1806 1199 1844 1228 de
1861 1199 1958 1229 Clivis
1975 1199 2060 1229 nullo
2075 1201 2200 1240 penitus

1294 1245 1494 1281 reclamante,
1511 1246 1543 1276 in
1558 1245 1645 1286 cujus
1660 1248 1876 1286 procuratorio
1891 1249 1968 1278 facta
1983 1256 2055 1279 sunt
2070 1249 2126 1279 hec
2142 1261 2202 1290 que

1295 1301 1479 1334 sequuntur.

1336 1343 1370 1373 In
1387 1345 1495 1383 primis
1506 1346 1583 1375 sacta
1594 1347 1840 1386 congregacione
1855 1347 1994 1377 nacionis
2010 1349 2089 1388 apud
2107 1350 2203 1379 Sanc-

1294 1398 1357 1422 tum
1371 1393 1387 1421 J
1392 1393 1525 1423 ulianum
1538 1404 1716 1434 pauperem.
1732 1396 1920 1435 supplicavit
1934 1398 2083 1437 magister
2090 1398 2203 1428 Johan-

1295 1452 1351 1471 nes
1364 1443 1402 1471 de
1412 1442 1563 1478 Wesalia,
1574 1445 1657 1483 quod
1669 1451 1834 1485 postquam
1849 1447 1981 1476 nuncius
1995 1447 2051 1476 suit
2063 1448 2202 1478 nacionis

1294 1490 1466 1531 Anglicane
1481 1493 1519 1521 ad
1534 1493 1650 1522 curiam
1663 1493 1832 1524 Romanam
1845 1505 1914 1524 cum
1927 1495 2029 1525 rotulo
2043 1496 2202 1527 Universi-

1294 1540 1377 1576 tatis,
1392 1547 1422 1570 et
1435 1541 1548 1571 multos
1558 1541 1681 1572 labores
1694 1543 1842 1574 sustinuit
1853 1551 1883 1574 et
1894 1555 2022 1585 magnas
2035 1556 2200 1586 expensas,

1294 1595 1327 1619 ut
1341 1590 1472 1628 pecunia
1487 1590 1547 1620 sibi
1562 1601 1580 1620 a
1595 1591 1722 1621 nacione
1740 1592 1835 1622 missa
1850 1600 1880 1622 et
1894 1594 1965 1623 data
1983 1595 2021 1623 ad
2037 1595 2152 1625 curiam
2166 1606 2202 1625 eo

1294 1644 1432 1678 tempore
1444 1650 1505 1679 quo
1515 1640 1570 1670 fuit
1577 1641 1708 1670 nuncius
1720 1648 1950 1681 computaretur
1957 1649 1988 1673 et
1996 1644 2201 1674 defalcaretur

1295 1687 1355 1717 sibi
1374 1697 1433 1727 pro
1457 1689 1638 1728 regentibus
1659 1690 1852 1726 inrotulatis,
1879 1698 1909 1721 et
1932 1702 1994 1721 non
2012 1693 2049 1722 de
2074 1694 2202 1733 triginta

1295 1737 1392 1766 scutis
1418 1737 1481 1767 illis
1493 1737 1505 1755 ⁶
1531 1748 1591 1778 que
1615 1738 1704 1768 nacio
1736 1739 1797 1769 sibi
1822 1741 1979 1771 concessit
2005 1744 2202 1782 postmodum

1294 1786 1448 1826 graciose.
1474 1787 1513 1816 Et
1530 1798 1711 1818 concessum
1736 1789 1793 1819 fuit
1814 1789 1874 1819 sibi
1899 1792 2096 1821 concorditer
2118 1793 2203 1822 nullo

1293 1835 1418 1876 penitus
1432 1836 1626 1867 reclamante.

1335 1884 1410 1915 Item
1443 1886 1551 1915 eodem
1581 1892 1720 1926 tempore
1755 1898 1937 1918 concessum
1967 1890 2023 1919 suit
2053 1892 2202 1931 magistro

1293 1933 1423 1964 Alberto
1439 1935 1476 1964 de
1493 1934 1627 1965 Saxonia
1642 1943 1672 1966 et
1686 1936 1836 1976 magistro
1850 1937 2035 1975 Wesekino,
2050 1941 2133 1979 quod
2149 1941 2201 1970 lit-

1294 1989 1360 2013 tere
1372 1985 1410 2013 ab
1427 1984 1472 2014 eis
1486 1984 1587 2015 habite
1601 1991 1632 2015 et
1644 1986 1755 2015 tradite
1770 1996 1866 2026 super
1878 1986 1927 2017 his
1942 1998 2002 2028 que
2016 1990 2202 2020 tenebantur

1294 2033 1429 2069 nacioni,
1446 2034 1652 2064 redderentur
1664 2035 1720 2071 eis,
1738 2041 1767 2065 et
1782 2036 1940 2066 solverent
1952 2038 2074 2067 nacioni
2088 2046 2203 2078 quanto

1295 2081 1392 2112 cicius
1407 2083 1544 2122 potuerit
1559 2084 1712 2123 expedite.

1336 2131 1412 2161 Item
1443 2132 1560 2172 incepit
1587 2133 1730 2163 dominus
1756 2133 1929 2174 Reymarus
1958 2137 1995 2165 de
2025 2136 2119 2166 Brula
2146 2139 2203 2167 sub

1295 2181 1445 2220 magistro
1462 2181 1602 2211 Johanne
1620 2184 1656 2212 de
1672 2183 1827 2219 Wesalia,
1845 2183 1931 2224 cujus
1950 2185 2045 2215 bursa
2063 2186 2122 2216 1111
2141 2187 2199 2216 sol.

1336 2229 1411 2260 ltem
1433 2230 1551 2271 incepit
1567 2231 1711 2261 dominus
1734 2233 1930 2263 Harmannus
1948 2234 2035 2264 Civis
2057 2235 2095 2265 de
2114 2236 2203 2266 Swe-

1295 2279 1345 2309 via
1363 2280 1422 2309 sub
1436 2280 1586 2320 magistro
1600 2279 1778 2311 Hermanno
1793 2283 1831 2312 de
1847 2282 1992 2319 Rotwiel,
2009 2283 2096 2324 cujus
2108 2285 2203 2315 bursa

1296 2328 1403 2359 nichil.

1703 2424 1801 2454 1352

1366 2494 1605 2534 [Procuratio
1641 2496 1814 2536 magistri
1854 2497 2055 2527 Hermanni
2093 2499 2135 2528 de

1663 2545 1835 2585 Rotwil.]

1337 2625 1409 2664 (Fal.
1428 2627 1466 2655 18
1479 2625 1505 2666 l³)
1518 2625 1609 2656 Anno
1619 2626 1743 2656 Domini
1756 2627 1843 2662 1352,
1858 2627 1907 2656 die
1917 2627 2071 2657 dominica
2081 2628 2112 2657 in
2122 2629 2201 2658 sesto

1295 2674 1376 2704 beati
1393 2674 1544 2705 lobannis
1560 2674 1700 2715 Baptiste
1710 2675 1733 2711 ⁷,
1754 2676 1831 2705 facta
1843 2676 2089 2716 congregacione
2102 2678 2203 2707 nacio—

1295 2723 1346 2753 nis
1378 2723 1549 2764 Anglicane
1582 2725 1662 2764 apud
1703 2725 1846 2754 Sanctum
1883 2725 2070 2755 Maturinum
2106 2736 2202 2766 super

1295 2772 1446 2803 electione
1464 2774 1677 2813 procuratoris
1695 2774 1845 2809 facienda,
1867 2774 1983 2804 electus
2001 2775 2056 2805 suit
2076 2775 2106 2804 in
2127 2786 2204 2815 pro-

1327 2862 1348 2885 5.
1384 2862 1414 2885 28
1427 2861 1498 2885 Maii.

1326 2898 1350 2921 6.
1389 2896 1443 2921 rid.
1456 2905 1544 2929 cupra,
1555 2905 1580 2929 p.
1597 2898 1650 2926 146,
1660 2898 1697 2921 25.

1327 2933 1350 2956 7.
1382 2933 1412 2957 22
1422 2932 1502 2957 lunii.
