2632 3464
289 424 343 451 105

289 506 390 531 tarum
408 501 440 530 in
457 501 536 531 cista
556 501 694 542 ejusdem
713 501 796 542 apud
816 500 960 530 Sanctum
981 500 1125 530 Cosmam
1143 500 1201 529 sub

292 559 382 579 manu
398 550 521 589 publica
538 551 649 580 factum
667 551 698 580 in
715 560 817 580 arcam
834 549 974 579 nacionis
993 549 1202 588 reponebatur

289 600 372 639 apud
384 599 530 629 Sanctum
540 599 738 629 Maturinum.

333 648 407 678 Item
432 648 534 678 dictus
556 654 742 688 procurator
764 647 820 677 XX
839 647 1002 677 cathedras
1022 652 1164 686 receptas
1184 656 1202 675 a

288 695 421 726 Jaketo⁴
451 696 574 726 hedello
595 695 783 725 Gallicorum
810 705 848 725 ex
871 701 959 735 parte
979 695 1200 725 Universitatis

291 746 416 775 nomine
433 745 573 775 nacionis
590 744 622 774 in
638 754 740 774 arcam
756 744 897 784 reposuit
910 744 1106 774 antedictam.

332 794 406 824 Item
427 793 469 824 vl
491 799 578 823 scuta
595 803 614 822 a
632 799 754 823 rectore
775 799 901 832 recepta
918 793 1041 822 nomine
1059 793 1200 823 nacionis

289 852 329 872 ex
347 849 436 882 parte
454 842 574 872 abbatis
599 842 698 872 sancti
719 841 866 871 Germani
884 842 916 871 in
937 851 1038 871 arcam
1059 842 1200 881 reposuit

291 891 513 931 supradictam.

332 939 406 970 Item
434 939 492 969 XII
520 939 569 969 die
596 939 713 968 mensis
746 939 866 978 Aprilis
899 946 1067 969 convocata
1093 940 1199 968 eadem

291 988 420 1018 nacione
435 988 577 1018 ordinata
594 989 714 1018 fuerant
729 987 903 1027 juramenta
925 988 1149 1018 bacalariorum
1168 988 1199 1017 in

289 1037 420 1072 artibus,
434 1037 697 1067 licenciandorum
712 1043 743 1067 et
757 1037 1032 1067 determinancium
1045 1037 1077 1066 in
1095 1036 1199 1078 hujus-

290 1086 373 1116 modi
386 1085 527 1116 facultate
537 1085 563 1121 ²,

331 1134 406 1165 Item
418 1134 431 1153 ⁸
445 1135 478 1164 in
493 1136 599 1165 eadem
615 1135 863 1175 congregacione
882 1136 979 1165 fuerat
996 1136 1199 1166 deliberatum

288 1185 374 1225 quod
391 1194 499 1214 omnes
514 1183 658 1224 bacalarij
673 1185 727 1225 qui
737 1185 826 1214 vadia
838 1195 893 1215 sua
908 1185 1022 1215 vellent
1033 1186 1197 1225 redimere,

289 1234 444 1274 receptori
459 1234 569 1264 darent
585 1240 698 1263 tantam
715 1244 863 1264 summam
876 1241 906 1264 et
921 1235 1093 1264 consimilis
1112 1234 1200 1264 valo-

290 1283 335 1313 ris
358 1283 522 1313 referendo
539 1284 578 1312 ad
597 1282 732 1313 florenos
751 1283 800 1313 vel
821 1284 860 1313 ad
882 1284 1027 1324 antiquos
1050 1294 1197 1324 grossos,

289 1339 424 1372 quantus
446 1339 512 1362 erat
529 1332 617 1362 valor
636 1332 667 1361 in
691 1332 818 1362 florenis
840 1332 924 1362 illius
947 1333 1077 1372 pecunie
1096 1334 1199 1362 debite

289 1387 430 1421 tempore
452 1391 514 1421 quo
535 1381 625 1412 vadia
649 1381 771 1411 illorum
802 1382 1034 1422 recipiebantur
1055 1389 1107 1412 aut
1132 1383 1199 1412 dari

289 1431 560 1470 promittebantur.
576 1431 617 1461 ita
632 1431 716 1470 quod
729 1431 755 1460 si
771 1430 907 1461 florenus
923 1437 995 1461 tunc
1006 1431 1063 1461 XII
1080 1431 1199 1462 solidos

288 1480 399 1515 valuit,
423 1486 453 1510 et
480 1480 538 1510 XII
563 1480 621 1509 sol.
649 1479 810 1514 florenum,
836 1481 919 1519 quod
942 1490 1022 1510 nunc
1049 1481 1199 1510 florenum

288 1539 347 1569 pro
359 1529 415 1559 XII
430 1529 541 1559 solidis
555 1529 697 1563 reddant,
713 1534 742 1558 et
757 1528 784 1557 si
799 1528 935 1558 florenus
949 1535 1020 1558 tunc
1033 1530 1129 1559 valuit
1144 1530 1199 1559 XL

287 1577 394 1614 solid„
416 1579 500 1618 quod
519 1577 615 1608 eciam
637 1587 695 1617 pro
713 1577 766 1607 XL
783 1577 894 1607 solidis
912 1579 1059 1614 reddant,
1077 1586 1107 1609 et
1122 1590 1199 1609 con-

287 1626 432 1657 similiter
454 1627 492 1656 de
517 1626 656 1667 qualibet
679 1626 738 1656 alia
762 1633 882 1656 moneta
902 1625 1082 1666 judicando.
1112 1628 1198 1658 Hanc

288 1676 383 1706 eciam
391 1676 623 1705 ordinacionem
634 1675 666 1704 in
675 1675 756 1705 dicta
767 1676 1016 1716 congregacione
1025 1683 1199 1708 statuerunt

286 1732 319 1755 et
332 1735 391 1765 pro
405 1731 519 1755 statuto
536 1725 747 1754 limitaverunt
761 1724 792 1754 in
810 1726 942 1755 futurum
959 1726 1195 1757 observandam.

329 1774 405 1804 Item
421 1774 555 1804 admissa
565 1774 624 1804 suit
638 1774 831 1813 computacio
845 1774 920 1803 dicti
932 1777 1144 1814 procuratoris
1160 1777 1198 1806 de

285 1823 418 1864 pecunia
433 1823 464 1853 in
480 1823 541 1853 alio
558 1833 639 1853 anno
650 1834 667 1852 a
678 1823 842 1853 bacalariis
853 1823 884 1852 in
900 1830 1006 1853 sancta
1016 1824 1198 1865 Genophefa

287 1873 459 1903 licenciatis
479 1879 605 1912 recepta
621 1872 745 1902 nomine
760 1872 913 1907 nacionis,
933 1873 979 1902 sic
996 1875 1079 1914 quod
1098 1875 1196 1905 solum

285 1922 368 1952 dicte
383 1921 506 1951 nacioni
520 1922 551 1951 in
564 1932 625 1951 uno
640 1931 754 1962 grosso
769 1922 942 1958 turonensi,
956 1933 1045 1962 quem
1056 1923 1087 1952 in
1096 1934 1198 1954 arcam

288 1971 441 2012 reposuit,
458 1970 655 2011 obligabatur
672 1970 754 2001 dicte
771 1971 905 2001 nacioni.

329 2020 404 2050 Item
433 2019 474 2049 Vl
506 2020 615 2050 floreni
648 2020 756 2050 Jaketo
782 2021 905 2051 bedello
929 2031 986 2061 pro
1010 2022 1116 2052 labore
1141 2033 1198 2053 suo

286 2070 366 2100 sacto
381 2069 413 2098 in
429 2069 515 2099 curia
530 2069 669 2099 Romana
682 2080 741 2110 per
757 2070 917 2099 nacionem
935 2072 1195 2102 concedebantur.

329 2119 403 2148 Item
422 2118 572 2158 magistro
589 2117 784 2148 Theoderico
805 2119 844 2148 de
864 2119 946 2149 Foro
964 2121 1118 2160 receptori
1140 2131 1198 2161 pro

287 2177 367 2208 pena
381 2174 411 2197 et
426 2167 531 2197 labore
549 2177 606 2197 suo
618 2167 672 2197 XL
689 2168 782 2197 solidi
796 2169 1056 2199 concedebantur.

328 2216 402 2246 Item
417 2216 490 2256 quia
505 2215 600 2246 clavis
615 2217 693 2246 ciste
706 2216 847 2246 nacionis
860 2218 941 2256 apud
958 2217 1103 2248 Sanctum
1120 2219 1197 2250 Cos-

286 2275 364 2295 mam
382 2266 505 2301 situate,
523 2265 554 2295 in
571 2275 631 2305 qua
648 2275 700 2296 res
718 2272 748 2295 et
759 2265 873 2305 jocalia
891 2266 985 2296 cultui
1002 2267 1108 2298 divino
1124 2279 1197 2308 pre-

284 2321 392 2356 parata
407 2314 640 2350 claudebantur,
660 2315 824 2345 sufficienti
842 2315 1009 2355 diligencia
1035 2317 1198 2357 prehabita

285 2363 410 2393 minime
430 2369 553 2403 poterat
574 2363 719 2403 reperiri,
746 2364 931 2394 deliberavit
951 2365 1032 2395 dicta
1050 2367 1139 2396 nacio
1158 2368 1197 2397 ad

283 2412 388 2448 finem,
403 2422 441 2442 ne
457 2418 673 2452 putrescerent
688 2422 739 2442 res
760 2412 811 2442 ille
829 2419 859 2443 et
876 2424 914 2443 ne
934 2414 1159 2446 frustrarentur
1180 2427 1198 2446 a

285 2462 346 2491 fine
358 2461 475 2497 debito,
492 2471 593 2491 seram
609 2463 766 2502 antiquam
786 2462 870 2492 illius
889 2473 959 2493 arce
979 2464 1044 2494 fore
1060 2465 1197 2495 disrum-

284 2511 429 2552 pendam,
449 2517 479 2541 et
491 2512 576 2551 quod
587 2511 697 2541 fierent
711 2512 770 2541 due
788 2522 867 2542 nove
885 2522 955 2542 sere
968 2513 1082 2552 quibus
1098 2515 1196 2545 firma-

286 2566 372 2590 retur
393 2560 475 2590 dicta
498 2560 586 2596 cista,
616 2570 673 2600 pro
697 2561 811 2600 quibus
835 2561 924 2591 nacio
956 2563 1101 2602 exposuit
1125 2563 1197 2594 XIX

284 2609 421 2644 solidos,
437 2608 555 2639 floreno
569 2608 655 2639 XVII
675 2609 794 2639 solidos
812 2616 884 2639 tunc
901 2610 1038 2646 valente,
1056 2611 1096 2641 ita
1111 2613 1196 2652 quod

282 2658 323 2688 ad
340 2657 486 2698 majorem
504 2658 674 2688 custodiam
688 2669 791 2689 rerum
807 2659 926 2690 illarum
942 2660 1102 2690 exstiterat
1117 2662 1196 2691 deli-

285 2707 424 2737 beratum
442 2707 526 2747 quod
545 2713 670 2738 curatus
688 2708 819 2738 ecclesie
839 2715 1015 2738 sanctorum
1038 2710 1144 2740 Cosmi
1167 2717 1198 2741 et

286 2755 444 2791 Damiani,
477 2766 539 2786 non
563 2762 663 2786 tamen
696 2763 839 2797 tanquam
868 2756 998 2797 alicujus
1028 2768 1196 2798 possessor

284 2814 387 2835 rerum
420 2805 451 2835 in
477 2815 550 2835 arca
573 2811 796 2842 contentarum,
823 2813 871 2837 set
894 2812 1038 2847 tanquam
1069 2807 1195 2849 majoris

317 2911 340 2935 t.
373 2911 393 2935 Ι.
407 2919 428 2935 e.
442 2911 539 2936 Iacobo
548 2912 581 2936 de
595 2912 744 2938 ravillinne.

316 2948 340 2972 2.
378 2948 432 2973 Via.
447 2948 511 2973 haec
518 2951 668 2982 juramenta
679 2951 706 2975 in
719 2951 838 2976 Chartul.
851 2951 972 2977 Univern.
987 2952 1020 2981 ll,
1035 2961 1061 2985 p.
1075 2954 1194 2979 672-090.

795 425 908 451 LIBER
930 422 1245 451 PROCURATORUM
1265 422 1446 448 NATIONIS
1466 422 1712 448 ANGLICANAE

1238 943 1272 970 10

1238 1191 1271 1218 15

1237 1438 1271 1464 20

1236 1684 1270 1710 25

1235 1930 1270 1956 30

1235 2175 1269 2202 35

1235 2422 1269 2448 40

1234 2667 1268 2694 45

2169 424 2221 449 106

1310 498 1444 527 custodii
1471 497 1603 537 adjutor,
1629 509 1718 528 unam
1746 498 1862 527 clavem
1896 505 2019 538 gereret
2049 500 2086 527 ad
2120 510 2220 528 arcam

1310 547 1529 586 supradictam,
1543 557 1633 586 quam
1649 548 1743 576 eciam
1757 547 1845 576 nacio
1856 547 1916 576 sibi
1929 547 2055 586 propria
2065 548 2221 577 voluntate

1309 596 1438 625 tradidit
1453 596 1550 625 forma
1565 596 1754 635 supradicta.

1352 645 1426 674 Item
1458 645 1607 684 magistro
1635 645 1767 674 Johanni
1790 646 1827 674 de
1851 644 1991 674 Wesalia
2021 644 2103 674 XXX
2129 645 2221 674 solidi

1310 695 1570 724 concedebantur.

1351 743 1425 772 Item
1441 743 1591 783 magistro
1611 743 1736 772 Galtero
1754 743 1792 772 de
1815 743 1886 772 Dun
1908 742 1975 778 XX,
1995 749 2025 772 et
2045 742 2100 772 XX
2123 743 2224 782 magi-

1310 798 1376 821 stro
1395 792 1527 821 Johanni
1548 793 1586 821 de
1607 792 1774 832 Friburgo,
1795 792 1839 821 sic
1858 798 1959 821 tamen
1977 792 2061 831 quod
2076 792 2222 831 primitus

1309 841 1459 881 magistro
1470 841 1618 871 Gotsrido'
1626 841 1685 870 1111
1698 841 1806 870 ssoreni
1818 842 1855 870 ab
1868 841 1996 880 antiquo
2007 841 2068 870 sihi
2080 841 2221 870 concessi

1309 896 1378 920 ante
1392 891 1495 920 omnia
1510 891 1608 920 libere
1624 891 1830 920 solverentur.

1350 939 1424 970 Item
1439 940 1470 969 in
1481 941 1586 969 eadem
1599 939 1848 980 congregacione
1859 945 1966 968 vocato
1979 939 1994 968 J
1999 939 2087 968 aketo
2100 939 2222 968 bedello

1308 990 1347 1018 ad
1375 991 1615 1028 computandum
1645 990 1683 1019 de
1705 989 1837 1028 pecunia
1867 988 1927 1018 sibi
1959 988 2071 1017 tradita
2098 988 2221 1017 nomine

1308 1039 1460 1074 nacionis,
1479 1045 1655 1079 compotum
1671 1038 1809 1068 reddidit
1824 1038 1855 1067 in
1871 1038 1953 1067 hunc
1967 1039 2103 1072 modum,
2121 1037 2221 1077 primo

1309 1098 1364 1117 sex
1379 1088 1515 1118 florenos
1537 1098 1594 1128 pro
1615 1088 1796 1118 redimendo
1818 1087 1983 1127 privilegio
2000 1086 2221 1116 Universitatis

1309 1138 1514 1177 computavit;
1546 1138 1617 1167 item
1649 1148 1739 1167 unam
1775 1137 1950 1166 cathedram
1981 1146 2040 1176 pro
2072 1136 2221 1176 magistro

1309 1187 1467 1217 Cristiano
1482 1187 1626 1227 exposuit
1640 1188 1678 1216 ad
1693 1187 1874 1216 solvendum
1891 1196 2044 1225 expensas
2061 1196 2118 1225 pro
2134 1191 2222 1224 parte

1309 1246 1365 1266 sua
1388 1237 1419 1266 in
1451 1237 1582 1276 prandio
1614 1237 1697 1276 quod
1728 1237 1864 1265 fecerant
1890 1235 1921 1264 in
1950 1235 2006 1264 hac
2032 1234 2222 1264 sublevanda

1307 1286 1441 1326 pecunia
1455 1285 1610 1325 deputati;
1630 1286 1702 1315 item
1723 1285 1870 1314 florenum
1891 1284 2037 1324 exposuit
2055 1294 2114 1323 pro
2138 1283 2221 1313 bulla

1308 1335 1493 1365 nunciorum
1517 1341 1547 1364 et
1570 1334 1729 1374 antiquum
1754 1344 1918 1374 grossum;
1945 1340 1975 1362 et
2001 1333 2159 1362 residuum
2186 1342 2220 1362 se

1309 1385 1386 1414 dixit
1407 1385 1438 1413 in
1458 1385 1591 1423 quodam
1609 1383 1772 1424 gentaculo
1792 1383 1976 1412 nunciorum
1998 1381 2220 1412 Universitatis

1309 1441 1339 1463 et
1354 1434 1547 1473 quorundam
1565 1433 1782 1472 deputatorum
1797 1432 1934 1462 totaliter
1949 1431 2136 1470 expendisse
2146 1454 2153 1466 ‚
2174 1431 2220 1460 sic

1309 1484 1392 1523 quod
1425 1483 1547 1522 precise
1579 1482 1639 1511 sibi
1666 1487 1880 1510 remanserant
1909 1491 1963 1510 sex
1995 1487 2081 1510 scuta
2110 1487 2140 1509 et
2165 1479 2221 1509 XX

1309 1532 1465 1566 cathedre,
1476 1532 1514 1561 de
1526 1531 1639 1571 quibus
1648 1530 1844 1571 procuratori
1857 1530 1995 1559 nacionis
2007 1529 2130 1558 nomine
2141 1528 2220 1568 ejus-

1308 1582 1378 1611 dem
1395 1581 1530 1610 totaliter
1545 1587 1575 1609 et
1592 1580 1690 1609 libere
1710 1579 1869 1608 satisfecit.

1349 1630 1424 1659 Item
1439 1629 1594 1659 ordinavit
1611 1629 1693 1658 dicta
1711 1629 1800 1658 nacio
1824 1629 1906 1668 quod
1926 1628 2057 1667 quilibet
2076 1633 2221 1666 receptor

1307 1690 1365 1720 pro
1381 1686 1520 1719 tempore
1534 1677 1697 1708 bacalariis
1713 1677 1914 1707 licenciandis
1933 1687 1987 1706 seu
2003 1676 2099 1705 eciam
2114 1677 2220 1705 deter-

1307 1729 1425 1758 minare
1452 1728 1502 1757 vel
1528 1728 1665 1767 incipere
1687 1726 1876 1762 volentibus,
1902 1727 1940 1755 de
1966 1726 2057 1755 modo
2082 1724 2219 1765 ponendi

1306 1779 1396 1809 vadia
1418 1778 1476 1807 hoc
1496 1783 1601 1806 narret
1625 1783 1770 1806 statutum
1790 1782 2016 1816 prenarratum.
2039 1781 2068 1804 et
2090 1774 2220 1804 nichilo-

1307 1829 1408 1858 minus
1419 1825 1729 1867 procuratorijurent
1743 1825 1919 1865 hujusmodi
1931 1823 2088 1859 bacalarii‚
2106 1823 2132 1853 si
2149 1834 2219 1853 con-

1306 1878 1406 1918 tingat
1427 1877 1511 1916 quod
1534 1875 1625 1905 vadia
1652 1875 1825 1915 posuerint,
1855 1874 1926 1904 huic
1951 1879 2064 1903 statuto
2093 1873 2216 1912 penitus

1307 1927 1446 1957 obedire.

1348 1976 1423 2005 Item
1440 1974 1673 2014 computacione
1691 1974 1769 2003 sacta
1786 1973 1824 2002 de
1842 1972 1973 2012 pecunia
1994 1971 2218 2001 bacalariorum

1306 2026 1339 2055 in
1351 2025 1412 2055 alio
1430 2035 1510 2054 anno
1524 2023 1755 2054 licenciatorum
1774 2023 1806 2052 in
1823 2022 1935 2051 Sancta
1954 2021 2103 2051 Genosesa
2124 2020 2219 2060 magi-

1307 2081 1372 2105 ster
1385 2073 1529 2104 Galterus
1549 2073 1587 2102 de
1601 2072 1790 2111 Warderlay
1806 2081 1899 2100 unum
1918 2077 2038 2100 scutum
2056 2070 2094 2098 de
2115 2068 2219 2109 hujus-

1306 2123 1390 2153 modi
1408 2123 1540 2163 pecunia
1553 2121 1717 2151 tenebatur
1732 2121 1897 2150 refundere
1911 2119 2044 2148 nacioni.

1347 2172 1422 2202 Item
1444 2171 1624 2200 licenciatus
1641 2170 1698 2199 fuit
1715 2170 1752 2198 ad
1772 2169 1916 2199 Nostram
1937 2168 2098 2197 Dominam
2117 2166 2218 2196 domi-

1306 2231 1365 2251 nus
1395 2220 1551 2250 Henricus
1583 2219 1621 2248 de
1646 2218 1753 2248 Minda
1786 2218 1957 2248 Almannus
1985 2217 2042 2246 sub
2068 2215 2218 2255 magistro

1305 2270 1448 2300 Waltero
1466 2270 1504 2298 de
1519 2267 1702 2303 Wardelau‚
1719 2266 1807 2307 cujus
1823 2267 1918 2296 bursa
1938 2266 1996 2295 1111
2014 2265 2117 2294 solidi.

1348 2319 1422 2349 Item
1441 2318 1621 2348 licenciatus
1638 2317 1694 2347 suit
1711 2317 1749 2346 ad
1768 2316 1912 2346 Nostram
1931 2314 2093 2344 Dominam
2117 2313 2218 2342 domi-

1305 2379 1364 2398 nus
1393 2368 1575 2398 Conrardus
1603 2367 1641 2396 de
1671 2365 1792 2395 Swecia
1820 2365 1877 2394 sub
1906 2364 2056 2403 magistro
2078 2362 2216 2398 Andrea,

1306 2416 1393 2456 cujus
1411 2418 1507 2447 bursa
1521 2415 1578 2445 Vll
1595 2415 1700 2445 solidi.

1347 2467 1422 2496 Item
1444 2465 1601 2495 ordinavit
1624 2465 1725 2499 nacio,
1752 2464 1834 2504 quod
1860 2463 1898 2492 de
1922 2462 2053 2502 pecunia
2075 2461 2216 2500 magistri

1306 2515 1478 2547 Christiani
1499 2514 1588 2544 nacio
1608 2513 1723 2543 nullam
1743 2518 1927 2553 potestatem
1951 2511 2079 2540 haberet
2104 2510 2140 2539 ab
2166 2509 2218 2539 illa

1305 2565 1356 2595 die
1371 2575 1436 2594 eam
1451 2563 1618 2599 alienandi,
1637 2572 1693 2592 seu
1711 2562 1822 2602 quovis
1839 2561 1898 2590 alio
1918 2561 2008 2589 modo
2025 2561 2063 2589 de
2078 2558 2218 2599 predicta

1306 2614 1383 2644 cista
1390 2612 1610 2647 transferendi,
1621 2617 1651 2641 et
1660 2621 1755 2651 super
1764 2611 1821 2640 hoc
1831 2616 1944 2639 statuto
1954 2615 2136 2649 potestatem
2151 2608 2218 2638 dis-

1304 2662 1455 2702 pensandi
1462 2660 1636 2702 abnegavit,
1642 2660 1727 2689 nullo
1735 2659 1884 2699 magistro
1891 2657 2013 2698 penitus
2021 2657 2216 2687 reclamante.

1346 2711 1418 2751 (Fal.
1437 2713 1454 2742 2
1469 2711 1492 2751 1’>
1510 2711 1584 2740 Item
1601 2709 1781 2739 licenciatus
1794 2708 1849 2738 fuit
1859 2708 1941 2748 apud
1955 2707 2097 2736 Nostram
2113 2706 2218 2735 Domi-

1305 2771 1374 2791 nam
1397 2760 1540 2790 dominus
1563 2758 1717 2789 Henricus
1747 2758 1784 2786 de
1811 2756 1948 2786 Arnhem
1979 2756 2036 2785 sub
2066 2755 2217 2795 magistro

1304 2810 1445 2840 Johanne
1461 2809 1498 2838 de
1517 2807 1669 2843 Wesalia,
1685 2806 1773 2846 cujus
1788 2806 1882 2835 bursa
1898 2804 2004 2834 nichil.

1335 2918 1359 2941 3.
1395 2918 1422 2941 ln
1439 2915 1554 2947 margine
1569 2923 1574 2938 z
1592 2915 1736 2938 Statutnm.
