2632 3464
452 453 501 478 423

451 530 523 569 quia
542 527 634 557 vellet
652 525 757 566 jurare
776 531 919 554 statutum
946 523 1146 563 paupertatis.
1166 521 1262 562 Cujus
1285 532 1355 561 sup-

450 577 580 617 plicacio
597 577 652 605 suit
668 575 813 609 admissa,
838 580 866 602 et
883 574 996 602 ibidem
1009 572 1125 612 juravit
1141 578 1295 601 statutum.
1317 571 1357 600 Et

451 624 723 656 subdetermInavit
735 624 835 652 dictus
847 622 1000 652 Henricus
1011 632 1068 661 pro
1081 619 1355 660 EgbertoArnoldi

451 677 490 705 ‹le
509 675 589 709 Dels,
608 672 693 713 cujus
717 674 809 702 bursa
830 671 936 706 nichil,
956 671 1027 710 quia
1042 669 1157 709 juravit
1178 670 1209 698 in
1227 669 1355 698 nacione

452 731 485 754 ut
501 733 604 763 supra.

492 773 566 802 Item
588 771 731 800 XXVIIIa
748 770 796 798 die
815 769 930 798 mensis
950 767 1086 807 ejusdem
1109 767 1261 796 celebrata
1281 776 1356 795 con-

451 821 635 862 gregacione
655 819 793 848 nacionis
819 818 849 847 in
874 818 985 847 Sancto
1004 816 1158 846 Maturino
1176 817 1213 845 ad
1234 815 1356 854 suppli-

452 871 592 904 candum,
623 867 808 908 supplicavit
833 866 975 896 dominus
995 866 1151 895 Johannes
1174 864 1354 900 Forestarii‚

451 926 601 959 quatenus
614 917 702 947 nacio
715 927 817 946 secum
834 916 1029 954 dispensaret
1041 921 1073 944 ut
1091 914 1356 943 subdeterminare

452 974 568 1008 posset,
581 966 667 1005 cujus
680 965 951 1004 supplicacionem,
965 964 991 993 si
1005 970 1034 992 et
1044 963 1075 992 in
1089 969 1234 1002 quantum
1243 962 1354 1002 potuit,

452 1027 553 1046 secum
581 1015 790 1054 dispensando
817 1013 981 1042 concessit.
1017 1012 1056 1041 Et
1082 1011 1357 1041 subdeterminavit

452 1067 508 1095 sub
531 1065 678 1104 magistro
704 1063 872 1093 wilhelmo
898 1060 1081 1097 Strebr0n⁴‚
1107 1060 1194 1101 cujus
1215 1062 1310 1090 bursa
1330 1060 1357 1089 V

452 1114 554 1144 solidi.
574 1113 728 1142 Satisfecit
745 1112 909 1151 receptori.

492 1164 566 1192 Item
583 1161 681 1191 XXIX
697 1161 746 1190 die
764 1161 879 1190 mensis
900 1159 973 1189 dicti
990 1159 1236 1199 congregacione
1251 1159 1357 1188 nacio-

453 1213 501 1241 nis
518 1213 593 1240 facta
612 1211 642 1239 in
664 1211 775 1239 Sancto
791 1210 946 1239 Maturino
961 1210 997 1238 ad
1017 1209 1263 1248 supplicandum,
1281 1218 1358 1247 sup-

452 1261 579 1301 plicavit
598 1259 785 1289 VVilhelmus
806 1260 843 1288 de
865 1258 1080 1297 Fothynenyn,
1098 1264 1249 1297 quatenus
1268 1257 1357 1286 naeio

453 1320 555 1339 secum
577 1309 772 1348 dispensaret
791 1314 823 1337 ut
841 1307 1105 1337 subdeterminare
1123 1313 1240 1346 posset.
1261 1305 1356 1345 Cujus

452 1358 641 1398 supplicacio
656 1358 685 1386 in
700 1358 821 1386 modum
839 1363 871 1385 ut
882 1366 975 1395 supra
993 1357 1047 1385 fuit
1063 1355 1207 1385 admissa.
1229 1356 1268 1384 Et
1283 1356 1358 1384 sub-

452 1406 666 1437 determinavit
687 1406 766 1435 idem
784 1405 971 1435 WVilhelmus
987 1415 1045 1444 pro
1060 1405 1176 1434 Jacobo
1193 1404 1356 1439 Johannis,

453 1456 538 1496 cujus
552 1457 645 1484 bursa
658 1455 685 1484 V
698 1455 789 1484 solidi
805 1461 835 1483 et
847 1455 873 1483 11
888 1454 1017 1483 denarii.
1037 1454 1136 1483 Solvit
1150 1454 1296 1483 totaliter.

494 1506 567 1534 Item
591 1503 864 1534 subdeterminavit
877 1504 1011 1532 Jacobus
1030 1503 1122 1532 Linse
1136 1504 1193 1532 sub
1209 1503 1358 1542 magistro

455 1554 594 1584 Gerardo
617 1554 740 1588 Calker,
763 1552 849 1592 cujus
869 1554 963 1581 bursa
985 1552 1088 1581 XVIII
1109 1552 1239 1581 denarii.
1260 1552 1359 1581 Satis-

455 1604 525 1633 fecit
537 1602 702 1642 receptori.

495 1653 569 1681 Item
589 1653 664 1680 facta
685 1651 929 1690 congregacione
949 1652 1030 1689 apud
1045 1650 1188 1680 Sanctum
1205 1651 1358 1679 Julianum

455 1702 503 1730 die
527 1701 597 1730 Vlla
624 1701 738 1729 mensis
765 1700 883 1739 Aprilis
911 1701 947 1728 ad
974 1700 1157 1729 audiendum
1183 1706 1358 1739 computum

455 1750 626 1790 receptoris
647 1756 676 1778 et
696 1749 868 1788 eligendum
887 1755 1128 1788 procuratorem,
1150 1749 1252 1778 audito
1275 1759 1360 1778 com-

455 1805 529 1839 puto
551 1799 698 1827 remansit
724 1798 845 1827 nacioni
869 1798 1023 1837 obligatus
1044 1798 1074 1826 in
1101 1798 1160 1827 1111
1190 1797 1291 1833 libris,
1318 1797 1358 1826 VI

456 1848 576 1882 solidis,
604 1847 663 1876 IIII
689 1847 836 1882 denariis,
855 1853 885 1876 et
904 1847 958 1876 fuit
976 1853 1136 1886 compotus
1161 1848 1198 1876 ab
1216 1847 1359 1876 omnibus

455 1898 654 1936 approbatus.
673 1896 712 1925 Et
725 1896 839 1925 electus
854 1896 908 1925 fuit
922 1896 951 1924 in
969 1903 1199 1935 procuratorem
1213 1896 1360 1936 magister

455 1946 610 1975 Johannes
627 1946 664 1974 de
683 1945 844 1974 Hokelem.

860 2012 957 2040 1373

457 2074 529 2113 (Fal,
557 2074 603 2110 34)
637 2073 726 2103 Acta
762 2080 848 2102 sunt
883 2073 947 2102 hec
982 2080 1150 2113 tempore
1179 2084 1360 2112 procura-

637 2122 761 2152 cionis
791 2123 963 2162 magistri
995 2123 1180 2152 Johannis

776 2172 817 2200 de
847 2171 1039 2201 Hokelem.

497 2238 586 2266 Anno
620 2238 743 2267 Domini
773 2238 936 2267 millesimo
965 2238 1058 2268 CCC⁰
1078 2238 1228 2273 LXXIII⁰⁷
1245 2239 1360 2268 mensis

458 2287 575 2325 Aprilis
591 2287 639 2315 die
655 2286 736 2321 Vlla,
751 2288 826 2316 facta
841 2287 1085 2327 congregacione
1103 2288 1242 2316 nacionis
1253 2287 1360 2327 Angli-

458 2346 531 2364 cane
549 2337 629 2374 apud
646 2335 789 2364 Sanctum
805 2336 956 2365 Julianum
973 2338 1009 2365 ad
1025 2337 1199 2376 eligendum
1216 2347 1358 2375 procura—

458 2391 553 2413 torem
578 2391 607 2413 et
628 2385 810 2413 audiendum
839 2391 1011 2424 compotum
1038 2386 1221 2424 receptoris,
1247 2386 1361 2415 electus

459 2434 513 2462 fuit
532 2434 563 2462 in
583 2440 814 2472 procuratorem
836 2434 1031 2462 concorditer
1044 2435 1190 2474 magister
1205 2435 1361 2464 Johannes

458 2483 495 2510 de
515 2482 673 2511 Hokelem.
693 2483 726 2511 In
745 2481 831 2521 cujus
853 2483 1075 2521 procuracione
1090 2490 1155 2512 acta
1173 2484 1294 2513 fuerunt
1306 2484 1361 2513 hec

460 2541 518 2570 que
533 2537 713 2570 sequuntur.

500 2580 604 2608 Primo
623 2580 729 2608 eodem
750 2580 798 2609 die
824 2581 1020 2609 concorditer
1042 2581 1242 2610 deliberatum
1266 2583 1362 2611 fuerat

459 2630 614 2657 tabernam
642 2629 767 2663 intrare,
801 2636 1031 2668 procuratorem
1061 2630 1113 2668 qui
1141 2631 1229 2669 prius
1263 2631 1362 2660 officio

460 2687 534 2705 usus
556 2688 615 2705 non
638 2678 745 2712 suerat,
774 2679 976 2716 perpotando.
996 2678 1035 2707 Et
1058 2679 1144 2707 nacio
1162 2680 1319 2708 tabernam
1333 2682 1362 2708 in

460 2726 572 2753 duobus
584 2727 698 2764 gladiis
714 2726 848 2761 intravit,
863 2727 914 2755 ubi
931 2727 1030 2756 dictus
1045 2728 1192 2767 magister
1207 2728 1362 2758 Johannes

462 2775 498 2803 de
515 2774 662 2803 Hokelem
685 2776 722 2803 de
745 2774 810 2814 ejus
832 2786 909 2804 nova
932 2776 1154 2815 procuracione
1177 2777 1275 2816 prima
1293 2778 1362 2807 XVI

462 2823 579 2851 solidos
598 2823 700 2857 solvit,
720 2830 750 2852 et
766 2824 896 2863 quilibet
911 2825 1127 2864 magistrorum
1147 2825 1259 2854 ibidem
1280 2827 1363 2856 exis-

462 2872 591 2900 tencium
608 2882 699 2900 unum
717 2872 828 2901 album.

494 2973 515 2995 1.
546 2974 565 2995 1.
575 2982 596 2996 e.
612 2974 736 2997 Trebi-on.

981 447 1203 473 AUCTARIUM
1224 445 1483 472 CHARTULARII
1507 446 1680 474 UNIVERS.
1703 448 1821 475 PARIS.

1394 966 1428 992 10

1395 1212 1428 1238 15

1396 1458 1429 1484 20

1397 1703 1430 1730 25

1397 1949 1431 1974 30

1397 2192 1431 2218 35

1399 2438 1432 2464 40

1401 2684 1433 2709 45

2319 450 2371 477 424

1506 522 1580 552 Item
1596 523 1793 554 liscenciatus
1807 524 1863 554 suit
1879 524 2047 554 Nicholaus
2061 525 2164 555 Zuker
2176 525 2214 555 de
2227 525 2371 556 Haerlem

1465 572 1522 600 sub
1533 572 1682 612 magistro
1696 572 1875 603 Gheraerdo
1888 573 2012 609 Calker,
2023 573 2112 614 cujus
2125 574 2255 604 bui-sav
2264 575 2369 605 solidi.

1465 619 1573 650 Solvit.

1506 669 1580 698 Item
1595 669 1792 700 liscenciatus
1808 670 1864 700 fuit
1878 671 2022 700 dominus
2035 670 2150 711 Hugho
2165 671 2203 700 de
2218 671 2372 702 Hervorst

1465 718 1521 747 sub
1546 718 1694 758 magistro
1719 719 1836 749 Thoma
1862 721 1900 749 de
1927 719 2038 756 Clivis‚
2062 720 2115 760 qui
2141 720 2292 750 satisfecit
2312 730 2372 761 pro

1464 766 1569 796 bursis
1587 777 1641 797 sue
1657 768 1784 798 licencie
1795 768 1957 798 solvendo.

1506 815 1580 845 Item
1604 816 1801 847 liscenciatus
1819 818 1875 847 suit
1891 818 2035 847 dominus
2052 818 2186 847 ,lacobus
2201 817 2373 848 Johannis²

1465 865 1522 894 sub
1552 865 1700 905 magistro
1730 866 1877 896 Heinrico
1903 867 1941 896 de
1963 867 2091 902 Thenis,
2118 866 2205 907 cujus
2231 867 2326 897 bursa
2346 867 2373 896 V

1465 913 1557 943 solidi
1569 921 1598 943 et
1612 914 1670 944 1111
1684 915 1813 944 denarii.
1833 915 1990 945 Satisfecit
2005 916 2170 955 receptori.

1506 963 1581 992 Item
1612 963 1728 1003 incepit
1755 964 1899 994 dominus
1926 965 2041 1004 Hugho
2066 965 2104 994 de
2133 965 2288 994 Hervorst
2314 965 2372 994 sub

1465 1012 1615 1052 magistro
1632 1012 1749 1042 'rhoma
1770 1013 1808 1042 de
1832 1013 1941 1049 clivis,
1963 1012 2051 1053 cujus
2071 1014 2167 1043 bursa
2185 1013 2212 1043 V
2233 1013 2326 1043 solidi
2343 1020 2374 1044 et

1466 1060 1526 1090 1111
1543 1061 1670 1090 denarii.
1691 1061 1847 1091 Satisfecit
1863 1062 2028 1102 receptori.

1507 1110 1581 1139 Item
1597 1110 1713 1150 incepit
1730 1111 1872 1141 dominus
1883 1111 2017 1141 Jacobus
2034 1111 2185 1141 Johannis
2204 1112 2261 1142 sub
2277 1112 2372 1152 magi-

1466 1166 1531 1188 stro
1547 1159 1695 1188 Heinrico
1708 1160 1746 1189 de
1761 1159 1890 1195 Thenis,
1906 1159 1993 1200 cujus
2009 1161 2103 1190 bursa
2119 1160 2147 1190 V
2161 1160 2253 1190 solidi
2267 1167 2297 1190 et
2312 1160 2373 1190 1111

1466 1208 1595 1237 denarii.
1612 1208 1767 1238 satisfecit
1777 1209 1943 1249 receptori.

1507 1257 1582 1286 Item
1595 1258 1695 1296 prima
1707 1258 1757 1286 die
1777 1257 1863 1294 Maii,
1884 1259 1961 1288 facta
1974 1258 2221 1298 congregacione
2233 1257 2374 1288 nacionis

1466 1306 1637 1346 Anglicane
1664 1306 1695 1335 in
1731 1306 1843 1336 Sancto
1873 1307 2034 1336 Bernardo
2061 1308 2100 1336 ad
2124 1307 2373 1347 supplicandum,

1467 1355 1653 1395 supplicavit
1687 1356 1835 1395 magister
1858 1356 2018 1386 VValterus
2046 1356 2194 1386 Venedou
2220 1366 2279 1396 pro
2308 1355 2374 1396 ejus

1467 1405 1640 1444 presencia,
1656 1405 1799 1444 quoniam
1818 1404 2004 1434 intencionis
2020 1411 2103 1435 esset
2120 1406 2253 1434 adeundi
2269 1412 2374 1445 partes

1468 1464 1551 1489 suas,
1569 1454 1663 1493 igitur
1681 1454 1867 1494 supplicavit
1882 1455 1965 1494 quod
1986 1464 2171 1494 quocunque
2187 1455 2278 1484 modo
2299 1464 2375 1484 con-

1467 1503 1612 1542 tingeret,
1641 1502 1708 1542 ipse
1738 1503 1903 1532 haberetur
1927 1509 2080 1543 tamquam
2107 1513 2248 1543 presens.
2277 1502 2375 1543 Cujus

1468 1552 1659 1592 supplicacio
1672 1553 1709 1581 ab
1725 1552 1868 1581 omnibus
1887 1552 2000 1581 ibidem
2018 1552 2074 1582 fuit
2086 1562 2245 1582 concessa.

1509 1602 1583 1630 Item
1604 1601 1680 1630 facta
1701 1600 1950 1641 congregacione
1971 1601 2112 1630 nacionis
2132 1602 2214 1641 apud
2231 1601 2375 1631 Sanctum

1467 1650 1620 1680 Julianum
1635 1651 1684 1679 die
1695 1649 1734 1678 V*
1744 1650 1859 1679 mensis
1869 1650 1943 1679 Maii
1953 1651 1991 1679 ad
2002 1649 2187 1679 audiendum
2198 1657 2375 1690 computum

1469 1699 1640 1739 receptoris
1649 1706 1679 1728 et
1691 1699 1867 1739 eligendum
1882 1705 2128 1739 procuratorem,
2145 1699 2333 1739 computavit
2347 1705 2377 1729 et

1468 1749 1580 1778 mansit
1601 1749 1689 1777 nacio
1711 1748 1847 1788 obligata
1866 1748 2022 1788 receptori
2041 1748 2072 1777 in
2093 1748 2174 1777 33¹¹===
2200 1748 2322 1784 solidis,
2345 1754 2377 1778 et

1468 1798 1541 1827 VIII
1557 1797 1704 1827 denariis.
1721 1797 1846 1826 Etinfra
1858 1797 1947 1826 istam
1961 1807 2108 1826 summam
2121 1803 2293 1836 computate
2304 1803 2377 1827 sunt

1468 1857 1575 1876 omnes
1595 1846 1678 1876 scole
1696 1846 1767 1875 anni
1788 1846 1883 1882 illius,
1904 1846 1971 1875 scil.
1989 1845 2117 1875 LXXIII
2137 1845 2210 1886 (sic),
2226 1853 2256 1876 et
2275 1846 2375 1876 solute

1468 1902 1541 1925 sunt
1557 1906 1656 1935 usque
1678 1896 1716 1925 ad
1738 1905 1881 1935 magnum
1906 1895 2096 1924 ordinarium
2121 1901 2311 1935 sequentem.
2336 1894 2377 1925 Et

1469 1945 1525 1974 suit
1537 1951 1698 1984 compotus
1711 1945 1748 1973 ab
1764 1944 1907 1973 omnibus
1922 1945 2121 1983 approbatus.
2139 1944 2179 1974 Et
2194 1944 2310 1974 electus
2321 1944 2377 1974 fuit

1469 1995 1499 2023 in
1518 2000 1751 2034 procuratorem
1772 1993 1921 2033 magister
1940 1992 2140 2022 Gheraerdus
2159 1993 2198 2022 de
2218 1993 2374 2033 Hoingen.

1875 2087 1973 2116 1373

1510 2160 1580 2200 (Fal.
1610 2159 1684 2197 341’)
1712 2158 1803 2188 Acta
1836 2164 1922 2188 sunt
1950 2158 2015 2187 hec
2048 2164 2216 2197 tempore
2250 2167 2335 2197 pro-

1570 2208 1781 2238 curacionis
1815 2207 1991 2247 magistri
2023 2206 2208 2236 Get-hardi
2233 2207 2276 2236 de

1690 2257 1887 2296 Hoyngen,
1919 2256 2092 2295 pastoris
2120 2256 2156 2285 in

1762 2304 2080 2345 Wassgerbillich.

1509 2387 1600 2416 Anno
1617 2386 1740 2416 Domini
1757 2385 1802 2415 Μο
1816 2385 1934 2415 CCCmo
1949 2384 2088 2419 LXXIII,
2106 2384 2222 2414 mensis
2237 2383 2311 2413 Maii
2326 2384 2376 2414 die

1470 2437 1587 2476 quinta,
1605 2436 1681 2464 sacta
1695 2435 1940 2474 congregacione
1957 2434 2095 2463 nacionis
2112 2433 2282 2473 Anglicane
2295 2433 2377 2472 apud

1471 2485 1615 2514 Sanctum
1632 2484 1797 2518 Julianum,
1813 2483 1995 2512 deliberavit
2009 2482 2097 2511 nacio
2107 2482 2247 2522 predicta
2261 2482 2377 2511 intrare

1470 2535 1627 2563 tabernam
1642 2533 1835 2573 perpotando
1846 2532 1959 2561 ibidem
1971 2541 2068 2560 novos
2084 2531 2261 2570 magistros,
2271 2530 2377 2560 videli-

1472 2589 1519 2612 cet
1538 2583 1717 2622 magistrum
1739 2581 1902 2620 Hugonem
1915 2581 1952 2609 de
1973 2579 2126 2609 Hervorst
2145 2586 2175 2609 et
2196 2580 2377 2619 magistrum

1470 2632 1617 2661 Jacobum
1643 2630 1804 2665 Johannis,
1828 2639 1958 2669 quorum
1987 2628 2117 2668 quilibet
2145 2628 2237 2658 solvit
2263 2628 2377 2658 ibidem

1472 2691 1564 2710 unum
1579 2681 1714 2709 francum
1731 2689 1787 2718 pro
1798 2678 1935 2718 jocundo
1953 2688 2009 2707 suo
2027 2678 2165 2707 introitu.

1513 2729 1588 2758 Item
1615 2728 1755 2768 sequenti
1783 2728 1832 2756 die
1858 2726 1970 2766 juravit
1994 2727 2136 2755 dominus
2165 2726 2377 2756 Theodoricus

1472 2779 1510 2808 de
1532 2777 1659 2807 Ruusch
1681 2777 1914 2811 licenciaturus‚
1937 2774 2023 2815 cujus
2046 2776 2140 2804 bursa
2159 2775 2186 2804 V
2207 2775 2316 2811 solidi,
2340 2775 2379 2804 de

1472 2828 1584 2867 quibus
1601 2826 1750 2856 satisfecit
1765 2825 1889 2854 domino
1904 2825 2058 2864 receptori
2070 2824 2212 2864 pignore.

1503 2978 1525 3000 2.
1544 2978 1589 3000 Ms.
1609 2976 1751 3000 Johannes.
