2632 3464
254 418 306 445 2³3

297 493 373 523 Item
399 493 448 522 12·
480 492 530 522 die
554 491 627 521 Julii
654 492 731 520 facta
752 489 999 530 congregacione
1023 488 1162 529 generali

255 543 337 582 apud
346 542 491 572 Sanctum
497 540 695 575 Maturinum‚
706 538 938 579 suplicaverunt
945 537 1034 567 nacio
1041 537 1162 567 Piccar-

255 592 364 622 dorum
380 597 410 620 et
427 590 515 620 nacio
529 595 647 624 nostra,
669 587 787 618 scilicet
807 586 990 627 Anglicana,
1012 593 1162 626 quatenus

256 639 454 670 Universitas
481 637 742 678 composicionem
766 636 905 676 ipsorum
931 642 1105 665 contentam
1130 634 1163 664 in

257 689 463 719 instrumento
478 687 592 717 ibidem
610 686 689 716 lecto
707 686 906 725 approbaret,
928 690 958 714 et
974 684 1164 714 instrumen-

254 744 319 768 tum
336 737 441 778 sigillo
454 735 674 767 Universitatis
685 733 847 774 sigillaret,
863 734 947 773 quod
962 733 1018 763 fuit
1032 743 1164 763 concor-

257 787 339 816 diter
352 795 547 816 concessum.
569 784 679 814 Forma
699 789 800 813 autem
819 783 1016 812 instrumenti
1033 789 1063 812 et
1079 792 1165 811 com-

255 835 423 876 positionis
440 834 569 864 inserius
586 832 784 862 annotabitur
795 831 818 861 ⁴.

300 912 505 954 Sequitur²
540 918 889 953 appunctamentum
925 911 1131 941 divisionis

343 962 622 1004 provinciarum
653 967 688 991 et
713 960 878 990 locorum
909 960 1080 990 nacionis

481 1010 682 1041 Piccardie
713 1016 748 1039 et
775 1009 946 1039 nacionis

583 1059 794 1100 Anglicane
812 1057 836 1088 ³.

297 1128 424 1158 Factum
452 1133 484 1157 et
509 1126 727 1156 sententiatum
756 1136 814 1166 per
835 1125 959 1166 judices
989 1136 1044 1166 per
1069 1126 1167 1156 dictas

257 1177 403 1207 naciones
419 1177 458 1206 ad
474 1176 532 1205 hoc
551 1175 680 1210 electos,
697 1175 842 1204 videlicet
857 1175 1025 1215 magistros
1041 1175 1167 1204 Guillel-

256 1236 338 1256 mum
358 1226 396 1255 de
411 1224 571 1260 Alckines,
591 1225 762 1254 Robertum
780 1225 818 1253 de
835 1224 981 1259 Racourt‚
999 1224 1167 1254 Henricum

258 1276 296 1305 de
321 1274 432 1304 Olmen
452 1284 490 1304 ex
512 1280 598 1313 parte
616 1273 756 1302 nacionis
779 1273 1002 1308 Picardorum;
1025 1283 1062 1302 ex
1080 1279 1168 1313 parte

257 1334 332 1354 vero
352 1321 578 1363 Anglicorum⁴
609 1322 776 1362 magistros
799 1321 960 1351 Allardum
987 1322 1024 1351 de
1048 1322 1166 1357 Lunne,

258 1373 451 1403 Geraerdum
466 1371 581 1402 dictum
596 1372 634 1401 de
644 1370 762 1406 Wilde,
774 1376 803 1400 et
813 1371 828 1400 J
832 1370 984 1400 ohannem
994 1370 1167 1406 Wilhelmi,

259 1422 313 1462 qui
336 1427 479 1461 tanquam
504 1426 686 1451 tractatores
714 1429 810 1459 super
836 1420 1048 1449 controversia
1065 1420 1169 1450 finium

259 1470 468 1510 predictarum
490 1469 653 1499 nacionum
677 1475 887 1498 tractaverunt
910 1475 940 1498 et
962 1469 1170 1499 sententiave-

259 1525 332 1550 runt
344 1519 376 1549 in
391 1519 473 1548 bunc
487 1519 622 1548 modum.

299 1567 451 1598 Videlicet
469 1568 553 1607 quod
568 1566 678 1597 lluvius
694 1566 795 1596 dictus
811 1567 901 1596 Mosa
915 1568 953 1596 ab
971 1577 1008 1596 eo
1025 1566 1094 1596 loco
1109 1577 1171 1606 quo

259 1617 366 1657 lingua
386 1616 562 1647 theotonica
586 1616 696 1655 incipit
721 1622 752 1645 et
774 1615 887 1656 gallica
912 1616 1037 1651 desinit,
1062 1617 1171 1646 distin-

259 1671 333 1707 guet
349 1665 431 1695 inter
450 1665 591 1694 nationes
611 1665 779 1704 predictas,
798 1674 897 1704 usque
916 1664 1115 1704 perveniatur
1133 1666 1173 1695 ad

260 1715 379 1745 Mosam
395 1714 553 1754 antiquum
569 1723 681 1743 versus
697 1720 727 1743 et
744 1723 840 1753 supra
855 1713 1003 1743 Hoesden
1021 1720 1052 1743 et
1067 1721 1172 1754 partes

260 1763 375 1794 ibidem
394 1762 642 1799 circumvicinas,
660 1763 714 1792 ubi
732 1762 821 1792 Mosa
839 1763 984 1802 antiquus
1002 1763 1174 1803 distinguet

260 1813 342 1842 inter
357 1813 493 1852 prefatas
507 1811 656 1842 Nationes
672 1821 834 1852 quousque
850 1822 962 1841 nomen
980 1822 1069 1842 suum
1085 1813 1174 1842 Mosa

260 1861 406 1892 videlicet
423 1867 600 1900 recuperet,
621 1867 651 1890 et
671 1861 820 1900 deinceps
838 1861 907 1901 ipse
922 1861 1011 1891 Mosa
1026 1871 1124 1901 usque
1143 1862 1174 1891 in

261 1920 356 1946 mare,
384 1909 426 1939 ita
445 1909 593 1940 videlicet
619 1910 702 1950 quod
737 1920 845 1939 omnes
872 1916 903 1940 et
930 1910 1053 1950 singule
1083 1911 1172 1946 ville,

261 1959 389 2000 oppida,
410 1964 511 1988 castra
525 1969 580 1988 seu
595 1959 704 1989 domus
720 1965 771 1988 aut
787 1959 853 1988 loca
871 1959 992 1995 situate‚
1005 1960 1174 1990 existentes

262 2014 294 2038 et
317 2006 457 2048 jacentes
481 2008 558 2037 citra
584 2007 684 2037 dictos
710 2007 820 2038 fluvios
849 2008 968 2038 Mosam
998 2019 1109 2038 novum
1146 2015 1176 2039 et

262 2057 434 2097 antiquum,
458 2066 557 2096 usque
581 2057 652 2086 dum
675 2057 822 2097 antiquus
843 2057 933 2087 Mosa
951 2067 1064 2087 nomen
1087 2058 1175 2088 Mose

262 2111 437 2146 recuperet,
465 2112 496 2135 et
516 2106 664 2145 deinceps
684 2106 764 2136 infra
785 2106 887 2146 ipsum
908 2106 1032 2136 fluvium
1055 2106 1175 2137 Mosam

262 2154 447 2195 appellatum
470 2164 568 2194 usque
591 2155 629 2184 ad
651 2164 746 2190 mare,
769 2165 826 2184 nec
846 2165 908 2185 non
928 2156 960 2185 in
979 2155 1059 2195 ripis
1079 2156 1176 2186 dicto-

263 2213 331 2234 rum
348 2203 523 2239 ssuviorum,
543 2210 574 2234 et
594 2203 767 2244 supposita,
790 2204 821 2233 id
837 2211 885 2234 est
899 2205 1040 2244 magistri
1059 2211 1089 2234 et
1104 2215 1176 2236 sco-

262 2252 344 2282 lares
360 2252 498 2292 ipsarum
513 2252 667 2287 villarum,
681 2252 858 2293 opidorum,
873 2259 1056 2289 castrorum,
1071 2255 1176 2284 domo-

263 2311 330 2331 rum
347 2307 400 2331 aut
415 2301 552 2331 locorum
571 2302 780 2341 predictorum
802 2302 833 2332 in
851 2302 1088 2343 quibuscunque
1104 2314 1176 2343 par-

264 2349 360 2386 tibus,
407 2350 586 2386 territoriis,
629 2351 840 2386 districtibus,
884 2351 949 2381 sive
992 2351 1174 2388 Brabantie,

265 2398 403 2434 Ghelrie,
433 2398 609 2434 Hollandie,
636 2399 798 2429 comitatus
819 2399 994 2436 Lostensis,
1016 2401 1054 2430 de
1077 2401 1174 2437 Cuke,

265 2448 303 2478 de
317 2447 425 2483 Horst,
440 2449 478 2477 de
491 2447 596 2483 von-st,
609 2449 647 2478 de
660 2448 799 2488 Herpen,
812 2449 850 2478 de
865 2448 963 2488 Eyke,
981 2451 1019 2479 de
1036 2450 1174 2486 Hoerne,

265 2497 303 2527 de
320 2496 441 2532 Kessel,
459 2497 497 2526 de
516 2497 729 2537 Petersheym,
748 2503 778 2527 et
791 2498 828 2527 de
843 2498 912 2528 aliis
926 2498 1174 2539 quibuscunque,

266 2545 522 2586 qualitercunque
541 2545 747 2586 appellentur,
778 2553 879 2583 erunt,
910 2557 980 2577 esse
1008 2549 1122 2578 debent
1147 2555 1178 2578 et

265 2601 416 2635 perpetuo
441 2596 667 2634 reputabuntur
685 2596 723 2625 de
751 2596 874 2626 natione
896 2596 1118 2627 Piccardorum
1147 2604 1178 2628 et

265 2644 449 2684 spectabunt
472 2643 568 2674 libere
591 2650 621 2674 et
641 2644 708 2674 sine
727 2645 972 2675 contradictione
989 2646 1028 2675 ad
1049 2646 1176 2676 eandem

296 2727 319 2751 1.
353 2726 404 2752 Sed
411 2735 538 2760 nmquam
551 2727 680 2752 inuenitur
691 2730 850 2753 annotatum.
860 2730 954 2753 Exstat
966 2738 1023 2754 vero
1035 2730 1120 2762 forma
1134 2730 1176 2755 in-

264 2762 400 2803 utrpmontt’
408 2762 435 2787 ιἰι
444 2762 501 2787 Lib.
517 2765 570 2788 nat.
586 2763 699 2796 Anglic.,
713 2772 727 2788 e
739 2772 790 2797 quo
801 2772 858 2788 eam
870 2765 897 2788 in
907 2765 1073 2798 uquentibaeu
1084 2766 1178 2791 exneri-

262 2805 368 2830 patmus.

297 2834 320 2858 2.
354 2833 411 2858 Lib.
429 2836 484 2858 nat.
501 2834 605 2867 Angue.
619 2834 646 2859 in
659 2834 727 2859 31⁶1.
743 2838 798 2860 nat.
816 2835 910 2865 Parin..
929 2844 975 2861 me.
992 2838 1023 2862 Ν.
1042 2845 1068 2861 a.
1084 2837 1101 2861 l.
1121 2838 1175 2866 5³5,

267 2869 312 2894 fol.
329 2869 436 2894 tat-tta
455 2869 512 2901 (XV
528 2871 617 2901 onem).
636 2871 833 2895 Imtrumentum
850 2874 935 2896 exutae
952 2872 1024 2904 apud
1045 2873 1176 2898 But-anua

266 2903 320 2935 (lv,
337 2904 402 2937 ³4⁶),
418 2912 432 2928 e
448 2904 527 2929 Libro
551 2905 703 2931 Picti-dicae
720 2907 835 2931 nationis
854 2907 1028 2940 denuit-ptum,
1047 2908 1071 2932 in
1091 2909 1177 2940 forma

266 2939 406 2964 execution·
415 2939 559 2974 (perperam
571 2940 608 2965 ad
622 2941 652 2965 ta
665 2941 730 2966 lulis·
740 2941 867 2975 rolatum),
882 2943 929 2967 aed
940 2952 952 2967 ι
967 2946 1176 2976 appnnctamen-

763 414 876 441 LIBER
896 413 1210 440 PROCURATORUM
1230 413 1412 440 NATIONIS
1429 412 1675 438 ANGLICANAE

1205 937 1238 963 10

1205 1182 1239 1208 15

1207 1428 1241 1454 20

1210 1673 1244 1700 25

1212 1921 1246 1946 30

1213 2165 1247 2192 35

1214 2412 1248 2439 40

1214 2657 1248 2683 45

2129 412 2180 438 234

1270 488 1426 518 nationem
1478 487 1716 523 Piccardorum‚
1768 488 1906 527 exceptis
1961 487 2180 527 infrascriptis,

1271 537 1387 576 oppido
1418 537 1538 566 scilicet
1570 536 1675 566 Sancti
1707 536 1840 566 Servatii
1870 535 2061 575 Trajectensi
2088 546 2183 576 super

1271 586 1390 615 Mosam
1414 596 1481 615 cum
1510 586 1576 615 suis
1601 585 1760 615 suburbiis
1786 585 1846 614 sibi
1870 585 2026 624 contiguis
2046 585 2181 624 precise,

1270 634 1342 664 villa
1357 635 1395 664 de
1412 634 1577 673 Maeseyke
1592 634 1727 674 precise,
1746 644 1803 663 nec
1816 644 1879 663 non
1894 640 1996 663 castro
2007 635 2046 663 de
2059 634 2183 663 Hoerne

1272 684 1393 723 precise
1409 694 1477 713 cum
1494 693 1550 712 suo
1564 683 1714 713 suburbio
1728 683 1788 712 sibi
1805 683 1963 723 contigu0,
1981 689 2011 712 et
2026 683 2183 722 magistris

1273 739 1303 762 et
1322 732 1496 762 scolaribus
1515 733 1697 767 eorundem,
1724 732 1909 761 Leodiensis
1931 731 2084 766 diocesis,
2111 742 2182 771 que,

1273 781 1399 821 opidum
1428 781 1573 811 videlicet
1599 780 1808 821 Trajectense‚
1837 781 1911 811 villa
1939 782 1977 810 de
2005 781 2182 820 Maeseyke,

1273 837 1409 860 castrum
1425 831 1463 860 de
1478 830 1602 860 Hoerne
1618 830 1751 870 precise,
1769 837 1802 860 ut
1818 829 2019 870 premittitur,
2036 836 2066 859 et
2082 840 2185 859 earum

1275 880 1449 920 supposita,
1461 879 1602 919 magistri
1614 879 1733 909 scilicet
1745 886 1775 909 et
1788 879 1937 914 scolares,
1950 880 2134 918 spectabunt
2147 880 2185 908 ad

1274 929 1430 958 nationem
1446 928 1667 969 Anglicanam;
1684 935 1714 958 et
1729 929 1799 958 date
1810 929 1871 968 ipsi
1885 928 2001 958 nationi
2015 928 2185 967 Anglicane

1276 979 1399 1007 fuerunt
1426 978 1457 1007 in
1485 978 1608 1007 modum
1631 978 1798 1007 concordie
1822 984 1853 1007 et
1878 978 2035 1017 resignate
2059 983 2187 1017 propter

1276 1027 1520 1057 controversiam
1558 1034 1588 1056 et
1627 1028 1770 1057 debatum
1808 1027 1999 1066 quarundam
2045 1026 2187 1056 villarum

1277 1076 1457 1106 situatarum
1468 1077 1500 1105 in
1512 1076 1688 1111 Hollandia,
1704 1086 1832 1116 quarum
1846 1076 2009 1116 supposita
2020 1076 2187 1115 magistros

1277 1131 1306 1155 et
1331 1125 1468 1155 scolares
1492 1136 1548 1155 nec
1572 1135 1635 1155 non
1658 1125 1861 1155 emolumenta
1884 1135 1991 1154 eorum
2017 1125 2086 1164 ipsa
2104 1125 2188 1154 natio

1277 1174 1450 1214 Anglicana
1473 1175 1595 1204 dicebat
1617 1175 1655 1204 ad
1674 1185 1707 1204 se
1730 1175 1898 1214 pertinere.
1922 1174 2042 1212 Quibus
2062 1173 2188 1203 omnino

1277 1223 1346 1262 ipsa
1365 1222 1538 1262 Anglicana
1561 1223 1643 1252 natio
1665 1229 1696 1252 et
1713 1223 1797 1253 omni
1810 1222 1885 1262 juri,
1903 1224 1987 1263 quod
2002 1224 2033 1253 in
2049 1223 2095 1252 eis
2113 1229 2144 1252 et
2158 1223 2189 1252 in

1277 1272 1346 1301 aliis
1362 1282 1400 1301 ex
1415 1271 1572 1311 aliquibus
1587 1272 1715 1302 aliarum
1731 1273 1884 1308 villarum,
1904 1272 2056 1307 locorum,
2077 1272 2191 1311 opido—

1278 1331 1357 1356 rum,
1387 1321 1564 1356 domorum,
1590 1327 1763 1351 castrorum
1793 1322 2003 1361 predictorum
2030 1321 2136 1351 habuit
2162 1327 2193 1350 et

1278 1369 1392 1399 habere
1418 1370 1545 1410 poterit,
1579 1370 1610 1399 in
1647 1371 1781 1400 futurum
1813 1371 2016 1400 renunciavit.
2051 1371 2091 1400 Et
2123 1371 2193 1410 ipsa

1278 1419 1361 1449 natio
1387 1418 1609 1448 Piccardorum
1630 1419 1712 1448 omni
1736 1419 1826 1449 etiam
1841 1419 1905 1459 juri
1929 1421 2012 1459 quod
2034 1420 2142 1449 habuit
2162 1426 2193 1449 et

1280 1469 1394 1498 habere
1412 1468 1513 1507 potuit
1535 1468 1566 1497 in
1587 1467 1679 1497 dictis
1697 1468 1811 1508 oppido
1830 1469 1934 1498 Sancti
1958 1468 2089 1498 Servatii
2114 1468 2192 1498 Tra-

1275 1517 1420 1557 jectensi,
1443 1517 1517 1546 villa
1533 1517 1571 1546 de
1587 1516 1754 1556 Maeseyke
1777 1523 1806 1547 et
1823 1524 1925 1547 castro
1942 1518 1980 1547 de
2001 1517 2141 1553 Hoerne,
2160 1524 2194 1547 ut

1280 1576 1375 1606 supra
1391 1565 1596 1606 premittitur,
1612 1572 1642 1595 et
1659 1567 1832 1606 suppositis
1850 1577 1968 1602 eorum,
1987 1567 2190 1596 renunciavit.

1322 1616 1454 1656 Insuper
1481 1615 1705 1645 ordinaverunt
1730 1616 1815 1655 quod
1839 1616 1865 1645 si
1885 1616 1987 1655 alique
2004 1616 2193 1655 villevparve

1282 1665 1347 1695 sive
1367 1675 1477 1705 magne
1501 1674 1558 1694 nec
1579 1674 1641 1694 non
1661 1665 1771 1694 domus
1789 1671 1840 1694 aut
1856 1671 1958 1695 castra
1979 1675 2034 1694 seu
2054 1665 2121 1694 loca
2138 1676 2194 1704 per

1282 1714 1503 1754 aliquantulum
1519 1714 1619 1753 campi
1633 1714 1683 1743 vel
1697 1714 1778 1754 prati
1794 1714 1926 1754 spatium
1939 1724 1957 1743 a
1970 1714 2061 1744 dictis
2077 1715 2194 1754 oppido

1283 1764 1388 1794 Sancti
1416 1763 1549 1793 Servatii
1578 1762 1780 1802 Trajectensi‚
1812 1764 1884 1793 villa
1913 1764 1951 1792 de
1978 1763 2143 1803 Maeseyke
2165 1770 2195 1793 et

1283 1819 1385 1843 castro
1402 1813 1440 1842 de
1454 1812 1579 1842 Hoerne
1593 1811 1771 1842 dividantur
1783 1813 1832 1843 vel
1847 1813 1974 1848 distent,
1988 1819 2082 1852 prout
2097 1819 2144 1842 est
2157 1814 2194 1842 de

1283 1862 1374 1892 dictis
1385 1861 1468 1892 villis
1482 1862 1520 1891 de
1533 1860 1702 1901 Maeseyke
1717 1869 1747 1891 et
1762 1863 1799 1891 de
1814 1862 1902 1891 Oude
1914 1862 2001 1901 Eyke
2014 1862 2079 1892 sive
2094 1862 2192 1901 Eyke,

1284 1911 1337 1941 ubi
1359 1917 1407 1941 est
1428 1911 1560 1940 ecclesia
1585 1911 1758 1951 collegiata,
1782 1912 1866 1951 quod
1887 1911 1942 1940 hec
1963 1911 2047 1946 ville,
2071 1912 2193 1946 domus,

1284 1966 1395 1995 castra,
1415 1960 1483 1990 loca
1499 1967 1529 1990 et
1547 1961 1713 2001 supposita
1723 1970 1829 1990 eorum
1840 1961 2025 2000 spectabunt
2038 1961 2076 1990 de
2092 1967 2195 1990 cetero

1284 2010 1322 2039 ad
1345 2009 1500 2039 nationem
1526 2010 1762 2045 Piccardorum‚
1781 2016 1810 2039 et
1828 2010 1990 2049 supposita
2016 2011 2193 2044 earundem,

1285 2058 1365 2088 sicut
1377 2065 1407 2088 et
1423 2058 1498 2088 villa
1508 2059 1546 2088 de
1562 2059 1651 2088 Oude
1667 2059 1755 2098 Eyke
1773 2058 1839 2088 sive
1856 2059 1955 2098 Eyke,
1970 2065 2002 2088 ut
2012 2059 2193 2098 predicitur,

1284 2108 1337 2138 ubi
1370 2114 1418 2138 est
1449 2108 1580 2138 ecclesia
1614 2108 1788 2148 collegiata,
1822 2115 1941 2147 spectat
1972 2109 2010 2137 ad
2040 2109 2195 2137 nationem

1284 2157 1411 2186 eandem
1434 2157 1670 2192 Piccardorum‚
1694 2157 1813 2187 etiamsi
1831 2157 1862 2186 in
1886 2163 2044 2197 posterum
2066 2158 2096 2186 in
2117 2157 2195 2197 ipsis

1285 2206 1404 2246 campis
1431 2206 1480 2236 vel
1514 2206 1612 2246 pratis
1641 2213 1813 2236 structuras
1835 2207 1902 2236 fieri
1927 2207 2122 2245 contingeret
2146 2213 2197 2236 aut

1285 2255 1395 2285 domos
1408 2255 1556 2291 edificari,
1571 2266 1630 2296 que
1647 2261 1801 2286 structure
1812 2263 1863 2285 aut
1873 2257 1995 2291 domus,
2011 2256 2036 2285 si
2048 2256 2197 2295 incipiant

1286 2304 1460 2344 contiguari
1481 2304 1654 2334 immediate
1669 2305 1825 2344 aliquibus
1844 2305 2063 2344 predictarum,
2080 2305 2196 2345 oppido

1285 2352 1488 2394 Trajectensi,
1508 2353 1580 2383 ville
1590 2354 1628 2383 de
1640 2353 1817 2393 Maeseyke,
1836 2361 1937 2384 castro
1948 2355 1985 2383 de
1998 2354 2133 2389 Hoerne,
2147 2361 2197 2383 aut

1286 2412 1390 2432 earum
1408 2403 1579 2438 suburbiis,
1600 2404 1785 2443 spectabunt
1802 2404 1839 2433 ad
1858 2403 2012 2432 nationem
2034 2403 2195 2433 Piccardo-

1286 2461 1364 2481 rum.
1383 2451 1423 2482 Et
1439 2462 1496 2491 per
1514 2451 1570 2482 hec
1593 2452 1767 2482 nullatenus
1788 2453 1911 2482 termini
1929 2453 2060 2492 predicti
2077 2452 2197 2482 valeant

1286 2506 1316 2530 et
1329 2501 1462 2531 debeant
1474 2501 1630 2536 inmutari,
1645 2502 1911 2531 nonobstantibus
1923 2502 2012 2530 etiam
2025 2502 2055 2530 in
2067 2501 2196 2540 premis·

1286 2550 1330 2580 sis
1361 2550 1614 2580 distinctionibus
1647 2551 1930 2590 prescriptionibus
1960 2551 2196 2590 quibuscunque

1286 2599 1318 2629 in
1331 2599 1476 2635 futurum,
1492 2599 1594 2630 tacitis
1607 2600 1655 2630 vel
1669 2600 1841 2640 expressis,
1858 2599 1884 2629 si
1901 2609 1977 2639 quas
1995 2600 2025 2628 in
2038 2606 2195 2639 posterum

1285 2648 1352 2678 fleri
1368 2649 1566 2689 contingeret
1585 2649 1666 2679 inter
1684 2649 1840 2689 predictas
1858 2648 2011 2684 nationes,
2033 2648 2146 2688 quibus
2167 2654 2197 2678 et

1288 2733 1345 2755 tum
1367 2739 1379 2755 a
1397 2731 1479 2764 ipsum
1506 2732 1654 2756 verbotenus
1689 2731 1748 2756 hinc
1769 2731 1828 2756 inde
1851 2732 1969 2756 occurrit.
1999 2731 2054 2756 Vid.
2077 2732 2195 2756 Chartul.

1284 2767 1419 2796 univer-sq
1434 2767 1479 2797 111,
1493 2772 1521 2791 n·
1535 2768 1605 2792 1240.

1315 2803 1339 2826 3.
1373 2804 1402 2827 [ιι
1423 2811 1469 2827 nu.
1489 2803 1531 2827 Ιιιέ
1555 2807 1580 2828 et
1597 2806 1689 2836 postea
1709 2803 1828 2828 Almanie
1852 2802 1907 2827 sive
1929 2803 2081 2834 Germanic,
2106 2803 2153 2827 aed
2171 2803 2197 2827 in

1286 2837 1365 2862 litura
1375 2841 1399 2862 et
1409 2838 1557 2863 charactere
1571 2838 1714 2863 recentiori.
2089 2837 2092 2842 “

1316 2874 1340 2897 la.
1373 2875 1422 2898 Mn.
1435 2874 1583 2899 charactere
1593 2874 1730 2899 recentiori
1740 2874 1910 2899 Almnnorum
1926 2874 1981 2899 sive
1993 2874 2194 2905 Germanorum,

1286 2911 1310 2932 et
1323 2908 1468 2941 cicpontaea.
