2632 3464
600 0 820 29 magr-xv:
831 0 917 16 ‘tv
934 0 973 10 ο
1005 0 1104 22 *rvr-¹

1102 0 1266 21 ’νῆ-,ἣνῆν
1313 0 1319 6 “
1346 0 1363 4 ·-
1410 0 1449 7 *⁷¹¹

280 435 332 462 941
787 432 899 458 LIBER
926 429 1239 457 PROCURATORUM
1264 430 1444 456 NATIONIS
1466 430 1710 456 ANGLICANAE
2157 432 2209 459 942

280 511 445 542 affirmaret
455 516 686 550 compereretur
696 515 747 539 aut
759 518 815 548 pro
828 514 900 537 tunc
911 506 1033 546 exquiri
1046 512 1168 546 poterat
1184 518 1190 535 :

280 560 355 590 dicti
365 560 507 601 magistri
517 558 657 588 nacionis
669 558 797 598 prefate,
807 567 845 586 ne
856 556 1008 586 antedicte
1020 566 1074 585 sue
1086 555 1192 584 matris

278 609 500 640 universitatis
525 607 688 648 processui
715 612 824 636 contra
847 610 1105 645 prememoratum
1131 604 1192 633 Pe-

279 665 361 688 trum
373 659 412 688 de
425 658 528 693 Luna,
542 656 595 697 qui
612 666 646 686 se
661 655 860 686 Benedictum
872 653 1023 694 appellat,
1038 653 1192 683 obsistere

280 713 332 737 aut
350 707 448 746 ipsam
470 705 622 746 impedire
641 710 854 738 censerentur,
879 702 987 732 saltem
1007 712 1064 742 pro
1083 701 1191 742 majori

281 762 368 796 parte
394 755 661 789 deliberaverunt,
694 753 778 793 quod
809 752 948 792 predicte
973 762 1028 781 sue
1052 751 1191 781 nacionis

279 805 418 845 sigillum
435 805 553 844 absque
567 803 749 833 obediencie
767 801 883 831 domini
900 801 1072 830 Innocentii
1091 800 1191 840 preju-

278 854 361 884 dicio
384 853 524 893 quolibet
551 859 582 882 et
607 851 785 892 gravamine
809 851 848 880 ad
872 857 1047 890 requestam
1074 850 1191 879 domini

279 903 412 932 rectoris
427 901 551 932 nomine
569 899 789 931 Universitatis
809 899 949 940 predicte
968 903 1190 939 prememorate

278 951 380 982 littere
403 952 482 980 bene
509 949 800 990 poteratappendi.
828 949 868 978 Et
892 949 934 978 ita
956 959 994 977 ex
1017 948 1190 988 pluralitate

278 1010 388 1030 vocum
407 999 474 1030 fieri
495 1006 543 1029 est
561 998 753 1029 conclusum.
774 997 814 1027 Et
833 1007 928 1037 super
943 996 1106 1036 premissis
1125 997 1191 1026 fleri

278 1059 372 1080 unum
389 1049 439 1079 vel
458 1048 548 1088 plura
566 1048 722 1088 publicum
740 1047 789 1077 vel
807 1046 931 1087 publica
953 1046 1189 1076 instrumentum

277 1098 327 1128 vel
338 1098 542 1128 instrumenta
551 1097 688 1137 prefatus
701 1101 884 1135 procurator
891 1106 925 1125 ac
937 1095 1077 1135 magistri
1088 1095 1190 1124 nacio-

278 1147 329 1177 nis
341 1147 480 1187 predicte
495 1156 563 1176 cum
577 1155 728 1186 expresso
740 1154 913 1175 conssensu
924 1144 1041 1173 domini
1058 1144 1190 1174 rectoris

277 1207 314 1226 ac
341 1197 557 1236 deputatorum
586 1195 798 1235 predictorum
825 1205 841 1223 a
874 1193 1023 1233 magistro
1050 1193 1189 1223 Johanne

278 1245 447 1276 Guberstat
481 1245 602 1274 notario
638 1243 764 1284 publico
797 1253 866 1272 cum
897 1242 1049 1272 instancia
1082 1242 1190 1282 requi-

278 1301 430 1324 siverunt.

319 1342 473 1380 Quantum
490 1343 529 1372 ad
547 1342 716 1372 secundum
735 1341 897 1371 articulum
918 1340 1012 1370 nichil
1034 1346 1099 1370 erat
1118 1340 1190 1380 quia

279 1392 382 1422 nullus
400 1391 597 1432 supplicavit.

686 1497 784 1527 140⁷

321 1587 413 1618 Facta
429 1586 436 1605 ¹
469 1586 714 1626 congregacione
748 1585 888 1615 nacionis
916 1585 1087 1625 Anglicane
1116 1590 1190 1624 aput

278 1637 423 1667 Sanctum
435 1635 622 1666 Maturinum
635 1645 716 1664 anno
730 1634 854 1664 Domini
867 1635 911 1664 Μὕ
923 1634 1047 1664 0000θ
1057 1634 1188 1673 septimo

278 1686 447 1716 secundum
463 1685 567 1714 stilum
587 1684 771 1718 Romanum,
788 1683 859 1713 X11·
876 1683 926 1713 die
941 1683 1057 1712 mensis
1075 1682 1188 1712 Janua-

277 1735 330 1770 rii,
347 1744 443 1775 super
457 1734 557 1764 tribus
576 1732 726 1763 articulis.

319 1784 443 1814 Primus
461 1789 527 1813 erat
541 1783 578 1812 ad
596 1782 781 1812 audiendum
797 1781 994 1811 concordiam
1011 1781 1117 1810 factam
1133 1790 1188 1820 per

277 1835 442 1873 deputatos
468 1832 549 1862 dicte
574 1831 714 1861 nacionis
744 1831 825 1860 inter
849 1830 1008 1860 nacionem
1034 1829 1131 1869 ipsam
1159 1835 1189 1859 et

278 1883 435 1913 dominum
458 1881 606 1911 decanum
625 1880 756 1910 ecclesie
777 1879 982 1919 Lincopensis
999 1889 1094 1918 super
1110 1880 1188 1908 facto

279 1933 389 1962 domus
403 1931 447 1960 ad
460 1941 550 1959 cornu
565 1931 645 1959 cervi
659 1935 689 1959 et
702 1928 925 1968 dependenciis
937 1938 974 1957 ex
987 1928 1067 1957 dicta
1083 1929 1186 1963 domo,

279 1987 340 2011 tam
359 1990 456 2020 super
480 1978 736 2019 reparacionibus
760 1987 850 2017 quam
874 1977 1016 2017 locagiis,
1039 1983 1069 2006 et
1092 1977 1187 2006 eciam

279 2029 361 2060 dicte
394 2029 504 2058 domus
533 2027 746 2067 possessione.
781 2026 869 2056 Unde
897 2026 1034 2066 deputati
1064 2026 1124 2065 ipsi
1151 2036 1188 2055 ex

280 2085 367 2119 parte
398 2077 538 2107 nacionis
565 2083 596 2106 et
628 2076 772 2106 dominus
801 2076 936 2105 decanus
963 2075 1122 2115 predictus
1151 2085 1188 2105 ex

280 2134 366 2168 parte
387 2137 442 2156 sua
461 2132 491 2156 et
506 2125 670 2156 scolarium
691 2135 746 2155 sue
764 2125 905 2159 ecclesie,
923 2124 1074 2154 communi
1095 2135 1189 2154 cons-

279 2187 375 2207 sensu
393 2182 423 2206 et
443 2175 599 2205 voluntate
622 2174 723 2214 pridie
747 2173 877 2214 (scilicet
898 2173 954 2203 ΙΧ·
972 2173 1087 2203 mensis
1105 2173 1189 2212 ejus-

278 2227 365 2261 dem,
398 2225 518 2254 scilicet
551 2223 704 2262 Januarii)
738 2223 958 2252 submittebant
991 2232 1023 2252 se
1058 2222 1087 2251 in
1119 2222 1188 2252 istis

278 2275 409 2304 arbitrio
426 2281 456 2303 et
475 2272 668 2302 ordinacioni
689 2271 906 2311 magistrorum
934 2271 1017 2300 Petri
1042 2271 1188 2301 Cauchon

279 2331 310 2354 et
332 2322 461 2353 Oliverii
486 2323 524 2351 de
550 2321 699 2361 imperio,
721 2320 861 2350 volentes
883 2320 1034 2360 quidquid
1058 2330 1114 2359 per
1134 2330 1188 2350 eos

279 2373 363 2403 circs
381 2371 503 2411 singula
518 2370 549 2399 in
569 2370 624 2399 bac
644 2380 735 2399 causa
751 2369 906 2399 diceretur
921 2375 1026 2398 tenere
1044 2375 1141 2398 ratum
1159 2375 1189 2398 et

279 2422 465 2462 approbare.
492 2419 551 2457 Qui
577 2419 699 2459 quidem
725 2418 865 2458 magistri
889 2417 1001 2447 Petrus
1028 2424 1057 2447 et
1082 2417 1188 2447 Olive-

280 2471 358 2506 rius,
376 2469 489 2500 auditis
503 2469 574 2498 binc
590 2469 661 2498 inde
677 2467 827 2507 partibus,
841 2467 986 2496 dixerunt
1001 2477 1060 2506 que
1076 2477 1188 2506 sequn-

280 2526 330 2550 tur
349 2530 356 2549 τ
379 2518 484 2549 Primo
502 2518 584 2558 quod
603 2517 686 2546 dicto
701 2517 818 2546 decano
838 2526 895 2555 per
910 2516 1068 2545 nacionem
1084 2516 1189 2545 trade-

280 2575 330 2599 tur
343 2573 505 2608 compotus
521 2567 597 2596 alias
608 2565 764 2596 exhibitus
780 2566 818 2594 de
834 2564 1087 2604 reparacionibus
1101 2565 1188 2594 sactis

281 2618 312 2647 in
330 2621 399 2657 lpse
417 2617 509 2646 domo
526 2622 557 2645 et
576 2614 705 2655 locagiis
724 2613 873 2653 ejusdem,
890 2619 919 2643 et
937 2613 1134 2653 quittanciam
1150 2614 1188 2643 de

280 2665 415 2706 receptis
438 2665 594 2705 pecuniis,
620 2670 649 2694 et
679 2663 771 2694 simili
797 2663 887 2692 modo
915 2663 1015 2691 dictus
1045 2662 1188 2692 dominus

279 2716 415 2744 decanus
443 2713 627 2754 approbabit
653 2719 682 2742 et
708 2718 789 2742 ratas
822 2711 945 2741 babebit
971 2711 1188 2751 reparaciones

280 2763 366 2803 ipsas
384 2769 414 2793 et
431 2762 548 2802 locagia
567 2767 596 2792 et
612 2762 683 2792 inde
704 2761 784 2790 dicte
806 2761 926 2790 nacioni
948 2770 1002 2799 pro
1025 2770 1058 2789 se
1078 2766 1107 2790 et
1123 2760 1188 2790 suis

281 2813 516 2842 successoribus
525 2811 721 2851 quittanciam
735 2810 844 2839 tradet.
867 2810 940 2839 ltem
955 2810 992 2838 de
1006 2815 1087 2838 resta
1103 2819 1189 2838 com-

279 2861 345 2902 poti
362 2860 439 2890 alias
457 2860 592 2890 exhibite
611 2860 766 2889 restabant
787 2859 881 2888 XXVl
902 2865 987 2888 scuta
1009 2868 1064 2898 per
1087 2858 1188 2897 ipsum

314 2963 335 2987 l.
369 2963 438 2986 later
451 2962 533 2986 linem
543 2970 620 2985 manu
630 2961 768 2994 paularim-1*
777 2961 900 2993 Sequitur
913 2961 1142 2984 arbitri-mentum.

1247 706 1263 732 5

1229 952 1262 978 10

1228 1197 1261 1223 15

1227 1443 1261 1469 20

1226 1688 1260 1714 25

1226 1934 1260 1960 30

1226 2180 1259 2205 35

1226 2425 1260 2451 40

1227 2670 1260 2696 45

1301 506 1450 535 decanum
1474 506 1637 541 solvenda,
1662 513 1691 536 et
1711 507 1782 546 quia
1803 517 1858 546 per
1880 508 2035 538 dominum
2060 509 2208 538 decanum

1301 554 1514 594 allegabantur
1533 556 1749 594 reparaciones
1769 556 1870 595 alique
1887 557 2071 592 voluntarie,
2089 557 2159 587 ideo
2177 565 2209 588 ut

1301 610 1425 633 cessent
1440 604 1541 633 omnia
1559 604 1630 633 hinc
1651 605 1723 634 inde
1746 615 1805 644 que
1825 605 1856 634 in
1877 613 2034 645 posterum
2055 607 2115 636 dici
2133 617 2209 647 pos—

1301 659 1382 687 sent,
1406 653 1551 682 dixerunt
1574 660 1603 682 et
1622 654 1843 683 ordinaverunt
1867 655 1940 684 dicti
1961 656 2100 694 magistri
2125 657 2208 695 quod

1301 702 1445 735 dominus
1471 703 1607 732 decanus
1631 704 1749 742 prefate
1782 703 1903 732 nacioni
1933 705 2068 734 traderet
2093 706 2130 735 de
2157 705 2208 734 illa

1301 760 1419 780 summa
1433 750 1531 780 XXVI
1553 757 1709 781 scutorum
1730 752 1829 781 solum
1849 752 1905 781 XII
1923 759 2019 787 scuta,
2037 760 2066 782 et
2079 754 2123 783 sic
2140 754 2209 784 hinc

1300 799 1372 828 inde
1385 806 1475 829 erunt
1489 799 1567 839 quiti
1587 810 1604 829 a
1625 807 1713 841 parte
1734 801 1885 840 qualibet,
1906 812 1966 841 qua
1982 802 2105 841 quidem
2125 814 2208 832 sum-

1300 859 1348 878 ma
1373 849 1431 878 Xll
1455 856 1612 878 scutorum
1637 860 1693 889 per
1717 850 1817 889 ipsum
1842 851 1930 889 prius
1951 851 2050 880 soluta
2077 852 2208 891 aliisque

1299 898 1443 928 omnibus
1457 908 1513 938 per
1530 900 1660 928 eundem
1678 899 1825 928 faciendis
1844 909 1880 928 ex
1899 906 1963 929 toto
1982 901 2206 940 prcexpeditis,

1300 957 1336 976 ex
1353 953 1425 976 tunc
1441 954 1471 976 et
1486 958 1523 976 ex
1541 958 1622 977 nunc
1638 948 1719 977 dicta
1734 948 1844 978 domus
1859 948 1919 978 sibi
1935 950 2117 988 expedietur
2134 961 2208 989 pure

1299 1002 1329 1025 et
1346 996 1443 1026 libere
1459 997 1550 1026 modo
1563 997 1656 1026 solito
1669 998 1707 1026 de
1728 997 1868 1037 collegiis
1884 997 1953 1027 aliis
1976 998 2206 1029 Universitatis.

1299 1045 1440 1075 Attamen
1453 1045 1605 1085 locagium
1617 1046 1726 1075 domus
1741 1056 1839 1086 usque
1853 1047 1962 1076 festum
1972 1047 2122 1077 Johannis
2141 1059 2207 1087 per-

1299 1094 1396 1124 tinere
1410 1095 1502 1124 debet
1519 1095 1652 1130 nacioni,
1677 1096 1731 1124 sed
1750 1105 1766 1124 a
1783 1096 1866 1125 dicto
1885 1097 1962 1125 festo
1987 1096 2017 1125 in
2035 1103 2122 1126 antea
2140 1108 2207 1136 per-

1298 1144 1408 1173 tinebit
1429 1144 1554 1173 domino
1581 1145 1697 1174 decano
1720 1155 1755 1173 ac
1782 1155 1837 1174 sue
1865 1145 1996 1174 ecclesie
2021 1146 2205 1176 scolaribus.

1300 1193 1374 1222 ltem
1404 1203 1471 1222 cum
1501 1193 1595 1222 eciam
1618 1193 1719 1223 dictus
1739 1194 1874 1223 decanus
1901 1196 2024 1234 petebat
2045 1197 2206 1234 quemdam

1298 1241 1426 1271 coffrum
1451 1253 1518 1271 cum
1543 1241 1633 1271 libris
1648 1249 1678 1272 et
1697 1243 1808 1272 litteris
1832 1254 1886 1273 seu
1908 1243 2084 1283 privilegiis
2108 1245 2207 1284 perti-

1298 1291 1443 1320 nentibus
1463 1291 1543 1320 dicte
1559 1291 1674 1326 domui,
1691 1301 1725 1320 ac
1743 1292 1838 1322 eciam
1859 1292 1928 1331 ipso
1947 1293 2067 1322 dicente
2087 1293 2207 1332 locagia

1297 1341 1407 1370 domus
1427 1340 1580 1369 antedicte
1604 1350 1660 1379 pro
1686 1340 1742 1370 XX
1766 1341 1855 1370 annis
1882 1342 2065 1381 retrolapsis
2092 1343 2205 1373 debere

1298 1389 1358 1418 sibi
1381 1390 1551 1429 computari
1574 1389 1605 1418 in
1630 1389 1796 1430 integrum,
1823 1396 1854 1420 et
1884 1390 1983 1420 solum
2011 1393 2203 1431 computacio

1298 1438 1358 1468 sibi
1371 1439 1447 1468 sacta
1466 1439 1562 1468 suerat
1577 1439 1614 1468 de
1633 1439 1707 1468 Xlll
1726 1439 1826 1474 annis,
1842 1446 1871 1468 et
1889 1439 1933 1468 sic
1948 1447 2064 1470 restare
2083 1442 2203 1471 dicebat

1297 1487 1396 1517 adhuc
1404 1487 1461 1516 Vll
1474 1497 1624 1517 annorum
1641 1488 1904 1528 computacionem
1920 1489 1979 1518 sibi
1994 1490 2059 1519 fieri
2071 1491 2202 1526 debere;

1298 1537 1353 1566 sed
1371 1547 1438 1565 cum
1459 1536 1532 1565 dicti
1552 1537 1689 1576 deputati
1705 1537 1844 1566 nacionis
1861 1547 1897 1566 ex
1921 1538 2052 1567 adverso
2070 1549 2204 1579 respon-

1297 1586 1406 1614 dentes
1425 1585 1569 1614 dicebant
1585 1586 1623 1614 de
1642 1585 1781 1615 ulteriori
1803 1592 1941 1626 tempore
1962 1597 2051 1626 quam
2073 1589 2110 1617 de
2131 1589 2203 1618 Xlll

1297 1635 1386 1664 annis
1399 1644 1432 1663 ac
1447 1634 1541 1664 eciam
1558 1635 1595 1663 d'e
1612 1634 1708 1664 coffro
1727 1645 1761 1664 ac
1778 1635 1867 1664 libris
1883 1636 2042 1665 nacionem
2058 1637 2155 1676 ipsam
2172 1649 2205 1667 se

1298 1683 1382 1713 nullo
1400 1684 1491 1713 modo
1504 1683 1712 1713 intromisisse
1726 1694 1825 1723 neque
1836 1684 1952 1724 aliquid
1965 1685 2022 1714 tale
2035 1686 2203 1726 recepisse.

1297 1732 1367 1762 ideo
1397 1732 1547 1772 sepedicti
1579 1732 1720 1772 magistri
1749 1733 1907 1762 nacionem
1932 1735 1970 1763 ab
1997 1734 2057 1764 hiis
2083 1735 2205 1774 punctis

1297 1781 1510 1817 absolvebant,
1530 1782 1570 1811 ita
1593 1788 1693 1811 tamen
1712 1783 1794 1822 quod
1813 1782 1838 1812 si
1858 1783 1888 1811 in
1911 1790 2070 1822 posterum
2090 1795 2206 1824 preno-

1298 1831 1430 1860 minatus
1445 1831 1589 1860 dominus
1603 1831 1737 1860 decanus
1748 1831 1797 1861 vel
1811 1831 1858 1860 sui
1871 1832 2010 1871 legittimi
2023 1833 2052 1862 in
2068 1834 2205 1873 predicta

1297 1881 1388 1909 domo
1415 1890 1614 1909 successores
1639 1879 1670 1908 in
1695 1879 1869 1919 hujusmodi
1898 1882 2019 1920 punctis
2047 1883 2084 1911 de
2109 1883 2205 1912 coffro

1297 1939 1364 1958 cum
1389 1929 1478 1958 libris
1499 1935 1557 1958 etc.
1583 1935 1612 1957 et
1635 1935 1772 1968 tempore
1800 1929 1940 1959 ulteriori
1965 1931 2002 1959 de
2022 1931 2094 1960 xlll
2116 1933 2204 1961 annis

1298 1984 1405 2018 posset
1424 1978 1472 2007 vel
1490 1984 1617 2017 possent
1636 1988 1692 2017 pro
1715 1988 1748 2007 se
1772 1978 1874 2018 aliqua
1894 1978 2006 2008 babere
2024 1981 2205 2011 documenta

1297 2033 1327 2056 et
1342 2027 1542 2061 sufficiencia,
1559 2026 1673 2056 vellent
1690 2027 1763 2056 dicti
1782 2027 1921 2067 magistri
1939 2029 2021 2067 quod
2037 2029 2075 2058 de
2093 2029 2204 2059 talibus

1293 2075 1443 2115 judicium
1462 2082 1491 2104 et
1506 2075 1665 2104 ordinacio
1683 2082 1896 2105 reservaretur
1910 2077 1972 2111 eis;
1995 2083 2025 2106 et
2040 2078 2077 2106 ad
2097 2078 2153 2107 hoc
2171 2089 2204 2108 se

1297 2124 1509 2154 submiserunt
1531 2124 1618 2153 ambe
1640 2130 1756 2163 partes.
1782 2125 1848 2162 Que
1869 2126 1969 2154 omnia
1997 2125 2040 2155 sic
2065 2137 2204 2166 appunc—

1297 2179 1390 2208 tuan«,
1411 2179 1443 2202 ut
1464 2173 1630 2213 prefertur,
1655 2173 1732 2212 ipsis
1756 2174 1895 2213 partibus
1917 2182 2042 2214 accepta
2067 2182 2096 2205 et
2117 2182 2204 2215 grata

1298 2222 1420 2251 suerunt
1431 2228 1461 2251 et
1472 2221 1542 2250 binc
1555 2221 1625 2250 inde
1639 2222 1820 2261 approbata,
1835 2222 1976 2263 partibus
1990 2224 2083 2253 eciam
2099 2231 2203 2264 peten·

1297 2271 1379 2300 tibus
1395 2277 1425 2300 et
1440 2270 1672 2310 requirentibus
1688 2282 1704 2300 a
1720 2271 1867 2311 magistro
1883 2271 2021 2301 Johanne
2038 2273 2204 2303 Guberstat

1297 2320 1417 2349 notario
1433 2319 1557 2359 publico
1574 2320 1644 2348 inde
1658 2320 1718 2349 sibi
1734 2320 1799 2350 fieri
1816 2331 1907 2350 unum
1924 2321 1971 2350 vel
1989 2321 2077 2361 plura
2091 2323 2203 2352 instru-

1297 2375 1430 2398 mentum
1442 2368 1489 2398 vel
1509 2368 1722 2398 instrumenta.

1337 2418 1383 2446 2¹¹·
1401 2416 1548 2446 articulus
1570 2424 1635 2447 erat
1655 2419 1692 2446 ad
1717 2418 1899 2447 audiendum
1923 2426 2095 2458 compotum
2117 2430 2204 2450 rece-

1298 2467 1412 2507 ptoris;
1432 2467 1478 2495 3⁰·
1495 2476 1591 2505 super
1609 2466 1894 2506 supplicacionibus
1913 2474 1941 2496 et
1960 2467 2092 2506 injuriis.

1338 2516 1490 2553 Quantum
1506 2516 1542 2544 ad
1558 2515 1688 2555 primum
1706 2515 1820 2555 placuit
1837 2517 1957 2545 nacioni
1976 2518 2113 2556 predicta
2129 2528 2204 2547 con-

1297 2564 1413 2598 cordia,
1445 2571 1474 2594 et
1502 2564 1603 2593 omnia
1630 2565 1825 2604 appuncffffl.
1858 2567 1874 2593 6
1891 2565 1997 2603 Ι’μικιῐει
2024 2576 2078 2605 per
2102 2567 2203 2596 dictos

1298 2614 1463 2653 magistros
1482 2613 1605 2642 Petrum
1621 2613 1766 2643 Caucbon
1780 2620 1810 2643 et
1827 2614 1994 2643 Oliverium
2011 2615 2048 2643 ‹lc
2071 2615 2203 2655 lmpcrio

1297 2662 1402 2691 babuit
1423 2668 1521 2702 grata,
1543 2668 1607 2691 rata
1625 2668 1653 2691 ct
1673 2663 1852 2701 approbata.
1878 2662 1914 2692 Et
1935 2663 2076 2693 similiter
2099 2664 2203 2694 babuit

1297 2712 1460 2751 deputatos
1478 2721 1551 2740 suos
1571 2711 1601 2740 in
1621 2711 1680 2740 biis
1695 2722 1754 2750 que
1778 2711 1807 2740 in
1826 2713 1960 2750 presenti
1985 2714 2108 2742 materia
2129 2724 2203 2753 egc-

1298 2766 1369 2790 runt
1384 2766 1501 2800 gratos,
1517 2766 1642 2789 avoatos
1656 2766 1685 2789 et
1701 2761 1975 2790 rcronmwndatos.

1337 2809 1382 2837 2¹·-
1404 2808 1551 2838 articulus
1567 2808 1679 2837 dilatus
1698 2815 1762 2837 erat
1783 2816 1910 2848 propter
1925 2810 2098 2839 absenciam
2115 2821 2204 2840 rect·-

1299 2864 1408 2897 ptorts.
