2632 3464
450 448 500 474 563

483 524 557 553 Item
575 523 691 551 eisdem
710 521 785 549 hora
800 527 830 549 et
847 520 914 548 loco
933 518 1032 547 dictus
1048 517 1191 556 antiquus
1208 522 1351 555 receptor

443 571 631 611 presentavit
650 571 731 599 dicto
751 579 832 599 novo
855 567 1007 607 receptori
1031 566 1191 606 pecuniam
1210 565 1350 595 nacionis

442 622 655 651 extendentem
679 629 711 649 se
732 619 769 648 ad
790 627 936 647 summam
955 616 997 645 XI
1019 616 1203 649 francorum,
1225 614 1254 643 II
1272 615 1351 643 anti-

442 680 572 709 quorum
587 670 795 702 scudatorum,
809 667 850 696 VI
867 666 1036 695 solidorum
1050 671 1080 693 et
1098 663 1139 692 1X
1154 663 1350 692 denariorum

442 719 622 758 parisiens,
644 728 702 757 que
718 716 849 756 pecunia
868 715 959 743 dictis
977 713 1133 753 magistris
1152 713 1350 752 presentibus

443 768 556 796 ibidem
586 767 792 806 reponebatur
818 765 850 793 in
880 763 971 793 archa
995 762 1145 791 nacionis.
1173 762 1241 799 Quo
1272 762 1350 791 facto

443 817 553 846 ivimus
569 817 599 845 in
614 817 781 849 tabernam,
798 820 904 853 potum
923 814 1035 841 bonum
1052 811 1168 841 vinum.

483 866 557 895 Item
574 866 622 894 die
634 864 728 904 jovis,
747 874 805 903 que
821 863 877 891 suit
888 861 998 901 prefati
1014 861 1130 889 mensis
1141 860 1256 896 ultima,
1275 861 1351 889 facta

443 914 687 954 congregacione
721 912 859 941 nacionis
892 911 1063 949 Anglicane
1097 910 1179 948 apud
1206 909 1351 939 Sanctum

442 963 628 992 Maturinum
648 972 741 1000 super
759 960 981 990 distribucione
1004 959 1169 994 scolarum,
1183 965 1212 987 et
1230 958 1352 998 suppli-

443 1018 588 1041 caverunt
602 1012 644 1040 4⁰¹·
662 1010 817 1050 magistri,
833 1009 978 1039 videlicet
990 1008 1131 1047 magistri
1144 1008 1298 1037 Jordanus
1314 1009 1351 1036 de

444 1061 552 1095 Clivis,
570 1061 748 1089 Gherardus
764 1060 801 1087 de
820 1058 942 1092 Calker,
960 1057 1116 1086 Johannes
1131 1057 1169 1086 de
1182 1056 1351 1086 Hfiekelem

443 1117 473 1139 et
495 1110 607 1149 Hugho
628 1110 664 1137 de
688 1109 840 1137 Hervorst
864 1117 921 1146 pro
944 1106 1040 1135 scolis
1063 1105 1140 1141 suis,
1157 1106 1252 1134 eciam
1275 1115 1352 1144 quas

444 1159 544 1198 longis
564 1158 755 1197 temporibus
771 1157 951 1185 habuerant.
969 1156 1009 1184 Et
1023 1161 1110 1184 erant
1125 1155 1170 1184 eis
1191 1164 1350 1183 concesse.

444 1208 483 1237 Et
511 1208 610 1236 dictus
637 1207 784 1245 magister
810 1205 989 1234 Gherardus
1021 1205 1058 1233 de
1089 1204 1202 1233 Kalker
1235 1203 1353 1233 addidit

442 1263 553 1291 tamen,
582 1256 612 1284 in
638 1266 709 1284 casu
733 1265 793 1294 quo
820 1255 920 1293 ipsum
947 1259 1106 1292 oporteret
1127 1254 1296 1282 transferre
1319 1263 1352 1282 se

442 1316 552 1335 versus
578 1305 693 1334 curiam
721 1304 888 1333 Romanam
913 1313 980 1332 cum
1004 1301 1140 1338 rotulo⁴,
1173 1303 1255 1341 quod
1280 1308 1353 1332 tunc

443 1355 575 1393 aliquem
595 1359 703 1393 posset
721 1354 758 1382 ad
776 1353 895 1381 libitum
915 1362 1003 1381 suum
1024 1351 1223 1386 substituere,
1245 1351 1297 1390 qui
1321 1351 1353 1380 in

445 1403 535 1432 dictis
549 1403 642 1432 scolis
656 1403 774 1441 legeret
788 1402 856 1430 loco
872 1401 945 1430 dicti
961 1401 1101 1440 magistri
1115 1400 1166 1436 G.,
1179 1400 1237 1429 hoc
1252 1407 1353 1429 tamen

444 1458 558 1482 attento
572 1452 654 1491 quod
669 1451 720 1480 ille
737 1451 922 1480 substitutus
933 1450 964 1478 in
981 1460 1063 1484 casu,
1079 1460 1141 1489 quo
1152 1449 1299 1489 magister
1313 1449 1351 1478 G.

444 1511 506 1530 non
528 1501 631 1529 debito
652 1507 789 1539 tempore
811 1499 942 1534 rediret,
966 1498 1042 1528 nulli
1065 1499 1096 1527 in
1118 1499 1234 1528 eisdem
1259 1499 1353 1528 scolis

445 1549 668 1589 prejudicaret;
691 1549 774 1588 quod
794 1548 942 1588 magistro
963 1548 1125 1577 Gherardo
1147 1548 1203 1577 fuit
1224 1558 1353 1577 conces-

445 1598 836 1637 sum..Postea‹resignavit
852 1597 999 1637 magister
1011 1597 1167 1626 Johannes
1183 1597 1246 1626 Coc
1264 1607 1353 1636 quas-

444 1649 513 1677 dam
547 1647 647 1676 scolas
679 1657 790 1686 parvas
819 1647 859 1686 (in
889 1646 1001 1685 quibus
1028 1646 1108 1675 idem
1140 1656 1195 1685 per
1228 1646 1353 1685 aliquod

444 1703 564 1736 tempus
579 1695 710 1735 rexerat)
723 1696 819 1725 libere
833 1696 863 1724 in
875 1702 1026 1735 potestate
1036 1695 1115 1724 dicte
1128 1695 1278 1730 nacionis,
1294 1706 1353 1735 pro

445 1746 557 1785 quibus
578 1746 671 1774 scolis
693 1751 823 1784 quatuor
843 1745 999 1784 magistri,
1020 1745 1164 1774 videlicet
1185 1744 1353 1774 Nicholaus

445 1796 483 1824 de
495 1795 648 1829 Ham-lem,
662 1794 850 1833 Meynardus
862 1793 933 1833 (Fal.
946 1796 983 1823 13
995 1793 1018 1833 ¹³)
1031 1793 1187 1833 Rodolphi
1196 1795 1233 1822 de
1245 1794 1351 1833 Tyela,

444 1844 600 1873 Johannes
616 1845 653 1872 de
674 1843 838 1883 Maguncia
853 1849 882 1871 et
896 1843 1082 1871 Vredericus
1098 1843 1135 1871 de
1153 1843 1352 1883 VVerendorp

447 1892 696 1932 [supplicarunt]‚
730 1899 760 1921 et
783 1892 894 1921 auditis
924 1891 995 1920 hinc
1019 1892 1090 1921 inde
1117 1893 1239 1921 motivis
1265 1893 1353 1922 nacio

446 1942 542 1970 dictas
570 1941 671 1970 scolas
695 1951 751 1980 per
776 1941 956 1980 magistrum
987 1941 1155 1970 Johannem
1185 1942 1249 1970 Koc
1272 1942 1354 1971 resi-

447 1996 555 2029 gnatas
566 1990 714 2029 magistro
726 1990 895 2029 Meynardo
906 1990 1070 2019 concessit.
1086 1990 1190 2019 Eciam
1202 1991 1233 2019 in
1249 1992 1353 2020 eadem

447 2040 690 2079 congregacione
727 2045 983 2078 presentaverunt
1015 2049 1048 2068 se
1086 2039 1181 2078 aliqui
1214 2040 1353 2079 magistri

445 2089 584 2117 volentes
598 2095 627 2117 et
637 2094 848 2127 proponentes
863 2098 984 2127 regere,
996 2098 1057 2117 non
1073 2088 1220 2117 habentes
1234 2089 1353 2128 aliquas

447 2137 547 2166 scolas
556 2137 676 2166 nacioni
686 2137 888 2176 pertinentes,
897 2136 949 2176 qui
959 2137 1211 2176 supplicaverunt
1219 2138 1351 2173 nacioni,

447 2187 478 2215 in
497 2196 567 2215 casu
580 2197 640 2225 quo
652 2186 713 2225 ipsi
730 2186 931 2224 sibimetipsis
946 2196 1030 2215 more
1049 2186 1140 2215 solito
1154 2187 1355 2225 providerent

446 2236 484 2264 de
500 2235 604 2270 scolis,
622 2236 704 2274 quod
719 2235 807 2264 nacio
821 2235 913 2264 vellet
928 2235 1059 2264 solvere.

487 2284 561 2313 Item
576 2285 681 2313 eodem
694 2284 744 2312 die
762 2290 792 2313 et
805 2285 911 2313 eodem
926 2283 993 2313 loco
1007 2284 1179 2313 immediate
1193 2291 1264 2323 post
1279 2295 1354 2314 con-

447 2333 663 2372 gregacionem
686 2333 833 2372 magister
855 2333 1007 2362 Martinus
1027 2334 1064 2362 de
1086 2333 1187 2372 Delph
1209 2334 1354 2373 antiquus

447 2388 590 2420 receptor
605 2382 690 2410 dedit
704 2382 852 2421 magistro
868 2381 999 2410 Johanni
1017 2383 1054 2411 de
1071 2382 1192 2411 Stralen
1209 2382 1268 2412 1111
1284 2383 1355 2412 lite-

447 2441 497 2460 ras
532 2431 732 2470 obligatorias
766 2431 886 2459 nacioni
922 2430 1126 2469 pertinentes,
1156 2431 1353 2470 presentibus

448 2480 604 2518 magistris
630 2480 767 2508 Jordano
793 2480 830 2508 de
855 2479 952 2508 Clivis
979 2486 1008 2508 et
1030 2480 1168 2509 Johanne
1190 2480 1302 2509 Webel
1325 2487 1355 2510 et

449 2528 589 2566 pluribus
609 2528 678 2557 aliis
699 2528 867 2568 magistris,
890 2528 941 2567 qui
961 2529 1098 2567 predicte
1115 2529 1354 2569 congregacioni

449 2577 659 2606 interfuerant.

490 2626 563 2654 Item
586 2637 665 2655 anno
686 2637 747 2665 quo
767 2637 870 2665 supra,
888 2627 937 2655 die
956 2627 1072 2662 martis,
1095 2637 1154 2666 que
1175 2627 1230 2656 fuit
1247 2627 1353 2666 quinta

450 2676 563 2704 mensis
589 2675 745 2710 Octobris,
776 2676 852 2704 sacta
875 2676 1119 2715 congregacione
1146 2676 1283 2705 nacionis
1315 2677 1353 2705 ad

450 2724 696 2762 supplicandum,
720 2724 972 2763 supplicaverunt
991 2724 1130 2764 magistri
1151 2724 1350 2764 infrascripti.

481 2838 503 2860 1.
537 2838 582 2861 llic
598 2838 685 2870 agitur
704 2839 735 2862 de
757 2839 842 2862 eodem
865 2838 947 2862 rotulo
971 2847 1044 2870 quem
1062 2839 1175 2870 portavit
1195 2840 1349 2863 Avenionem

450 2881 504 2903 esus
525 2874 588 2896 anni
610 2882 692 2897 men-se
711 2875 786 2898 Iunio
810 2874 940 2898 Gerardus
966 2875 997 2898 de
1007 2875 1104 2898 Kalkar
1127 2875 1173 2905 (de
1198 2884 1247 2907 quo
1270 2884 1348 2907 supra

451 2916 477 2938 p.
494 2909 556 2940 559),
574 2912 597 2932 et
614 2918 670 2932 cum
685 2919 734 2940 quo
747 2910 804 2941 jam
821 2913 881 2934 ante
895 2910 1032 2941 Septembr.
1051 2911 1081 2933 30
1093 2910 1206 2934 Parisios
1223 2919 1351 2943 regressus

451 2947 514 2970 erat,
533 2952 636 2975 sperans
654 2953 680 2967 se
699 2945 763 2968 data
785 2945 917 2968 occasione
934 2954 992 2968 mum
1011 2953 1066 2968 cum
1088 2946 1174 2969 eodem
1196 2946 1278 2970 rotulo
1297 2946 1354 2978 (qui

452 2981 528 3001 antea
553 2987 602 3003 non
627 2980 677 3010 suit
698 2980 821 3013 signatus,
845 2981 907 3012 quia
933 2981 1049 3005 Urbanus
1072 2981 1174 3005 minime
1198 2981 1352 3005 Avenionem

992 440 1214 467 AUCTARIUM
1235 439 1494 467 CHARTULARH
1514 441 1687 467 UNIVERS.
1710 441 1828 468 PARIS.

1389 961 1422 987 10

1390 1207 1423 1232 15

1391 1452 1424 1478 20

1391 1698 1424 1723 25

1391 1942 1424 1967 30

1391 2187 1425 2213 35

1391 2431 1424 2457 40

1390 2676 1423 2702 45

2319 440 2370 467 564

1460 517 1499 547 Et
1509 518 1610 557 primo
1626 517 1767 558 magistri
1782 517 1915 546 Thomas
1926 518 1963 546 de
1981 517 2163 557 Kinghoern
2173 523 2204 546 et
2218 517 2370 546 Martinus

1448 566 1496 595 ‘de
1513 566 1626 606 Delph'.
1642 567 1690 595 Ex
1705 576 1766 606 quo
1783 566 1824 595 ita
1839 566 1905 602 fuit,
1922 567 2005 606 quod
2021 566 2259 595 necessitatibus
2277 565 2371 595 certis

1459 625 1512 644 eos
1529 615 1712 655 cogentibus
1731 615 1803 654 (Vol.
1823 615 1869 655 19)
1886 615 1948 654 ipsi
1964 625 2020 654 per
2038 614 2097 644 Dei
2112 614 2248 654 graciam
2266 624 2299 644 se
2314 624 2371 654 per

1459 670 1580 704 tempus
1602 665 1800 693 absentarent
1823 674 1840 692 a
1863 663 1966 693 studio
1996 663 2184 698 Parisiensi,
2211 663 2371 693 dimissuri

1459 719 1559 743 tamen
1586 723 1692 742 eorum
1714 713 1812 742 libros
1835 719 1865 742 et
1889 712 2034 742 utensilia
2056 712 2212 747 Parisius,
2239 712 2271 741 in
2298 721 2371 741 casu

1460 772 1521 801 quo
1536 762 1624 791 fieret
1637 762 1756 791 rotulus
1772 772 1871 791 novus
1889 762 1927 790 ad
1941 762 2033 791 is'tum
2049 771 2158 800 papam
2170 761 2220 791 vel
2233 762 2270 789 ad
2289 762 2371 790 futu-

1459 821 1538 846 rum,
1558 812 1642 850 quod
1661 811 1722 850 ipsi
1738 817 1869 850 possent
1883 811 2001 850 imponi
2023 817 2176 850 tamquam
2195 816 2368 849 presentes.

1460 860 1499 889 Et
1515 860 1738 900 superveniens
1749 860 1897 899 magister
1910 859 2069 889 Arnoldus
2080 860 2118 888 de
2130 859 2263 888 Lochem
2272 859 2370 888 eidem

1460 909 1699 948 congregacioni
1713 909 1898 948 supplicavit
1912 910 2019 938 eodem
2034 908 2124 937 modo
2141 908 2220 937 sicut
2230 907 2282 937 alii
2297 908 2370 943 duo,

1460 964 1490 987 et
1502 958 1642 997 magistri
1653 958 1668 986 J
1672 957 1809 986 ohannes
1819 958 1856 986 de
1866 957 2138 987 Lunczelenborch
2147 963 2177 986 et
2183 956 2370 986 Wilhelmus

1461 1007 1603 1036 Trebron
1614 1007 1645 1035 in
1656 1007 1761 1036 eadem
1776 1007 2022 1046 congregacione
2036 1006 2289 1046 supplicaverunt
2300 1015 2371 1034 con—

1461 1056 1665 1091 dicionaliter,
1684 1056 1715 1084 in
1732 1065 1804 1084 casu
1821 1066 1882 1095 quo
1904 1056 1991 1095 ipsos
2009 1061 2167 1094 oporteret
2188 1055 2232 1084 sic
2249 1056 2369 1090 abesse,

1460 1111 1494 1134 ut
1504 1104 1560 1134 alii
1576 1111 1809 1144 expresserant,
1830 1105 1913 1143 quod
1929 1105 2023 1134 eciam
2039 1111 2192 1143 tamquam
2208 1109 2370 1143 presentes

1461 1155 1492 1183 in
1510 1154 1611 1183 rotulo
1631 1164 1723 1189 ῐιονο,
1742 1154 1768 1183 si
1789 1154 1958 1183 communis
1977 1154 2075 1188 fieret,
2095 1154 2134 1181 ad
2151 1153 2243 1182 istum
2260 1162 2371 1192 papam

1460 1203 1510 1233 vel
1538 1204 1576 1231 ad
1616 1202 1707 1232 alium
1735 1203 1886 1238 futurum,
1911 1209 2041 1242 possent
2070 1202 2196 1241 imponi.
2233 1202 2371 1238 Quorum

1452 1252 1596 1281 omnium
1611 1252 1859 1291 supplicaciones
1873 1258 1960 1281 erant
1974 1258 2046 1281 tunc
2059 1261 2206 1280 concesse
2218 1261 2274 1290 per
2290 1250 2371 1280 hunc

1461 1302 1600 1336 modum,
1627 1301 1711 1340 quod
1738 1302 1827 1330 nacio
1859 1300 2060 1330 conformavit
2091 1310 2124 1329 se
2157 1299 2370 1335 Universitati,

1461 1350 1606 1380 videlicet
1618 1351 1702 1389 quod
1713 1350 1793 1380 sicut
1804 1349 1998 1380 Universitas
2007 1349 2082 1378 alias
2095 1355 2234 1388 tempore
2249 1348 2372 1377 conclu-

1463 1400 1560 1428 sionis
1573 1399 1666 1428 rotuli
1676 1398 1739 1438 jam
1755 1399 1922 1428 existentes
1931 1397 1943 1416 ²
1954 1398 2107 1428 Avinione
2119 1397 2286 1427 declaravit
2298 1407 2371 1436 pre-

1463 1455 1577 1484 sentes,
1606 1449 1651 1477 sic
1675 1454 1705 1477 et
1725 1449 1813 1477 nacio
1835 1454 1954 1477 teneret
1974 1453 2005 1476 et
2027 1453 2195 1487 reputaret,
2219 1446 2268 1476 vel
2288 1447 2372 1485 quod

1461 1498 1549 1526 nacio
1571 1498 1738 1527 secundum
1760 1498 1844 1536 quod
1866 1496 2061 1527 Universitas
2083 1502 2222 1535 tempore
2245 1495 2372 1524 conclu-

1463 1547 1560 1576 sionis
1579 1547 1672 1576 futuri
1690 1546 1784 1576 rotuli
1803 1546 2005 1575 declaraverit
2021 1551 2184 1585 presentes
2200 1554 2254 1574 eos
2271 1544 2372 1574 taliter

1462 1596 1627 1636 reputabit,
1645 1597 1761 1625 addens
1777 1602 1878 1625 tamen
1895 1595 1983 1624 nacio
1999 1601 2029 1624 et
2048 1594 2208 1633 quodlibet
2223 1594 2372 1633 supposi-

1461 1652 1525 1675 tum
1540 1646 1653 1674 ibidem
1664 1645 1811 1679 existens,
1822 1645 1854 1673 in
1867 1650 2012 1683 quantum
2023 1643 2056 1672 in
2067 1643 2112 1672 eis
2123 1643 2188 1678 suit,
2200 1643 2284 1682 quod
2297 1653 2377 1680 cona,

1463 1696 1608 1724 cederent
1623 1694 1774 1733 quidquid
1789 1699 1929 1732 possent.

1502 1744 1578 1773 Item
1598 1753 1677 1772 anno
1691 1751 1760 1782 'quo
1783 1752 1888 1782 supra,
1911 1742 1960 1771 die
1984 1741 2119 1776 veneris,
2143 1751 2202 1780 que
2227 1741 2283 1770 suit
2305 1740 2372 1771 XVa

1462 1793 1536 1822 dicti
1558 1792 1674 1822 mensis
1693 1792 1850 1827 Octobris,
1870 1791 2012 1820 dominus
2032 1796 2176 1829 receptor
2195 1790 2314 1829 recepit
2334 1800 2372 1819 ex

1462 1842 1554 1871 archa
1573 1841 1711 1871 nacionis
1737 1841 1885 1880 quosdam
1907 1840 2005 1869 libros
2032 1839 2156 1868 domino
2179 1839 2312 1868 Johanni
2333 1839 2371 1868 de

1462 1891 1676 1929 M0n[asterio]
1710 1897 1743 1920 ut
1771 1890 1905 1919 asseruit
1929 1889 2132 1929 pertinentes,
2163 1894 2193 1917 et
2222 1889 2259 1917 de
2289 1888 2371 1917 dicto

1462 1941 1586 1970 domino
1610 1939 1748 1969 Johanne
1775 1939 1855 1968 idem
1878 1944 2022 1977 receptor
2042 1937 2119 1966 dixit
2141 1937 2201 1966 sibi
2223 1947 2260 1966 ex
2283 1943 2371 1976 parte

1462 1988 1802 2018 nacionissatisfactum
1821 1988 1927 2017 fuisse.

1502 2039 1578 2068 Item
1596 2039 1701 2067 eadem
1718 2037 1794 2066 hora
1809 2043 1839 2066 et
1853 2037 1960 2066 eodem
1976 2036 2025 2065 die
2043 2035 2190 2075 magister
2207 2034 2319 2064 Petrus
2332 2036 2370 2064 de

1462 2087 1567 2123 Porta,
1578 2087 1653 2116 alias
1664 2087 1702 2116 de
1711 2086 1899 2120 Bacherach,
1909 2086 1987 2114 duos
1998 2084 2095 2113 libros
2103 2084 2217 2113 ibidem
2227 2083 2368 2120 redemit,

1463 2147 1541 2176 quos
1559 2136 1680 2165 nacioni
1698 2141 1844 2175 posuerat
1860 2145 1918 2174 pro
1933 2134 2061 2163 licencia
2077 2139 2108 2162 et
2124 2133 2314 2173 magisterio,
2331 2133 2369 2162 de

1462 2186 1548 2226 cujus
1562 2185 1719 2214 solucione
1735 2185 1835 2213 dictus
1849 2183 1991 2212 dominus
2007 2189 2150 2222 receptor
2164 2181 2278 2211 ibidem
2293 2181 2372 2211 dixit

1463 2245 1496 2265 se
1514 2236 1578 2264 fore
1592 2240 1778 2264 contentum.

1869 2326 1966 2356 1378

1463 2400 1536 2430 Hec
1578 2406 1663 2429 sunt
1702 2405 1782 2428 acta
1822 2398 1858 2427 in
1898 2396 2158 2437 procuratoria
2198 2395 2369 2435 magistri

1631 2447 1825 2477 Frederici
1855 2448 1896 2476 de
1926 2445 2198 2484 Warendorpe.

1500 2529 1591 2559 Anno
1606 2528 1730 2558 Domini
1742 2527 1809 2556 M¹¹²⁰
1822 2526 1938 2558 CCCmo
1951 2525 2119 2555 LXXV111⁰
2129 2525 2198 2564 ipsa
2209 2524 2259 2553 die
2274 2524 2368 2553 unde-

1461 2579 1518 2608 cim
1536 2578 1664 2607 millium
1677 2577 1831 2616 virginum
1841 2575 1865 2611 ³,
1881 2577 1958 2605 sacta
1969 2574 2213 2614 congregacione
2229 2572 2368 2602 nacionis

1460 2628 1631 2667 Anglicane
1653 2626 1728 2655 hora
1754 2625 1922 2664 primarum
1947 2624 1985 2652 ad
2012 2623 2156 2652 Sanctum
2181 2621 2367 2651 Maturinum

1461 2677 1499 2705 ad
1514 2676 1689 2715 eligendum
1699 2679 1931 2714 procuratorem
1945 2678 1975 2701 et
1989 2672 2027 2701 ad
2044 2671 2230 2700 audiendum
2244 2680 2368 2710 compu-

1461 2731 1524 2754 tum
1551 2723 1734 2763 receptoris,
1759 2723 1840 2752 unde
1867 2722 1945 2750 facto
1969 2726 2111 2760 computo
2140 2719 2312 2759 receptoris
2339 2725 2369 2748 et

1462 2838 1573 2870 veneral)
1581 2838 1765 2869 profecturum.
1781 2835 1912 2860 Remansit
1923 2834 1990 2858 enim
2005 2834 2135 2858 Gerar-dus
2148 2841 2227 2865 usque
2240 2833 2277 2856 ad
2287 2841 2366 2865 expe-

1461 2875 1583 2898 ditionem
1600 2872 1678 2896 rotuli
1697 2872 1796 2904 legatus
1810 2879 1853 2895 seu
1870 2870 1983 2898 nuntius,
2003 2873 2030 2893 ut
2046 2878 2078 2893 ea>
2092 2869 2162 2900 infra
2179 2869 2255 2892 dictis
2272 2868 2309 2892 ad
2323 2876 2366 2892 an.

1461 2911 1532 2938 1379,
1546 2918 1572 2940 p.
1586 2909 1638 2937 578,
1651 2908 1689 2936 47,
1704 2907 1853 2931 concludere
1865 2906 1993 2930 debemus.
2010 2907 2079 2929 Tunc
2089 2905 2189 2928 demum
2202 2903 2366 2928 renuntiavit.

1492 2946 1515 2968 2.
1549 2946 1596 2968 Ma.
1611 2943 1730 2967 existent.
1746 2942 1801 2967 Via.
1816 2950 1895 2974 supra
1906 2950 1933 2974 p.
1947 2941 2002 2970 519,
2016 2942 2039 2965 8.

1493 2981 1516 3004 3.
1550 2980 1578 3003 21
1594 2979 1719 3003 Octobris.
