2632 3464
277 426 311 452 41
784 424 897 451 LIBER
919 419 1234 450 PROCURATORUM
1254 420 1434 447 NATIONIS
1453 422 1698 448 ANGLICANAE
2174 424 2207 450 42

317 502 390 543 (Pol.
410 503 459 543 39)
477 503 603 534 Summa
625 503 803 533 defalcanda
822 515 828 532 :
850 502 876 531 V
896 503 989 537 libre,
1007 501 1052 530 Ill
1071 499 1180 535 solidi,

278 551 338 581 llll
357 553 486 582 denarii.

681 647 778 676 1340

322 718 394 758 (Fol.
429 720 467 748 39
483 717 506 758 ¹³)
545 717 774 748 Procuracio
807 717 981 758 magistri
1018 717 1139 747 Ulrici

601 768 643 797 de
678 767 860 807 Augusta.

315 847 406 877 Anno
427 847 552 877 Domini
572 847 793 883 M⁰CCC⁰XL.,
810 847 952 888 proxima
972 847 1023 876 die
1041 846 1181 877 sabbati⁴

274 903 347 936 post
363 897 473 926 festum
495 897 594 926 sancti
612 896 832 932 Bar-tholomei,
854 896 930 925 hora
950 897 1048 936 prime
1067 896 1184 926 vocatis

273 945 418 975 omnibus
437 946 595 986 magistris
609 946 646 975 de
661 946 790 975 nacione
806 945 977 986 Anglicana
992 952 1060 975 actu
1076 955 1184 985 regen-

274 994 358 1024 tibus
381 995 461 1034 apud
480 995 625 1024 Sanctum
642 995 796 1025 Julianum
817 1005 983 1035 pauperem
1004 996 1043 1024 ad
1065 995 1184 1035 eligen-

273 1044 347 1073 dum
361 1050 605 1083 procuratorem,
619 1050 653 1074 ut
667 1045 775 1079 moris,
792 1045 907 1074 electus
921 1044 977 1074 fuit
991 1045 1023 1073 in
1040 1054 1183 1084 procura-

274 1099 372 1122 torem
394 1093 474 1123 dicte
498 1093 638 1123 nacionis
658 1093 808 1133 magister
825 1093 951 1124 Ulricus
971 1095 1009 1124 de
1030 1094 1182 1135 Augusta,

274 1142 305 1170 in
320 1141 408 1181 cujus
423 1142 648 1182 procuracione
665 1144 742 1172 facta
757 1149 830 1172 sunt
845 1153 904 1182 que
923 1150 1080 1173 secuntur.

314 1191 420 1220 Primo
443 1191 631 1221 venerabilis
653 1192 703 1221 vir
723 1192 871 1232 magister
891 1192 1002 1223 Petrus
1023 1193 1060 1222 de
1082 1193 1184 1223 Croso

273 1240 304 1269 in
326 1240 500 1280 theologia,
518 1241 663 1280 provisor
684 1247 756 1271 tunc
775 1242 885 1271 domus
908 1242 1127 1282 magistrorum
1146 1243 1184 1272 de

274 1289 428 1325 Sorbona,
444 1290 608 1328 red[d]idit
625 1297 801 1330 compotum
820 1301 878 1330 pro
896 1301 930 1320 se
949 1297 979 1320 et
996 1301 1054 1330 pro
1069 1292 1184 1331 prede-

273 1338 452 1368 cessoribus
472 1339 537 1369 suis
557 1339 647 1379 quasi
665 1340 703 1369 de
723 1340 860 1380 quinque
876 1340 965 1369 annis
981 1341 1019 1369 de
1037 1341 1183 1380 expensis

273 1393 303 1416 et
329 1387 472 1417 omnibus
500 1388 592 1418 bonis
622 1389 710 1418 factis
738 1395 768 1418 et
795 1389 931 1428 receptis
957 1399 1015 1429 pro
1044 1390 1184 1429 predicta

271 1437 375 1466 domo.
405 1437 605 1478 Recipientes
635 1445 809 1477 compotum
834 1439 872 1467 ab
901 1439 1008 1468 eodem
1033 1440 1183 1479 magistro

273 1485 367 1516 Petro
382 1487 522 1526 predicto
534 1488 657 1517 fuerunt
669 1487 810 1527 magistri
826 1487 920 1526 Symo
933 1488 971 1517 de
986 1488 1180 1523 Lombardia,

273 1536 458 1565 substitutus
485 1537 601 1566 domini
623 1537 755 1566 rectoris
780 1537 931 1566 Johannis
955 1538 993 1566 de
1018 1537 1180 1578 Bononya,

271 1585 458 1614 venerabilis
473 1585 521 1615 vir
537 1586 684 1625 magister
696 1586 853 1615 Johannes
873 1586 1017 1626 Idergen‚
1035 1587 1183 1627 magister

272 1633 466 1674 theossogieL
482 1634 606 1674 quidam
622 1635 760 1664 medicus
771 1634 796 1671 ²,
810 1635 929 1665 Alanus
944 1636 982 1665 de
998 1636 1180 1671 Villacollis,

270 1683 429 1712 Johannes
451 1683 614 1719 Moredas,
632 1683 795 1713 Grunerus
814 1684 982 1720 Bonifacii,
999 1685 1125 1715 Ulricus
1144 1687 1182 1715 de

270 1734 424 1771 Augusta,
443 1738 664 1772 procuratores
686 1739 818 1772 quatuor
837 1734 1015 1770 nacionum,
1035 1735 1182 1765 Nicolaus

269 1781 308 1810 de
329 1780 446 1810 Chesin
468 1781 609 1821 pedellus
630 1781 836 1817 Gallicorum,
855 1783 1022 1812 Heinricus
1040 1784 1181 1823 pedellus

271 1829 530 1866 Normannorum,
551 1830 737 1860 Chunradus
756 1837 786 1860 et
803 1830 960 1871 Giliginus
978 1832 1181 1872 Anglicorum

274 1878 387 1918 pedelli
403 1885 462 1909 etc.

312 1928 386 1958 Item
411 1929 555 1958 dominus
578 1928 663 1959 Suno
689 1929 794 1959 Karoli
820 1930 858 1959 de
882 1930 992 1960 Svecia
1011 1931 1128 1971 incepit
1150 1932 1181 1961 in

269 1978 388 2007 artibus
401 1978 459 2007 sub
473 1978 621 2018 magistro
634 1978 801 2008 Chonrado
816 1980 854 2009 de
870 1979 976 2010 Monte
992 1980 1178 2017 Puellarum,

269 2025 357 2066 cujus
372 2027 467 2056 bursa
483 2026 509 2056 V
524 2027 627 2056 solidi.

639 2131 806 2162 Ulricus.

309 2215 400 2245 Anno
416 2216 540 2246 Domini
556 2223 694 2257 utsupra
705 2224 763 2247 etc.
776 2219 894 2248 vocatis
910 2220 1053 2250 omnibus
1068 2221 1179 2260 magis—

269 2265 327 2294 tris
347 2265 384 2295 de
407 2265 535 2295 nacione
557 2265 729 2306 Anglicana
746 2268 785 2297 ad
805 2268 975 2298 faciendum
997 2277 1179 2309 procurato—

269 2323 350 2348 rem,
367 2314 417 2344 die
435 2315 554 2344 sabbati
566 2314 578 2332 ³
597 2316 736 2355 proxima
753 2323 826 2356 post
844 2318 977 2356 [festum]
998 2318 1128 2354 Mathei,
1148 2325 1181 2348 ut

269 2362 382 2399 moris,
402 2363 478 2393 hora
495 2364 595 2404 prime
615 2365 696 2404 apud
718 2365 862 2396 Sanctum
883 2367 1036 2397 Julianum
1060 2378 1179 2408 paupe-

269 2421 333 2441 rem
352 2413 547 2443 continuatus
568 2414 623 2443 fuit
643 2414 673 2443 in
692 2422 925 2454 procuratorem
943 2417 1024 2446 dicte
1040 2417 1179 2447 nacionis

269 2461 418 2501 magister
433 2461 558 2492 Ulricus
574 2464 612 2492 de
629 2463 770 2504 Augusta
788 2465 872 2494 nullo
890 2465 1085 2495 reclamante.

310 2511 344 2540 ln
371 2510 458 2552 cujus
484 2513 708 2552 procuracione
733 2514 810 2544 sacta
836 2521 908 2544 sunt
932 2525 991 2555 que
1019 2523 1177 2551 secuntur,

270 2559 415 2590 videlicet
431 2562 579 2602 magister
595 2562 752 2592 Johannes
769 2563 895 2593 Brudan
914 2563 976 2604 (sic)
993 2565 1031 2595 de
1049 2565 1178 2595 nacione

269 2608 471 2640 Picardorum
499 2611 615 2642 electus
640 2612 696 2642 t'uit
719 2613 749 2642 in
779 2619 930 2643 rectorem
958 2613 1178 2644 Universitatis

269 2657 469 2689 Parisiensis.

300 2827 323 2851 1.
356 2828 386 2851 26
398 2828 513 2861 Augusti.

300 2863 322 2887 2.
357 2865 447 2888 Postea
459 2864 570 2895 epatium
584 2865 610 2889 in
623 2873 668 2889 me.

299 2899 324 2923 3.
357 2899 388 2922 23
398 2899 560 2931 Septembris.

299 2934 323 2957 Ιι.
358 2934 385 2958 21
401 2934 524 2960 octobrio.

299 2971 324 2993 ὅ.
358 2970 387 2994 27
405 2970 530 2994 octobri..

1241 698 1257 723 5

1223 944 1256 970 10

1223 1190 1256 1216 15

1221 1436 1255 1461 20

1220 1682 1253 1708 25

1219 1930 1253 1956 30

1218 2177 1251 2203 35

1218 2423 1251 2448 40

1217 2668 1250 2694 45

1701 499 1719 527 1
1724 499 1798 528 340

1295 592 1524 622 Procuracio
1547 594 1719 633 magistri
1748 594 1930 623 Johannis
1960 595 2002 623 de
2031 595 2207 634 Kynhard

1691 643 1810 673 Scoti.

1334 751 1423 780 Anno
1444 750 1568 780 Domini
1589 751 1708 786 eodem,
1733 751 1781 780 die
1804 750 1947 780 sabbati*
1972 751 2114 790 proxima
2136 757 2207 790 post

1295 800 1405 829 festum
1434 800 1531 829 sancti
1565 800 1647 829 Luce
1682 800 1883 840 evangeliste,
1913 800 2030 829 vocatis
2062 800 2206 830 omnibus

1294 848 1453 888 magistris
1478 849 1516 878 de
1540 849 1670 878 nacione
1697 849 1869 889 Anglicana
1895 849 1971 879 hora
1996 849 2096 889 prima
2125 850 2206 889 apud

1295 904 1433 927 sanctum
1454 898 1607 927 Julianum
1627 908 1795 938 pauperem
1817 905 1846 928 et
1868 898 1982 928 ibidem
2001 898 2206 928 existentibus

1294 947 1438 976 omnibus
1455 947 1635 987 regentibus
1653 948 1691 976 ad
1711 947 1887 988 eligendum
1908 954 2156 987 procuratorem,
2174 954 2207 977 ut

1295 997 1390 1025 moris
1419 1003 1477 1031 est,
1509 997 1624 1026 electus
1656 996 1712 1026 fuit
1743 997 1775 1026 in
1804 1003 2037 1036 procuratorem
2068 996 2205 1036 ejusdem

1294 1046 1434 1075 nacionis
1450 1046 1598 1085 magister
1610 1046 1767 1075 Johannes
1781 1047 1818 1075 de
1834 1046 1983 1085 Kynhard
1998 1046 2109 1075 Scotus
2120 1046 2206 1076 nullo

1294 1095 1490 1130 reclamante,
1518 1095 1548 1124 in
1573 1094 1660 1135 cujus
1689 1096 1914 1135 procuracione
1945 1096 2022 1124 sacta
2052 1101 2123 1125 sunt
2147 1106 2205 1135 que

1295 1151 1478 1184 sequuntur.

1335 1193 1440 1223 Primo
1459 1195 1536 1223 facta
1555 1194 1802 1234 congregacione
1820 1193 1958 1234 generali
1974 1194 2016 1223 4⁰²
2031 1193 2205 1223 facultatum

1293 1244 1375 1283 apud
1402 1243 1547 1272 Sanctum
1577 1243 1759 1273 Matulinum
1785 1243 1834 1272 die
1864 1242 2011 1272 veneris⁵
2041 1243 2073 1272 in
2099 1243 2206 1283 vigilia

1294 1299 1470 1322 sanctorum
1494 1292 1639 1332 Symonis
1659 1298 1690 1322 et
1710 1293 1789 1322 Jude
1806 1293 1959 1321 dabantur
1974 1292 2110 1331 deputati
2130 1302 2206 1321 con—

1293 1341 1430 1371 corditer
1448 1342 1478 1370 in
1494 1342 1576 1370 omni
1594 1342 1734 1371 facultate
1750 1342 1788 1371 ad
1807 1342 2026 1371 conferendum
2043 1343 2205 1380 quamdam

1293 1391 1493 1430 capellaniam
1521 1398 1593 1420 tunc
1622 1397 1780 1421 vacantem
1816 1401 1874 1430 per
1902 1397 2031 1420 mortem
2064 1391 2205 1430 magistri

1292 1439 1443 1469 Willelmi
1481 1440 1608 1475 Hottok,
1648 1440 1699 1480 pie
1733 1439 1880 1469 memorie
1911 1439 2051 1469 canonici
2092 1440 2205 1469 Nostre

1294 1490 1426 1518 Domine
1448 1489 1655 1525 parisiensis,
1673 1490 1711 1518 ad
1729 1489 1917 1519 voluntatem
1935 1489 2053 1518 domini
2073 1489 2204 1518 rectoris

1291 1539 1421 1568 vocandi
1439 1549 1534 1578 super
1551 1539 1619 1568 hoc.

1334 1587 1477 1617 Secundo
1495 1589 1579 1627 quod
1593 1588 1775 1617 viderentur
1795 1587 1915 1616 articuli
1935 1587 2011 1617 alias
2032 1597 2089 1627 per
2105 1588 2205 1627 depu-

1292 1643 1370 1666 tatos
1389 1647 1484 1677 super
1503 1637 1561 1666 hoc
1580 1637 1669 1666 electi
1688 1637 1726 1666 ad
1746 1637 1903 1666 dominum
1921 1647 2026 1676 regem
2047 1636 2203 1671 mittendi,

1292 1686 1318 1715 si
1332 1694 1438 1716 essent
1451 1687 1638 1716 sufficientes
1654 1693 1684 1715 et
1696 1686 1824 1721 edonei3
1841 1686 1867 1715 si
1882 1686 1938 1721 sic,
1955 1686 2161 1721 mitterentur,
2178 1686 2204 1715 si

1293 1747 1365 1772 non,
1382 1736 1454 1766 novi
1473 1747 1530 1776 per
1547 1737 1710 1775 deputatos
1727 1736 1956 1764 ordinarentur.

1331 1786 1363 1815 3⁰
1383 1786 1474 1823 Quod
1489 1784 1637 1814 nuntius⁸
1655 1785 1828 1814 mitteretur
1844 1785 1882 1813 ad
1898 1784 2013 1813 curiam
2032 1794 2127 1824 super
2142 1785 2204 1824 pri-

1290 1836 1414 1876 vilegiis
1430 1834 1615 1864 innovandis
1633 1834 1682 1864 vel
1700 1834 1769 1863 aliis
1785 1833 2000 1874 impetrandis.

1330 1886 1362 1914 4⁰
1384 1886 1475 1922 Quod
1507 1884 1718 1924 inquireretur
1751 1883 1925 1923 deligenter
1956 1883 1994 1912 de
2027 1883 2204 1923 petentibus

1292 1935 1451 1974 pecuniam
1479 1935 1516 1963 de
1543 1934 1636 1963 Prato
1663 1939 1771 1962 nostro
1791 1931 1879 1972 juxta
1905 1932 2050 1962 Sanctum
2074 1931 2204 1961 Germa-

1291 1995 1362 2014 num
1382 1994 1440 2024 pro
1462 1983 1646 2012 animalibus
1669 1982 1783 2011 ibidem
1805 1981 2006 2022 pascentibus
2029 1981 2204 2011 inconsulta

1290 2034 1415 2063 domina
1430 2032 1650 2062 Universitate.

1332 2083 1407 2112 Item
1426 2082 1545 2112 vocatis
1566 2080 1821 2121 procuratoribus
1843 2080 1862 2109 4
1881 2080 2043 2109 nacionum
2060 2080 2090 2108 in
2107 2080 2203 2109 facul-

1289 2139 1350 2162 tate
1365 2131 1481 2161 arcium
1497 2141 1556 2161 una
1572 2141 1640 2160 cum
1656 2130 1811 2169 deputatis
1828 2129 1955 2158 aliarum
1971 2129 2064 2158 trium
2081 2128 2202 2158 faculta-

1289 2188 1352 2211 tum
1373 2183 1455 2222 apud
1476 2181 1620 2211 Sanctum
1642 2179 1829 2209 Maturinum
1849 2178 1926 2207 hora
1945 2178 2046 2218 prima
2061 2178 2202 2207 confere-

1289 2232 1379 2260 batur
1401 2231 1483 2260 dicta
1502 2229 1672 2270 capellania
1694 2228 1844 2267 magistro
1865 2226 2028 2256 Grunero⁷
2051 2227 2200 2256 Bonifacii

1290 2279 1429 2308 nacionis
1464 2278 1712 2308 Normannorum
1741 2275 1773 2304 in
1804 2275 1854 2304 die
1887 2273 2029 2304 sabbati⁸
2062 2274 2201 2313 proxima

1289 2335 1358 2358 ante
1375 2329 1484 2357 festum
1501 2326 1644 2356 Omnium
1662 2325 1856 2355 Sanctorum.

1330 2378 1404 2407 Item
1427 2377 1504 2406 sacta
1522 2374 1770 2415 congregacione
1792 2373 1932 2402 nacionis
1950 2373 2031 2412 apud
2055 2371 2200 2401 Sanctum

1289 2427 1470 2456 Matulinum
1494 2425 1647 2455 dominica
1669 2421 1834 2463 sequenti⁹
1859 2422 2006 2461 magister
2036 2421 2200 2450 Cunradus

1289 2477 1326 2505 de
1356 2476 1462 2505 Monte
1487 2474 1663 2504 Puellarum
1694 2471 1881 2511 computavit
1909 2481 1977 2500 cum
2006 2470 2134 2499 nacione
2162 2471 2199 2499 de

1289 2525 1419 2566 pecunia
1448 2530 1572 2563 recepta
1606 2522 1677 2552 anni
1709 2528 1767 2551 etc.
1803 2520 1868 2555 XL,
1906 2520 1951 2549 sic
1982 2520 2066 2559 quod
2099 2519 2200 2548 omni-

1289 2576 1346 2604 bus
1369 2573 1552 2614 computatis
1575 2571 1790 2612 computandis
1813 2577 1842 2599 et
1866 2569 2024 2598 defalcatis
2045 2567 2200 2597 defalcan-

1288 2625 1337 2653 dis
1364 2624 1523 2664 predictus
1552 2621 1700 2662 magister
1729 2620 1893 2650 Cunradus
1918 2619 2009 2647 debet
2036 2618 2199 2647 refundere

1288 2673 1411 2703 nacioni
1439 2672 1497 2702 Xll
1527 2671 1623 2700 libras
1650 2669 1734 2700 XVll
1765 2668 1883 2698 solidos
1917 2674 1947 2697 et
1973 2667 2013 2696 xl
2040 2666 2198 2702 denarios,

1289 2729 1393 2763 preter
1408 2723 1532 2751 bursam
1550 2719 1666 2750 domini
1683 2718 1800 2748 Rorici.

1318 2827 1341 2850 6.
1376 2827 1423 2849 Με.
1440 2830 1473 2848 no
1489 2823 1645 2847 mitteretur.

1319 2863 1342 2886 7,
1377 2863 1424 2885 Mn.
1439 2861 1577 2885 Giennero.

1317 2898 1341 2921 8·
1373 2899 1403 2922 28
1417 2894 1542 2921 Octobris.

1317 2939 1340 2960 9.
1374 2936 1404 2959 29
1418 2932 1542 2958 Octobris.
