2632 3464
276 457 329 484 897

277 532 525 563 inscriberentur
538 532 638 563 solum
654 532 712 567 illi,
728 532 781 572 qui
796 531 903 572 jurant
918 537 1143 571 paupertatem,
1157 537 1188 560 et

278 583 362 622 quod
374 581 420 611 illi
436 582 610 612 scriberent
621 581 746 611 cedulas
759 581 961 621 obligatorias
977 581 1008 609 in
1027 580 1080 609 illo
1093 580 1186 615 libro,

277 637 326 666 ut,
351 641 442 671 quam
465 630 528 660 cito
553 630 755 671 pervenirent
777 630 814 659 ad
838 629 1035 670 pinguiorem
1061 635 1185 663 statum,

278 679 492 710 satisfacerent
503 679 636 710 nacioni.
649 680 696 709 4⁸·
712 685 778 708 erat
793 688 888 718 super
900 677 1187 718 supplicacionibus

276 735 307 758 et
322 727 456 769 injuriis.
474 728 576 769 Super
591 728 692 768 primo
714 728 829 768 placuit
845 727 967 757 nacioni
983 727 1067 767 quod
1079 727 1189 756 fierent

276 778 496 818 reparaciones
516 777 549 806 in
565 777 706 818 predicta
720 777 812 807 domo
830 777 999 806 secundum
1015 776 1187 806 facultatem

276 826 428 861 nacionis,
457 826 524 856 sine
555 826 669 866 quibus
699 827 810 855 domus
837 825 956 855 scilicet
984 835 1046 854 non
1079 830 1188 865 posset

277 874 453 905 inhabitari.
469 875 572 915 Super
587 875 621 904 2⁰
636 875 750 915 placuit
766 874 888 904 nacioni
902 875 986 914 quod
1004 880 1188 914 procurator

277 924 450 954 nominaret
467 924 590 964 aliquos
609 924 778 964 magistros
800 923 853 964 qui
869 923 1018 953 haberent
1033 923 1140 953 videre
1158 929 1189 952 et

277 973 436 1013 inquirere
462 979 609 1012 quantum
633 979 814 1002 ornamenta
839 972 1018 1003 necessario
1037 972 1189 1012 requisita

276 1022 427 1051 deberent
457 1028 611 1058 constare,
640 1028 671 1051 et
701 1023 785 1062 quod
817 1021 861 1051 illi
888 1021 946 1051 boc
975 1022 1127 1051 referrent
1156 1021 1187 1050 in

275 1070 417 1106 nacione,
447 1076 479 1100 et
507 1071 597 1100 nacio
630 1077 703 1100 tunc
736 1070 924 1100 deliberaret
951 1070 1026 1110 quid
1057 1070 1188 1100 ulterius

277 1119 449 1150 faciendum
462 1125 546 1150 esset
556 1126 587 1150 et
601 1120 676 1160 quid
689 1130 762 1150 non.
779 1119 880 1159 Super
892 1120 924 1149 3⁰
939 1120 1054 1159 placuit
1065 1119 1188 1149 nacioni

275 1169 359 1209 quod
374 1169 463 1198 fieret
473 1168 544 1199 talis
559 1169 635 1198 liber
647 1171 802 1208 specialis,
818 1175 851 1198 ut
861 1169 974 1199 dictum
987 1175 1045 1204 est,
1060 1175 1090 1198 et
1105 1170 1187 1209 quod

275 1217 322 1247 illi
349 1218 496 1253 facerent,
525 1224 585 1248 etc.
613 1223 647 1248 ut
669 1218 784 1248 dictum
813 1224 871 1248 est.
908 1218 1010 1258 Super
1033 1219 1078 1248 4²⁰
1098 1228 1188 1247 nemo

275 1267 473 1307 supplicavit.

275 1348 349 1388 (Fal.
374 1349 412 1378 79
431 1347 477 1376 bie
491 1347 516 1387 ¹³)
547 1347 616 1377 Isti
645 1353 731 1377 sunt
757 1348 1051 1378 determinantes
1079 1347 1187 1388 hujus

683 1406 783 1426 anni.

315 1461 422 1492 Primo
439 1462 657 1493 determinavit
671 1463 815 1493 dominus
838 1463 955 1503 Symon
971 1463 1133 1493 Wilhelmi
1149 1464 1187 1494 de

277 1511 460 1541 Rotterdam
489 1512 548 1541 sub
582 1511 732 1552 magistro
764 1512 942 1542 Hermanno
971 1513 1010 1542 dc
1039 1513 1185 1548 Ommen,

275 1559 362 1600 cujus
376 1561 471 1590 bursa
488 1561 626 1600 quinque
642 1561 761 1591 solidos
778 1561 852 1601 (sic).

315 1609 390 1639 ltem
407 1609 438 1639 2⁰
457 1609 673 1640 determinavit
691 1610 834 1640 dominus
854 1610 1012 1640 Johannes
1030 1611 1068 1640 de
1086 1611 1186 1641 Hallis

274 1658 332 1687 sub
347 1658 497 1698 magistro
512 1658 691 1688 Hermanno
706 1659 848 1694 Ommen,
866 1658 953 1700 cujus
969 1660 1062 1689 bursa
1081 1659 1108 1690 11
1125 1660 1184 1691 sol.

315 1706 390 1736 ltem
427 1707 459 1737 3⁰
499 1707 715 1737 determinavit
749 1709 893 1738 dominus
936 1708 1112 1748 Heynricus
1147 1709 1185 1738 de

276 1755 486 1796 Heynsbergh
499 1755 523 1792 ⁴.
542 1755 630 1796 cujus
641 1757 735 1787 bursa
747 1759 765 1787 5
781 1757 883 1787 solidi.

314 1804 390 1835 Item
413 1805 456 1834 4¹⁰
480 1805 698 1835 determinavit
715 1806 858 1836 dominus
883 1807 1058 1847 Heynricus
1083 1807 1185 1838 Beesd

271 1854 330 1884 sub
362 1853 514 1895 magistro
548 1853 688 1884 Johanne
719 1856 757 1885 de
789 1855 941 1891 Aernem,
975 1855 1062 1896 cujus
1091 1857 1186 1887 bursa

275 1902 335 1932 llll
350 1902 440 1933 albos
458 1902 533 1943 (aie).

314 1951 389 1982 ltem
409 1953 454 1982 52⁹
481 1952 697 1982 determinavit
729 1953 873 1984 dominus
898 1953 1056 1984 Jobannes
1083 1954 1184 1984 Beesd

272 2001 331 2030 sub
361 2001 514 2041 magistro
547 2000 687 2031 Johanne
717 2002 756 2031 de
787 2001 938 2038 Aernem,
972 2002 1060 2043 cujus
1091 2005 1185 2034 bursa

273 2048 333 2079 llll
351 2049 452 2079 albos.

313 2097 388 2128 ltem
395 2099 440 2128 δὴ
448 2099 665 2129 determinavit
672 2099 815 2130 dominus
822 2099 838 2130 J
841 2100 979 2131 ohannes
986 2101 1166 2132 Craennach
1173 2102 1186 2120 ²

272 2147 330 2177 sub
344 2147 495 2187 magistro
508 2148 682 2178 Godscalco
693 2147 796 2184 Vries,
805 2148 892 2189 cujus
902 2150 998 2179 bursa
1007 2150 1145 2190 quinque
1156 2160 1182 2180 s.

312 2195 388 2226 ltem
407 2197 439 2226 7⁰
455 2197 674 2227 determinavit
694 2197 839 2228 dominus
853 2197 986 2228 Thomas
1002 2199 1040 2228 de
1056 2199 1113 2228 Lin
1127 2200 1184 2229 sub

273 2244 426 2285 magistro
445 2245 542 2275 Paulo
557 2245 713 2282 Gloterer‚
729 2245 817 2286 cujus
830 2247 923 2277 bursa
940 2247 999 2277 llll
1015 2247 1114 2278 albos.

311 2293 387 2323 ltem
415 2295 448 2323 8⁰
481 2295 699 2325 determinavit
733 2295 878 2325 dominus
910 2296 1071 2327 Donaldus
1100 2297 1184 2327 Mac-

275 2342 406 2372 nacbtan
426 2343 484 2373 sub
505 2344 656 2383 magistro
673 2343 813 2374 Arnoldo
828 2344 968 2380 Wtwiic,
986 2344 1073 2385 eujus
1091 2347 1184 2376 bursa

277 2391 414 2432 quinque
432 2391 536 2422 solidi.

311 2439 387 2470 Item
407 2441 440 2470 9⁰
454 2441 670 2472 determinavit
687 2442 831 2472 dominus
855 2441 1013 2472 Gaffridus
1032 2443 1071 2472 de
1088 2443 1184 2473 Abir-

273 2489 384 2519 broeth
411 2490 470 2519 sub
499 2490 650 2531 magistro
677 2490 818 2520 Jobanne
846 2491 884 2520 dc
908 2490 1073 2527 Alcmaria,
1097 2491 1184 2533 cujus

268 2537 364 2568 burna
381 2538 437 2568 Vll
452 2538 556 2569 solidi.

310 2586 384 2616 ltem
400 2587 451 2617 10⁶
467 2587 684 2618 determinavit
697 2588 840 2618 dominus
858 2587 1045 2618 Wilhelmus
1061 2589 1185 2627 Allan-di

269 2634 307 2664 de
338 2634 545 2676 Monykedam
575 2637 634 2666 sub
663 2637 812 2677 magistro
842 2637 1011 2667 Wilhelmo
1046 2638 1183 2678 Reyneri

269 2682 376 2723 Creyt,
394 2683 482 2724 cujus
500 2686 596 2715 bursa
613 2685 752 2726 quinque
767 2685 871 2716 solidi.
1025 2699 1036 2705 ⁴

310 2731 384 2762 ltem
418 2733 582 2764 undecimo
618 2734 764 2764 dominus
799 2735 934 2765 lacobus
970 2735 1086 2765 Vellert
1126 2737 1184 2766 sub

270 2781 425 2821 magistro
434 2781 606 2813 Wllbelmo
616 2783 749 2823 Reyneri
766 2784 873 2823 Creyt‚
886 2783 972 2824 cujus
986 2785 1079 2814 bursa
1088 2784 1144 2815 Vll
1156 2795 1184 2815 s·

299 2873 321 2897 1.
357 2873 487 2898 nanticu-
500 2874 598 2907 Sopbie
610 2875 642 2899 de
657 2875 872 2907 Heynnbergben,
888 2876 963 2900 Leod.
977 2876 1057 2901 dioec.
1069 2885 1114 2901 an.
1123 2877 1184 2902 ¹¹:00

273 2907 301 2932 ιἸι
317 2908 487 2933 Univeru'talc
504 2909 593 2934 Coton.
612 2910 758 2935 intitulatae
773 2915 819 2935 nt.
839 2912 893 2936 rid.
908 2912 1040 2939 Κιυοιειι.
1056 2913 1074 2941 Ι,
1088 2913 1127 2936 81.

270 2943 322 3002 ⁶2.
342 2944 399 3004 οῗξι·
412 2952 496 2976 pauc
511 2953 617 2977 temper.
635 2946 686 2970 Sed
700 2948 812 2978 sbrtaue
829 2947 990 2971 aeribemlum
1006 2947 1131 2977 eunuch,
1147 2948 1187 2972 uel

292 2986 340 3003 arn
390 2997 396 3004 .

346 3025 460 3045 Amnius-
471 3025 595 3045 caari-«tatii
607 3025 694 3047 Uninn.
706 3027 772 3047 P-n'a.
782 3037 808 3043 —·
820 3026 836 3047 l.

990 7 1000 15 W
1018 5 1032 19 ἴ·
1090 6 1105 10 '⁷
1120 2 1168 27 ‹2⁴¹-
1195 10 1199 14 ’

777 456 892 482 LIBER
917 454 1232 482 PROCURATORUM
1259 454 1438 482 NATIONIS
1458 456 1702 482 ANGLICANAE

1226 975 1259 1001 10

1225 1221 1259 1247 15

1225 1466 1258 1492 20

1223 1712 1257 1738 25

1223 1958 1256 1984 30

1222 2204 1256 2230 35

1222 2451 1256 2477 40

1223 2695 1256 2722 45

2150 457 2202 482 898

1336 530 1412 560 Item
1440 532 1623 561 duodecimo
1651 532 1864 561 determinavit
1889 532 2033 562 dominus
2054 533 2201 563 Albertus

1296 580 1334 608 de
1357 579 1523 620 Yselsteyn
1545 582 1601 610 sub
1620 581 1769 620 magistro
1790 581 1958 610 Wilhelmo
1983 581 2089 621 Creyt,
2115 581 2202 622 cujus

1295 629 1391 658 bursa
1407 629 1544 669 quinque
1560 630 1677 659 solidos
1696 629 1770 670 (sic).

1338 678 1412 707 ltem
1449 679 1616 708 tredecimo
1650 679 1864 709 determinavit
1892 679 2131 719 Heynemannus
2164 681 2202 709 de

1297 727 1406 756 Brilon
1435 728 1493 757 sub
1521 728 1670 768 magistro
1700 728 1796 757 Paulo
1825 727 1979 763 Gloterer,
1996 728 2083 768 cujus
2110 731 2204 759 bursa

1298 775 1356 806 llll
1375 776 1447 806 albi.

1337 826 1411 855 ltem
1430 827 1645 856 determinavit
1663 827 1806 856 dominus
1827 826 2031 856 Ghisebertus
2050 827 2203 857 Heerman

1297 875 1354 904 sub
1366 875 1516 915 magistro
1530 875 1707 905 Hermanno
1720 876 1758 905 de
1769 875 1912 910 Ummen,
1924 875 2011 915 cujus
2026 877 2119 905 bursa
2134 876 2160 905 11
2176 887 2202 905 s.

1338 924 1413 954 ltem
1433 925 1648 954 determinavit
1672 924 1815 954 dominus
1836 924 2011 955 Cristianus
2035 925 2073 954 de
2096 925 2205 954 Bunna

1297 974 1355 1003 sub
1372 975 1491 1009 eodem,
1508 973 1596 1012 cujus
1613 974 1708 1003 bursa
1721 974 1857 1014 quinque
1875 974 1978 1003 solidi.

1338 1022 1412 1052 Item
1436 1023 1650 1052 determinavit
1673 1023 1816 1053 dominus
1841 1023 1986 1053 Nicolaus
2008 1024 2046 1052 de
2072 1023 2204 1053 Saxonia

1297 1072 1355 1101 sub
1373 1072 1492 1107 eodem,
1511 1071 1598 1112 cujus
1613 1073 1707 1101 bursa
1725 1078 1842 1111 septem
1854 1072 1956 1101 solidi.

1338 1120 1412 1150 ltem
1429 1121 1644 1150 determinavit
1656 1121 1799 1150 dominus
1810 1121 1957 1151 Albertus
1971 1122 2010 1150 de
2023 1121 2135 1151 Miisna
2146 1123 2204 1151 sub

1297 1171 1416 1205 eodem,
1433 1169 1520 1210 cujus
1535 1171 1630 1200 bursa
1646 1170 1705 1200 llll
1721 1170 1793 1199 albi.

1339 1219 1413 1248 Item
1429 1219 1645 1248 determinavit
1660 1219 1803 1249 dominus
1820 1219 1985 1249 Bertoldus
2001 1220 2038 1248 de
2058 1219 2203 1250 Voersto-

1297 1267 1372 1297 ten³
1401 1269 1459 1298 sub
1492 1268 1642 1308 magistro
1676 1268 1846 1298 wilhelmo
1873 1268 1960 1303 Bloc,
1988 1268 2075 1309 cujus
2111 1269 2203 1299 bursa

1297 1316 1357 1346 llll
1376 1316 1447 1346 albi.

1338 1366 1412 1395 Item
1443 1365 1659 1396 determinavit
1686 1365 1830 1395 dominus
1855 1365 2044 1396 VVilhelmus
2070 1366 2203 1396 Lochem

1297 1415 1354 1445 sub
1384 1415 1533 1455 mag-istro
1559 1415 1736 1444 Hermanno
1765 1415 1803 1444 de
1825 1415 1967 1450 Ummen,
1995 1414 2080 1456 cujus
2110 1416 2204 1445 bursa

1296 1464 1433 1503 quinque
1451 1464 1556 1493 solidi.

1337 1513 1411 1542 ltem
1444 1513 1587 1542 dominus
1621 1513 1816 1542 Hermannus
1850 1514 1888 1542 de
1922 1513 2117 1553 Goetinghen
2148 1513 2203 1543 suit

1295 1561 1450 1591 admissus
1472 1572 1528 1602 per
1544 1562 1702 1592 nacionem
1725 1562 1756 1591 in
1779 1562 1992 1597 bacallarium,
2016 1558 2088 1591 licet
2110 1563 2201 1592 suerit

1294 1610 1478 1641 bacallarius
1493 1611 1703 1640 Erfl‘ordensis
1715 1610 1739 1645 ⁴.
1757 1610 1843 1651 cujus
1861 1611 1955 1640 bursa
1969 1610 2028 1640 llll
2042 1611 2113 1640 albi.

1336 1660 1410 1689 ltem
1446 1660 1660 1689 determinavit
1698 1659 1893 1689 Hermannus
1928 1660 1966 1689 de
2011 1660 2101 1689 Holte
2144 1661 2202 1690 sub

1294 1709 1443 1748 magistro
1475 1708 1644 1738 Wilhelmo
1677 1709 1714 1738 de
1745 1708 1952 1744 Amsterdam,
1987 1708 2073 1748 cujus
2109 1709 2203 1739 bursa

1295 1757 1355 1787 1111
1373 1757 1446 1787 albi.

1335 1807 1410 1836 Item
1446 1806 1661 1836 determinavit
1695 1806 1838 1836 dominus
1868 1806 2024 1846 Nycolaus
2054 1805 2134 1836 Beer
2162 1807 2200 1836 de

1295 1855 1438 1886 Haerlem
1459 1857 1516 1885 sub
1534 1856 1683 1896 magistro
1702 1855 1870 1885 Wilhelmo
1893 1855 1980 1891 Bloc,
2002 1854 2088 1895 cujus
2105 1856 2199 1885 bursa

1295 1904 1355 1935 llll
1371 1905 1444 1934 albi.

1335 1954 1410 1984 ltern
1442 1953 1657 1984 determinavit
1687 1953 1830 1982 dominus
1859 1952 2016 1982 Arnoldus
2049 1953 2112 1983 Rec
2144 1954 2202 1983 sub

1294 2003 1443 2043 magistro
1458 2002 1627 2032 wilhelmo
1642 2002 1728 2037 Bloc,
1747 2001 1834 2042 cujus
1857 2002 1950 2031 bursa
1970 2001 2027 2031 llll
2047 2002 2119 2031 albi.

1335 2052 1410 2082 ltem
1429 2052 1644 2082 determinavit
1662 2051 1805 2080 dominus
1818 2050 1973 2090 Nycolaus
1991 2051 2029 2080 de
2048 2050 2202 2080 Montsor-

1294 2101 1343 2130 dia
1368 2102 1425 2130 sub
1453 2101 1601 2141 magistro
1627 2100 1796 2129 wilhelmo
1820 2100 1858 2129 de
1882 2099 2089 2135 Amsterdam‚
2114 2099 2202 2140 cujus

1294 2150 1387 2180 bursa
1403 2149 1539 2190 quinque
1557 2149 1660 2179 solidi.

1701 2242 1798 2271 1405

1333 2313 1423 2344 Acta
1452 2314 1486 2343 in
1513 2314 1776 2354 procuratoria
1805 2313 1976 2352 magistri
2007 2312 2159 2342 llcnrici

1614 2363 1655 2392 de
1687 2361 1878 2392 Herwen³.

1335 2442 1426 2472 Facta
1461 2442 1708 2482 congregacione
1743 2441 1881 2471 nacionis
1917 2440 2086 2479 Anglicane
2119 2441 2200 2480 apud

1294 2491 1438 2521 Sanctum
1454 2490 1640 2520 Mami-inum
1652 2500 1732 2519 anno
1747 2490 1870 2519 Domini
1882 2489 1926 2518 Μο
1941 2489 2049 2519 CCCC
2066 2489 2135 2524 llll,
2150 2490 2200 2519 die

1293 2540 1408 2570 decima
1426 2539 1542 2569 mensis
1555 2539 1669 2573 Martii,
1682 2538 1757 2568 hora
1770 2545 1873 2567 octava
1890 2548 1984 2578 super
1998 2538 2118 2567 duobus
2129 2538 2200 2567 arti-

1294 2588 1383 2618 culis.
1408 2588 1530 2618 Primus
1548 2594 1613 2617 erat
1634 2588 1671 2617 ad
1691 2587 1865 2627 eligendum
1888 2593 2129 2626 procuratorem.
2154 2587 2200 2616 2·-

1294 2647 1389 2678 super
1404 2636 1688 2677 supplicacionibus
1705 2643 1735 2665 et
1753 2635 1883 2675 injuriis.
1905 2635 2055 2672 Quantum
2077 2636 2114 2664 ad
2133 2635 2200 2675 pri-

1294 2696 1375 2716 mum
1397 2685 1512 2715 electus
1529 2691 1593 2715 erat
1612 2685 1807 2714 concorditer
1830 2685 1861 2714 in
1884 2690 2113 2724 procuratorem
2134 2694 2200 2714 ma-

1293 2735 1393 2775 gister
1416 2735 1570 2764 Henricus
1594 2735 1631 2763 de
1658 2733 1802 2763 Herwen.
1827 2733 1933 2770 Quoad
1954 2734 1993 2761 2¹¹·
2014 2732 2199 2773 supplicavit

1294 2784 1439 2824 antiquus
1464 2789 1656 2823 procurator,
1680 2783 1798 2812 scilicet
1822 2782 1968 2821 magister
1985 2781 2141 2811 Johannes
2161 2782 2199 2811 de

1324 2878 1348 2901 8.
1383 2878 1403 2900 l.
1416 2885 1436 2900 e.
1451 2876 1623 2900 voci-stenen.

1324 2913 1346 2936 4,
1388 2912 1443 2936 rid.
1454 2920 1531 2944 nupta
1545 2919 1570 2943 p.
1581 2912 1636 2941 ⁶⁹10,
1650 2914 1701 2935 not.
1715 2911 1737 2934 3.

1324 2950 1348 2972 5.
1382 2949 1449 2971 Haec
1461 2947 1562 2971 rubrica
1576 2948 1658 2970 eneae
1671 2947 1696 2970 in
1709 2949 1765 2969 mam
1777 2948 1837 2969 ante
1852 2944 2063 2968 determinantes.
