<?xml version="1.0" encoding="UTF-8"?>
<!DOCTYPE html PUBLIC "-//W3C//DTD XHTML 1.0 Transitional//EN"
    "http://www.w3.org/TR/xhtml1/DTD/xhtml1-transitional.dtd">
<html xmlns="http://www.w3.org/1999/xhtml" xml:lang="en" lang="en">
 <head>
  <title>
</title>
<meta http-equiv="Content-Type" content="text/html;charset=utf-8" />
  <meta name='ocr-system' content='tesseract 3.04.00' />
  <meta name='ocr-capabilities' content='ocr_page ocr_carea ocr_par ocr_line ocrx_word'/>
</head>
<body>
  <div class='ocr_page' id='page_1' title='image "auctariumchartul01univuoft_0132.png"; bbox 0 0 2632 3464; ppageno 0'>
   <div class='ocr_carea' id='block_1_1' title="bbox 432 418 1844 447">
    <p class='ocr_par' dir='ltr' id='par_1_1' title="bbox 432 418 1844 447">
     <span class='ocr_line' id='line_1_1' title="bbox 432 418 1844 447; baseline -0.001 0"><span class='ocrx_word' id='word_1_1' title='bbox 432 421 462 447; x_wconf 81' lang='lat'><strong>91</strong></span> <span class='ocrx_word' id='word_1_2' title='bbox 988 419 1212 445; x_wconf 85' lang='lat' dir='ltr'><strong>AUCTARIUM</strong></span> <span class='ocrx_word' id='word_1_3' title='bbox 1239 418 1498 445; x_wconf 79' lang='lat' dir='ltr'><strong>CHARTULARII</strong></span> <span class='ocrx_word' id='word_1_4' title='bbox 1523 419 1696 445; x_wconf 88' lang='lat' dir='ltr'><strong>UNIVERS.</strong></span> <span class='ocrx_word' id='word_1_5' title='bbox 1723 419 1844 446; x_wconf 85' lang='lat' dir='ltr'><strong>PARIS.</strong></span> 
     </span>
    </p>
   </div>
   <div class='ocr_carea' id='block_1_2' title="bbox 427 495 1344 1467">
    <p class='ocr_par' dir='ltr' id='par_1_2' title="bbox 431 495 1341 585">
     <span class='ocr_line' id='line_1_2' title="bbox 431 495 1341 535; baseline -0.002 -9"><span class='ocrx_word' id='word_1_6' title='bbox 431 503 475 526; x_wconf 86' lang='lat' dir='ltr'><strong>tet</strong></span> <span class='ocrx_word' id='word_1_7' title='bbox 490 503 519 526; x_wconf 94' lang='lat' dir='ltr'><strong>et</strong></span> <span class='ocrx_word' id='word_1_8' title='bbox 535 497 686 525; x_wconf 87' lang='lat' dir='ltr'><strong>conducat</strong></span> <span class='ocrx_word' id='word_1_9' title='bbox 702 495 772 535; x_wconf 89' lang='lat' dir='ltr'><strong>pius</strong></span> <span class='ocrx_word' id='word_1_10' title='bbox 791 501 878 535; x_wconf 83' lang='lat' dir='ltr'><strong>pater</strong></span> <span class='ocrx_word' id='word_1_11' title='bbox 893 502 923 524; x_wconf 91' lang='lat' dir='ltr'><strong>et</strong></span> <span class='ocrx_word' id='word_1_12' title='bbox 937 495 1116 524; x_wconf 76' lang='lat' dir='ltr'><strong>misericors</strong></span> <span class='ocrx_word' id='word_1_13' title='bbox 1132 496 1232 530; x_wconf 91' lang='lat' dir='ltr'><strong>Deus,</strong></span> <span class='ocrx_word' id='word_1_14' title='bbox 1252 501 1285 524; x_wconf 92' lang='lat' dir='ltr'><strong>ut</strong></span> <span class='ocrx_word' id='word_1_15' title='bbox 1303 495 1341 524; x_wconf 91' lang='lat' dir='ltr'><strong>ad</strong></span> 
     </span>
     <span class='ocr_line' id='line_1_3' title="bbox 431 545 890 585; baseline -0.002 -10"><span class='ocrx_word' id='word_1_16' title='bbox 431 547 521 575; x_wconf 87' lang='lat' dir='ltr'><strong>finem</strong></span> <span class='ocrx_word' id='word_1_17' title='bbox 538 545 700 585; x_wconf 85' lang='lat' dir='ltr'><strong>perveniat</strong></span> <span class='ocrx_word' id='word_1_18' title='bbox 714 545 890 574; x_wconf 68' lang='lat' dir='ltr'><strong>salutarem.</strong></span> 
     </span>
    </p>

    <p class='ocr_par' dir='ltr' id='par_1_3' title="bbox 430 594 1343 821">
     <span class='ocr_line' id='line_1_4' title="bbox 471 594 1342 634; baseline -0.001 -10"><span class='ocrx_word' id='word_1_19' title='bbox 471 596 558 624; x_wconf 92' lang='lat' dir='ltr'><strong>Tunc</strong></span> <span class='ocrx_word' id='word_1_20' title='bbox 583 595 733 634; x_wconf 87' lang='lat' dir='ltr'><strong>temporis</strong></span> <span class='ocrx_word' id='word_1_21' title='bbox 759 595 848 624; x_wconf 86' lang='lat' dir='ltr'><strong>etiam</strong></span> <span class='ocrx_word' id='word_1_22' title='bbox 873 601 1017 633; x_wconf 88' lang='lat' dir='ltr'><strong>receptor</strong></span> <span class='ocrx_word' id='word_1_23' title='bbox 1039 595 1178 633; x_wconf 84' lang='lat' dir='ltr'><strong>predicte</strong></span> <span class='ocrx_word' id='word_1_24' title='bbox 1202 594 1342 623; x_wconf 81' lang='lat' dir='ltr'>nacionis</span> 
     </span>
     <span class='ocr_line' id='line_1_5' title="bbox 430 644 1342 684; baseline -0.002 -10"><span class='ocrx_word' id='word_1_25' title='bbox 430 645 526 674; x_wconf 89' lang='lat' dir='ltr'>nichil</span> <span class='ocrx_word' id='word_1_26' title='bbox 547 645 676 684; x_wconf 87' lang='lat' dir='ltr'><strong>pecunie</strong></span> <span class='ocrx_word' id='word_1_27' title='bbox 692 655 709 673; x_wconf 91' lang='lat' dir='ltr'><strong>a</strong></span> <span class='ocrx_word' id='word_1_28' title='bbox 729 644 861 674; x_wconf 85' lang='lat' dir='ltr'><strong>noviciis</strong></span> <span class='ocrx_word' id='word_1_29' title='bbox 876 644 1016 679; x_wconf 88' lang='lat' dir='ltr'><strong>sustulit,</strong></span> <span class='ocrx_word' id='word_1_30' title='bbox 1035 644 1104 673; x_wconf 91' lang='lat' dir='ltr'><strong>ideo</strong></span> <span class='ocrx_word' id='word_1_31' title='bbox 1123 645 1160 672; x_wconf 89' lang='lat' dir='ltr'><strong>ab</strong></span> <span class='ocrx_word' id='word_1_32' title='bbox 1181 644 1250 683; x_wconf 88' lang='lat' dir='ltr'><strong>ipso</strong></span> <span class='ocrx_word' id='word_1_33' title='bbox 1267 653 1342 682; x_wconf 86' lang='lat' dir='ltr'><strong>pre-</strong></span> 
     </span>
     <span class='ocr_line' id='line_1_6' title="bbox 430 692 1340 733; baseline -0.002 -10"><span class='ocrx_word' id='word_1_34' title='bbox 430 694 530 723; x_wconf 91' lang='lat' dir='ltr'><strong>dictus</strong></span> <span class='ocrx_word' id='word_1_35' title='bbox 548 699 731 733; x_wconf 90' lang='lat' dir='ltr'><strong>procurator</strong></span> <span class='ocrx_word' id='word_1_36' title='bbox 747 693 1011 733; x_wconf 89' lang='lat' dir='ltr'><strong>computacionem</strong></span> <span class='ocrx_word' id='word_1_37' title='bbox 1029 692 1142 721; x_wconf 89' lang='lat' dir='ltr'><strong>nullam</strong></span> <span class='ocrx_word' id='word_1_38' title='bbox 1160 692 1340 732; x_wconf 87' lang='lat' dir='ltr'><strong>postulavit,</strong></span> 
     </span>
     <span class='ocr_line' id='line_1_7' title="bbox 431 740 1343 781; baseline -0.002 -9"><span class='ocrx_word' id='word_1_39' title='bbox 431 740 487 772; x_wconf 82' lang='lat' dir='ltr'><strong>sed</strong></span> <span class='ocrx_word' id='word_1_40' title='bbox 505 748 694 772; x_wconf 88' lang='lat' dir='ltr'><strong>sustentatus</strong></span> <span class='ocrx_word' id='word_1_41' title='bbox 712 742 768 771; x_wconf 86' lang='lat' dir='ltr'><strong>fuit</strong></span> <span class='ocrx_word' id='word_1_42' title='bbox 785 751 880 781; x_wconf 91' lang='lat' dir='ltr'><strong>super</strong></span> <span class='ocrx_word' id='word_1_43' title='bbox 892 742 1124 780; x_wconf 89' lang='lat' dir='ltr'><strong>computacione</strong></span> <span class='ocrx_word' id='word_1_44' title='bbox 1140 741 1257 770; x_wconf 87' lang='lat' dir='ltr'><strong>mensis</strong></span> <span class='ocrx_word' id='word_1_45' title='bbox 1275 751 1343 780; x_wconf 87' lang='lat' dir='ltr'><strong>pre-</strong></span> 
     </span>
     <span class='ocr_line' id='line_1_8' title="bbox 432 792 582 821; baseline -0.007 0"><span class='ocrx_word' id='word_1_46' title='bbox 432 792 582 821; x_wconf 88' lang='lat' dir='ltr'><strong>cedentis.</strong></span> 
     </span>
    </p>

    <p class='ocr_par' dir='ltr' id='par_1_4' title="bbox 432 840 1344 1075">
     <span class='ocr_line' id='line_1_9' title="bbox 471 840 1343 880; baseline -0.003 -9"><span class='ocrx_word' id='word_1_47' title='bbox 471 842 645 871; x_wconf 87' lang='lat' dir='ltr'><strong>Notandum</strong></span> <span class='ocrx_word' id='word_1_48' title='bbox 666 841 749 880; x_wconf 88' lang='lat' dir='ltr'><strong>quod</strong></span> <span class='ocrx_word' id='word_1_49' title='bbox 769 840 821 869; x_wconf 94' lang='lat' dir='ltr'><strong>illo</strong></span> <span class='ocrx_word' id='word_1_50' title='bbox 841 846 980 879; x_wconf 90' lang='lat' dir='ltr'><strong>tempore</strong></span> <span class='ocrx_word' id='word_1_51' title='bbox 999 840 1077 868; x_wconf 88' lang='lat' dir='ltr'><strong>facta</strong></span> <span class='ocrx_word' id='word_1_52' title='bbox 1095 840 1343 879; x_wconf 77' lang='lat' dir='ltr'><strong>congregacione</strong></span> 
     </span>
     <span class='ocr_line' id='line_1_10' title="bbox 432 889 1344 928; baseline -0.002 -8"><span class='ocrx_word' id='word_1_53' title='bbox 432 891 583 920; x_wconf 80' lang='lat' dir='ltr'><strong>facultatis</strong></span> <span class='ocrx_word' id='word_1_54' title='bbox 609 890 787 919; x_wconf 80' lang='lat' dir='ltr'><strong>multotiens</strong></span> <span class='ocrx_word' id='word_1_55' title='bbox 815 899 910 928; x_wconf 91' lang='lat' dir='ltr'><strong>super</strong></span> <span class='ocrx_word' id='word_1_56' title='bbox 933 899 985 924; x_wconf 91' lang='lat' dir='ltr'><strong>eo,</strong></span> <span class='ocrx_word' id='word_1_57' title='bbox 1010 895 1040 918; x_wconf 91' lang='lat' dir='ltr'><strong>et</strong></span> <span class='ocrx_word' id='word_1_58' title='bbox 1063 899 1220 928; x_wconf 91' lang='lat' dir='ltr'><strong>nunquam</strong></span> <span class='ocrx_word' id='word_1_59' title='bbox 1246 889 1344 919; x_wconf 83' lang='lat' dir='ltr'><strong>voluit</strong></span> 
     </span>
     <span class='ocr_line' id='line_1_11' title="bbox 432 938 1340 977; baseline -0.002 -8"><span class='ocrx_word' id='word_1_60' title='bbox 432 940 603 969; x_wconf 78' lang='lat' dir='ltr'><strong>concedere</strong></span> <span class='ocrx_word' id='word_1_61' title='bbox 638 939 780 973; x_wconf 81' lang='lat' dir='ltr'><strong>facultas,</strong></span> <span class='ocrx_word' id='word_1_62' title='bbox 809 939 892 977; x_wconf 90' lang='lat' dir='ltr'><strong>quod</strong></span> <span class='ocrx_word' id='word_1_63' title='bbox 926 938 1062 967; x_wconf 85' lang='lat' dir='ltr'><strong>scolares</strong></span> <span class='ocrx_word' id='word_1_64' title='bbox 1088 945 1160 977; x_wconf 90' lang='lat' dir='ltr'><strong>post</strong></span> <span class='ocrx_word' id='word_1_65' title='bbox 1189 938 1340 968; x_wconf 84' lang='lat' dir='ltr'><strong>Purifica-</strong></span> 
     </span>
     <span class='ocr_line' id='line_1_12' title="bbox 432 988 1344 1027; baseline -0.001 -10"><span class='ocrx_word' id='word_1_66' title='bbox 432 989 545 1018; x_wconf 89' lang='lat' dir='ltr'><strong>tionem</strong></span> <span class='ocrx_word' id='word_1_67' title='bbox 573 988 706 1027; x_wconf 86' lang='lat' dir='ltr'><strong>virginis</strong></span> <span class='ocrx_word' id='word_1_68' title='bbox 734 993 862 1026; x_wconf 82' lang='lat' dir='ltr'><strong>possent</strong></span> <span class='ocrx_word' id='word_1_69' title='bbox 888 988 1080 1026; x_wconf 88' lang='lat' dir='ltr'><strong>respondere</strong></span> <span class='ocrx_word' id='word_1_70' title='bbox 1111 988 1148 1016; x_wconf 87' lang='lat' dir='ltr'><strong>de</strong></span> <span class='ocrx_word' id='word_1_71' title='bbox 1175 998 1235 1016; x_wconf 86' lang='lat' dir='ltr'><strong>una</strong></span> <span class='ocrx_word' id='word_1_72' title='bbox 1266 998 1344 1026; x_wconf 90' lang='lat' dir='ltr'><strong>que-</strong></span> 
     </span>
     <span class='ocr_line' id='line_1_13' title="bbox 432 1035 1152 1075; baseline -0.003 -9"><span class='ocrx_word' id='word_1_73' title='bbox 432 1038 545 1072; x_wconf 78' lang='lat' dir='ltr'><strong>stione,</strong></span> <span class='ocrx_word' id='word_1_74' title='bbox 563 1037 797 1065; x_wconf 84' lang='lat' dir='ltr'><strong>determinando</strong></span> <span class='ocrx_word' id='word_1_75' title='bbox 814 1036 911 1075; x_wconf 85' lang='lat' dir='ltr'><strong>ipsam</strong></span> <span class='ocrx_word' id='word_1_76' title='bbox 926 1042 997 1075; x_wconf 83' lang='lat' dir='ltr'><strong>post</strong></span> <span class='ocrx_word' id='word_1_77' title='bbox 1012 1036 1117 1065; x_wconf 82' lang='lat' dir='ltr'><strong>Natale</strong></span> <span class='ocrx_word' id='word_1_78' title='bbox 1130 1035 1152 1065; x_wconf 83' lang='lat'><strong>⁴.</strong></span> 
     </span>
    </p>

    <p class='ocr_par' dir='ltr' id='par_1_5' title="bbox 429 1085 1342 1222">
     <span class='ocr_line' id='line_1_14' title="bbox 472 1085 1342 1125; baseline 0.001 -12"><span class='ocrx_word' id='word_1_79' title='bbox 472 1086 546 1114; x_wconf 87' lang='lat' dir='ltr'><strong>Item</strong></span> <span class='ocrx_word' id='word_1_80' title='bbox 565 1085 647 1114; x_wconf 79' lang='lat' dir='ltr'><strong>natio</strong></span> <span class='ocrx_word' id='word_1_81' title='bbox 664 1085 819 1114; x_wconf 83' lang='lat' dir='ltr'><strong>concessit</strong></span> <span class='ocrx_word' id='word_1_82' title='bbox 835 1085 1092 1124; x_wconf 84' lang='lat' dir='ltr'><strong>supplicationem</strong></span> <span class='ocrx_word' id='word_1_83' title='bbox 1110 1085 1251 1125; x_wconf 85' lang='lat' dir='ltr'><strong>magistri</strong></span> <span class='ocrx_word' id='word_1_84' title='bbox 1268 1085 1342 1115; x_wconf 93' lang='lat' dir='ltr'><strong>Gal-</strong></span> 
     </span>
     <span class='ocr_line' id='line_1_15' title="bbox 429 1133 1341 1168; baseline -0.001 -5"><span class='ocrx_word' id='word_1_85' title='bbox 429 1134 487 1163; x_wconf 91' lang='lat' dir='ltr'><strong>teri</strong></span> <span class='ocrx_word' id='word_1_86' title='bbox 504 1135 541 1163; x_wconf 89' lang='lat' dir='ltr'><strong>de</strong></span> <span class='ocrx_word' id='word_1_87' title='bbox 559 1134 650 1163; x_wconf 89' lang='lat' dir='ltr'><strong>Doun</strong></span> <span class='ocrx_word' id='word_1_88' title='bbox 667 1133 785 1168; x_wconf 86' lang='lat' dir='ltr'><strong>Schoti,</strong></span> <span class='ocrx_word' id='word_1_89' title='bbox 802 1134 904 1162; x_wconf 84' lang='lat' dir='ltr'><strong>dando</strong></span> <span class='ocrx_word' id='word_1_90' title='bbox 923 1133 984 1162; x_wconf 85' lang='lat' dir='ltr'><strong>sibi</strong></span> <span class='ocrx_word' id='word_1_91' title='bbox 999 1133 1133 1162; x_wconf 84' lang='lat' dir='ltr'><strong>litteram</strong></span> <span class='ocrx_word' id='word_1_92' title='bbox 1148 1143 1341 1163; x_wconf 89' lang='lat' dir='ltr'><strong>recommen-</strong></span> 
     </span>
     <span class='ocr_line' id='line_1_16' title="bbox 429 1181 1129 1222; baseline -0.001 -10"><span class='ocrx_word' id='word_1_93' title='bbox 429 1183 579 1212; x_wconf 82' lang='lat' dir='ltr'><strong>datoriam</strong></span> <span class='ocrx_word' id='word_1_94' title='bbox 597 1184 635 1211; x_wconf 91' lang='lat' dir='ltr'><strong>ad</strong></span> <span class='ocrx_word' id='word_1_95' title='bbox 654 1183 835 1222; x_wconf 92' lang='lat' dir='ltr'><strong>episcopum</strong></span> <span class='ocrx_word' id='word_1_96' title='bbox 855 1181 1129 1211; x_wconf 86' lang='lat' dir='ltr'><strong>Silvanectensem.</strong></span> 
     </span>
    </p>

    <p class='ocr_par' dir='ltr' id='par_1_6' title="bbox 427 1231 1343 1467">
     <span class='ocr_line' id='line_1_17' title="bbox 470 1231 1342 1270; baseline 0.001 -9"><span class='ocrx_word' id='word_1_97' title='bbox 470 1232 543 1261; x_wconf 86' lang='lat' dir='ltr'><strong>Item</strong></span> <span class='ocrx_word' id='word_1_98' title='bbox 562 1238 664 1261; x_wconf 89' lang='lat' dir='ltr'><strong>rector</strong></span> <span class='ocrx_word' id='word_1_99' title='bbox 682 1242 749 1261; x_wconf 91' lang='lat' dir='ltr'><strong>cum</strong></span> <span class='ocrx_word' id='word_1_100' title='bbox 771 1238 903 1270; x_wconf 88' lang='lat' dir='ltr'><strong>quatuor</strong></span> <span class='ocrx_word' id='word_1_101' title='bbox 920 1231 1175 1270; x_wconf 83' lang='lat' dir='ltr'><strong>procuratoribus</strong></span> <span class='ocrx_word' id='word_1_102' title='bbox 1197 1239 1226 1261; x_wconf 92' lang='lat' dir='ltr'><strong>et</strong></span> <span class='ocrx_word' id='word_1_103' title='bbox 1241 1233 1342 1262; x_wconf 87' lang='lat' dir='ltr'><strong>tribus</strong></span> 
     </span>
     <span class='ocr_line' id='line_1_18' title="bbox 427 1280 1340 1320; baseline 0.001 -11"><span class='ocrx_word' id='word_1_104' title='bbox 427 1281 586 1320; x_wconf 84' lang='lat' dir='ltr'><strong>magistris</strong></span> <span class='ocrx_word' id='word_1_105' title='bbox 609 1281 735 1310; x_wconf 78' lang='lat' dir='ltr'><strong>aliarum</strong></span> <span class='ocrx_word' id='word_1_106' title='bbox 757 1280 932 1309; x_wconf 88' lang='lat' dir='ltr'><strong>facultatum</strong></span> <span class='ocrx_word' id='word_1_107' title='bbox 952 1291 989 1309; x_wconf 88' lang='lat' dir='ltr'><strong>ex</strong></span> <span class='ocrx_word' id='word_1_108' title='bbox 1010 1287 1095 1319; x_wconf 90' lang='lat' dir='ltr'><strong>parte</strong></span> <span class='ocrx_word' id='word_1_109' title='bbox 1117 1281 1340 1311; x_wconf 89' lang='lat' dir='ltr'><strong>Universitatis</strong></span> 
     </span>
     <span class='ocr_line' id='line_1_19' title="bbox 429 1329 1343 1370; baseline 0 -11"><span class='ocrx_word' id='word_1_110' title='bbox 429 1330 516 1359; x_wconf 88' lang='lat' dir='ltr'><strong>missi</strong></span> <span class='ocrx_word' id='word_1_111' title='bbox 533 1336 620 1359; x_wconf 85' lang='lat' dir='ltr'><strong>erant</strong></span> <span class='ocrx_word' id='word_1_112' title='bbox 635 1331 672 1358; x_wconf 87' lang='lat' dir='ltr'><strong>ad</strong></span> <span class='ocrx_word' id='word_1_113' title='bbox 693 1340 796 1369; x_wconf 87' lang='lat' dir='ltr'><strong>regem</strong></span> <span class='ocrx_word' id='word_1_114' title='bbox 814 1339 871 1368; x_wconf 88' lang='lat' dir='ltr'><strong>pro</strong></span> <span class='ocrx_word' id='word_1_115' title='bbox 889 1329 1074 1369; x_wconf 85' lang='lat' dir='ltr'><strong>quibusdam</strong></span> <span class='ocrx_word' id='word_1_116' title='bbox 1090 1330 1229 1359; x_wconf 88' lang='lat' dir='ltr'><strong>articulis</strong></span> <span class='ocrx_word' id='word_1_117' title='bbox 1248 1341 1343 1370; x_wconf 90' lang='lat' dir='ltr'><strong>super</strong></span> 
     </span>
     <span class='ocr_line' id='line_1_20' title="bbox 427 1378 1343 1418; baseline 0 -10"><span class='ocrx_word' id='word_1_118' title='bbox 427 1379 570 1408; x_wconf 85' lang='lat' dir='ltr'><strong>libertate</strong></span> <span class='ocrx_word' id='word_1_119' title='bbox 596 1386 625 1408; x_wconf 89' lang='lat' dir='ltr'><strong>et</strong></span> <span class='ocrx_word' id='word_1_120' title='bbox 651 1379 836 1418; x_wconf 85' lang='lat' dir='ltr'><strong>privilegiis.</strong></span> <span class='ocrx_word' id='word_1_121' title='bbox 869 1378 908 1408; x_wconf 82' lang='lat' dir='ltr'><strong>Et</strong></span> <span class='ocrx_word' id='word_1_122' title='bbox 938 1389 993 1408; x_wconf 85' lang='lat' dir='ltr'><strong>rex</strong></span> <span class='ocrx_word' id='word_1_123' title='bbox 1021 1379 1158 1418; x_wconf 84' lang='lat' dir='ltr'><strong>gratiose</strong></span> <span class='ocrx_word' id='word_1_124' title='bbox 1187 1380 1343 1409; x_wconf 89' lang='lat' dir='ltr'><strong>concessit</strong></span> 
     </span>
     <span class='ocr_line' id='line_1_21' title="bbox 429 1427 863 1467; baseline -0.002 -10"><span class='ocrx_word' id='word_1_125' title='bbox 429 1429 568 1467; x_wconf 83' lang='lat' dir='ltr'><strong>ipsorum</strong></span> <span class='ocrx_word' id='word_1_126' title='bbox 587 1427 863 1467; x_wconf 73' lang='lat' dir='ltr'><strong>supplicationes2.</strong></span> 
     </span>
    </p>
   </div>
   <div class='ocr_carea' id='block_1_3' title="bbox 836 1535 934 1564">
    <p class='ocr_par' dir='ltr' id='par_1_7' title="bbox 836 1535 934 1564">
     <span class='ocr_line' id='line_1_22' title="bbox 836 1535 934 1564; baseline -0.01 0"><span class='ocrx_word' id='word_1_127' title='bbox 836 1536 854 1564; x_wconf 89' lang='lat'>1</span> <span class='ocrx_word' id='word_1_128' title='bbox 859 1535 934 1564; x_wconf 82' lang='lat'><strong>346</strong></span> 
     </span>
    </p>
   </div>
   <div class='ocr_carea' id='block_1_4' title="bbox 429 1619 1341 1698">
    <p class='ocr_par' dir='ltr' id='par_1_8' title="bbox 429 1619 1341 1698">
     <span class='ocr_line' id='line_1_23' title="bbox 429 1619 1341 1659; baseline 0.001 -10"><span class='ocrx_word' id='word_1_129' title='bbox 429 1619 586 1659; x_wconf 88' lang='lat' dir='ltr'><strong>Tempus</strong></span> <span class='ocrx_word' id='word_1_130' title='bbox 623 1620 911 1659; x_wconf 88' lang='lat' dir='ltr'><strong>procuracionis</strong></span> <span class='ocrx_word' id='word_1_131' title='bbox 950 1620 1122 1659; x_wconf 86' lang='lat' dir='ltr'><strong>magistri</strong></span> <span class='ocrx_word' id='word_1_132' title='bbox 1158 1620 1341 1650; x_wconf 70' lang='lat' dir='ltr'><strong>,Iohannis</strong></span> 
     </span>
     <span class='ocr_line' id='line_1_24' title="bbox 731 1669 1038 1698; baseline 0.003 -1"><span class='ocrx_word' id='word_1_133' title='bbox 731 1670 774 1698; x_wconf 91' lang='lat' dir='ltr'><strong>de</strong></span> <span class='ocrx_word' id='word_1_134' title='bbox 807 1669 1038 1698; x_wconf 85' lang='lat' dir='ltr'><strong>Helmestad.</strong></span> 
     </span>
    </p>
   </div>
   <div class='ocr_carea' id='block_1_5' title="bbox 429 1752 1348 2795">
    <p class='ocr_par' dir='ltr' id='par_1_9' title="bbox 769 1752 881 1764">
     <span class='ocr_line' id='line_1_25' title="bbox 769 1752 881 1764; baseline 0 0"><span class='ocrx_word' id='word_1_135' title='bbox 769 1753 781 1764; x_wconf 82' lang='grc' dir='ltr'><strong>ῦ</strong></span> <span class='ocrx_word' id='word_1_136' title='bbox 814 1752 826 1764; x_wconf 80' lang='grc'>0</span> <span class='ocrx_word' id='word_1_137' title='bbox 841 1752 853 1764; x_wconf 80' lang='lat'>0</span> <span class='ocrx_word' id='word_1_138' title='bbox 868 1752 881 1764; x_wconf 87' lang='grc'><strong>0</strong></span> 
     </span>
    </p>

    <p class='ocr_par' dir='ltr' id='par_1_10' title="bbox 429 1752 1343 2096">
     <span class='ocr_line' id='line_1_26' title="bbox 469 1752 1341 1807; baseline 0.003 -7"><span class='ocrx_word' id='word_1_139' title='bbox 469 1772 560 1801; x_wconf 88' lang='lat' dir='ltr'><strong>Anno</strong></span> <span class='ocrx_word' id='word_1_140' title='bbox 594 1771 719 1801; x_wconf 91' lang='lat' dir='ltr'><strong>Domini</strong></span> <span class='ocrx_word' id='word_1_141' title='bbox 756 1752 994 1807; x_wconf 59' lang='lat' dir='ltr'><strong>M.CCC.XLi&#39;f‚</strong></span> <span class='ocrx_word' id='word_1_142' title='bbox 1024 1783 1106 1802; x_wconf 91' lang='lat' dir='ltr'><strong>nono</strong></span> <span class='ocrx_word' id='word_1_143' title='bbox 1138 1774 1187 1802; x_wconf 91' lang='lat' dir='ltr'><strong>die</strong></span> <span class='ocrx_word' id='word_1_144' title='bbox 1225 1774 1341 1803; x_wconf 88' lang='lat' dir='ltr'><strong>mensis</strong></span> 
     </span>
     <span class='ocr_line' id='line_1_27' title="bbox 431 1821 1341 1861; baseline 0.002 -11"><span class='ocrx_word' id='word_1_145' title='bbox 431 1821 608 1855; x_wconf 84' lang='lat' dir='ltr'><strong>Februarii,</strong></span> <span class='ocrx_word' id='word_1_146' title='bbox 636 1821 814 1850; x_wconf 90' lang='lat' dir='ltr'><strong>convocatis</strong></span> <span class='ocrx_word' id='word_1_147' title='bbox 842 1821 986 1850; x_wconf 90' lang='lat' dir='ltr'><strong>omnibus</strong></span> <span class='ocrx_word' id='word_1_148' title='bbox 1021 1822 1180 1861; x_wconf 85' lang='lat' dir='ltr'><strong>magistris</strong></span> <span class='ocrx_word' id='word_1_149' title='bbox 1207 1823 1341 1852; x_wconf 86' lang='lat' dir='ltr'><strong>nationis</strong></span> 
     </span>
     <span class='ocr_line' id='line_1_28' title="bbox 430 1870 1341 1911; baseline 0.003 -12"><span class='ocrx_word' id='word_1_150' title='bbox 430 1870 601 1910; x_wconf 84' lang='lat' dir='ltr'><strong>Anglicane</strong></span> <span class='ocrx_word' id='word_1_151' title='bbox 622 1877 691 1899; x_wconf 83' lang='lat' dir='ltr'><strong>actu</strong></span> <span class='ocrx_word' id='word_1_152' title='bbox 714 1871 894 1910; x_wconf 86' lang='lat' dir='ltr'><strong>regentibus</strong></span> <span class='ocrx_word' id='word_1_153' title='bbox 915 1871 945 1899; x_wconf 92' lang='lat' dir='ltr'><strong>in</strong></span> <span class='ocrx_word' id='word_1_154' title='bbox 968 1871 1107 1900; x_wconf 84' lang='lat' dir='ltr'><strong>facultate</strong></span> <span class='ocrx_word' id='word_1_155' title='bbox 1128 1872 1238 1901; x_wconf 89' lang='lat' dir='ltr'><strong>artium</strong></span> <span class='ocrx_word' id='word_1_156' title='bbox 1260 1873 1341 1911; x_wconf 90' lang='lat' dir='ltr'><strong>apud</strong></span> 
     </span>
     <span class='ocr_line' id='line_1_29' title="bbox 431 1919 1341 1961; baseline 0.003 -13"><span class='ocrx_word' id='word_1_157' title='bbox 431 1919 575 1948; x_wconf 89' lang='lat' dir='ltr'><strong>Sanctum</strong></span> <span class='ocrx_word' id='word_1_158' title='bbox 594 1919 748 1949; x_wconf 83' lang='lat' dir='ltr'><strong>Julianum</strong></span> <span class='ocrx_word' id='word_1_159' title='bbox 766 1929 934 1959; x_wconf 87' lang='lat' dir='ltr'><strong>pauperem</strong></span> <span class='ocrx_word' id='word_1_160' title='bbox 950 1921 988 1948; x_wconf 90' lang='lat' dir='ltr'><strong>ad</strong></span> <span class='ocrx_word' id='word_1_161' title='bbox 1004 1920 1178 1960; x_wconf 86' lang='lat' dir='ltr'><strong>eligendum</strong></span> <span class='ocrx_word' id='word_1_162' title='bbox 1195 1931 1341 1961; x_wconf 86' lang='lat' dir='ltr'><strong>procura—</strong></span> 
     </span>
     <span class='ocr_line' id='line_1_30' title="bbox 429 1969 1343 2004; baseline 0.003 -7"><span class='ocrx_word' id='word_1_163' title='bbox 429 1975 527 1997; x_wconf 86' lang='lat' dir='ltr'><strong>torem</strong></span> <span class='ocrx_word' id='word_1_164' title='bbox 553 1969 633 1998; x_wconf 90' lang='lat' dir='ltr'><strong>dicte</strong></span> <span class='ocrx_word' id='word_1_165' title='bbox 660 1969 805 2004; x_wconf 86' lang='lat' dir='ltr'><strong>nationis,</strong></span> <span class='ocrx_word' id='word_1_166' title='bbox 831 1975 864 1998; x_wconf 93' lang='lat' dir='ltr'><strong>ut</strong></span> <span class='ocrx_word' id='word_1_167' title='bbox 888 1969 984 1998; x_wconf 86' lang='lat' dir='ltr'><strong>moris</strong></span> <span class='ocrx_word' id='word_1_168' title='bbox 1013 1976 1070 2004; x_wconf 85' lang='lat' dir='ltr'><strong>est,</strong></span> <span class='ocrx_word' id='word_1_169' title='bbox 1093 1970 1209 1999; x_wconf 77' lang='lat' dir='ltr'><strong>electus</strong></span> <span class='ocrx_word' id='word_1_170' title='bbox 1234 1971 1290 2000; x_wconf 83' lang='lat' dir='ltr'><strong>fuit</strong></span> <span class='ocrx_word' id='word_1_171' title='bbox 1312 1972 1343 2000; x_wconf 90' lang='lat' dir='ltr'><strong>in</strong></span> 
     </span>
     <span class='ocr_line' id='line_1_31' title="bbox 430 2018 1342 2057; baseline 0.004 -11"><span class='ocrx_word' id='word_1_172' title='bbox 430 2024 662 2056; x_wconf 87' lang='lat' dir='ltr'><strong>procuratorem</strong></span> <span class='ocrx_word' id='word_1_173' title='bbox 683 2018 831 2057; x_wconf 84' lang='lat' dir='ltr'><strong>magister</strong></span> <span class='ocrx_word' id='word_1_174' title='bbox 845 2018 1002 2047; x_wconf 88' lang='lat' dir='ltr'><strong>Johannes</strong></span> <span class='ocrx_word' id='word_1_175' title='bbox 1019 2019 1056 2047; x_wconf 95' lang='lat' dir='ltr'><strong>de</strong></span> <span class='ocrx_word' id='word_1_176' title='bbox 1073 2019 1251 2049; x_wconf 85' lang='lat' dir='ltr'><strong>Helmestad</strong></span> <span class='ocrx_word' id='word_1_177' title='bbox 1267 2031 1342 2050; x_wconf 88' lang='lat' dir='ltr'><strong>con-</strong></span> 
     </span>
     <span class='ocr_line' id='line_1_32' title="bbox 431 2067 795 2096; baseline 0.003 -1"><span class='ocrx_word' id='word_1_178' title='bbox 431 2067 567 2096; x_wconf 87' lang='lat' dir='ltr'><strong>corditer</strong></span> <span class='ocrx_word' id='word_1_179' title='bbox 585 2068 622 2096; x_wconf 90' lang='lat' dir='ltr'><strong>ab</strong></span> <span class='ocrx_word' id='word_1_180' title='bbox 641 2068 795 2096; x_wconf 90' lang='lat' dir='ltr'><strong>omnibus.</strong></span> 
     </span>
    </p>

    <p class='ocr_par' dir='ltr' id='par_1_11' title="bbox 435 2115 1342 2204">
     <span class='ocr_line' id='line_1_33' title="bbox 474 2115 1342 2159; baseline 0.005 -15"><span class='ocrx_word' id='word_1_181' title='bbox 474 2116 507 2144; x_wconf 91' lang='lat' dir='ltr'><strong>ln</strong></span> <span class='ocrx_word' id='word_1_182' title='bbox 531 2115 618 2156; x_wconf 88' lang='lat' dir='ltr'><strong>cujus</strong></span> <span class='ocrx_word' id='word_1_183' title='bbox 648 2117 879 2156; x_wconf 85' lang='lat' dir='ltr'><strong>procurationis</strong></span> <span class='ocrx_word' id='word_1_184' title='bbox 904 2123 1042 2156; x_wconf 89' lang='lat' dir='ltr'><strong>tempore</strong></span> <span class='ocrx_word' id='word_1_185' title='bbox 1062 2124 1127 2146; x_wconf 88' lang='lat' dir='ltr'><strong>acta</strong></span> <span class='ocrx_word' id='word_1_186' title='bbox 1145 2119 1264 2148; x_wconf 83' lang='lat' dir='ltr'><strong>fuerant</strong></span> <span class='ocrx_word' id='word_1_187' title='bbox 1283 2130 1342 2159; x_wconf 88' lang='lat' dir='ltr'><strong>que</strong></span> 
     </span>
     <span class='ocr_line' id='line_1_34' title="bbox 435 2172 619 2204; baseline 0 -10"><span class='ocrx_word' id='word_1_188' title='bbox 435 2172 619 2204; x_wconf 89' lang='lat' dir='ltr'><strong>sequuntur.</strong></span> 
     </span>
    </p>

    <p class='ocr_par' dir='ltr' id='par_1_12' title="bbox 433 2215 1346 2450">
     <span class='ocr_line' id='line_1_35' title="bbox 474 2215 1345 2254; baseline 0.006 -12"><span class='ocrx_word' id='word_1_189' title='bbox 474 2215 579 2243; x_wconf 91' lang='lat' dir='ltr'><strong>Primo</strong></span> <span class='ocrx_word' id='word_1_190' title='bbox 603 2215 652 2243; x_wconf 90' lang='lat' dir='ltr'><strong>die</strong></span> <span class='ocrx_word' id='word_1_191' title='bbox 676 2215 747 2243; x_wconf 87' lang='lat' dir='ltr'><strong>lune</strong></span> <span class='ocrx_word' id='word_1_192' title='bbox 773 2215 946 2244; x_wconf 86' lang='lat' dir='ltr'><strong>immediate</strong></span> <span class='ocrx_word' id='word_1_193' title='bbox 969 2215 1139 2254; x_wconf 85' lang='lat' dir='ltr'><strong>sequente³</strong></span> <span class='ocrx_word' id='word_1_194' title='bbox 1167 2218 1345 2248; x_wconf 80' lang='lat' dir='ltr'><strong>convocatis</strong></span> 
     </span>
     <span class='ocr_line' id='line_1_36' title="bbox 434 2263 1345 2303; baseline 0.004 -11"><span class='ocrx_word' id='word_1_195' title='bbox 434 2263 592 2302; x_wconf 85' lang='lat' dir='ltr'><strong>magistris</strong></span> <span class='ocrx_word' id='word_1_196' title='bbox 620 2264 753 2293; x_wconf 85' lang='lat' dir='ltr'><strong>nationis</strong></span> <span class='ocrx_word' id='word_1_197' title='bbox 776 2265 912 2303; x_wconf 83' lang='lat' dir='ltr'><strong>predicte</strong></span> <span class='ocrx_word' id='word_1_198' title='bbox 928 2266 1010 2303; x_wconf 91' lang='lat' dir='ltr'><strong>apud</strong></span> <span class='ocrx_word' id='word_1_199' title='bbox 1029 2265 1172 2294; x_wconf 86' lang='lat' dir='ltr'><strong>Sanctum</strong></span> <span class='ocrx_word' id='word_1_200' title='bbox 1191 2267 1345 2296; x_wconf 90' lang='lat' dir='ltr'><strong>Julianum</strong></span> 
     </span>
     <span class='ocr_line' id='line_1_37' title="bbox 433 2313 1346 2354; baseline 0.004 -13"><span class='ocrx_word' id='word_1_201' title='bbox 433 2313 470 2341; x_wconf 87' lang='lat' dir='ltr'><strong>ad</strong></span> <span class='ocrx_word' id='word_1_202' title='bbox 489 2313 674 2341; x_wconf 87' lang='lat' dir='ltr'><strong>audiendum</strong></span> <span class='ocrx_word' id='word_1_203' title='bbox 687 2319 859 2352; x_wconf 88' lang='lat' dir='ltr'><strong>compotum</strong></span> <span class='ocrx_word' id='word_1_204' title='bbox 874 2314 1058 2352; x_wconf 88' lang='lat' dir='ltr'><strong>receptoris,</strong></span> <span class='ocrx_word' id='word_1_205' title='bbox 1071 2321 1279 2354; x_wconf 83' lang='lat' dir='ltr'><strong>computatum</strong></span> <span class='ocrx_word' id='word_1_206' title='bbox 1292 2317 1346 2346; x_wconf 90' lang='lat' dir='ltr'><strong>fuit</strong></span> 
     </span>
     <span class='ocr_line' id='line_1_38' title="bbox 434 2362 1346 2404; baseline 0.004 -14"><span class='ocrx_word' id='word_1_207' title='bbox 434 2363 517 2400; x_wconf 92' lang='lat' dir='ltr'><strong>quod</strong></span> <span class='ocrx_word' id='word_1_208' title='bbox 539 2362 622 2390; x_wconf 84' lang='lat' dir='ltr'><strong>natio</strong></span> <span class='ocrx_word' id='word_1_209' title='bbox 642 2368 800 2391; x_wconf 90' lang='lat' dir='ltr'><strong>teneretur</strong></span> <span class='ocrx_word' id='word_1_210' title='bbox 820 2363 974 2401; x_wconf 88' lang='lat' dir='ltr'><strong>receptori</strong></span> <span class='ocrx_word' id='word_1_211' title='bbox 990 2362 1052 2402; x_wconf 85' lang='lat' dir='ltr'><strong>jam</strong></span> <span class='ocrx_word' id='word_1_212' title='bbox 1070 2364 1152 2393; x_wconf 91' lang='lat' dir='ltr'><strong>dicto</strong></span> <span class='ocrx_word' id='word_1_213' title='bbox 1168 2364 1198 2393; x_wconf 94' lang='lat' dir='ltr'><strong>in</strong></span> <span class='ocrx_word' id='word_1_214' title='bbox 1215 2372 1346 2404; x_wconf 88' lang='lat' dir='ltr'><strong>quatuor</strong></span> 
     </span>
     <span class='ocr_line' id='line_1_39' title="bbox 434 2410 1175 2450; baseline 0.004 -11"><span class='ocrx_word' id='word_1_215' title='bbox 434 2410 543 2439; x_wconf 86' lang='lat' dir='ltr'><strong>solidis</strong></span> <span class='ocrx_word' id='word_1_216' title='bbox 560 2412 687 2440; x_wconf 90' lang='lat' dir='ltr'><strong>secund.</strong></span> <span class='ocrx_word' id='word_1_217' title='bbox 708 2411 765 2440; x_wconf 89' lang='lat' dir='ltr'><strong>sol.</strong></span> <span class='ocrx_word' id='word_1_218' title='bbox 783 2412 949 2450; x_wconf 87' lang='lat' dir='ltr'><strong>parisiens.</strong></span> <span class='ocrx_word' id='word_1_219' title='bbox 967 2412 1175 2442; x_wconf 89' lang='lat' dir='ltr'><strong>denariorum.</strong></span> 
     </span>
    </p>

    <p class='ocr_par' dir='ltr' id='par_1_13' title="bbox 434 2460 1346 2597">
     <span class='ocr_line' id='line_1_40' title="bbox 476 2460 1346 2499; baseline 0.006 -11"><span class='ocrx_word' id='word_1_220' title='bbox 476 2460 550 2489; x_wconf 88' lang='lat' dir='ltr'><strong>Item</strong></span> <span class='ocrx_word' id='word_1_221' title='bbox 573 2460 689 2499; x_wconf 85' lang='lat' dir='ltr'><strong>incepit</strong></span> <span class='ocrx_word' id='word_1_222' title='bbox 714 2460 858 2489; x_wconf 87' lang='lat' dir='ltr'><strong>dominus</strong></span> <span class='ocrx_word' id='word_1_223' title='bbox 878 2460 1089 2490; x_wconf 87' lang='lat' dir='ltr'><strong>Theodericus</strong></span> <span class='ocrx_word' id='word_1_224' title='bbox 1113 2463 1151 2491; x_wconf 88' lang='lat' dir='ltr'><strong>de</strong></span> <span class='ocrx_word' id='word_1_225' title='bbox 1176 2462 1346 2493; x_wconf 88' lang='lat' dir='ltr'><strong>Hammone</strong></span> 
     </span>
     <span class='ocr_line' id='line_1_41' title="bbox 435 2509 1344 2548; baseline 0.006 -11"><span class='ocrx_word' id='word_1_226' title='bbox 435 2510 492 2538; x_wconf 94' lang='lat' dir='ltr'><strong>sub</strong></span> <span class='ocrx_word' id='word_1_227' title='bbox 509 2509 658 2548; x_wconf 87' lang='lat' dir='ltr'><strong>magistro</strong></span> <span class='ocrx_word' id='word_1_228' title='bbox 674 2509 814 2538; x_wconf 84' lang='lat' dir='ltr'><strong>Gerardo</strong></span> <span class='ocrx_word' id='word_1_229' title='bbox 833 2509 915 2539; x_wconf 92' lang='lat' dir='ltr'><strong>dicto</strong></span> <span class='ocrx_word' id='word_1_230' title='bbox 934 2511 971 2539; x_wconf 88' lang='lat' dir='ltr'><strong>de</strong></span> <span class='ocrx_word' id='word_1_231' title='bbox 989 2510 1120 2540; x_wconf 90' lang='lat' dir='ltr'><strong>Dulmen</strong></span> <span class='ocrx_word' id='word_1_232' title='bbox 1141 2512 1178 2540; x_wconf 93' lang='lat' dir='ltr'><strong>de</strong></span> <span class='ocrx_word' id='word_1_233' title='bbox 1197 2512 1344 2548; x_wconf 83' lang='lat' dir='ltr'><strong>Prussia,</strong></span> 
     </span>
     <span class='ocr_line' id='line_1_42' title="bbox 434 2558 855 2597; baseline 0 -10"><span class='ocrx_word' id='word_1_234' title='bbox 434 2558 521 2597; x_wconf 90' lang='lat' dir='ltr'><strong>cujus</strong></span> <span class='ocrx_word' id='word_1_235' title='bbox 540 2560 633 2587; x_wconf 87' lang='lat' dir='ltr'><strong>bursa</strong></span> <span class='ocrx_word' id='word_1_236' title='bbox 650 2559 735 2587; x_wconf 74' lang='lat'><em>11110‘</em></span> <span class='ocrx_word' id='word_1_237' title='bbox 751 2558 855 2587; x_wconf 86' lang='lat' dir='ltr'><strong>solidi.</strong></span> 
     </span>
    </p>

    <p class='ocr_par' dir='ltr' id='par_1_14' title="bbox 434 2608 1348 2795">
     <span class='ocr_line' id='line_1_43' title="bbox 476 2608 1343 2648; baseline 0.005 -12"><span class='ocrx_word' id='word_1_238' title='bbox 476 2608 549 2636; x_wconf 88' lang='lat' dir='ltr'><strong>Item</strong></span> <span class='ocrx_word' id='word_1_239' title='bbox 573 2608 649 2637; x_wconf 87' lang='lat' dir='ltr'><strong>facta</strong></span> <span class='ocrx_word' id='word_1_240' title='bbox 674 2608 916 2647; x_wconf 75' lang='lat' dir='ltr'><strong>congregatione</strong></span> <span class='ocrx_word' id='word_1_241' title='bbox 938 2609 1074 2647; x_wconf 88' lang='lat' dir='ltr'><strong>generali</strong></span> <span class='ocrx_word' id='word_1_242' title='bbox 1095 2611 1175 2648; x_wconf 90' lang='lat' dir='ltr'><strong>apud</strong></span> <span class='ocrx_word' id='word_1_243' title='bbox 1199 2612 1343 2640; x_wconf 86' lang='lat' dir='ltr'><strong>Sanctum</strong></span> 
     </span>
     <span class='ocr_line' id='line_1_44' title="bbox 434 2656 1348 2696; baseline 0.004 -11"><span class='ocrx_word' id='word_1_244' title='bbox 434 2657 621 2686; x_wconf 90' lang='lat' dir='ltr'><strong>Maturinum</strong></span> <span class='ocrx_word' id='word_1_245' title='bbox 658 2657 706 2686; x_wconf 90' lang='lat' dir='ltr'><strong>die</strong></span> <span class='ocrx_word' id='word_1_246' title='bbox 743 2656 835 2686; x_wconf 78' lang='lat' dir='ltr'><strong>lune⁴</strong></span> <span class='ocrx_word' id='word_1_247' title='bbox 868 2664 940 2696; x_wconf 89' lang='lat' dir='ltr'><strong>post</strong></span> <span class='ocrx_word' id='word_1_248' title='bbox 973 2658 1157 2687; x_wconf 89' lang='lat' dir='ltr'><strong>dominicam</strong></span> <span class='ocrx_word' id='word_1_249' title='bbox 1197 2662 1348 2690; x_wconf 74' lang='lat' dir='ltr'><strong>Jnoocaoit</strong></span> 
     </span>
     <span class='ocr_line' id='line_1_45' title="bbox 435 2705 1347 2749; baseline 0.004 -14"><span class='ocrx_word' id='word_1_250' title='bbox 435 2717 529 2746; x_wconf 89' lang='lat' dir='ltr'><strong>super</strong></span> <span class='ocrx_word' id='word_1_251' title='bbox 558 2707 742 2745; x_wconf 88' lang='lat' dir='ltr'><strong>quibusdam</strong></span> <span class='ocrx_word' id='word_1_252' title='bbox 775 2705 897 2745; x_wconf 87' lang='lat' dir='ltr'><strong>injuriis</strong></span> <span class='ocrx_word' id='word_1_253' title='bbox 931 2706 1023 2736; x_wconf 86' lang='lat' dir='ltr'><strong>illatis</strong></span> <span class='ocrx_word' id='word_1_254' title='bbox 1056 2708 1258 2738; x_wconf 88' lang='lat' dir='ltr'><strong>Universitati</strong></span> <span class='ocrx_word' id='word_1_255' title='bbox 1290 2720 1347 2749; x_wconf 86' lang='lat' dir='ltr'><strong>per</strong></span> 
     </span>
     <span class='ocr_line' id='line_1_46' title="bbox 435 2755 1345 2795; baseline 0.004 -11"><span class='ocrx_word' id='word_1_256' title='bbox 435 2756 615 2794; x_wconf 91' lang='lat' dir='ltr'><strong>episcopum</strong></span> <span class='ocrx_word' id='word_1_257' title='bbox 636 2755 864 2790; x_wconf 86' lang='lat' dir='ltr'><strong>Parisiensem,</strong></span> <span class='ocrx_word' id='word_1_258' title='bbox 882 2756 1030 2795; x_wconf 84' lang='lat' dir='ltr'><strong>magister</strong></span> <span class='ocrx_word' id='word_1_259' title='bbox 1050 2756 1228 2786; x_wconf 89' lang='lat' dir='ltr'><strong>Gerhardus</strong></span> <span class='ocrx_word' id='word_1_260' title='bbox 1245 2758 1345 2788; x_wconf 88' lang='lat' dir='ltr'><strong>dictus</strong></span> 
     </span>
    </p>
   </div>
   <div class='ocr_carea' id='block_1_6' title="bbox 435 2848 1344 2979">
    <p class='ocr_par' dir='ltr' id='par_1_15' title="bbox 466 2848 1271 2880">
     <span class='ocr_line' id='line_1_47' title="bbox 466 2848 1271 2880; baseline 0.004 -9"><span class='ocrx_word' id='word_1_261' title='bbox 466 2849 489 2871; x_wconf 86' lang='lat'><strong>1.</strong></span> <span class='ocrx_word' id='word_1_262' title='bbox 523 2850 591 2871; x_wconf 79' lang='lat' dir='ltr'><strong>llaec</strong></span> <span class='ocrx_word' id='word_1_263' title='bbox 606 2848 718 2875; x_wconf 76' lang='lat' dir='ltr'><strong>rubrica,</strong></span> <span class='ocrx_word' id='word_1_264' title='bbox 735 2857 751 2871; x_wconf 81' lang='lat' dir='ltr'><strong>a</strong></span> <span class='ocrx_word' id='word_1_265' title='bbox 762 2851 836 2880; x_wconf 79' lang='lat' dir='ltr'><strong>parte</strong></span> <span class='ocrx_word' id='word_1_266' title='bbox 849 2848 954 2880; x_wconf 67' lang='lat' dir='ltr'><strong>scripta,</strong></span> <span class='ocrx_word' id='word_1_267' title='bbox 965 2852 1055 2880; x_wconf 64' lang='lat' dir='ltr'><strong>postea</strong></span> <span class='ocrx_word' id='word_1_268' title='bbox 1069 2850 1211 2873; x_wconf 75' lang='lat' dir='ltr'><strong>cancellata</strong></span> <span class='ocrx_word' id='word_1_269' title='bbox 1227 2855 1271 2875; x_wconf 74' lang='lat' dir='ltr'><strong>eet.</strong></span> 
     </span>
    </p>

    <p class='ocr_par' dir='ltr' id='par_1_16' title="bbox 435 2884 1344 2947">
     <span class='ocr_line' id='line_1_48' title="bbox 465 2884 1344 2916; baseline 0.006 -10"><span class='ocrx_word' id='word_1_270' title='bbox 465 2885 489 2908; x_wconf 81' lang='lat'><strong>2.</strong></span> <span class='ocrx_word' id='word_1_271' title='bbox 524 2886 615 2907; x_wconf 63' lang='lat' dir='ltr'><strong>Exstat</strong></span> <span class='ocrx_word' id='word_1_272' title='bbox 633 2884 797 2916; x_wconf 76' lang='lat' dir='ltr'><strong>privilegium</strong></span> <span class='ocrx_word' id='word_1_273' title='bbox 822 2884 934 2916; x_wconf 77' lang='lat' dir='ltr'><strong>Philippi</strong></span> <span class='ocrx_word' id='word_1_274' title='bbox 960 2886 998 2913; x_wconf 79' lang='lat' dir='ltr'><strong>Vl,</strong></span> <span class='ocrx_word' id='word_1_275' title='bbox 1019 2885 1048 2908; x_wconf 87' lang='lat'><strong>13</strong></span> <span class='ocrx_word' id='word_1_276' title='bbox 1070 2885 1153 2914; x_wconf 61' lang='lat' dir='ltr'><strong>Folia,</strong></span> <span class='ocrx_word' id='word_1_277' title='bbox 1177 2886 1202 2910; x_wconf 83' lang='lat' dir='ltr'><strong>in</strong></span> <span class='ocrx_word' id='word_1_278' title='bbox 1224 2886 1344 2911; x_wconf 75' lang='lat' dir='ltr'><strong>Chartul.</strong></span> 
     </span>
     <span class='ocr_line' id='line_1_49' title="bbox 435 2920 837 2947; baseline 0.005 -5"><span class='ocrx_word' id='word_1_279' title='bbox 435 2920 557 2943; x_wconf 76' lang='lat' dir='ltr'><strong>Univers.</strong></span> <span class='ocrx_word' id='word_1_280' title='bbox 575 2920 837 2947; x_wconf 68' lang='lat' dir='ltr'><strong>Paris.,lt,n·1179.</strong></span> 
     </span>
    </p>

    <p class='ocr_par' dir='ltr' id='par_1_17' title="bbox 467 2955 708 2979">
     <span class='ocr_line' id='line_1_50' title="bbox 467 2955 708 2979; baseline 0.004 -1"><span class='ocrx_word' id='word_1_281' title='bbox 467 2957 489 2978; x_wconf 87' lang='grc'><strong>3.</strong></span> <span class='ocrx_word' id='word_1_282' title='bbox 526 2956 554 2978; x_wconf 83' lang='grc'><strong>13</strong></span> <span class='ocrx_word' id='word_1_283' title='bbox 567 2955 708 2979; x_wconf 74' lang='lat' dir='ltr'><strong>Februarii.</strong></span> 
     </span>
    </p>
   </div>
   <div class='ocr_carea' id='block_1_7' title="bbox 1383 943 1416 970">
    <p class='ocr_par' dir='ltr' id='par_1_18' title="bbox 1383 943 1416 970">
     <span class='ocr_line' id='line_1_51' title="bbox 1383 943 1416 970; baseline 0.03 -1"><span class='ocrx_word' id='word_1_284' title='bbox 1383 943 1416 970; x_wconf 92' lang='lat'><strong>10</strong></span> 
     </span>
    </p>
   </div>
   <div class='ocr_carea' id='block_1_8' title="bbox 1380 1190 1415 1217">
    <p class='ocr_par' dir='ltr' id='par_1_19' title="bbox 1380 1190 1415 1217">
     <span class='ocr_line' id='line_1_52' title="bbox 1380 1190 1415 1217; baseline 0.029 -1"><span class='ocrx_word' id='word_1_285' title='bbox 1380 1190 1415 1217; x_wconf 89' lang='lat'><strong>15</strong></span> 
     </span>
    </p>
   </div>
   <div class='ocr_carea' id='block_1_9' title="bbox 1380 1438 1414 1463">
    <p class='ocr_par' dir='ltr' id='par_1_20' title="bbox 1380 1438 1414 1463">
     <span class='ocr_line' id='line_1_53' title="bbox 1380 1438 1414 1463; baseline 0 0"><span class='ocrx_word' id='word_1_286' title='bbox 1380 1438 1414 1463; x_wconf 86' lang='lat'><strong>20</strong></span> 
     </span>
    </p>
   </div>
   <div class='ocr_carea' id='block_1_10' title="bbox 1380 1683 1414 1710">
    <p class='ocr_par' dir='ltr' id='par_1_21' title="bbox 1380 1683 1414 1710">
     <span class='ocr_line' id='line_1_54' title="bbox 1380 1683 1414 1710; baseline 0.029 -1"><span class='ocrx_word' id='word_1_287' title='bbox 1380 1683 1414 1710; x_wconf 83' lang='lat'><strong>25</strong></span> 
     </span>
    </p>
   </div>
   <div class='ocr_carea' id='block_1_11' title="bbox 1381 1931 1415 1956">
    <p class='ocr_par' dir='ltr' id='par_1_22' title="bbox 1381 1931 1415 1956">
     <span class='ocr_line' id='line_1_55' title="bbox 1381 1931 1415 1956; baseline 0 0"><span class='ocrx_word' id='word_1_288' title='bbox 1381 1931 1415 1956; x_wconf 89' lang='lat'><strong>30</strong></span> 
     </span>
    </p>
   </div>
   <div class='ocr_carea' id='block_1_12' title="bbox 1382 2177 1416 2202">
    <p class='ocr_par' dir='ltr' id='par_1_23' title="bbox 1382 2177 1416 2202">
     <span class='ocr_line' id='line_1_56' title="bbox 1382 2177 1416 2202; baseline 0 0"><span class='ocrx_word' id='word_1_289' title='bbox 1382 2177 1416 2202; x_wconf 90' lang='lat'><strong>35</strong></span> 
     </span>
    </p>
   </div>
   <div class='ocr_carea' id='block_1_13' title="bbox 1383 2422 1417 2448">
    <p class='ocr_par' dir='ltr' id='par_1_24' title="bbox 1383 2422 1417 2448">
     <span class='ocr_line' id='line_1_57' title="bbox 1383 2422 1417 2448; baseline 0 0"><span class='ocrx_word' id='word_1_290' title='bbox 1383 2422 1417 2448; x_wconf 82' lang='lat'><strong>40</strong></span> 
     </span>
    </p>
   </div>
   <div class='ocr_carea' id='block_1_14' title="bbox 1384 2669 1417 2695">
    <p class='ocr_par' dir='ltr' id='par_1_25' title="bbox 1384 2669 1417 2695">
     <span class='ocr_line' id='line_1_58' title="bbox 1384 2669 1417 2695; baseline 0.03 -1"><span class='ocrx_word' id='word_1_291' title='bbox 1384 2669 1417 2695; x_wconf 83' lang='lat'><strong>45</strong></span> 
     </span>
    </p>
   </div>
   <div class='ocr_carea' id='block_1_15' title="bbox 2329 421 2364 447">
    <p class='ocr_par' dir='ltr' id='par_1_26' title="bbox 2329 421 2364 447">
     <span class='ocr_line' id='line_1_59' title="bbox 2329 421 2364 447; baseline 0 0"><span class='ocrx_word' id='word_1_292' title='bbox 2329 421 2364 447; x_wconf 81' lang='lat'><strong>92</strong></span> 
     </span>
    </p>
   </div>
   <div class='ocr_carea' id='block_1_16' title="bbox 1450 495 2367 2786">
    <p class='ocr_par' dir='ltr' id='par_1_27' title="bbox 1450 495 2364 830">
     <span class='ocr_line' id='line_1_60' title="bbox 1451 495 2362 536; baseline 0.003 -12"><span class='ocrx_word' id='word_1_293' title='bbox 1451 496 1488 524; x_wconf 92' lang='lat' dir='ltr'><strong>de</strong></span> <span class='ocrx_word' id='word_1_294' title='bbox 1517 495 1648 524; x_wconf 90' lang='lat' dir='ltr'><strong>Dulmen</strong></span> <span class='ocrx_word' id='word_1_295' title='bbox 1679 495 1864 535; x_wconf 85' lang='lat' dir='ltr'><strong>supplicavit</strong></span> <span class='ocrx_word' id='word_1_296' title='bbox 1895 496 2038 525; x_wconf 88' lang='lat' dir='ltr'><strong>omnibus</strong></span> <span class='ocrx_word' id='word_1_297' title='bbox 2065 496 2223 536; x_wconf 80' lang='lat' dir='ltr'><strong>magistris</strong></span> <span class='ocrx_word' id='word_1_298' title='bbox 2255 503 2362 527; x_wconf 78' lang='lat' dir='ltr'><strong>nostre</strong></span> 
     </span>
     <span class='ocr_line' id='line_1_61' title="bbox 1451 544 2364 584; baseline 0.003 -11"><span class='ocrx_word' id='word_1_299' title='bbox 1451 544 1586 574; x_wconf 87' lang='lat' dir='ltr'><strong>nationis</strong></span> <span class='ocrx_word' id='word_1_300' title='bbox 1602 545 1778 584; x_wconf 88' lang='lat' dir='ltr'><strong>specialiter</strong></span> <span class='ocrx_word' id='word_1_301' title='bbox 1794 545 1907 574; x_wconf 91' lang='lat' dir='ltr'><strong>ibidem</strong></span> <span class='ocrx_word' id='word_1_302' title='bbox 1925 545 1964 574; x_wconf 92' lang='lat' dir='ltr'><strong>ad</strong></span> <span class='ocrx_word' id='word_1_303' title='bbox 1979 545 2216 584; x_wconf 84' lang='lat' dir='ltr'><strong>supplicandum</strong></span> <span class='ocrx_word' id='word_1_304' title='bbox 2232 552 2262 575; x_wconf 89' lang='lat' dir='ltr'><strong>et</strong></span> <span class='ocrx_word' id='word_1_305' title='bbox 2276 546 2364 576; x_wconf 83' lang='lat' dir='ltr'><strong>ordi-</strong></span> 
     </span>
     <span class='ocr_line' id='line_1_62' title="bbox 1451 594 2360 634; baseline 0.003 -12"><span class='ocrx_word' id='word_1_306' title='bbox 1451 594 1584 622; x_wconf 87' lang='lat' dir='ltr'><strong>nandum</strong></span> <span class='ocrx_word' id='word_1_307' title='bbox 1601 594 1730 629; x_wconf 87' lang='lat' dir='ltr'><strong>vocatis,</strong></span> <span class='ocrx_word' id='word_1_308' title='bbox 1748 600 1899 633; x_wconf 86' lang='lat' dir='ltr'><strong>quatenus</strong></span> <span class='ocrx_word' id='word_1_309' title='bbox 1916 604 1984 623; x_wconf 92' lang='lat' dir='ltr'><strong>eum</strong></span> <span class='ocrx_word' id='word_1_310' title='bbox 2000 600 2072 633; x_wconf 85' lang='lat' dir='ltr'><strong>post</strong></span> <span class='ocrx_word' id='word_1_311' title='bbox 2087 594 2187 634; x_wconf 83' lang='lat' dir='ltr'><strong>ipsius</strong></span> <span class='ocrx_word' id='word_1_312' title='bbox 2202 605 2360 625; x_wconf 86' lang='lat' dir='ltr'><strong>recessum</strong></span> 
     </span>
     <span class='ocr_line' id='line_1_63' title="bbox 1450 643 2364 683; baseline 0.002 -11"><span class='ocrx_word' id='word_1_313' title='bbox 1450 643 1564 672; x_wconf 89' lang='lat' dir='ltr'><strong>vellent</strong></span> <span class='ocrx_word' id='word_1_314' title='bbox 1580 653 1636 682; x_wconf 87' lang='lat' dir='ltr'><strong>pro</strong></span> <span class='ocrx_word' id='word_1_315' title='bbox 1652 649 1720 672; x_wconf 87' lang='lat' dir='ltr'><strong>actu</strong></span> <span class='ocrx_word' id='word_1_316' title='bbox 1735 649 1863 683; x_wconf 86' lang='lat' dir='ltr'><strong>regente</strong></span> <span class='ocrx_word' id='word_1_317' title='bbox 1881 649 2040 683; x_wconf 89' lang='lat' dir='ltr'><strong>reputare,</strong></span> <span class='ocrx_word' id='word_1_318' title='bbox 2058 643 2090 672; x_wconf 89' lang='lat' dir='ltr'><strong>in</strong></span> <span class='ocrx_word' id='word_1_319' title='bbox 2105 653 2179 673; x_wconf 86' lang='lat' dir='ltr'><strong>casu</strong></span> <span class='ocrx_word' id='word_1_320' title='bbox 2195 644 2222 673; x_wconf 86' lang='lat' dir='ltr'><strong>si</strong></span> <span class='ocrx_word' id='word_1_321' title='bbox 2240 644 2364 674; x_wconf 90' lang='lat' dir='ltr'><strong>contin-</strong></span> 
     </span>
     <span class='ocr_line' id='line_1_64' title="bbox 1452 691 2364 732; baseline 0.002 -12"><span class='ocrx_word' id='word_1_322' title='bbox 1452 698 1540 731; x_wconf 84' lang='lat' dir='ltr'><strong>geret</strong></span> <span class='ocrx_word' id='word_1_323' title='bbox 1567 691 1701 721; x_wconf 91' lang='lat' dir='ltr'><strong>rotulum</strong></span> <span class='ocrx_word' id='word_1_324' title='bbox 1732 702 1827 732; x_wconf 91' lang='lat' dir='ltr'><strong>super</strong></span> <span class='ocrx_word' id='word_1_325' title='bbox 1858 692 2128 731; x_wconf 88' lang='lat' dir='ltr'><strong>impetrationibus</strong></span> <span class='ocrx_word' id='word_1_326' title='bbox 2153 693 2190 721; x_wconf 91' lang='lat' dir='ltr'><strong>ad</strong></span> <span class='ocrx_word' id='word_1_327' title='bbox 2218 694 2364 722; x_wconf 87' lang='lat' dir='ltr'><strong>domnum</strong></span> 
     </span>
     <span class='ocr_line' id='line_1_65' title="bbox 1452 740 2364 780; baseline 0.003 -11"><span class='ocrx_word' id='word_1_328' title='bbox 1452 740 1655 779; x_wconf 87' lang='lat' dir='ltr'><strong>apostolicum</strong></span> <span class='ocrx_word' id='word_1_329' title='bbox 1682 740 1832 776; x_wconf 89' lang='lat' dir='ltr'><strong>ordinari,</strong></span> <span class='ocrx_word' id='word_1_330' title='bbox 1857 741 1905 771; x_wconf 87' lang='lat' dir='ltr'><strong>vel</strong></span> <span class='ocrx_word' id='word_1_331' title='bbox 1928 741 1960 770; x_wconf 90' lang='lat' dir='ltr'><strong>in</strong></span> <span class='ocrx_word' id='word_1_332' title='bbox 1985 751 2058 770; x_wconf 86' lang='lat' dir='ltr'><strong>casu</strong></span> <span class='ocrx_word' id='word_1_333' title='bbox 2080 741 2245 771; x_wconf 87' lang='lat' dir='ltr'><strong>consimili.</strong></span> <span class='ocrx_word' id='word_1_334' title='bbox 2273 742 2364 780; x_wconf 86' lang='lat' dir='ltr'><strong>Quod</strong></span> 
     </span>
     <span class='ocr_line' id='line_1_66' title="bbox 1452 789 2077 830; baseline 0.002 -12"><span class='ocrx_word' id='word_1_335' title='bbox 1452 789 1540 818; x_wconf 91' lang='lat' dir='ltr'><strong>nacio</strong></span> <span class='ocrx_word' id='word_1_336' title='bbox 1557 795 1663 819; x_wconf 89' lang='lat' dir='ltr'><strong>nostra</strong></span> <span class='ocrx_word' id='word_1_337' title='bbox 1678 790 1833 820; x_wconf 89' lang='lat' dir='ltr'><strong>concessit</strong></span> <span class='ocrx_word' id='word_1_338' title='bbox 1848 790 1908 820; x_wconf 86' lang='lat' dir='ltr'><strong>sibi</strong></span> <span class='ocrx_word' id='word_1_339' title='bbox 1924 791 2077 830; x_wconf 84' lang='lat' dir='ltr'><strong>graciose.</strong></span> 
     </span>
    </p>

    <p class='ocr_par' dir='ltr' id='par_1_28' title="bbox 1450 838 2366 1557">
     <span class='ocr_line' id='line_1_67' title="bbox 1494 838 2362 878; baseline 0.002 -11"><span class='ocrx_word' id='word_1_340' title='bbox 1494 838 1568 867; x_wconf 90' lang='lat' dir='ltr'><strong>Item</strong></span> <span class='ocrx_word' id='word_1_341' title='bbox 1588 839 1638 867; x_wconf 90' lang='lat' dir='ltr'><strong>die</strong></span> <span class='ocrx_word' id='word_1_342' title='bbox 1662 838 1790 868; x_wconf 77' lang='lat' dir='ltr'><strong>martis⁵</strong></span> <span class='ocrx_word' id='word_1_343' title='bbox 1816 845 1889 878; x_wconf 90' lang='lat' dir='ltr'><strong>post</strong></span> <span class='ocrx_word' id='word_1_344' title='bbox 1910 839 2095 868; x_wconf 90' lang='lat' dir='ltr'><strong>dominicam</strong></span> <span class='ocrx_word' id='word_1_345' title='bbox 2115 841 2268 869; x_wconf 78' lang='lat' dir='ltr'><strong>Invooavit</strong></span> <span class='ocrx_word' id='word_1_346' title='bbox 2283 840 2362 870; x_wconf 79' lang='lat' dir='ltr'><strong>facta</strong></span> 
     </span>
     <span class='ocr_line' id='line_1_68' title="bbox 1453 887 2365 928; baseline 0.002 -12"><span class='ocrx_word' id='word_1_347' title='bbox 1453 887 1695 927; x_wconf 84' lang='lat' dir='ltr'><strong>congregatione</strong></span> <span class='ocrx_word' id='word_1_348' title='bbox 1721 888 1857 917; x_wconf 90' lang='lat' dir='ltr'><strong>omnium</strong></span> <span class='ocrx_word' id='word_1_349' title='bbox 1883 889 2101 928; x_wconf 84' lang='lat' dir='ltr'><strong>magistrorum</strong></span> <span class='ocrx_word' id='word_1_350' title='bbox 2128 889 2262 918; x_wconf 90' lang='lat' dir='ltr'><strong>nationis</strong></span> <span class='ocrx_word' id='word_1_351' title='bbox 2288 899 2365 928; x_wconf 90' lang='lat' dir='ltr'><strong>pre-</strong></span> 
     </span>
     <span class='ocr_line' id='line_1_69' title="bbox 1453 936 2362 974; baseline 0.002 -9"><span class='ocrx_word' id='word_1_352' title='bbox 1453 936 1533 966; x_wconf 90' lang='lat' dir='ltr'><strong>dicte</strong></span> <span class='ocrx_word' id='word_1_353' title='bbox 1556 937 1593 965; x_wconf 85' lang='lat' dir='ltr'><strong>ad</strong></span> <span class='ocrx_word' id='word_1_354' title='bbox 1617 936 1761 966; x_wconf 89' lang='lat' dir='ltr'><strong>Sanctum</strong></span> <span class='ocrx_word' id='word_1_355' title='bbox 1783 937 1971 967; x_wconf 89' lang='lat' dir='ltr'><strong>Maturinum</strong></span> <span class='ocrx_word' id='word_1_356' title='bbox 1996 939 2035 967; x_wconf 92' lang='lat' dir='ltr'><strong>ad</strong></span> <span class='ocrx_word' id='word_1_357' title='bbox 2060 938 2267 967; x_wconf 90' lang='lat' dir='ltr'><strong>ordinandum</strong></span> <span class='ocrx_word' id='word_1_358' title='bbox 2289 944 2362 974; x_wconf 89' lang='lat' dir='ltr'><strong>etc.,</strong></span> 
     </span>
     <span class='ocr_line' id='line_1_70' title="bbox 1453 985 2363 1027; baseline 0.001 -12"><span class='ocrx_word' id='word_1_359' title='bbox 1453 985 1529 1015; x_wconf 83' lang='lat' dir='ltr'><strong>hora</strong></span> <span class='ocrx_word' id='word_1_360' title='bbox 1548 986 1758 1023; x_wconf 87' lang='lat' dir='ltr'><strong>completorii,</strong></span> <span class='ocrx_word' id='word_1_361' title='bbox 1778 986 1952 1016; x_wconf 83' lang='lat' dir='ltr'><strong>ordinatum</strong></span> <span class='ocrx_word' id='word_1_362' title='bbox 1980 987 2036 1016; x_wconf 90' lang='lat' dir='ltr'><strong>fuit</strong></span> <span class='ocrx_word' id='word_1_363' title='bbox 2055 988 2169 1016; x_wconf 87' lang='lat' dir='ltr'><strong>ibidem</strong></span> <span class='ocrx_word' id='word_1_364' title='bbox 2189 997 2247 1027; x_wconf 88' lang='lat' dir='ltr'><strong>per</strong></span> <span class='ocrx_word' id='word_1_365' title='bbox 2264 987 2363 1027; x_wconf 85' lang='lat' dir='ltr'><strong>magi-</strong></span> 
     </span>
     <span class='ocr_line' id='line_1_71' title="bbox 1453 1036 2364 1076; baseline 0.002 -12"><span class='ocrx_word' id='word_1_366' title='bbox 1453 1041 1536 1064; x_wconf 88' lang='lat' dir='ltr'><strong>stros</strong></span> <span class='ocrx_word' id='word_1_367' title='bbox 1563 1036 1760 1075; x_wconf 90' lang='lat' dir='ltr'><strong>supradictos</strong></span> <span class='ocrx_word' id='word_1_368' title='bbox 1786 1036 1869 1075; x_wconf 90' lang='lat' dir='ltr'><strong>quod</strong></span> <span class='ocrx_word' id='word_1_369' title='bbox 1899 1036 2156 1072; x_wconf 87' lang='lat' dir='ltr'><strong>determinantes,</strong></span> <span class='ocrx_word' id='word_1_370' title='bbox 2170 1037 2223 1076; x_wconf 91' lang='lat' dir='ltr'><strong>qui</strong></span> <span class='ocrx_word' id='word_1_371' title='bbox 2251 1037 2364 1066; x_wconf 82' lang='lat' dir='ltr'><strong>bursas</strong></span> 
     </span>
     <span class='ocr_line' id='line_1_72' title="bbox 1452 1085 2363 1125; baseline 0.001 -11"><span class='ocrx_word' id='word_1_372' title='bbox 1452 1095 1524 1114; x_wconf 89' lang='lat' dir='ltr'><strong>suas</strong></span> <span class='ocrx_word' id='word_1_373' title='bbox 1540 1091 1569 1114; x_wconf 89' lang='lat' dir='ltr'><strong>et</strong></span> <span class='ocrx_word' id='word_1_374' title='bbox 1585 1085 1708 1114; x_wconf 86' lang='lat' dir='ltr'><strong>scholas</strong></span> <span class='ocrx_word' id='word_1_375' title='bbox 1724 1085 1840 1114; x_wconf 89' lang='lat' dir='ltr'><strong>nationi</strong></span> <span class='ocrx_word' id='word_1_376' title='bbox 1859 1085 2038 1124; x_wconf 86' lang='lat' dir='ltr'><strong>persolvere</strong></span> <span class='ocrx_word' id='word_1_377' title='bbox 2055 1092 2244 1121; x_wconf 85' lang='lat' dir='ltr'><strong>tenerentur,</strong></span> <span class='ocrx_word' id='word_1_378' title='bbox 2260 1086 2287 1115; x_wconf 87' lang='lat' dir='ltr'><strong>si</strong></span> <span class='ocrx_word' id='word_1_379' title='bbox 2305 1095 2363 1125; x_wconf 90' lang='lat' dir='ltr'><strong>pro</strong></span> 
     </span>
     <span class='ocr_line' id='line_1_73' title="bbox 1451 1133 2366 1173; baseline 0.001 -11"><span class='ocrx_word' id='word_1_380' title='bbox 1451 1134 1503 1162; x_wconf 88' lang='lat' dir='ltr'><strong>illa</strong></span> <span class='ocrx_word' id='word_1_381' title='bbox 1520 1133 1652 1173; x_wconf 88' lang='lat' dir='ltr'><strong>pecunia</strong></span> <span class='ocrx_word' id='word_1_382' title='bbox 1667 1133 1757 1163; x_wconf 81' lang='lat' dir='ltr'><strong>vadia</strong></span> <span class='ocrx_word' id='word_1_383' title='bbox 1773 1140 1936 1173; x_wconf 84' lang='lat' dir='ltr'><strong>ponerent,</strong></span> <span class='ocrx_word' id='word_1_384' title='bbox 1949 1135 2032 1173; x_wconf 91' lang='lat' dir='ltr'><strong>quod</strong></span> <span class='ocrx_word' id='word_1_385' title='bbox 2048 1134 2099 1163; x_wconf 87' lang='lat' dir='ltr'><strong>illa</strong></span> <span class='ocrx_word' id='word_1_386' title='bbox 2112 1134 2203 1164; x_wconf 87' lang='lat' dir='ltr'><strong>vadia</strong></span> <span class='ocrx_word' id='word_1_387' title='bbox 2215 1135 2366 1164; x_wconf 85' lang='lat' dir='ltr'><strong>deberent</strong></span> 
     </span>
     <span class='ocr_line' id='line_1_74' title="bbox 1451 1182 2364 1222; baseline 0.001 -11"><span class='ocrx_word' id='word_1_388' title='bbox 1451 1182 1561 1222; x_wconf 91' lang='lat' dir='ltr'><strong>reponi</strong></span> <span class='ocrx_word' id='word_1_389' title='bbox 1584 1183 1623 1211; x_wconf 89' lang='lat' dir='ltr'><strong>ad</strong></span> <span class='ocrx_word' id='word_1_390' title='bbox 1648 1192 1750 1211; x_wconf 88' lang='lat' dir='ltr'><strong>arcam</strong></span> <span class='ocrx_word' id='word_1_391' title='bbox 1773 1182 1909 1211; x_wconf 88' lang='lat' dir='ltr'><strong>nationis</strong></span> <span class='ocrx_word' id='word_1_392' title='bbox 1938 1189 1968 1212; x_wconf 90' lang='lat' dir='ltr'><strong>et</strong></span> <span class='ocrx_word' id='word_1_393' title='bbox 1992 1193 2054 1212; x_wconf 93' lang='lat' dir='ltr'><strong>non</strong></span> <span class='ocrx_word' id='word_1_394' title='bbox 2075 1184 2224 1212; x_wconf 90' lang='lat' dir='ltr'><strong>deberent</strong></span> <span class='ocrx_word' id='word_1_395' title='bbox 2246 1183 2364 1212; x_wconf 82' lang='lat' dir='ltr'><strong>diutius</strong></span> 
     </span>
     <span class='ocr_line' id='line_1_75' title="bbox 1450 1231 2364 1271; baseline 0.001 -11"><span class='ocrx_word' id='word_1_396' title='bbox 1450 1231 1550 1260; x_wconf 90' lang='lat' dir='ltr'><strong>teneri</strong></span> <span class='ocrx_word' id='word_1_397' title='bbox 1568 1231 1694 1266; x_wconf 90' lang='lat' dir='ltr'><strong>ibidem,</strong></span> <span class='ocrx_word' id='word_1_398' title='bbox 1712 1231 1773 1260; x_wconf 87' lang='lat' dir='ltr'><strong>nisi</strong></span> <span class='ocrx_word' id='word_1_399' title='bbox 1789 1241 1889 1271; x_wconf 88' lang='lat' dir='ltr'><strong>usque</strong></span> <span class='ocrx_word' id='word_1_400' title='bbox 1905 1232 1943 1260; x_wconf 88' lang='lat' dir='ltr'><strong>ad</strong></span> <span class='ocrx_word' id='word_1_401' title='bbox 1959 1232 2069 1261; x_wconf 88' lang='lat' dir='ltr'><strong>festum</strong></span> <span class='ocrx_word' id='word_1_402' title='bbox 2089 1232 2207 1261; x_wconf 89' lang='lat' dir='ltr'><strong>Pasche</strong></span> <span class='ocrx_word' id='word_1_403' title='bbox 2221 1232 2364 1271; x_wconf 84' lang='lat' dir='ltr'><strong>proxime</strong></span> 
     </span>
     <span class='ocr_line' id='line_1_76' title="bbox 1450 1280 2364 1320; baseline 0 -10"><span class='ocrx_word' id='word_1_404' title='bbox 1450 1287 1624 1311; x_wconf 85' lang='lat' dir='ltr'><strong>venturum.</strong></span> <span class='ocrx_word' id='word_1_405' title='bbox 1646 1280 1685 1310; x_wconf 91' lang='lat' dir='ltr'><strong>Et</strong></span> <span class='ocrx_word' id='word_1_406' title='bbox 1708 1281 1735 1310; x_wconf 91' lang='lat' dir='ltr'><strong>si</strong></span> <span class='ocrx_word' id='word_1_407' title='bbox 1758 1281 1839 1310; x_wconf 86' lang='lat' dir='ltr'><strong>dicta</strong></span> <span class='ocrx_word' id='word_1_408' title='bbox 1860 1281 1952 1310; x_wconf 90' lang='lat' dir='ltr'><strong>vadia</strong></span> <span class='ocrx_word' id='word_1_409' title='bbox 1973 1292 1990 1310; x_wconf 85' lang='lat' dir='ltr'><strong>a</strong></span> <span class='ocrx_word' id='word_1_410' title='bbox 2010 1281 2198 1320; x_wconf 85' lang='lat' dir='ltr'><strong>supradictis</strong></span> <span class='ocrx_word' id='word_1_411' title='bbox 2218 1281 2364 1310; x_wconf 88' lang='lat' dir='ltr'><strong>determi-</strong></span> 
     </span>
     <span class='ocr_line' id='line_1_77' title="bbox 1451 1329 2362 1370; baseline 0 -11"><span class='ocrx_word' id='word_1_412' title='bbox 1451 1330 1596 1359; x_wconf 83' lang='lat' dir='ltr'><strong>nantibus</strong></span> <span class='ocrx_word' id='word_1_413' title='bbox 1623 1330 1654 1359; x_wconf 92' lang='lat' dir='ltr'><strong>in</strong></span> <span class='ocrx_word' id='word_1_414' title='bbox 1680 1330 1813 1359; x_wconf 91' lang='lat' dir='ltr'><strong>termino</strong></span> <span class='ocrx_word' id='word_1_415' title='bbox 1836 1329 1895 1370; x_wconf 81' lang='lat' dir='ltr'><strong>jam</strong></span> <span class='ocrx_word' id='word_1_416' title='bbox 1922 1331 2006 1359; x_wconf 90' lang='lat' dir='ltr'><strong>dicto</strong></span> <span class='ocrx_word' id='word_1_417' title='bbox 2037 1341 2099 1359; x_wconf 90' lang='lat' dir='ltr'><strong>non</strong></span> <span class='ocrx_word' id='word_1_418' title='bbox 2125 1331 2362 1366; x_wconf 85' lang='lat' dir='ltr'><strong>redimerentur,</strong></span> 
     </span>
     <span class='ocr_line' id='line_1_78' title="bbox 1451 1379 2366 1419; baseline 0 -11"><span class='ocrx_word' id='word_1_419' title='bbox 1451 1380 1535 1419; x_wconf 89' lang='lat' dir='ltr'><strong>quod</strong></span> <span class='ocrx_word' id='word_1_420' title='bbox 1552 1386 1624 1409; x_wconf 90' lang='lat' dir='ltr'><strong>tunc</strong></span> <span class='ocrx_word' id='word_1_421' title='bbox 1642 1379 1732 1408; x_wconf 85' lang='lat' dir='ltr'><strong>vadia</strong></span> <span class='ocrx_word' id='word_1_422' title='bbox 1746 1379 1838 1408; x_wconf 89' lang='lat' dir='ltr'><strong>vendi</strong></span> <span class='ocrx_word' id='word_1_423' title='bbox 1853 1380 2003 1408; x_wconf 90' lang='lat' dir='ltr'><strong>deberent</strong></span> <span class='ocrx_word' id='word_1_424' title='bbox 2018 1380 2085 1408; x_wconf 89' lang='lat' dir='ltr'><strong>sine</strong></span> <span class='ocrx_word' id='word_1_425' title='bbox 2101 1379 2248 1409; x_wconf 85' lang='lat' dir='ltr'><strong>dilatione</strong></span> <span class='ocrx_word' id='word_1_426' title='bbox 2263 1379 2366 1418; x_wconf 85' lang='lat' dir='ltr'><strong>quali-</strong></span> 
     </span>
     <span class='ocr_line' id='line_1_79' title="bbox 1451 1428 2363 1468; baseline -0.001 -10"><span class='ocrx_word' id='word_1_427' title='bbox 1451 1439 1583 1468; x_wconf 88' lang='lat' dir='ltr'><strong>cunque.</strong></span> <span class='ocrx_word' id='word_1_428' title='bbox 1606 1428 1645 1457; x_wconf 88' lang='lat' dir='ltr'><strong>Et</strong></span> <span class='ocrx_word' id='word_1_429' title='bbox 1663 1429 1747 1468; x_wconf 88' lang='lat' dir='ltr'><strong>quod</strong></span> <span class='ocrx_word' id='word_1_430' title='bbox 1764 1428 1868 1458; x_wconf 92' lang='lat' dir='ltr'><strong>nullus</strong></span> <span class='ocrx_word' id='word_1_431' title='bbox 1890 1429 2111 1468; x_wconf 87' lang='lat' dir='ltr'><strong>magistrorum</strong></span> <span class='ocrx_word' id='word_1_432' title='bbox 2131 1429 2308 1458; x_wconf 88' lang='lat' dir='ltr'><strong>dilationem</strong></span> <span class='ocrx_word' id='word_1_433' title='bbox 2330 1428 2363 1457; x_wconf 89' lang='lat' dir='ltr'><strong>in</strong></span> 
     </span>
     <span class='ocr_line' id='line_1_80' title="bbox 1451 1476 2366 1517; baseline 0 -11"><span class='ocrx_word' id='word_1_434' title='bbox 1451 1477 1580 1507; x_wconf 88' lang='lat' dir='ltr'><strong>nacione</strong></span> <span class='ocrx_word' id='word_1_435' title='bbox 1596 1484 1741 1517; x_wconf 89' lang='lat' dir='ltr'><strong>quereret</strong></span> <span class='ocrx_word' id='word_1_436' title='bbox 1757 1487 1815 1517; x_wconf 90' lang='lat' dir='ltr'><strong>per</strong></span> <span class='ocrx_word' id='word_1_437' title='bbox 1831 1476 2034 1516; x_wconf 76' lang='lat' dir='ltr'><strong>juramentum</strong></span> <span class='ocrx_word' id='word_1_438' title='bbox 2051 1487 2139 1506; x_wconf 90' lang='lat' dir='ltr'><strong>suum</strong></span> <span class='ocrx_word' id='word_1_439' title='bbox 2157 1487 2253 1517; x_wconf 91' lang='lat' dir='ltr'><strong>super</strong></span> <span class='ocrx_word' id='word_1_440' title='bbox 2264 1477 2366 1507; x_wconf 88' lang='lat' dir='ltr'><strong>vadiis</strong></span> 
     </span>
     <span class='ocr_line' id='line_1_81' title="bbox 1451 1527 1640 1557; baseline 0 -1"><span class='ocrx_word' id='word_1_441' title='bbox 1451 1527 1640 1557; x_wconf 87' lang='lat' dir='ltr'><strong>memoratis.</strong></span> 
     </span>
    </p>

    <p class='ocr_par' dir='ltr' id='par_1_29' title="bbox 1451 1575 2364 1714">
     <span class='ocr_line' id='line_1_82' title="bbox 1492 1575 2362 1617; baseline 0 -12"><span class='ocrx_word' id='word_1_442' title='bbox 1492 1577 1565 1617; x_wconf 84' lang='lat' dir='ltr'><strong>(F&#39;ol.</strong></span> <span class='ocrx_word' id='word_1_443' title='bbox 1595 1579 1632 1606; x_wconf 85' lang='lat'><strong>54</strong></span> <span class='ocrx_word' id='word_1_444' title='bbox 1642 1575 1664 1615; x_wconf 84' lang='lat'><strong>⁶)</strong></span> <span class='ocrx_word' id='word_1_445' title='bbox 1688 1576 1763 1605; x_wconf 88' lang='lat' dir='ltr'><strong>Item</strong></span> <span class='ocrx_word' id='word_1_446' title='bbox 1791 1576 2007 1606; x_wconf 86' lang='lat' dir='ltr'><strong>determinavit</strong></span> <span class='ocrx_word' id='word_1_447' title='bbox 2031 1576 2175 1605; x_wconf 90' lang='lat' dir='ltr'><strong>dominus</strong></span> <span class='ocrx_word' id='word_1_448' title='bbox 2202 1575 2362 1605; x_wconf 77' lang='lat' dir='ltr'><strong>Johannes</strong></span> 
     </span>
     <span class='ocr_line' id='line_1_83' title="bbox 1451 1624 2364 1665; baseline 0 -11"><span class='ocrx_word' id='word_1_449' title='bbox 1451 1625 1553 1654; x_wconf 89' lang='lat' dir='ltr'><strong>dictus</strong></span> <span class='ocrx_word' id='word_1_450' title='bbox 1568 1625 1659 1655; x_wconf 89' lang='lat' dir='ltr'><strong>Wale</strong></span> <span class='ocrx_word' id='word_1_451' title='bbox 1677 1626 1715 1654; x_wconf 94' lang='lat' dir='ltr'><strong>de</strong></span> <span class='ocrx_word' id='word_1_452' title='bbox 1733 1624 1874 1665; x_wconf 87' lang='lat' dir='ltr'><strong>Trajecto</strong></span> <span class='ocrx_word' id='word_1_453' title='bbox 1890 1625 2031 1654; x_wconf 88' lang='lat' dir='ltr'><strong>inferiori</strong></span> <span class='ocrx_word' id='word_1_454' title='bbox 2050 1626 2107 1654; x_wconf 91' lang='lat' dir='ltr'><strong>sub</strong></span> <span class='ocrx_word' id='word_1_455' title='bbox 2126 1625 2275 1664; x_wconf 87' lang='lat' dir='ltr'><strong>magistro</strong></span> <span class='ocrx_word' id='word_1_456' title='bbox 2289 1624 2364 1654; x_wconf 94' lang='lat' dir='ltr'><strong>Lul-</strong></span> 
     </span>
     <span class='ocr_line' id='line_1_84' title="bbox 1451 1673 2112 1714; baseline -0.002 -10"><span class='ocrx_word' id='word_1_457' title='bbox 1451 1676 1539 1704; x_wconf 89' lang='lat' dir='ltr'><strong>berto</strong></span> <span class='ocrx_word' id='word_1_458' title='bbox 1556 1674 1677 1710; x_wconf 87' lang='lat' dir='ltr'><strong>Bollen,</strong></span> <span class='ocrx_word' id='word_1_459' title='bbox 1695 1673 1781 1714; x_wconf 89' lang='lat' dir='ltr'><strong>cujus</strong></span> <span class='ocrx_word' id='word_1_460' title='bbox 1797 1675 1891 1704; x_wconf 89' lang='lat' dir='ltr'><strong>bursa</strong></span> <span class='ocrx_word' id='word_1_461' title='bbox 1905 1674 1992 1703; x_wconf 78' lang='lat'>1111⁰=</span> <span class='ocrx_word' id='word_1_462' title='bbox 2009 1674 2112 1703; x_wconf 85' lang='lat' dir='ltr'><strong>solidi.</strong></span> 
     </span>
    </p>

    <p class='ocr_par' dir='ltr' id='par_1_30' title="bbox 1452 1723 2364 1851">
     <span class='ocr_line' id='line_1_85' title="bbox 1493 1723 2363 1763; baseline -0.001 -10"><span class='ocrx_word' id='word_1_463' title='bbox 1493 1724 1567 1753; x_wconf 89' lang='lat' dir='ltr'><strong>Item</strong></span> <span class='ocrx_word' id='word_1_464' title='bbox 1585 1724 1729 1753; x_wconf 92' lang='lat' dir='ltr'><strong>dominus</strong></span> <span class='ocrx_word' id='word_1_465' title='bbox 1747 1723 1859 1763; x_wconf 85' lang='lat' dir='ltr'><strong>Guydo</strong></span> <span class='ocrx_word' id='word_1_466' title='bbox 1878 1724 1916 1752; x_wconf 88' lang='lat' dir='ltr'><strong>de</strong></span> <span class='ocrx_word' id='word_1_467' title='bbox 1932 1723 2056 1762; x_wconf 89' lang='lat' dir='ltr'><strong>Weyda</strong></span> <span class='ocrx_word' id='word_1_468' title='bbox 2071 1723 2288 1753; x_wconf 87' lang='lat' dir='ltr'><strong>determinavit</strong></span> <span class='ocrx_word' id='word_1_469' title='bbox 2303 1723 2363 1752; x_wconf 87' lang='lat' dir='ltr'><strong>sub</strong></span> 
     </span>
     <span class='ocr_line' id='line_1_86' title="bbox 1452 1771 2364 1812; baseline -0.001 -10"><span class='ocrx_word' id='word_1_470' title='bbox 1452 1773 1601 1812; x_wconf 83' lang='lat' dir='ltr'><strong>magistro</strong></span> <span class='ocrx_word' id='word_1_471' title='bbox 1626 1772 1766 1802; x_wconf 90' lang='lat' dir='ltr'><strong>Arnoldo</strong></span> <span class='ocrx_word' id='word_1_472' title='bbox 1791 1783 1850 1802; x_wconf 85' lang='lat' dir='ltr'><strong>van</strong></span> <span class='ocrx_word' id='word_1_473' title='bbox 1877 1773 1937 1801; x_wconf 91' lang='lat' dir='ltr'><strong>den</strong></span> <span class='ocrx_word' id='word_1_474' title='bbox 1969 1771 2120 1807; x_wconf 87' lang='lat' dir='ltr'><strong>Gruthus,</strong></span> <span class='ocrx_word' id='word_1_475' title='bbox 2151 1771 2239 1812; x_wconf 89' lang='lat' dir='ltr'><strong>cujus</strong></span> <span class='ocrx_word' id='word_1_476' title='bbox 2267 1773 2364 1802; x_wconf 82' lang='lat' dir='ltr'><strong>bursa</strong></span> 
     </span>
     <span class='ocr_line' id='line_1_87' title="bbox 1453 1822 1660 1851; baseline 0 0"><span class='ocrx_word' id='word_1_477' title='bbox 1453 1822 1538 1851; x_wconf 79' lang='lat'>1111⁰=</span> <span class='ocrx_word' id='word_1_478' title='bbox 1555 1822 1660 1851; x_wconf 88' lang='lat' dir='ltr'><strong>solidi.</strong></span> 
     </span>
    </p>

    <p class='ocr_par' dir='ltr' id='par_1_31' title="bbox 1452 1870 2364 1960">
     <span class='ocr_line' id='line_1_88' title="bbox 1493 1870 2364 1901; baseline -0.001 -1"><span class='ocrx_word' id='word_1_479' title='bbox 1493 1872 1567 1901; x_wconf 89' lang='lat' dir='ltr'><strong>Item</strong></span> <span class='ocrx_word' id='word_1_480' title='bbox 1598 1871 1741 1900; x_wconf 91' lang='lat' dir='ltr'><strong>dominus</strong></span> <span class='ocrx_word' id='word_1_481' title='bbox 1773 1870 1921 1900; x_wconf 90' lang='lat' dir='ltr'><strong>Hinricus</strong></span> <span class='ocrx_word' id='word_1_482' title='bbox 1946 1871 1984 1900; x_wconf 89' lang='lat' dir='ltr'><strong>de</strong></span> <span class='ocrx_word' id='word_1_483' title='bbox 2010 1870 2148 1900; x_wconf 91' lang='lat' dir='ltr'><strong>Arnhem</strong></span> <span class='ocrx_word' id='word_1_484' title='bbox 2173 1870 2231 1899; x_wconf 88' lang='lat' dir='ltr'><strong>sub</strong></span> <span class='ocrx_word' id='word_1_485' title='bbox 2256 1870 2364 1899; x_wconf 89' lang='lat' dir='ltr'><strong>eodem</strong></span> 
     </span>
     <span class='ocr_line' id='line_1_89' title="bbox 1452 1918 2107 1960; baseline -0.002 -11"><span class='ocrx_word' id='word_1_486' title='bbox 1452 1921 1601 1960; x_wconf 86' lang='lat' dir='ltr'><strong>magistro</strong></span> <span class='ocrx_word' id='word_1_487' title='bbox 1619 1920 1771 1954; x_wconf 86' lang='lat' dir='ltr'><strong>Arnoldo,</strong></span> <span class='ocrx_word' id='word_1_488' title='bbox 1789 1918 1876 1960; x_wconf 86' lang='lat' dir='ltr'><strong>cujus</strong></span> <span class='ocrx_word' id='word_1_489' title='bbox 1891 1921 1987 1949; x_wconf 90' lang='lat' dir='ltr'><strong>bursa</strong></span> <span class='ocrx_word' id='word_1_490' title='bbox 2002 1919 2107 1948; x_wconf 90' lang='lat' dir='ltr'><strong>nichil.</strong></span> 
     </span>
    </p>

    <p class='ocr_par' dir='ltr' id='par_1_32' title="bbox 1453 1968 2364 2058">
     <span class='ocr_line' id='line_1_90' title="bbox 1494 1968 2364 2007; baseline -0.001 -9"><span class='ocrx_word' id='word_1_491' title='bbox 1494 1970 1568 1998; x_wconf 92' lang='lat' dir='ltr'><strong>Item</strong></span> <span class='ocrx_word' id='word_1_492' title='bbox 1586 1969 1729 1998; x_wconf 90' lang='lat' dir='ltr'><strong>dominus</strong></span> <span class='ocrx_word' id='word_1_493' title='bbox 1745 1968 1946 1998; x_wconf 88' lang='lat' dir='ltr'><strong>Bernhardus</strong></span> <span class='ocrx_word' id='word_1_494' title='bbox 1966 1969 2003 1997; x_wconf 90' lang='lat' dir='ltr'><strong>de</strong></span> <span class='ocrx_word' id='word_1_495' title='bbox 2022 1968 2161 2007; x_wconf 87' lang='lat' dir='ltr'><strong>Loghem</strong></span> <span class='ocrx_word' id='word_1_496' title='bbox 2179 1968 2236 1997; x_wconf 91' lang='lat' dir='ltr'><strong>sub</strong></span> <span class='ocrx_word' id='word_1_497' title='bbox 2255 1968 2364 1997; x_wconf 90' lang='lat' dir='ltr'><strong>eodem</strong></span> 
     </span>
     <span class='ocr_line' id='line_1_91' title="bbox 1453 2017 2106 2058; baseline -0.005 -10"><span class='ocrx_word' id='word_1_498' title='bbox 1453 2019 1602 2058; x_wconf 87' lang='lat' dir='ltr'><strong>magistro</strong></span> <span class='ocrx_word' id='word_1_499' title='bbox 1618 2018 1769 2052; x_wconf 85' lang='lat' dir='ltr'><strong>Arnoldo‚</strong></span> <span class='ocrx_word' id='word_1_500' title='bbox 1785 2017 1872 2057; x_wconf 88' lang='lat' dir='ltr'><strong>cujus</strong></span> <span class='ocrx_word' id='word_1_501' title='bbox 1888 2018 1982 2046; x_wconf 88' lang='lat' dir='ltr'><strong>bursa</strong></span> <span class='ocrx_word' id='word_1_502' title='bbox 2001 2017 2106 2046; x_wconf 91' lang='lat' dir='ltr'><strong>nichil.</strong></span> 
     </span>
    </p>

    <p class='ocr_par' dir='ltr' id='par_1_33' title="bbox 1454 2066 2364 2155">
     <span class='ocr_line' id='line_1_92' title="bbox 1494 2066 2364 2107; baseline -0.002 -10"><span class='ocrx_word' id='word_1_503' title='bbox 1494 2069 1568 2097; x_wconf 87' lang='lat' dir='ltr'><strong>Item</strong></span> <span class='ocrx_word' id='word_1_504' title='bbox 1587 2068 1729 2097; x_wconf 89' lang='lat' dir='ltr'><strong>dominus</strong></span> <span class='ocrx_word' id='word_1_505' title='bbox 1743 2067 1897 2106; x_wconf 80' lang='lat' dir='ltr'><strong>Nycolaus</strong></span> <span class='ocrx_word' id='word_1_506' title='bbox 1914 2067 2170 2096; x_wconf 85' lang='lat' dir='ltr'><strong>Mortunowanus</strong></span> <span class='ocrx_word' id='word_1_507' title='bbox 2189 2067 2248 2096; x_wconf 82' lang='lat' dir='ltr'><strong>sub</strong></span> <span class='ocrx_word' id='word_1_508' title='bbox 2269 2066 2364 2107; x_wconf 86' lang='lat' dir='ltr'><strong>magi-</strong></span> 
     </span>
     <span class='ocr_line' id='line_1_93' title="bbox 1454 2115 2224 2155; baseline -0.003 -9"><span class='ocrx_word' id='word_1_509' title='bbox 1454 2123 1519 2146; x_wconf 91' lang='lat' dir='ltr'><strong>stro</strong></span> <span class='ocrx_word' id='word_1_510' title='bbox 1536 2117 1675 2146; x_wconf 86' lang='lat' dir='ltr'><strong>Gerardo</strong></span> <span class='ocrx_word' id='word_1_511' title='bbox 1692 2117 1727 2145; x_wconf 91' lang='lat' dir='ltr'><strong>de</strong></span> <span class='ocrx_word' id='word_1_512' title='bbox 1746 2116 1887 2151; x_wconf 85' lang='lat' dir='ltr'><strong>Prussia,</strong></span> <span class='ocrx_word' id='word_1_513' title='bbox 1905 2115 1992 2155; x_wconf 90' lang='lat' dir='ltr'><strong>cujus</strong></span> <span class='ocrx_word' id='word_1_514' title='bbox 2008 2116 2102 2144; x_wconf 87' lang='lat' dir='ltr'><strong>bursa</strong></span> <span class='ocrx_word' id='word_1_515' title='bbox 2118 2115 2224 2144; x_wconf 91' lang='lat' dir='ltr'><strong>nichil.</strong></span> 
     </span>
    </p>

    <p class='ocr_par' dir='ltr' id='par_1_34' title="bbox 1454 2164 2365 2256">
     <span class='ocr_line' id='line_1_94' title="bbox 1495 2164 2365 2195; baseline -0.002 0"><span class='ocrx_word' id='word_1_516' title='bbox 1495 2167 1570 2195; x_wconf 89' lang='lat' dir='ltr'><strong>Item</strong></span> <span class='ocrx_word' id='word_1_517' title='bbox 1595 2166 1737 2195; x_wconf 84' lang='lat' dir='ltr'><strong>dominus</strong></span> <span class='ocrx_word' id='word_1_518' title='bbox 1762 2165 1950 2195; x_wconf 92' lang='lat' dir='ltr'><strong>Wilhelmus</strong></span> <span class='ocrx_word' id='word_1_519' title='bbox 1971 2165 2079 2194; x_wconf 88' lang='lat' dir='ltr'><strong>Bosuil</strong></span> <span class='ocrx_word' id='word_1_520' title='bbox 2100 2165 2138 2193; x_wconf 88' lang='lat' dir='ltr'><strong>de</strong></span> <span class='ocrx_word' id='word_1_521' title='bbox 2159 2164 2285 2193; x_wconf 90' lang='lat' dir='ltr'><strong>Schotia</strong></span> <span class='ocrx_word' id='word_1_522' title='bbox 2306 2165 2365 2193; x_wconf 90' lang='lat' dir='ltr'><strong>sub</strong></span> 
     </span>
     <span class='ocr_line' id='line_1_95' title="bbox 1454 2213 2362 2256; baseline -0.002 -12"><span class='ocrx_word' id='word_1_523' title='bbox 1454 2216 1603 2256; x_wconf 82' lang='lat' dir='ltr'><strong>magistro</strong></span> <span class='ocrx_word' id='word_1_524' title='bbox 1621 2215 1746 2244; x_wconf 87' lang='lat' dir='ltr'><strong>Galtero</strong></span> <span class='ocrx_word' id='word_1_525' title='bbox 1763 2215 1800 2243; x_wconf 90' lang='lat' dir='ltr'><strong>de</strong></span> <span class='ocrx_word' id='word_1_526' title='bbox 1820 2214 2000 2249; x_wconf 84' lang='lat' dir='ltr'><strong>Wardelav,</strong></span> <span class='ocrx_word' id='word_1_527' title='bbox 2018 2213 2105 2253; x_wconf 85' lang='lat' dir='ltr'><strong>cujus</strong></span> <span class='ocrx_word' id='word_1_528' title='bbox 2124 2214 2218 2242; x_wconf 88' lang='lat' dir='ltr'><strong>bursa</strong></span> <span class='ocrx_word' id='word_1_529' title='bbox 2240 2213 2285 2243; x_wconf 89' lang='lat'><strong>111</strong></span> <span class='ocrx_word' id='word_1_530' title='bbox 2304 2213 2362 2243; x_wconf 91' lang='lat' dir='ltr'><strong>sol.</strong></span> 
     </span>
    </p>

    <p class='ocr_par' dir='ltr' id='par_1_35' title="bbox 1454 2262 2364 2354">
     <span class='ocr_line' id='line_1_96' title="bbox 1495 2262 2364 2302; baseline -0.002 -8"><span class='ocrx_word' id='word_1_531' title='bbox 1495 2266 1569 2294; x_wconf 90' lang='lat' dir='ltr'><strong>Item</strong></span> <span class='ocrx_word' id='word_1_532' title='bbox 1583 2264 1726 2293; x_wconf 90' lang='lat' dir='ltr'><strong>dominus</strong></span> <span class='ocrx_word' id='word_1_533' title='bbox 1736 2263 1924 2293; x_wconf 87' lang='lat' dir='ltr'><strong>Wilhelmus</strong></span> <span class='ocrx_word' id='word_1_534' title='bbox 1935 2263 2050 2292; x_wconf 88' lang='lat' dir='ltr'><strong>Talifer</strong></span> <span class='ocrx_word' id='word_1_535' title='bbox 2069 2264 2126 2292; x_wconf 87' lang='lat' dir='ltr'><strong>sub</strong></span> <span class='ocrx_word' id='word_1_536' title='bbox 2139 2263 2326 2302; x_wconf 83' lang='lat' dir='ltr'><strong>magistro...</strong></span> <span class='ocrx_word' id='word_1_537' title='bbox 2338 2262 2364 2299; x_wconf 82' lang='lat'><strong>⁷,</strong></span> 
     </span>
     <span class='ocr_line' id='line_1_97' title="bbox 1454 2313 2062 2354; baseline -0.005 -10"><span class='ocrx_word' id='word_1_538' title='bbox 1454 2314 1541 2354; x_wconf 90' lang='lat' dir='ltr'><strong>cujus</strong></span> <span class='ocrx_word' id='word_1_539' title='bbox 1558 2315 1651 2343; x_wconf 88' lang='lat' dir='ltr'><strong>bursa</strong></span> <span class='ocrx_word' id='word_1_540' title='bbox 1668 2314 1711 2343; x_wconf 94' lang='lat' dir='ltr'><strong>III</strong></span> <span class='ocrx_word' id='word_1_541' title='bbox 1729 2313 1821 2343; x_wconf 87' lang='lat' dir='ltr'><strong>solidi</strong></span> <span class='ocrx_word' id='word_1_542' title='bbox 1838 2323 1905 2342; x_wconf 88' lang='lat' dir='ltr'><strong>cum</strong></span> <span class='ocrx_word' id='word_1_543' title='bbox 1922 2313 2062 2342; x_wconf 90' lang='lat' dir='ltr'><strong>dimidio.</strong></span> 
     </span>
    </p>

    <p class='ocr_par' dir='ltr' id='par_1_36' title="bbox 1454 2361 2361 2451">
     <span class='ocr_line' id='line_1_98' title="bbox 1496 2361 2361 2401; baseline -0.003 -8"><span class='ocrx_word' id='word_1_544' title='bbox 1496 2364 1570 2394; x_wconf 89' lang='lat' dir='ltr'><strong>Item</strong></span> <span class='ocrx_word' id='word_1_545' title='bbox 1584 2363 1727 2393; x_wconf 88' lang='lat' dir='ltr'><strong>dominus</strong></span> <span class='ocrx_word' id='word_1_546' title='bbox 1736 2362 1903 2392; x_wconf 75' lang='lat' dir='ltr'><strong>Bar-toldus</strong></span> <span class='ocrx_word' id='word_1_547' title='bbox 1916 2363 1953 2391; x_wconf 91' lang='lat' dir='ltr'><strong>de</strong></span> <span class='ocrx_word' id='word_1_548' title='bbox 1969 2361 2127 2401; x_wconf 87' lang='lat' dir='ltr'><strong>Eymbeke</strong></span> <span class='ocrx_word' id='word_1_549' title='bbox 2140 2362 2197 2391; x_wconf 86' lang='lat' dir='ltr'><strong>sub</strong></span> <span class='ocrx_word' id='word_1_550' title='bbox 2211 2361 2361 2401; x_wconf 85' lang='lat' dir='ltr'><strong>magistro</strong></span> 
     </span>
     <span class='ocr_line' id='line_1_99' title="bbox 1454 2410 2141 2451; baseline -0.004 -9"><span class='ocrx_word' id='word_1_551' title='bbox 1454 2413 1594 2442; x_wconf 85' lang='lat' dir='ltr'><strong>Johanne</strong></span> <span class='ocrx_word' id='word_1_552' title='bbox 1611 2414 1648 2442; x_wconf 92' lang='lat' dir='ltr'><strong>de</strong></span> <span class='ocrx_word' id='word_1_553' title='bbox 1665 2412 1805 2447; x_wconf 88' lang='lat' dir='ltr'><strong>Prussia,</strong></span> <span class='ocrx_word' id='word_1_554' title='bbox 1823 2411 1909 2451; x_wconf 91' lang='lat' dir='ltr'><strong>cujus</strong></span> <span class='ocrx_word' id='word_1_555' title='bbox 1925 2413 2020 2440; x_wconf 85' lang='lat' dir='ltr'><strong>bursa</strong></span> <span class='ocrx_word' id='word_1_556' title='bbox 2034 2410 2141 2439; x_wconf 91' lang='lat' dir='ltr'><strong>nichil.</strong></span> 
     </span>
    </p>

    <p class='ocr_par' dir='ltr' id='par_1_37' title="bbox 1454 2459 2367 2550">
     <span class='ocr_line' id='line_1_100' title="bbox 1496 2459 2367 2499; baseline -0.003 -8"><span class='ocrx_word' id='word_1_557' title='bbox 1496 2462 1570 2492; x_wconf 91' lang='lat' dir='ltr'><strong>Item</strong></span> <span class='ocrx_word' id='word_1_558' title='bbox 1595 2462 1738 2491; x_wconf 89' lang='lat' dir='ltr'><strong>dominus</strong></span> <span class='ocrx_word' id='word_1_559' title='bbox 1764 2461 1876 2490; x_wconf 87' lang='lat' dir='ltr'><strong>Petrus</strong></span> <span class='ocrx_word' id='word_1_560' title='bbox 1899 2462 1936 2490; x_wconf 92' lang='lat' dir='ltr'><strong>de</strong></span> <span class='ocrx_word' id='word_1_561' title='bbox 1961 2460 2112 2490; x_wconf 90' lang='lat' dir='ltr'><strong>Brisacho</strong></span> <span class='ocrx_word' id='word_1_562' title='bbox 2136 2460 2192 2489; x_wconf 90' lang='lat' dir='ltr'><strong>sub</strong></span> <span class='ocrx_word' id='word_1_563' title='bbox 2215 2459 2367 2499; x_wconf 87' lang='lat' dir='ltr'><strong>magistro</strong></span> 
     </span>
     <span class='ocr_line' id='line_1_101' title="bbox 1454 2509 2142 2550; baseline -0.006 -9"><span class='ocrx_word' id='word_1_564' title='bbox 1454 2512 1594 2541; x_wconf 81' lang='lat' dir='ltr'><strong>Johanne</strong></span> <span class='ocrx_word' id='word_1_565' title='bbox 1607 2513 1644 2540; x_wconf 93' lang='lat' dir='ltr'><strong>de</strong></span> <span class='ocrx_word' id='word_1_566' title='bbox 1657 2511 1812 2545; x_wconf 76' lang='lat' dir='ltr'><strong>Wesafia,</strong></span> <span class='ocrx_word' id='word_1_567' title='bbox 1828 2509 1915 2550; x_wconf 88' lang='lat' dir='ltr'><strong>cujus</strong></span> <span class='ocrx_word' id='word_1_568' title='bbox 1928 2511 2024 2539; x_wconf 89' lang='lat' dir='ltr'><strong>bursa</strong></span> <span class='ocrx_word' id='word_1_569' title='bbox 2037 2509 2142 2538; x_wconf 91' lang='lat' dir='ltr'><strong>nichil.</strong></span> 
     </span>
    </p>

    <p class='ocr_par' dir='ltr' id='par_1_38' title="bbox 1454 2558 2366 2647">
     <span class='ocr_line' id='line_1_102' title="bbox 1496 2558 2366 2599; baseline -0.005 -9"><span class='ocrx_word' id='word_1_570' title='bbox 1496 2561 1571 2590; x_wconf 92' lang='lat' dir='ltr'><strong>Item</strong></span> <span class='ocrx_word' id='word_1_571' title='bbox 1586 2561 1730 2590; x_wconf 85' lang='lat' dir='ltr'><strong>dominus</strong></span> <span class='ocrx_word' id='word_1_572' title='bbox 1747 2560 1832 2599; x_wconf 92' lang='lat' dir='ltr'><strong>Erpo</strong></span> <span class='ocrx_word' id='word_1_573' title='bbox 1846 2560 1883 2588; x_wconf 91' lang='lat' dir='ltr'><strong>de</strong></span> <span class='ocrx_word' id='word_1_574' title='bbox 1899 2559 2008 2588; x_wconf 87' lang='lat' dir='ltr'><strong>Lunna</strong></span> <span class='ocrx_word' id='word_1_575' title='bbox 2023 2559 2080 2587; x_wconf 89' lang='lat' dir='ltr'><strong>sub</strong></span> <span class='ocrx_word' id='word_1_576' title='bbox 2093 2558 2242 2597; x_wconf 81' lang='lat' dir='ltr'><strong>magistro</strong></span> <span class='ocrx_word' id='word_1_577' title='bbox 2258 2558 2366 2587; x_wconf 84' lang='lat' dir='ltr'><strong>eodem</strong></span> 
     </span>
     <span class='ocr_line' id='line_1_103' title="bbox 1454 2606 2158 2647; baseline -0.007 -7"><span class='ocrx_word' id='word_1_578' title='bbox 1454 2610 1593 2640; x_wconf 84' lang='lat' dir='ltr'><strong>Johanne</strong></span> <span class='ocrx_word' id='word_1_579' title='bbox 1611 2611 1648 2639; x_wconf 90' lang='lat' dir='ltr'><strong>de</strong></span> <span class='ocrx_word' id='word_1_580' title='bbox 1666 2609 1820 2644; x_wconf 85' lang='lat' dir='ltr'><strong>Wesalia‚</strong></span> <span class='ocrx_word' id='word_1_581' title='bbox 1838 2607 1924 2647; x_wconf 89' lang='lat' dir='ltr'><strong>cujus</strong></span> <span class='ocrx_word' id='word_1_582' title='bbox 1943 2609 2037 2637; x_wconf 89' lang='lat' dir='ltr'><strong>bursa</strong></span> <span class='ocrx_word' id='word_1_583' title='bbox 2052 2606 2158 2636; x_wconf 89' lang='lat' dir='ltr'><strong>nichil.</strong></span> 
     </span>
    </p>

    <p class='ocr_par' dir='ltr' id='par_1_39' title="bbox 1456 2655 2361 2745">
     <span class='ocr_line' id='line_1_104' title="bbox 1496 2655 2361 2697; baseline -0.006 -9"><span class='ocrx_word' id='word_1_584' title='bbox 1496 2659 1570 2688; x_wconf 90' lang='lat' dir='ltr'><strong>Item</strong></span> <span class='ocrx_word' id='word_1_585' title='bbox 1585 2658 1728 2688; x_wconf 88' lang='lat' dir='ltr'><strong>dominus</strong></span> <span class='ocrx_word' id='word_1_586' title='bbox 1744 2657 1899 2697; x_wconf 89' lang='lat' dir='ltr'><strong>Nycolaus</strong></span> <span class='ocrx_word' id='word_1_587' title='bbox 1910 2657 1947 2686; x_wconf 91' lang='lat' dir='ltr'><strong>de</strong></span> <span class='ocrx_word' id='word_1_588' title='bbox 1964 2655 2159 2695; x_wconf 85' lang='lat' dir='ltr'><strong>Rodelinghe</strong></span> <span class='ocrx_word' id='word_1_589' title='bbox 2182 2656 2241 2684; x_wconf 88' lang='lat' dir='ltr'><strong>sub</strong></span> <span class='ocrx_word' id='word_1_590' title='bbox 2259 2655 2361 2695; x_wconf 86' lang='lat' dir='ltr'><strong>magi-</strong></span> 
     </span>
     <span class='ocr_line' id='line_1_105' title="bbox 1456 2704 2220 2745; baseline -0.007 -7"><span class='ocrx_word' id='word_1_591' title='bbox 1456 2715 1521 2738; x_wconf 90' lang='lat' dir='ltr'><strong>stro</strong></span> <span class='ocrx_word' id='word_1_592' title='bbox 1533 2708 1672 2738; x_wconf 75' lang='lat' dir='ltr'><strong>,Iohanne</strong></span> <span class='ocrx_word' id='word_1_593' title='bbox 1688 2708 1725 2736; x_wconf 91' lang='lat' dir='ltr'><strong>de</strong></span> <span class='ocrx_word' id='word_1_594' title='bbox 1742 2706 1871 2736; x_wconf 86' lang='lat' dir='ltr'><strong>Prussia</strong></span> <span class='ocrx_word' id='word_1_595' title='bbox 1881 2729 1887 2741; x_wconf 89' lang='lat'><strong><em>‚</em></strong></span> <span class='ocrx_word' id='word_1_596' title='bbox 1902 2704 1988 2745; x_wconf 87' lang='lat' dir='ltr'><strong>cujus</strong></span> <span class='ocrx_word' id='word_1_597' title='bbox 2004 2706 2098 2734; x_wconf 85' lang='lat' dir='ltr'><strong>bursa</strong></span> <span class='ocrx_word' id='word_1_598' title='bbox 2113 2704 2220 2733; x_wconf 91' lang='lat' dir='ltr'><strong>nichil.</strong></span> 
     </span>
    </p>

    <p class='ocr_par' dir='ltr' id='par_1_40' title="bbox 1496 2752 2366 2786">
     <span class='ocr_line' id='line_1_106' title="bbox 1496 2752 2366 2786; baseline -0.006 0"><span class='ocrx_word' id='word_1_599' title='bbox 1496 2758 1570 2786; x_wconf 91' lang='lat' dir='ltr'><strong>Item</strong></span> <span class='ocrx_word' id='word_1_600' title='bbox 1593 2756 1736 2786; x_wconf 87' lang='lat' dir='ltr'><strong>dominus</strong></span> <span class='ocrx_word' id='word_1_601' title='bbox 1754 2755 1911 2785; x_wconf 85' lang='lat' dir='ltr'><strong>Johannes</strong></span> <span class='ocrx_word' id='word_1_602' title='bbox 1929 2761 1959 2783; x_wconf 93' lang='lat' dir='ltr'><strong>et</strong></span> <span class='ocrx_word' id='word_1_603' title='bbox 1980 2754 2124 2783; x_wconf 91' lang='lat' dir='ltr'><strong>dominus</strong></span> <span class='ocrx_word' id='word_1_604' title='bbox 2147 2752 2311 2782; x_wconf 87' lang='lat' dir='ltr'><strong>Cunradus</strong></span> <span class='ocrx_word' id='word_1_605' title='bbox 2327 2753 2366 2782; x_wconf 82' lang='lat' dir='ltr'><strong>de</strong></span> 
     </span>
    </p>
   </div>
   <div class='ocr_carea' id='block_1_17' title="bbox 1485 2849 2110 2988">
    <p class='ocr_par' dir='ltr' id='par_1_41' title="bbox 1486 2849 1668 2873">
     <span class='ocr_line' id='line_1_107' title="bbox 1486 2849 1668 2873; baseline -0.005 0"><span class='ocrx_word' id='word_1_606' title='bbox 1486 2851 1509 2873; x_wconf 75' lang='lat'><strong>4.</strong></span> <span class='ocrx_word' id='word_1_607' title='bbox 1543 2851 1557 2873; x_wconf 88' lang='lat'><strong>6</strong></span> <span class='ocrx_word' id='word_1_608' title='bbox 1571 2849 1668 2873; x_wconf 76' lang='lat' dir='ltr'><strong>Martii.</strong></span> 
     </span>
    </p>

    <p class='ocr_par' dir='ltr' id='par_1_42' title="bbox 1486 2885 1669 2910">
     <span class='ocr_line' id='line_1_108' title="bbox 1486 2885 1669 2910; baseline -0.005 -1"><span class='ocrx_word' id='word_1_609' title='bbox 1486 2887 1508 2910; x_wconf 83' lang='lat'><strong>5.</strong></span> <span class='ocrx_word' id='word_1_610' title='bbox 1543 2887 1556 2909; x_wconf 94' lang='lat'><strong>7</strong></span> <span class='ocrx_word' id='word_1_611' title='bbox 1572 2885 1669 2909; x_wconf 80' lang='lat' dir='ltr'><strong>Martii.</strong></span> 
     </span>
    </p>

    <p class='ocr_par' dir='ltr' id='par_1_43' title="bbox 1485 2920 2110 2988">
     <span class='ocr_line' id='line_1_109' title="bbox 1485 2920 2110 2953; baseline -0.006 -8"><span class='ocrx_word' id='word_1_612' title='bbox 1485 2923 1508 2945; x_wconf 84' lang='grc' dir='ltr'><strong>ὃ.</strong></span> <span class='ocrx_word' id='word_1_613' title='bbox 1542 2923 1570 2945; x_wconf 83' lang='lat' dir='ltr'><strong>In</strong></span> <span class='ocrx_word' id='word_1_614' title='bbox 1581 2920 1696 2953; x_wconf 73' lang='lat' dir='ltr'><strong>margine</strong></span> <span class='ocrx_word' id='word_1_615' title='bbox 1707 2920 1835 2952; x_wconf 66' lang='lat' dir='ltr'><strong>superiori</strong></span> <span class='ocrx_word' id='word_1_616' title='bbox 1844 2926 1853 2942; x_wconf 85' lang='grc'><strong>.·</strong></span> <span class='ocrx_word' id='word_1_617' title='bbox 1865 2922 1952 2943; x_wconf 78' lang='lat' dir='ltr'><strong>sextus</strong></span> <span class='ocrx_word' id='word_1_618' title='bbox 1965 2921 2110 2942; x_wconf 85' lang='lat' dir='ltr'><strong>sexternus.</strong></span> 
     </span>
     <span class='ocr_line' id='line_1_110' title="bbox 1487 2955 1882 2988; baseline -0.008 -7"><span class='ocrx_word' id='word_1_619' title='bbox 1487 2958 1508 2981; x_wconf 90' lang='lat'><strong>7.</strong></span> <span class='ocrx_word' id='word_1_620' title='bbox 1544 2957 1659 2988; x_wconf 77' lang='lat' dir='ltr'><strong>Spatium</strong></span> <span class='ocrx_word' id='word_1_621' title='bbox 1674 2964 1779 2979; x_wconf 74' lang='lat' dir='ltr'><strong>vacuum</strong></span> <span class='ocrx_word' id='word_1_622' title='bbox 1795 2955 1820 2979; x_wconf 83' lang='lat' dir='ltr'><strong>in</strong></span> <span class='ocrx_word' id='word_1_623' title='bbox 1834 2964 1882 2979; x_wconf 68' lang='lat' dir='ltr'><strong>ms.</strong></span> 
     </span>
    </p>
   </div>
   <div class='ocr_carea' id='block_1_18' title="bbox 2186 0 2632 163">
    <p class='ocr_par' dir='ltr' id='par_1_44' title="bbox 2186 0 2632 163">
     <span class='ocr_line' id='line_1_111' title="bbox 2186 0 2632 163; baseline 0 3301"><span class='ocrx_word' id='word_1_624' title='bbox 2186 0 2632 163; x_wconf 95' lang='lat' dir='ltr'><strong> </strong></span> 
     </span>
    </p>
   </div>
   <div class='ocr_carea' id='block_1_19' title="bbox 2597 2280 2632 3464">
    <p class='ocr_par' dir='ltr' id='par_1_45' title="bbox 2597 2280 2632 3464">
     <span class='ocr_line' id='line_1_112' title="bbox 2597 2280 2632 3464; baseline 0 0"><span class='ocrx_word' id='word_1_625' title='bbox 2597 2280 2632 3464; x_wconf 95' lang='lat' dir='ltr'><strong> </strong></span> 
     </span>
    </p>
   </div>
  </div>
 </body>
</html>
