2632 3464
309 460 363 487 7⁰5
814 459 928 486 LIBER
953 457 1266 485 PROCURATORUM
1287 457 1467 484 NATIONIS
1488 457 1735 485 ANGLICANAE
2181 459 2232 486 706

719 534 816 565 1895

350 607 390 638 ln
418 607 680 648 procuratoria
713 606 900 646 H[enrici]
932 607 975 636 de
1001 605 1175 660 Arnhem.

350 683 469 714 Indicta
498 683 745 724 congregacione
780 682 920 713 nacionis
954 683 1036 722 apud
1071 681 1215 712 Sanctum

310 731 495 762 Maturinum
507 741 563 772 per
576 738 809 772 procuratorem
823 741 919 772 super
931 732 1053 761 duobus
1065 731 1215 766 articulis,

309 790 390 811 anno
406 791 469 821 quo
485 791 580 821 supra
597 780 629 810 in
647 780 741 810 Junio
759 781 848 810 die...
866 780 941 820 (sic).
960 780 1085 810 Primus
1100 781 1216 810 articu-

309 830 357 860 lus
370 830 427 860 ruit
437 830 475 859 ad
491 829 667 870 eligendum
676 836 921 870 procuratorem,
936 835 967 859 et
980 830 1018 859 ad
1031 829 1215 859 audiendum

309 885 484 919 computum
499 878 616 909 domini
633 878 816 919 receptoris.
835 878 874 908 Et
888 878 1004 908 electus
1017 878 1074 908 suit
1089 879 1217 918 H[enri-

308 929 376 967 cus]
401 929 438 957 de
464 927 600 958 Arnhem
629 927 661 957 in
687 934 920 968 procuratorem
945 927 1152 958 concorditer.
1177 928 1217 958 Et

308 983 471 1017 computus
486 977 542 1006 suit
559 976 684 1006 dilatus.

348 1026 394 1055 2¹·-
407 1026 555 1056 articulus
569 1032 635 1056 erat
651 1026 690 1055 ad
703 1026 949 1066 supplicandum.
971 1026 1011 1056 Et
1023 1026 1125 1056 nullus
1141 1037 1216 1067 sup-

309 1074 443 1114 plicavit.
464 1074 503 1104 Et
524 1075 563 1104 de
580 1075 766 1104 debentibus
780 1075 902 1104 solvere
925 1075 1027 1110 novis,
1045 1076 1128 1115 quod
1152 1076 1216 1106 sol-

307 1130 415 1153 verent
431 1129 462 1154 et
473 1130 658 1165 vocaremur
671 1134 727 1164 per
741 1134 796 1154 sua
807 1123 990 1163 juramenta.

348 1171 467 1212 incepit
487 1173 630 1203 dominus
656 1173 832 1203 Alexander
850 1174 888 1202 de
916 1173 1083 1203 Foulerton
1104 1174 1215 1204 Scotus

308 1222 366 1251 sub
388 1221 538 1262 magistro
560 1221 732 1252 Laurencio
757 1223 796 1252 de
822 1221 989 1258 Londoris,
1010 1221 1097 1262 cujus
1122 1224 1215 1253 bursa

306 1269 364 1300 Vll
379 1271 484 1301 solidi.

348 1319 468 1360 lncepit
491 1320 634 1350 dominus
661 1320 818 1350 Johannes
848 1320 990 1350 Barberii
1015 1321 1126 1351 Scotus
1156 1323 1214 1352 sub

308 1369 456 1410 magistro
473 1368 587 1409 Egidio
601 1369 730 1404 Jutsaes,
749 1368 836 1409 cujus
850 1370 945 1399 bursa
959 1369 1014 1399 Vll
1028 1370 1131 1400 solidi.

347 1418 420 1457 (Fet.
442 1419 479 1448 19
491 1418 515 1458 b)
530 1418 649 1458 lncepit
658 1418 791 1448 Mathias
805 1419 844 1448 de
857 1417 1051 1454 Grifimonte,
1067 1420 1213 1459 provisor

307 1467 468 1507 provincie
484 1466 678 1502 Alemannie,
701 1468 759 1497 sub
781 1467 930 1507 magistro
952 1467 1064 1507 Egidio
1086 1469 1124 1498 de
1145 1469 1214 1499 Jut-

309 1516 383 1551 [aes.
400 1515 486 1555 cujus
502 1516 597 1546 bursa
612 1516 669 1546 Vll
685 1516 789 1546 solidi.
810 1516 844 1546 ln
859 1516 952 1546 Junio
965 1516 987 1546 ⁴.

348 1564 468 1604 incepit
481 1565 624 1595 dominus
638 1565 794 1595 Robertus
810 1564 879 1595 Gile
897 1567 954 1595 sub
972 1566 1121 1606 magistro
1138 1567 1213 1597 Lau-

307 1613 413 1643 rencio
426 1614 464 1643 de
482 1613 648 1649 Londoris,
665 1613 752 1654 cujus
767 1615 862 1644 bursa
879 1614 905 1644 V
919 1614 1012 1645 solidi
1023 1615 1047 1645 ².

346 1662 452 1692 Altera
461 1661 554 1704 [die]²
563 1669 636 1703 post
645 1663 796 1692 Johannis
808 1663 948 1703 Baptiste
957 1664 988 1693 in
998 1664 1013 1693 J
1018 1665 1091 1694 unio
1099 1665 1214 1695 indicta

307 1711 553 1752 congregacione
568 1711 706 1752 generali
721 1712 860 1742 nacionis
877 1712 909 1742 in
929 1712 1042 1743 Sancto
1059 1714 1214 1744 Maturino

307 1770 344 1791 ex
361 1760 516 1790 voluntate
535 1761 642 1800 previa
663 1761 881 1801 magistrorum
896 1761 1023 1792 alterius
1041 1773 1214 1803 congrega-

306 1809 406 1840 cionis
414 1816 445 1840 et
456 1809 588 1840 concilio
597 1811 789 1850 quorundam
798 1810 834 1840 ad
845 1811 986 1851 graciose
994 1811 1127 1851 aliquam
1140 1823 1214 1852 quo-

307 1864 366 1888 tam
381 1859 512 1899 pecunie
529 1859 660 1888 dandam
679 1859 827 1899 magistro
843 1859 975 1890 johanni
998 1860 1212 1900 [Mullechner]

307 1908 346 1938 de
358 1907 495 1943 Austris,
513 1908 609 1938 misso
626 1909 663 1938 ud
679 1908 795 1938 curiam
810 1918 878 1938 cum
894 1908 1005 1948 legatis
1018 1909 1215 1940 Universita-

307 1956 348 1986 tis
362 1966 399 1987 ex
410 1962 498 1997 parte
514 1957 654 1987 nacionis
669 1966 765 1997 super
779 1957 857 1987 sacto
874 1957 999 1988 unionis
1019 1959 1148 1989 ecclesie
1158 1969 1215 2000 per

302 2004 521 2045 juramentum.
541 2005 581 2035 Et
607 2006 768 2045 proposito
787 2006 928 2042 articulo,
947 2006 1000 2047 qui
1022 2014 1088 2038 erat
1106 2018 1214 2038 secun-

307 2055 366 2084 dus
386 2054 470 2084 illius
492 2055 748 2094 congregacionis
767 2065 835 2085 cum
853 2055 1010 2086 coloribus
1029 2063 1059 2086 et
1079 2057 1212 2093 motivis,

307 2110 373 2134 erat
388 2102 567 2133 conclusum
581 2103 778 2134 concorditer
793 2105 877 2144 quod
897 2105 985 2134 nacio
1001 2106 1143 2146 graciose
1157 2106 1215 2136 ali-

308 2162 398 2192 quam
423 2158 547 2192 quotam
571 2152 632 2182 sibi
654 2153 844 2183 ministraret
862 2160 892 2183 et
913 2155 1000 2184 daret
1018 2161 1148 2195 propter
1169 2156 1214 2185 di-

307 2211 415 2231 versas
429 2211 538 2231 causas
554 2201 667 2231 ibidem
682 2207 789 2232 tactas.

348 2250 388 2280 Et
401 2250 521 2290 primus
533 2250 682 2280 articulus
699 2257 765 2280 erat
779 2250 817 2280 de
833 2251 923 2280 domo
943 2251 1037 2282 Dacie
1052 2253 1090 2282 ad
1106 2263 1214 2293 proce-

307 2299 440 2329 dendum
456 2298 597 2329 ulterius.
611 2299 657 2328 De
673 2309 735 2339 quo
752 2300 946 2339 propositum
959 2307 1024 2330 erat
1038 2303 1121 2341 quod
1138 2302 1213 2332 alias

307 2348 369 2378 dati
393 2348 515 2377 suerunt
531 2347 667 2388 deputati
690 2347 909 2378 Universitatis
923 2349 961 2378 ad
976 2351 1212 2389 computandum

307 2397 346 2426 de
369 2396 623 2436 reparacionibus
648 2396 736 2426 factis
758 2406 814 2436 per
838 2397 1017 2437 magistrum
1042 2398 1213 2429 Gerardum

307 2445 345 2476 de
355 2445 509 2486 Versengi
519 2445 531 2464 ⁴
547 2446 586 2475 de
599 2445 731 2485 collegio
749 2445 944 2476 Laudunensi
958 2446 1034 2477 alias
1054 2457 1110 2487 pro
1122 2448 1213 2478 domo

309 2494 416 2530 Dacic,
434 2494 487 2534 qui
503 2501 665 2534 computus
683 2494 804 2524 auditus
820 2495 875 2524 suit
892 2501 922 2525 et
938 2495 1111 2526 ordinatum
1130 2498 1213 2536 quod

309 2548 485 2573 taxarentur
506 2543 735 2583 repar-aciones,
753 2553 812 2583 que
828 2544 923 2573 taxari
944 2554 1000 2584 per
1014 2543 1134 2584 juratos
1152 2555 1213 2575 non

307 2597 451 2632 poterant
477 2599 607 2632 propter
634 2593 863 2622 diuturnitatem
895 2593 1043 2633 temporis
1067 2595 1213 2625 transacti

309 2646 380 2680 post
401 2641 646 2681 reparacionem;
671 2648 770 2671 tamen
790 2642 921 2682 plurima
937 2643 1134 2682 computavit,
1153 2654 1213 2683 que

339 2768 362 2792 1.
397 2769 487 2792 Postea
498 2769 610 2801 epatium
622 2769 747 2794 dimidiae
754 2770 868 2802 paginae
879 2778 994 2794 uacuum.

339 2804 362 2828 2.
396 2805 464 2828 Hane
477 2804 586 2837 inceptio
595 2804 621 2829 in
632 2807 689 2829 1⁸1¹·
699 2804 742 2829 lu'c
756 2805 886 2837 scribitur,
896 2806 943 2830 ned
951 2806 1050 2839 signum
1061 2806 1087 2830 ia
1098 2807 1214 2840 margine

308 2837 416 2868 indie-c,
427 2847 484 2863 eam
491 2843 551 2872 pout
560 2848 587 2872 p.
603 2840 656 2868 7⁰⁶.
668 2841 682 2865 7
695 2840 868 2873 rejiciendam,

339 2875 362 2898 2.
395 2875 426 2899 ²⁶
434 2874 514 2900 lculi.
526 2876 585 2899 Post
594 2876 694 2900 hecha
707 2876 743 2905 ut
753 2875 858 2908 Aprilis)
868 2876 946 2900 dum
955 2877 1080 2905 Biturica,
1093 2879 1213 2909 Burgun-

307 2909 368 2934 diae
377 2913 402 2934 cc
414 2910 546 2936 Antronas..
561 2911 714 2936 Aventicum
729 2911 767 2935 nd
779 2912 944 2936 nondictum
957 2914 1018 2937 ΧΙΙΙ
1025 2913 1138 2945 profecti
1144 2916 1211 2942 nunt,

308 2945 381 2969 misni
388 2954 404 2969 a
415 2954 473 2977 rege
481 2947 606 2971 franciae
617 2949 645 2971 ue
655 2949 798 2972 tractarent
805 2947 837 2971 de
845 2947 885 2971 via
896 2948 1025 2972 cannonis.
1033 2949 1076 2972 Εἰ,
1083 2957 1110 2972 nc
1120 2949 1213 2982 adjun-

307 2984 399 3005 rerunt
413 2981 500 3006 annm
509 2981 694 3011 vnio-nitatis,
710 2982 776 3008 iuter
788 2991 852 3015 quoe
867 2983 1001 3008 :ohanne-
1015 2984 1132 3016 Luqueti.
1144 2993 1210 3017 mag.

388 3027 500 3046 Auctarium
516 3026 640 3047 ctam-wit
650 3027 738 3048 [laima.
750 3028 815 3048 Puris.
824 3038 852 3044 —
860 3028 875 3048 l.

1255 979 1287 1004 10

1253 1223 1286 1250 15

1252 1469 1285 1495 20

1251 1714 1285 1740 25

1251 1960 1286 1987 30

1251 2205 1284 2231 35

1251 2450 1285 2477 40

1326 543 1386 563 uon
1399 540 1486 563 erant
1498 535 1712 573 computanda.
1729 535 1830 572 Quare
1848 535 1935 564 nacio
1950 535 2131 565 deliberavit
2149 537 2230 576 quod

1325 582 1435 612 iterum
1448 583 1534 611 fieret
1551 590 1694 622 requesta
1708 583 1738 611 in
1753 584 1998 623 congregacione
2015 584 2232 615 Universitatis

1325 632 1363 661 ad
1381 631 1554 661 habendum
1573 632 1705 671 aliquos,
1725 642 1827 661 coram
1847 633 1960 672 quibus
1982 640 2182 672 computaret,
2202 641 2231 663 et

1325 681 1407 720 quod
1424 680 1573 710 haberent
1583 681 1762 711 discernere
1770 687 1870 711 utrum
1882 690 2043 722 computus
2057 693 2131 713 suus
2148 690 2231 714 esset

1324 729 1497 759 transibilis
1505 729 1554 759 vel
1570 740 1643 764 non,
1662 736 1692 760 et
1705 730 1736 759 in
1751 730 1864 769 quibus
1879 731 1922 760 sic
1934 737 1963 760 et
1979 731 2010 760 in
2026 732 2138 771 quibus
2157 743 2228 762 non.

1325 778 1454 808 'rex-cius
1471 779 1619 809 articulus
1634 786 1699 808 erat
1710 789 1805 819 super
1815 780 2110 819 supplicacionibus‚
2123 788 2152 811 et
2166 782 2230 811 nul-

1325 827 1373 858 lus
1396 828 1592 868 supplicavit.

1365 877 1437 916 (Vol.
1458 877 1506 916 20)
1529 877 1648 907 Deinde
1667 877 1741 906 llll·
1758 877 1832 907 Julii
1855 878 1970 907 indicta
1985 880 2231 919 congregacione

1325 927 1362 955 ad
1381 926 1524 956 Sanctum
1545 926 1730 956 Maturinum
1750 937 1808 967 per
1821 926 2024 966 juramentum
2043 939 2137 968 super
2154 930 2231 958 duo-

1325 976 1382 1005 bus
1403 975 1542 1005 articulis
1562 982 1634 1015 post
1650 985 1822 1005 sermonem
1834 975 1856 1005 ³.
1878 976 2002 1006 Primus
2023 978 2170 1007 articulus
2192 979 2229 1007 ad

1324 1025 1528 1054 ordinandum
1545 1025 1583 1054 de
1603 1031 1696 1064 quota
1713 1026 1860 1054 tradenda
1876 1026 2024 1065 magistro
2043 1026 2175 1056 Johanni
2193 1028 2231 1056 de

1324 1074 1460 1109 Austria‚
1476 1074 1590 1103 nuncio
1603 1084 1660 1114 pro
1675 1074 1752 1104 facto
1769 1074 1894 1104 unionis
1909 1075 2050 1104 ecclesie.
2070 1075 2230 1106 Secundus

1325 1133 1420 1163 super
1432 1123 1726 1163 supplicacionibus.
1746 1124 1790 1153 De
1807 1125 1943 1153 secundo
1962 1124 2055 1153 nichil
2076 1125 2230 1154 delibera·

1324 1173 1423 1207 batur,
1453 1172 1524 1212 quia
1556 1172 1658 1202 nullus
1689 1172 1884 1212 supplicavit.
1911 1173 1957 1202 De
1989 1174 2105 1212 primo,
2138 1174 2228 1204 tactis

1323 1221 1500 1251 racionibus
1522 1231 1580 1261 pro
1599 1227 1629 1251 et
1645 1228 1763 1256 contra,
1785 1221 1916 1251 finaliter
1935 1223 2130 1252 concorditer
2149 1223 2206 1252 hoc
2218 1223 2230 1242 ⁶

1323 1270 1444 1300 nemine
1461 1270 1690 1300 contradicente
1708 1270 1881 1299 ordinatum
1898 1270 1964 1305 suit,
1983 1271 2064 1310 quod
2083 1272 2230 1311 magister

1322 1319 1479 1349 lohannes
1492 1320 1530 1348 de
1545 1319 1670 1349 Austris
1683 1330 1720 1348 ex
1732 1325 1817 1358 parte
1830 1319 1969 1349 nacionis
1979 1320 2120 1360 graciose
2137 1320 2228 1350 habe-

1323 1374 1371 1398 ret
1393 1374 1424 1397 et
1444 1369 1570 1398 daretur
1591 1368 1650 1397 sibi
1675 1378 1791 1397 summa
1815 1367 1870 1397 XX
1898 1369 2083 1403 francorum,
2112 1368 2229 1408 adjecta

1322 1423 1422 1446 tamen
1436 1417 1487 1446 tali
1503 1417 1697 1451 condicione,
1709 1418 1792 1457 quod
1808 1417 1835 1446 si
1851 1427 1912 1447 non
1924 1424 2060 1447 maneret
2076 1419 2152 1448 ultra
2167 1425 2226 1448 ter-

1322 1466 1436 1495 minum
1451 1466 1592 1506 previum
1607 1476 1662 1495 sue
1677 1466 1858 1506 legacionis,
1878 1466 1997 1496 scilicet
2011 1473 2074 1496 tres
2091 1477 2223 1502 menses,

1323 1516 1405 1555 quod
1423 1515 1521 1544 solum
1538 1515 1665 1544 haberet
1685 1516 1802 1550 decem,
1819 1522 1849 1545 et
1873 1516 1918 1545 sic
1941 1515 2067 1546 haberet
2088 1516 2114 1546 X
2135 1517 2228 1546 resti-

1322 1571 1423 1598 tuere;
1443 1563 1470 1593 si
1491 1573 1566 1593 vero
1587 1563 1678 1597 ultra,
1704 1563 1831 1593 haberet
1852 1564 1917 1593 XX.
1941 1565 2007 1602 Qua
2031 1565 2228 1594 conclusione

1323 1613 1425 1642 hahita
1458 1618 1640 1652 procurator
1670 1613 1813 1642 omnibus
1846 1619 1876 1642 et
1908 1613 2039 1653 singulis
2071 1614 2227 1654 magistris

1323 1662 1552 1702 regraciabatur
1585 1661 1707 1691 nomine
1742 1662 1881 1701 magistri
1912 1662 2062 1692 Johannis
2091 1664 2129 1692 de
2163 1662 2228 1692 Au-

1322 1711 1408 1741 stria.

1364 1760 1483 1790 Deinde
1502 1767 1572 1800 post
1589 1760 1750 1800 prandium
1768 1760 1869 1790 dictus
1888 1766 2070 1800 procurator
2086 1761 2226 1790 nacionis

1322 1820 1339 1839 a
1354 1815 1515 1848 receptore
1530 1810 1647 1850 recepit
1665 1809 1734 1839 XV!
1752 1810 1874 1839 francos
1895 1810 2060 1839 mittendos
2078 1810 2227 1849 magistro

1322 1858 1454 1888 Johanni
1485 1859 1625 1898 predicto
1653 1858 1685 1888 in
1714 1858 1874 1898 presencia
1908 1858 2045 1898 magistri
2077 1859 2227 1888 Johannis

1323 1907 1407 1947 Gray
1423 1914 1452 1937 et
1467 1907 1590 1937 Andree
1601 1909 1638 1937 de
1652 1907 1781 1937 Bavaria
1797 1907 1878 1947 (quia
1897 1907 1974 1936 dixit
1985 1908 2066 1947 quod
2082 1908 2230 1948 magister

1322 1957 1478 1987 lohannes
1500 1958 1660 1986 tenebatur
1683 1957 1742 1986 sibi
1769 1957 1798 1985 in
1829 1956 1913 1985 llll⁰‘
1936 1957 2060 1985 coronis
2084 1957 2226 1996 francie),

1323 2016 1383 2045 que
1410 2006 1541 2046 pecunia
1567 2006 1677 2035 tradita
1708 2012 1755 2035 est
1786 2011 1893 2044 postca
1926 2006 2074 2045 magistro
2102 2005 2227 2035 Galtero

1323 2054 1416 2084 Scoto
1434 2055 1464 2084 in
1481 2055 1642 2095 presencia
1660 2055 1869 2094 predictorum
1889 2055 2018 2084 (luorum
2034 2061 2064 2084 et
2079 2064 2227 2094 procura-

1323 2104 1400 2133 toris
1418 2114 1475 2143 pro
1492 2104 1642 2133 tradendo
1657 2103 1824 2133 lombardis
1840 2104 1876 2132 ad
1892 2103 2098 2132 rehabendum
2113 2103 2142 2132 in
2157 2103 2227 2132 Avi-

1323 2153 1426 2182 nione.

1364 2201 1482 2231 Deinde
1495 2201 1624 2240 septima
1635 2201 1708 2231 Julii
1719 2212 1756 2230 ex
1770 2201 1977 2240 requisicione
1985 2201 2101 2230 domini
2117 2211 2227 2240 recep-

1322 2251 1399 2280 toris
1416 2251 1453 2280 ad
1476 2250 1660 2280 relacionem
1683 2250 1856 2279 subbedelli
1876 2260 1913 2279 ex
1930 2250 2024 2279 certis
2044 2250 2156 2284 causis,
2178 2251 2227 2279 in-

1322 2300 1403 2329 dicta
1417 2306 1466 2329 est
1479 2299 1684 2339 congregacio
1699 2299 1730 2328 in
1746 2299 1837 2328 nonis
1856 2299 1968 2328 Nostre
1985 2299 2113 2328 Domine
2134 2309 2227 2338 super

1322 2349 1442 2378 duobus
1465 2348 1614 2378 articulis.
1638 2348 1772 2383 Primus,
1796 2348 1867 2387 quia
1889 2358 1960 2387 pars
1984 2347 2053 2377 tecti
2078 2348 2116 2376 de
2135 2348 2226 2377 domo

1322 2398 1366 2426 ad
1382 2407 1473 2426 cornu
1490 2399 1568 2426 cer-oi
1582 2397 1704 2431 cecidit,
1721 2403 1750 2426 et
1768 2397 1942 2426 inhabitans
1958 2397 2101 2426 recedere
2116 2396 2223 2430 voluit,

1323 2453 1355 2477 ut
1373 2446 1500 2476 relatum
1516 2453 1582 2476 erat
1600 2456 1657 2486 per
1675 2446 1898 2478 subbedellum.
1916 2452 1946 2474 ut
1965 2456 2059 2484 super
2074 2445 2130 2474 hoc
2152 2455 2226 2484 pro-

1322 2495 1489 2525 videretur.
1510 2495 1670 2524 Secundus
1687 2495 1834 2524 articulus
1853 2495 1890 2523 ad
1912 2494 2144 2534 supplicandum
2164 2500 2222 2523 etc.

1324 2545 1369 2574 De
1394 2545 1424 2573 2⁰
1448 2543 1553 2573 nichil.
1577 2543 1684 2581 Quoad
1709 2544 1850 2583 primum,
1877 2544 1947 2583 quia
1972 2542 2073 2572 nullus
2101 2549 2225 2572 venerat

1322 2593 1420 2623 adhuc
1448 2599 1553 2633 preter
1578 2599 1819 2632 procuratorem,
1849 2599 2038 2631 receptorem
2070 2598 2098 2621 et
2126 2592 2225 2631 tnagi-

1322 2648 1418 2672 strum
1438 2642 1606 2671 Johannem
1625 2642 1663 2671 de
1684 2641 1836 2681 Angusia,
1854 2641 1924 2670 idco
1943 2641 2002 2680 ipsi
2021 2647 2084 2670 tres
2106 2641 2225 2670 iverunt

1321 2771 1438 2799 theol-,et
1447 2771 1581 2795 Johnnnes
1590 2771 1731 2801 Mullinger
1742 2770 1773 2793 de
1781 2770 1892 2794 Ans-trin.
1901 2770 1926 2793 2¹
1939 2769 2003 2793 Maii
2013 2771 2111 2792 cantum
2123 2768 2224 2792 Villam-

1321 2814 1411 2830 novam
1426 2806 1574 2837 attigerunt.
1601 2806 1653 2830 Vid.
1667 2809 1801 2837 praeter-eet
1817 2805 1912 2829 chron.
1926 2805 1960 2828 du
1977 2804 2022 2828 rel.
2038 2804 2070 2827 de
2083 2804 2222 2836 St·Dsnys,

1321 2842 1361 2866 ed.
1382 2842 1556 2869 ΒιιιΛουιτ.
1578 2842 1610 2872 ll,
1630 2850 1654 2873 p.
1677 2842 1721 2865 211³
1737 2848 1807 2873 sqq..·
1827 2841 1922 2867 Jaunv.
1938 2840 1972 2864 La
1991 2840 2031 2864 vie
2048 2839 2174 2872 politique
2191 2839 2223 2864 de

1321 2878 1399 2903 Loui·
1412 2878 1444 2901 de
1455 2878 1561 2902 Franco.
1573 2877 1622 2901 duc
1635 2877 1780 2903 d'Orlenns.
1792 2885 1816 2908 p.
1834 2876 1885 2900 1³2.

1351 2914 1375 2937 Ιι.
1409 2914 1457 2936 Le.
1473 2913 1600 2943 ver-igni.

1351 2951 1375 2973 ὅ.
1407 2949 1472 2980 Quia
1483 2948 1538 2972 diet
1547 2948 1675 2972 dominica
1683 2948 1742 2980 suit.

1350 2986 1374 3009 6.
1409 2985 1456 3008 Mn.
1465 2983 1528 3008 add.
1541 2986 1589 3008 est.

2118 3027 2143 3046 §³
