2632 3464
301 405 353 432 ³01

299 479 438 520 ejusdem
466 481 583 510 domini
608 481 735 510 Heni-ici
758 480 869 520 prefati
897 485 963 509 erat
988 489 1044 519 per
1076 480 1205 509 eundem

299 535 401 559 taxata
417 530 455 558 ad
471 530 631 559 dimidium
650 530 798 559 francum.

341 578 416 608 Item
446 578 562 619 incepit
581 578 645 618 jam
668 578 770 608 dictus
793 577 946 607 Hem-icus
971 578 1008 607 de
1035 577 1120 607 Rene
1147 578 1205 607 sub

299 627 449 667 magistro
466 627 606 657 Johanne
622 628 661 657 de
674 626 818 662 Saxonia,
837 625 924 666 cujus
940 627 1034 656 bursa
1050 633 1083 656 ut
1098 637 1203 666 supra.

341 677 416 706 [tem
436 677 467 706 in
488 676 667 716 supradicto
684 676 734 705 die
757 685 824 705 mee
836 675 998 705 electionis
1014 675 1206 706 intraverunt

299 726 439 766 magistri
464 726 632 760 tabernam,
658 725 690 754 in
715 734 775 765 qua
795 730 1056 764 consumpserunt
1078 725 1206 765 triginta

298 780 370 804 octo
384 773 503 804 solidos
519 775 558 804 de
577 780 737 809 consueto,
759 779 790 803 et
805 783 864 813 ego
880 774 1018 813 prefatus
1033 773 1205 804 Aernestus

299 823 379 853 solvi
393 823 504 863 viginti
522 829 632 863 quator
646 822 776 858 solidos,
793 822 954 852 residuum·
967 832 1042 852 vero
1061 822 1206 862 exposuit

299 871 444 902 dominus
458 878 613 912 receptor.

340 921 415 951 Item
432 922 484 950 20·
500 920 550 950 die
566 920 649 960 Mayi
661 920 736 950 sacta
749 920 989 960 congregatione
1004 921 1041 949 ad
1057 920 1204 950 Carmeli-

298 976 346 1000 tas
364 969 535 1010 comparuit
548 969 692 999 dominus
715 968 913 998 Gheraerdus
929 969 1083 999 Suechten
1098 976 1204 1000 nostre

299 1018 428 1055 nationi,
444 1018 494 1048 cui
517 1017 703 1058 supplicavit
716 1028 776 1058 pro
790 1018 937 1048 dilatione
953 1028 1076 1048 suarum
1093 1019 1205 1048 bursa-

298 1077 366 1097 rum
390 1077 458 1097 cum
479 1066 631 1107 inciperet
654 1067 686 1096 in
712 1067 848 1102 artibus,
875 1066 988 1107 cuj[us]
1019 1067 1204 1107 supplicatio

297 1116 515 1146 admittebatur
533 1117 592 1145 sub
608 1115 667 1145 ista
684 1116 791 1151 forma,
808 1126 876 1145 cum
891 1117 929 1145 ad
947 1122 1091 1146 statutum
1111 1117 1205 1146 deve-

298 1165 380 1195 nerit
393 1164 586 1205 pinguiorem
608 1165 691 1204 quod
716 1165 837 1194 solvere
857 1165 972 1204 poterit
993 1166 1110 1205 absque
1131 1165 1205 1195 dila-

297 1213 393 1248 tione,
410 1220 482 1243 tunc
497 1213 598 1244 solvat
613 1214 720 1244 fraude
735 1214 818 1243 omni
838 1221 989 1254 exempta,
1012 1215 1094 1254 quod
1113 1215 1203 1244 etiam

293 1261 411 1303 juravit
426 1262 506 1292 idem
521 1262 731 1292 Gheraerdus.
762 1289 765 1290 γ

339 1311 414 1341 ltem
431 1311 548 1352 incepit
562 1312 642 1341 idem
658 1311 858 1342 Gheraerdus
872 1313 929 1341 sub
945 1312 1094 1352 magistro
1107 1312 1205 1342 Theo-

296 1361 403 1390 derico
424 1360 579 1390 Damaron
597 1361 636 1390 de
656 1360 779 1396 Prucia,
804 1359 892 1401 cujus
914 1362 1007 1391 bursa
1028 1367 1127 1391 taxata
1150 1362 1206 1391 suit

297 1419 356 1449 per
369 1410 499 1439 eundem
517 1410 555 1439 ad
568 1410 587 1439 4
605 1409 734 1439 solidos.

339 1457 413 1488 Item
440 1458 584 1488 dominus
606 1458 748 1488 Andreas
770 1459 808 1488 de
829 1458 971 1488 Trebron
991 1459 1084 1489 solvit
1109 1469 1205 1500 pecu-

298 1507 390 1542 niam,
407 1507 439 1537 in
452 1517 512 1547 qua
527 1507 682 1547 obligatus
698 1507 754 1538 fuit
768 1507 895 1543 nationi,
911 1506 998 1548 cujus
1015 1518 1131 1538 summa
1149 1509 1205 1538 suit

295 1557 315 1586 4
338 1555 447 1586 ssot-eni
469 1566 536 1586 cum
559 1566 620 1586 uno
643 1556 755 1592 solido.
777 1563 807 1586 et
829 1556 887 1586 hoc
905 1557 943 1586 de
969 1557 1205 1587 determinantia

295 1615 362 1640 sua,
387 1604 475 1645 cujus
501 1604 668 1645 fidejussor
691 1605 747 1635 fuit
772 1605 921 1646 magister
948 1605 1138 1636 Marcolinus
1165 1607 1202 1636 de

297 1653 475 1689 Donbrech,
492 1654 530 1683 de
548 1664 610 1694 quo
628 1653 716 1684 litere
734 1654 845 1684 tradite
861 1655 983 1684 suerunt
997 1655 1149 1685 restitute.

701 1747 800 1778 1864

445 1818 515 1859 (Fal.
547 1818 596 1858 53)
625 1818 882 1849 Theodericus
911 1820 953 1849 de
983 1819 1050 1859 Oy.

334 1898 426 1929 Anno
455 1899 580 1929 Domini
611 1899 656 1929 M⁰
685 1899 782 1930 CCC⁰
812 1899 878 1929 LX⁰
904 1899 988 1935 11110,
1020 1900 1125 1930 ultima
1152 1901 1202 1931 die

295 1948 412 1978 mensis
435 1947 518 1988 Mayi
547 1948 623 1978 hora
650 1948 830 1988 primarum,
858 1949 934 1978 facta
956 1949 1202 1989 congregacione

294 1997 434 2027 nacionis
447 1996 618 2037 Anglicane
633 1998 671 2027 ad
680 1997 856 2037 eligendum
866 2005 1108 2037 procuratorem,
1124 1999 1201 2028 elec-

294 2052 345 2076 tus
374 2046 430 2076 fuit
457 2046 494 2075 ab
526 2046 669 2076 omnibus
696 2047 892 2076 concorditer
916 2047 947 2076 in
969 2054 1200 2086 procuratorem

294 2095 433 2125 nacionis
454 2095 591 2135 predicte
615 2095 763 2135 magister
784 2095 996 2126 Theodericus
1022 2097 1061 2126 de
1087 2097 1147 2136 0y,
1170 2097 1200 2126 in

293 2142 382 2184 cujus
397 2144 609 2183 procuratoria
622 2150 688 2174 acta
704 2151 775 2175 sunt
793 2144 859 2174 hec.

336 2192 452 2222 Eodem
469 2193 519 2222 die
536 2199 566 2222 et
588 2193 667 2228 loco,
686 2193 805 2223 scilicet
824 2196 862 2223 ad
885 2194 1028 2224 Sanctum
1047 2195 1200 2224 sulianum

294 2252 472 2282 pauperem,
491 2242 680 2282 computavit
698 2243 842 2273 dominus
862 2250 1006 2283 receptor
1022 2244 1060 2273 de
1078 2245 1200 2274 duobus

293 2290 453 2320 mensibus
472 2297 544 2320 tunc
565 2290 707 2330 proximo
728 2291 854 2330 elapsis,
876 2298 906 2321 et
923 2293 1113 2332 approbatus
1134 2299 1200 2323 erat

292 2344 456 2379 computus
469 2337 547 2378 ejus.

334 2387 408 2418 Item
427 2388 562 2417 secunda
575 2387 624 2417 die
635 2388 750 2417 mensis
762 2388 845 2418 Junii
859 2390 936 2419 sacta
952 2390 1198 2430 congregacione

292 2436 330 2466 ad
347 2435 490 2466 Sanctum
505 2435 658 2466 Juliauum
681 2437 719 2466 ad
737 2437 985 2477 supplicandum,
1013 2439 1199 2479 supplicavit

293 2485 436 2515 dominus
450 2483 667 2515 Coenraerdus
682 2485 939 2526 Haghenmester,
954 2493 987 2517 ut
998 2494 1195 2528 expectaren—

293 2538 343 2563 tur
375 2533 435 2563 sihi
459 2533 554 2563 burse
581 2533 773 2573 incepcionis
805 2545 860 2565 sue
890 2545 988 2575 usque
1019 2537 1055 2565 ad
1087 2537 1196 2566 festum

293 2580 465 2616 Michaelis,
484 2587 515 2611 et
533 2591 716 2612 concessum
737 2589 803 2613 erat
823 2583 883 2613 sibi
906 2594 1005 2624 usque
1027 2585 1065 2613 ad
1087 2585 1196 2614 festum

294 2629 513 2666 Bartholomei,
540 2631 612 2660 dum
641 2637 740 2660 tamen
762 2638 890 2671 poneret
912 2632 1030 2662 literam
1058 2633 1197 2663 officialis

291 2678 377 2717 quod
395 2684 466 2709 tunc
487 2679 622 2709 solveret
641 2681 699 2709 sub
719 2690 797 2720 pena
818 2681 1150 2712 excommunicacionis
1167 2689 1197 2712 et

294 2726 492 2766 privacionis,
523 2733 554 2757 et
579 2738 647 2758 cum
677 2728 734 2758 hoc
762 2736 891 2769 poneret
915 2728 1115 2770 fidejussores
1143 2730 1197 2770 qui

292 2785 395 2805 secum
406 2775 622 2815 promitterent
634 2778 692 2807 sub
702 2787 782 2817 pena
792 2778 1133 2814 excommunicacionis,
1148 2779 1197 2809 vel

291 2824 374 2863 quod
387 2816 516 2864 poneret
526 2825 669 2866 pignora,
686 2832 716 2856 et
730 2826 825 2856 altera
842 2827 892 2856 die
902 2827 1046 2857 dominus
1057 2827 1197 2858 Coenra-

324 2925 346 2949 1.
380 2926 409 2949 27
420 2925 499 2950 lunii.

800 404 913 431 LIBER
934 403 1245 431 PROCURATORUM
1265 403 1446 430 NATIONIS
1465 404 1711 430 ANGLICANAE

1242 925 1276 952 10

1242 1170 1276 1197 15

1242 1415 1276 1441 20

1241 1660 1274 1686 25

1238 1903 1272 1930 30

1237 2149 1272 2175 35

1236 2395 1269 2422 40

1234 2640 1268 2667 4⁵

2163 406 2216 433 302

1314 480 1373 509 dus
1401 479 1560 519 predictus
1591 480 1706 519 incepit
1739 481 1796 510 sub
1828 481 1975 520 magistro
2010 481 2148 511 Johanne
2182 484 2221 512 de

1315 528 1474 558 Saczonia.

1356 577 1429 606 ltem
1448 584 1557 617 quarta
1573 578 1622 607 die
1641 578 1756 607 mensis
1769 577 1852 607 Junii
1869 579 2027 608 convocati
2044 587 2130 609 erant
2146 591 2222 619 pro-

1314 632 1472 656 curatores
1493 627 1523 655 in
1541 627 1674 666 collegio
1694 627 1731 656 de
1749 627 1886 656 Naverra
1905 628 1941 656 ad
1964 627 2172 667 sigillandum,
2193 636 2222 658 et

1313 685 1372 715 ego
1403 682 1587 715 procurator
1618 676 1719 705 dictus
1750 675 1863 704 ibidem
1898 676 2038 706 interemi
2066 687 2103 706 ex
2134 685 2221 717 parte

1313 724 1451 754 nacionis
1473 731 1579 754 nostre
1601 735 1639 754 ne
1657 724 1869 764 sigillarentur
1889 724 1977 754 litere
1998 726 2090 755 unius
2111 727 2221 755 decre-

1312 773 1396 808 tiste,
1415 772 1502 813 cujus
1520 773 1782 813 supplicacionem
1799 773 1887 803 nacio
1903 783 2026 813 semper
2042 776 2183 814 negabat.

1354 821 1428 851 ltem
1450 822 1556 861 quinta
1580 822 1629 851 die
1652 823 1768 851 mensis
1792 822 1922 861 predicti
1948 823 2025 852 facta
2052 834 2221 864 congrega-

1313 870 1400 900 cione
1415 871 1454 900 ad
1465 871 1610 900 Sanctum
1623 871 1776 900 Julianum
1791 881 1848 911 ego
1864 878 2049 910 procurator
2062 873 2220 912 predictus

1313 920 1471 960 magistris
1496 920 1634 949 nacionis
1661 920 1799 959 predicte
1834 920 1970 950 intimavi
2001 921 2133 960 qualiter
2162 932 2219 962 ego

1313 969 1575 1009 supplicacionem
1590 969 1722 1009 predicti
1737 970 1902 999 decretiste
1919 970 2060 999 interemi
2074 981 2112 1000 ne
2130 971 2222 1011 sigil-

1312 1017 1428 1047 laretur
1449 1024 1479 1047 et
1500 1028 1538 1047 ne
1557 1018 1617 1047 sibi
1637 1018 1826 1053 traderetur,
1850 1024 1880 1048 et
1897 1018 2015 1058 quesivi
2035 1029 2093 1059 ego
2111 1030 2220 1059 procu-

1312 1073 1397 1096 rator
1411 1067 1569 1106 predictus
1590 1077 1607 1096 a
1627 1067 1784 1106 magistris
1802 1067 1942 1096 nacionis
1962 1068 2101 1107 predicte
2119 1075 2219 1098 utrum

1313 1115 1462 1145 haberent
1487 1122 1585 1145 ratum
1610 1116 1693 1155 quod
1719 1126 1777 1156 per
1801 1126 1848 1146 me
1874 1123 2108 1156 procuratorem
2138 1125 2221 1147 esset

1314 1165 1423 1194 sactum
1437 1164 1468 1193 in
1479 1165 1611 1204 negocio
1623 1165 1813 1204 supradicto,
1829 1171 1859 1194 et
1871 1175 1978 1194 omnes
1992 1167 2221 1205 responderunt

1313 1214 1396 1253 quod
1425 1214 1481 1243 sic.
1516 1214 1610 1242 lmmo
1643 1213 1849 1243 intencionem
1887 1224 1993 1244 eorum
2032 1214 2089 1244 hoc
2126 1216 2221 1246 fuisse

1313 1273 1437 1302 semper
1453 1263 1645 1292 asserebant.

1354 1311 1429 1341 Item
1467 1312 1574 1341 eodem
1603 1311 1654 1341 die
1680 1312 1718 1341 de
1743 1321 1830 1340 mane
1860 1311 2053 1342 intraverunt
2081 1313 2221 1352 magistri

1313 1361 1486 1396 tabernam,
1505 1367 1535 1390 et
1548 1367 1808 1400 consumpserunt
1823 1361 1902 1390 duos
1918 1360 2052 1390 ssorenos
2064 1372 2142 1401 quos
2157 1362 2222 1391 sol-

1313 1415 1424 1439 verunt
1438 1409 1587 1449 magister
1609 1408 1826 1439 Coenraerdus
1845 1409 1947 1439 dictus
1975 1410 2221 1450 Haghenmester

1313 1463 1343 1486 et
1352 1457 1501 1497 magister
1515 1457 1714 1486 Gheraerdus
1730 1457 1855 1487 Svetten
1869 1468 1927 1497 pro
1943 1458 2064 1498 bejanio
2077 1459 2221 1489 introitus

1313 1516 1418 1535 eorum
1435 1507 1474 1535 ad
1489 1506 1619 1545 primam
1633 1507 1912 1547 congregacionem
1932 1507 2082 1537 nacionis.

1353 1555 1426 1585 Item
1456 1555 1563 1584 eodem
1593 1555 1644 1585 die
1669 1556 1708 1585 de
1742 1562 1831 1585 nocte
1858 1557 2049 1586 intraverunt
2080 1557 2219 1596 magistri

1311 1605 1479 1639 tabernam,
1504 1609 1533 1633 et
1557 1611 1818 1644 consumpserunt
1839 1605 1967 1634 xxvlll
1991 1605 2121 1640 solidos,
2141 1616 2220 1645 quos

1312 1653 1404 1682 solvit
1418 1653 1561 1682 dominus
1575 1659 1730 1692 receptor.

1353 1702 1427 1732 ltem
1456 1702 1506 1731 die
1528 1701 1630 1742 jovis⁴
1661 1709 1735 1742 post
1768 1704 1876 1732 festum
1903 1703 2054 1733 Johannis
2080 1704 2220 1744 Baptiste

1311 1752 1388 1781 facta
1409 1752 1656 1791 congregacione
1682 1752 1823 1781 nacionis
1853 1753 1934 1792 apud
1959 1752 2103 1783 Sanctum
2122 1753 2221 1783 Julia-

1310 1811 1382 1830 num
1397 1801 1435 1830 ad
1453 1800 1700 1840 supplicandum,
1718 1801 1906 1841 supplicavit
1918 1802 2066 1841 magister
2080 1802 2220 1832 Theode-

1310 1850 1393 1879 ricus
1412 1850 1545 1879 Damero
1568 1855 1600 1879 ut
1622 1849 1648 1878 si
1668 1850 1862 1890 contingeret
1881 1850 1947 1880 fieri
1967 1851 2111 1886 rotulum,
2136 1853 2218 1891 quod

1310 1897 1378 1937 ipse
1402 1897 1614 1937 imponeretur
1635 1904 1778 1937 tanquam
1798 1908 1930 1938 presens
1952 1898 1981 1928 in
2004 1899 2123 1934 eodem,
2150 1910 2218 1929 cum

1309 1946 1377 1986 ipse
1388 1945 1450 1986 jam
1464 1953 1546 1976 esset
1555 1956 1738 1976 recessurus
1751 1947 1789 1976 ad
1802 1954 1906 1986 partes
1915 1947 2016 1977 animo
2029 1949 2216 1983 revertendi,

1309 2002 1339 2025 et
1353 2005 1502 2025 concessa
1520 1996 1575 2025 fuit
1592 1995 1783 2035 supplicacio
1804 1997 1835 2025 in
1851 1996 1930 2026 hunc
1949 1997 2083 2031 modum,
2105 1997 2218 2027 videli-

1309 2050 1357 2074 cet
1374 2045 1457 2084 quod
1474 2044 1563 2073 nacio
1584 2045 1696 2074 faceret
1715 2055 1802 2074 suum
1821 2055 1915 2085 posse
1935 2046 1972 2074 ad
1993 2045 2050 2075 hoc
2067 2053 2100 2075 ut
2117 2046 2218 2086 impo-

1309 2099 1445 2128 neretur,
1458 2094 1529 2122 dum
1544 2099 1644 2122 tamen
1660 2093 1772 2133 aliquis
1782 2104 1842 2134 pro
1858 2104 1894 2124 eo
1910 2094 2045 2124 solveret
2057 2095 2216 2134 pecuniam

1308 2142 1346 2171 ad
1362 2141 1600 2171 inrotulandum.

1349 2191 1423 2220 ltem
1441 2192 1547 2220 eodem
1565 2191 1614 2220 die
1629 2192 1666 2220 de
1683 2198 1771 2221 nocte
1786 2192 1861 2221 sacta
1875 2193 2120 2232 congregacione
2136 2194 2216 2232 apud

1308 2239 1452 2270 Sanctum
1470 2240 1657 2270 Maturinum
1678 2241 1801 2270 iverunt
1822 2241 1962 2281 magistri
1980 2242 2017 2270 ad
2035 2242 2167 2276 archam,
2188 2249 2217 2271 et

1307 2299 1345 2319 ex
1359 2299 1394 2319 ea
1410 2296 1595 2329 receperunt
1610 2289 1667 2318 1111
1680 2289 1786 2319 literas
1797 2300 1874 2330 quas
1888 2290 2081 2320 tradiderunt
2091 2291 2215 2320 domino

1306 2339 1472 2378 receptori,
1498 2345 1531 2368 ut
1562 2345 1701 2368 moneret
1735 2339 1894 2378 pecuniam
1927 2350 1983 2379 per
2015 2339 2119 2368 literas
2148 2340 2215 2370 illas

1306 2387 1422 2417 nationi
1436 2387 1632 2427 promissam.

1348 2435 1422 2466 ltem
1442 2436 1549 2476 quinta
1567 2437 1617 2466 die
1641 2437 1756 2466 mensis
1776 2437 1849 2466 ι111111
1874 2438 1949 2466 sacta
1967 2438 2214 2477 congregacione

1305 2485 1445 2515 nacionis
1463 2486 1500 2515 ad
1522 2485 1666 2515 Sanctum
1685 2485 1851 2520 Julianum,
1867 2486 2053 2526 supplicavit
2071 2487 2214 2516 dominus

1306 2534 1486 2564 Liefaerdus
1503 2535 1541 2564 de
1558 2534 1677 2564 Datlem
1695 2541 1727 2564 ut
1747 2535 1834 2564 nacio
1852 2536 1938 2564 daret
1956 2535 2015 2564 sibi
2032 2535 2213 2565 dilacionem

1305 2583 1342 2612 ad
1353 2593 1446 2613 unum
1458 2593 1592 2613 mensem
1603 2584 1640 2613 de
1651 2584 1791 2623 pecunia,
1808 2584 1837 2613 in
1847 2595 1905 2623 qua
1916 2590 2072 2613 teneretur
2081 2585 2213 2620 nacioni,

1306 2638 1335 2661 et
1356 2633 1425 2662 date
1442 2639 1530 2662 erant
1547 2632 1606 2662 sibi
1623 2633 1787 2662 dilationes
1803 2633 1892 2662 trium
1911 2633 2162 2672 septimanarum,
2185 2641 2214 2663 et

1306 2682 1466 2713 satisfecit.

1347 2731 1421 2761 ltem
1440 2733 1547 2762 eodem
1565 2732 1615 2762 die
1631 2733 1817 2772 supplicavit
1835 2732 1978 2762 dominus
1997 2732 2215 2763 Coenraerdus

1305 2780 1343 2809 de
1366 2780 1448 2810 Huet
1469 2787 1501 2810 ut
1529 2780 1554 2809 si
1574 2779 1637 2819 jam
1659 2781 1746 2810 daret
1768 2780 1888 2810 nacioni
1917 2780 1942 2810 ll
1971 2782 2104 2815 francos,
2131 2782 2212 2820 quod

1306 2829 1394 2858 nacio
1407 2829 1556 2869 reliquam
1575 2831 1734 2869 pecuniam
1753 2839 1842 2869 quam
1860 2835 1981 2859 tenetur
1995 2829 2087 2859 vellet
2101 2840 2217 2870 expec-
