<?xml version="1.0" encoding="UTF-8"?>
<!DOCTYPE html PUBLIC "-//W3C//DTD XHTML 1.0 Transitional//EN"
    "http://www.w3.org/TR/xhtml1/DTD/xhtml1-transitional.dtd">
<html xmlns="http://www.w3.org/1999/xhtml" xml:lang="en" lang="en">
 <head>
  <title>
</title>
<meta http-equiv="Content-Type" content="text/html;charset=utf-8" />
  <meta name='ocr-system' content='tesseract 3.04.00' />
  <meta name='ocr-capabilities' content='ocr_page ocr_carea ocr_par ocr_line ocrx_word'/>
</head>
<body>
  <div class='ocr_page' id='page_1' title='image "auctariumchartul01univuoft_0463.png"; bbox 0 0 2632 3464; ppageno 0'>
   <div class='ocr_carea' id='block_1_1' title="bbox 0 0 706 465">
    <p class='ocr_par' dir='ltr' id='par_1_1' title="bbox 0 0 706 465">
     <span class='ocr_line' id='line_1_1' title="bbox 0 0 706 465; baseline 0 2999"><span class='ocrx_word' id='word_1_1' title='bbox 0 0 706 465; x_wconf 95' lang='lat' dir='ltr'> </span> 
     </span>
    </p>
   </div>
   <div class='ocr_carea' id='block_1_2' title="bbox 290 7 2210 592">
    <p class='ocr_par' dir='ltr' id='par_1_2' title="bbox 290 7 2210 592">
     <span class='ocr_line' id='line_1_2' title="bbox 941 7 2044 56; baseline -0.014 -12"><span class='ocrx_word' id='word_1_2' title='bbox 941 30 962 51; x_wconf 50' lang='lat'>1¹2²</span> <span class='ocrx_word' id='word_1_3' title='bbox 967 25 990 51; x_wconf 53' lang='grc' dir='ltr'>’,ζ’</span> <span class='ocrx_word' id='word_1_4' title='bbox 1071 46 1086 56; x_wconf 55' lang='lat' dir='ltr'>v</span> <span class='ocrx_word' id='word_1_5' title='bbox 1100 44 1103 45; x_wconf 19' lang='lat'><em>⁷</em></span> <span class='ocrx_word' id='word_1_6' title='bbox 1114 26 1175 56; x_wconf 48' lang='lat'>23„-</span> <span class='ocrx_word' id='word_1_7' title='bbox 1183 39 1188 54; x_wconf 71' lang='lat'>·,</span> <span class='ocrx_word' id='word_1_8' title='bbox 1384 25 1422 49; x_wconf 24' lang='lat' dir='ltr'>s,</span> <span class='ocrx_word' id='word_1_9' title='bbox 1688 18 1697 34; x_wconf 62' lang='lat' dir='ltr'>l</span> <span class='ocrx_word' id='word_1_10' title='bbox 2002 7 2044 38; x_wconf 50' lang='lat'>⁵24(</span> 
     </span>
     <span class='ocr_line' id='line_1_3' title="bbox 764 54 1133 84; baseline 0 -4"><span class='ocrx_word' id='word_1_11' title='bbox 764 60 779 67; x_wconf 47' lang='lat'><strong><em>⁹</em></strong></span> <span class='ocrx_word' id='word_1_12' title='bbox 798 59 823 73; x_wconf 52' lang='grc' dir='ltr'>’ν</span> <span class='ocrx_word' id='word_1_13' title='bbox 927 54 1013 84; x_wconf 38' lang='grc' dir='ltr'>μὴν</span> <span class='ocrx_word' id='word_1_14' title='bbox 1131 78 1133 80; x_wconf 86' lang='grc'>.</span> 
     </span>
     <span class='ocr_line' id='line_1_4' title="bbox 290 455 2210 503; baseline -0.004 0"><span class='ocrx_word' id='word_1_15' title='bbox 290 475 345 503; x_wconf 79' lang='grc'>749</span> <span class='ocrx_word' id='word_1_16' title='bbox 442 455 444 457; x_wconf 17' lang='grc' dir='ltr'><strong>Υ</strong></span> <span class='ocrx_word' id='word_1_17' title='bbox 789 472 903 499; x_wconf 82' lang='lat' dir='ltr'><strong>LIBER</strong></span> <span class='ocrx_word' id='word_1_18' title='bbox 927 470 1240 498; x_wconf 77' lang='lat' dir='ltr'>PROCURATORUM</span> <span class='ocrx_word' id='word_1_19' title='bbox 1262 470 1442 496; x_wconf 78' lang='lat' dir='ltr'>NATIONIS</span> <span class='ocrx_word' id='word_1_20' title='bbox 1465 470 1709 496; x_wconf 78' lang='lat' dir='ltr'>ANGLICANAE</span> <span class='ocrx_word' id='word_1_21' title='bbox 2158 471 2210 496; x_wconf 88' lang='lat'>750</span> 
     </span>
     <span class='ocr_line' id='line_1_5' title="bbox 332 546 1807 592; baseline -0.005 -10"><span class='ocrx_word' id='word_1_22' title='bbox 332 552 424 582; x_wconf 84' lang='lat' dir='ltr'>Facta</span> <span class='ocrx_word' id='word_1_23' title='bbox 445 551 691 592; x_wconf 79' lang='lat' dir='ltr'>congregacione</span> <span class='ocrx_word' id='word_1_24' title='bbox 709 548 848 583; x_wconf 83' lang='lat' dir='ltr'>nacionis</span> <span class='ocrx_word' id='word_1_25' title='bbox 871 547 1043 587; x_wconf 85' lang='lat' dir='ltr'>Anglicane</span> <span class='ocrx_word' id='word_1_26' title='bbox 1064 557 1144 576; x_wconf 85' lang='lat' dir='ltr'>anno</span> <span class='ocrx_word' id='word_1_27' title='bbox 1166 553 1199 576; x_wconf 91' lang='lat' dir='ltr'>ut</span> <span class='ocrx_word' id='word_1_28' title='bbox 1711 546 1807 575; x_wconf 78' lang='lat'>1397</span> 
     </span>
    </p>
   </div>
   <div class='ocr_carea' id='block_1_3' title="bbox 290 595 1212 2744">
    <p class='ocr_par' dir='ltr' id='par_1_3' title="bbox 290 595 1208 2197">
     <span class='ocr_line' id='line_1_6' title="bbox 290 595 1198 642; baseline -0.008 -11"><span class='ocrx_word' id='word_1_29' title='bbox 290 611 399 642; x_wconf 84' lang='lat' dir='ltr'>supra,</span> <span class='ocrx_word' id='word_1_30' title='bbox 413 601 465 630; x_wconf 86' lang='lat'>22·</span> <span class='ocrx_word' id='word_1_31' title='bbox 478 600 529 630; x_wconf 91' lang='lat' dir='ltr'>die</span> <span class='ocrx_word' id='word_1_32' title='bbox 541 599 657 629; x_wconf 78' lang='lat' dir='ltr'><strong>mensis</strong></span> <span class='ocrx_word' id='word_1_33' title='bbox 671 597 863 638; x_wconf 81' lang='lat' dir='ltr'>Septembris</span> <span class='ocrx_word' id='word_1_34' title='bbox 878 606 974 636; x_wconf 88' lang='lat' dir='ltr'>super</span> <span class='ocrx_word' id='word_1_35' title='bbox 990 597 1111 626; x_wconf 90' lang='lat' dir='ltr'>duobus</span> <span class='ocrx_word' id='word_1_36' title='bbox 1126 595 1198 626; x_wconf 88' lang='lat' dir='ltr'>arti-</span> 
     </span>
     <span class='ocr_line' id='line_1_7' title="bbox 291 646 1200 685; baseline -0.008 -5"><span class='ocrx_word' id='word_1_37' title='bbox 291 650 382 680; x_wconf 86' lang='lat' dir='ltr'>culis.</span> <span class='ocrx_word' id='word_1_38' title='bbox 403 649 528 679; x_wconf 88' lang='lat' dir='ltr'>Primus</span> <span class='ocrx_word' id='word_1_39' title='bbox 550 654 616 678; x_wconf 86' lang='lat' dir='ltr'>erat</span> <span class='ocrx_word' id='word_1_40' title='bbox 634 648 673 677; x_wconf 91' lang='lat' dir='ltr'>ad</span> <span class='ocrx_word' id='word_1_41' title='bbox 690 647 894 677; x_wconf 82' lang='lat' dir='ltr'>ordinandum</span> <span class='ocrx_word' id='word_1_42' title='bbox 912 655 1007 685; x_wconf 88' lang='lat' dir='ltr'>super</span> <span class='ocrx_word' id='word_1_43' title='bbox 1025 646 1104 674; x_wconf 83' lang='lat' dir='ltr'>sacto</span> <span class='ocrx_word' id='word_1_44' title='bbox 1122 654 1200 684; x_wconf 90' lang='lat' dir='ltr'>pen-</span> 
     </span>
     <span class='ocr_line' id='line_1_8' title="bbox 290 693 1200 736; baseline -0.008 -7"><span class='ocrx_word' id='word_1_45' title='bbox 290 699 383 729; x_wconf 85' lang='lat' dir='ltr'>dente</span> <span class='ocrx_word' id='word_1_46' title='bbox 402 698 484 728; x_wconf 88' lang='lat' dir='ltr'>inter</span> <span class='ocrx_word' id='word_1_47' title='bbox 499 698 571 727; x_wconf 89' lang='lat' dir='ltr'>illos</span> <span class='ocrx_word' id='word_1_48' title='bbox 590 697 628 727; x_wconf 88' lang='lat' dir='ltr'>de</span> <span class='ocrx_word' id='word_1_49' title='bbox 644 696 777 736; x_wconf 87' lang='lat' dir='ltr'>collegio</span> <span class='ocrx_word' id='word_1_50' title='bbox 792 693 1009 725; x_wconf 79' lang='lat' dir='ltr'>Laudunensi⁴</span> <span class='ocrx_word' id='word_1_51' title='bbox 1028 700 1058 723; x_wconf 92' lang='lat' dir='ltr'>et</span> <span class='ocrx_word' id='word_1_52' title='bbox 1078 693 1200 733; x_wconf 88' lang='lat' dir='ltr'>aliquos</span> 
     </span>
     <span class='ocr_line' id='line_1_9' title="bbox 297 742 1200 787; baseline -0.008 -9"><span class='ocrx_word' id='word_1_53' title='bbox 297 747 435 778; x_wconf 86' lang='lat' dir='ltr'>scolares</span> <span class='ocrx_word' id='word_1_54' title='bbox 456 747 495 777; x_wconf 85' lang='lat' dir='ltr'>de</span> <span class='ocrx_word' id='word_1_55' title='bbox 514 756 613 787; x_wconf 85' lang='lat' dir='ltr'>regno</span> <span class='ocrx_word' id='word_1_56' title='bbox 635 745 751 776; x_wconf 88' lang='lat' dir='ltr'>Dachie</span> <span class='ocrx_word' id='word_1_57' title='bbox 769 754 826 784; x_wconf 89' lang='lat' dir='ltr'>pro</span> <span class='ocrx_word' id='word_1_58' title='bbox 843 744 974 783; x_wconf 87' lang='lat' dir='ltr'>quadam</span> <span class='ocrx_word' id='word_1_59' title='bbox 993 744 1084 772; x_wconf 90' lang='lat' dir='ltr'>domo</span> <span class='ocrx_word' id='word_1_60' title='bbox 1101 742 1200 782; x_wconf 89' lang='lat' dir='ltr'>perti-</span> 
     </span>
     <span class='ocr_line' id='line_1_10' title="bbox 292 791 1200 833; baseline -0.007 -7"><span class='ocrx_word' id='word_1_61' title='bbox 292 802 386 826; x_wconf 82' lang='lat' dir='ltr'>nente</span> <span class='ocrx_word' id='word_1_62' title='bbox 414 795 477 826; x_wconf 84' lang='lat' dir='ltr'>illis</span> <span class='ocrx_word' id='word_1_63' title='bbox 498 796 537 824; x_wconf 93' lang='lat' dir='ltr'>de</span> <span class='ocrx_word' id='word_1_64' title='bbox 561 794 689 830; x_wconf 72' lang='lat' dir='ltr'>Dachia,</span> <span class='ocrx_word' id='word_1_65' title='bbox 709 803 800 833; x_wconf 88' lang='lat' dir='ltr'>quam</span> <span class='ocrx_word' id='word_1_66' title='bbox 826 793 916 832; x_wconf 83' lang='lat' dir='ltr'>prius</span> <span class='ocrx_word' id='word_1_67' title='bbox 939 792 984 821; x_wconf 90' lang='lat' dir='ltr'>illi</span> <span class='ocrx_word' id='word_1_68' title='bbox 1006 792 1044 821; x_wconf 90' lang='lat' dir='ltr'>de</span> <span class='ocrx_word' id='word_1_69' title='bbox 1068 791 1200 831; x_wconf 89' lang='lat' dir='ltr'>collegio</span> 
     </span>
     <span class='ocr_line' id='line_1_11' title="bbox 295 842 1201 884; baseline -0.007 -9"><span class='ocrx_word' id='word_1_70' title='bbox 295 844 493 875; x_wconf 85' lang='lat' dir='ltr'>Laudunensi</span> <span class='ocrx_word' id='word_1_71' title='bbox 520 843 733 884; x_wconf 85' lang='lat' dir='ltr'>possidebant.</span> <span class='ocrx_word' id='word_1_72' title='bbox 763 842 839 872; x_wconf 87' lang='lat' dir='ltr'>Nam</span> <span class='ocrx_word' id='word_1_73' title='bbox 868 847 1106 881; x_wconf 87' lang='lat' dir='ltr'>appunctuatum</span> <span class='ocrx_word' id='word_1_74' title='bbox 1135 846 1201 870; x_wconf 88' lang='lat' dir='ltr'>erat</span> 
     </span>
     <span class='ocr_line' id='line_1_12' title="bbox 294 889 1201 934; baseline -0.007 -10"><span class='ocrx_word' id='word_1_75' title='bbox 294 904 352 934; x_wconf 88' lang='lat' dir='ltr'>per</span> <span class='ocrx_word' id='word_1_76' title='bbox 371 893 612 924; x_wconf 80' lang='lat' dir='ltr'>Universitatem</span> <span class='ocrx_word' id='word_1_77' title='bbox 629 892 712 932; x_wconf 86' lang='lat' dir='ltr'>quod</span> <span class='ocrx_word' id='word_1_78' title='bbox 732 891 777 920; x_wconf 90' lang='lat' dir='ltr'>illi</span> <span class='ocrx_word' id='word_1_79' title='bbox 797 891 835 920; x_wconf 89' lang='lat' dir='ltr'>de</span> <span class='ocrx_word' id='word_1_80' title='bbox 855 890 988 930; x_wconf 85' lang='lat' dir='ltr'>collegio</span> <span class='ocrx_word' id='word_1_81' title='bbox 1002 889 1201 919; x_wconf 86' lang='lat' dir='ltr'>Laudunensi</span> 
     </span>
     <span class='ocr_line' id='line_1_13' title="bbox 291 938 1203 982; baseline -0.007 -9"><span class='ocrx_word' id='word_1_82' title='bbox 291 943 460 973; x_wconf 86' lang='lat' dir='ltr'>redderent</span> <span class='ocrx_word' id='word_1_83' title='bbox 482 941 651 982; x_wconf 80' lang='lat' dir='ltr'>predictam</span> <span class='ocrx_word' id='word_1_84' title='bbox 677 941 800 970; x_wconf 90' lang='lat' dir='ltr'>domum</span> <span class='ocrx_word' id='word_1_85' title='bbox 822 939 996 969; x_wconf 87' lang='lat' dir='ltr'>scolaribus</span> <span class='ocrx_word' id='word_1_86' title='bbox 1021 940 1059 969; x_wconf 92' lang='lat' dir='ltr'>de</span> <span class='ocrx_word' id='word_1_87' title='bbox 1086 938 1203 968; x_wconf 89' lang='lat' dir='ltr'>Dachia</span> 
     </span>
     <span class='ocr_line' id='line_1_14' title="bbox 297 989 1202 1028; baseline -0.006 -6"><span class='ocrx_word' id='word_1_88' title='bbox 297 991 425 1022; x_wconf 86' lang='lat' dir='ltr'>liberam</span> <span class='ocrx_word' id='word_1_89' title='bbox 442 997 473 1021; x_wconf 89' lang='lat' dir='ltr'>et</span> <span class='ocrx_word' id='word_1_90' title='bbox 491 991 654 1020; x_wconf 90' lang='lat' dir='ltr'>immunem</span> <span class='ocrx_word' id='word_1_91' title='bbox 671 990 709 1019; x_wconf 87' lang='lat' dir='ltr'>ab</span> <span class='ocrx_word' id='word_1_92' title='bbox 729 989 812 1019; x_wconf 88' lang='lat' dir='ltr'>omni</span> <span class='ocrx_word' id='word_1_93' title='bbox 827 999 933 1023; x_wconf 91' lang='lat' dir='ltr'>onere,</span> <span class='ocrx_word' id='word_1_94' title='bbox 952 995 982 1018; x_wconf 90' lang='lat' dir='ltr'>et</span> <span class='ocrx_word' id='word_1_95' title='bbox 998 998 1055 1028; x_wconf 88' lang='lat' dir='ltr'>pro</span> <span class='ocrx_word' id='word_1_96' title='bbox 1074 997 1202 1027; x_wconf 85' lang='lat' dir='ltr'>repara-</span> 
     </span>
     <span class='ocr_line' id='line_1_15' title="bbox 294 1036 1201 1078; baseline -0.006 -8"><span class='ocrx_word' id='word_1_97' title='bbox 294 1041 439 1070; x_wconf 87' lang='lat' dir='ltr'>cionibus</span> <span class='ocrx_word' id='word_1_98' title='bbox 465 1046 495 1069; x_wconf 90' lang='lat' dir='ltr'>et</span> <span class='ocrx_word' id='word_1_99' title='bbox 515 1039 584 1069; x_wconf 82' lang='lat' dir='ltr'>aliis</span> <span class='ocrx_word' id='word_1_100' title='bbox 606 1038 752 1078; x_wconf 82' lang='lat' dir='ltr'>expensis</span> <span class='ocrx_word' id='word_1_101' title='bbox 777 1038 889 1067; x_wconf 81' lang='lat' dir='ltr'>habitis</span> <span class='ocrx_word' id='word_1_102' title='bbox 913 1037 1043 1077; x_wconf 83' lang='lat' dir='ltr'>predicti</span> <span class='ocrx_word' id='word_1_103' title='bbox 1065 1036 1201 1066; x_wconf 86' lang='lat' dir='ltr'>scolares</span> 
     </span>
     <span class='ocr_line' id='line_1_16' title="bbox 298 1086 1202 1127; baseline -0.006 -8"><span class='ocrx_word' id='word_1_104' title='bbox 298 1089 456 1119; x_wconf 85' lang='lat' dir='ltr'>solverent</span> <span class='ocrx_word' id='word_1_105' title='bbox 480 1088 543 1118; x_wconf 87' lang='lat' dir='ltr'>illis</span> <span class='ocrx_word' id='word_1_106' title='bbox 566 1089 604 1118; x_wconf 92' lang='lat' dir='ltr'>de</span> <span class='ocrx_word' id='word_1_107' title='bbox 628 1087 760 1127; x_wconf 83' lang='lat' dir='ltr'>collegio</span> <span class='ocrx_word' id='word_1_108' title='bbox 787 1087 991 1127; x_wconf 86' lang='lat' dir='ltr'>quadraginta</span> <span class='ocrx_word' id='word_1_109' title='bbox 1012 1087 1145 1120; x_wconf 86' lang='lat' dir='ltr'>francos,</span> <span class='ocrx_word' id='word_1_110' title='bbox 1163 1086 1202 1114; x_wconf 89' lang='lat' dir='ltr'>de</span> 
     </span>
     <span class='ocr_line' id='line_1_17' title="bbox 296 1134 1202 1179; baseline -0.006 -11"><span class='ocrx_word' id='word_1_111' title='bbox 296 1148 359 1179; x_wconf 85' lang='lat' dir='ltr'>quo</span> <span class='ocrx_word' id='word_1_112' title='bbox 389 1143 668 1178; x_wconf 84' lang='lat' dir='ltr'>appunctuamento</span> <span class='ocrx_word' id='word_1_113' title='bbox 695 1136 844 1176; x_wconf 87' lang='lat' dir='ltr'>magister</span> <span class='ocrx_word' id='word_1_114' title='bbox 870 1142 899 1165; x_wconf 90' lang='lat' dir='ltr'>et</span> <span class='ocrx_word' id='word_1_115' title='bbox 929 1135 980 1165; x_wconf 87' lang='lat' dir='ltr'>alii</span> <span class='ocrx_word' id='word_1_116' title='bbox 1008 1135 1047 1164; x_wconf 91' lang='lat' dir='ltr'>de</span> <span class='ocrx_word' id='word_1_117' title='bbox 1070 1134 1202 1174; x_wconf 91' lang='lat' dir='ltr'>collegio</span> 
     </span>
     <span class='ocr_line' id='line_1_18' title="bbox 293 1184 1201 1223; baseline -0.007 -5"><span class='ocrx_word' id='word_1_118' title='bbox 293 1188 419 1218; x_wconf 77' lang='lat' dir='ltr'>stabant</span> <span class='ocrx_word' id='word_1_119' title='bbox 431 1186 579 1216; x_wconf 86' lang='lat' dir='ltr'>contenti.</span> <span class='ocrx_word' id='word_1_120' title='bbox 592 1185 633 1216; x_wconf 89' lang='lat' dir='ltr'>Et</span> <span class='ocrx_word' id='word_1_121' title='bbox 646 1185 818 1215; x_wconf 85' lang='lat' dir='ltr'>scolaribus</span> <span class='ocrx_word' id='word_1_122' title='bbox 835 1185 927 1214; x_wconf 88' lang='lat' dir='ltr'>dictis</span> <span class='ocrx_word' id='word_1_123' title='bbox 944 1185 1106 1214; x_wconf 87' lang='lat' dir='ltr'>videbatur</span> <span class='ocrx_word' id='word_1_124' title='bbox 1119 1184 1201 1223; x_wconf 91' lang='lat' dir='ltr'>quod</span> 
     </span>
     <span class='ocr_line' id='line_1_19' title="bbox 295 1233 1204 1277; baseline -0.006 -11"><span class='ocrx_word' id='word_1_125' title='bbox 295 1242 501 1277; x_wconf 84' lang='lat' dir='ltr'>gravarentur</span> <span class='ocrx_word' id='word_1_126' title='bbox 507 1247 516 1272; x_wconf 88' lang='lat'>;</span> <span class='ocrx_word' id='word_1_127' title='bbox 534 1241 666 1265; x_wconf 76' lang='lat' dir='ltr'>attamen</span> <span class='ocrx_word' id='word_1_128' title='bbox 683 1239 961 1274; x_wconf 84' lang='lat' dir='ltr'>appunctuamento</span> <span class='ocrx_word' id='word_1_129' title='bbox 973 1233 1018 1262; x_wconf 92' lang='lat' dir='ltr'>illi</span> <span class='ocrx_word' id='word_1_130' title='bbox 1029 1243 1063 1263; x_wconf 91' lang='lat' dir='ltr'>se</span> <span class='ocrx_word' id='word_1_131' title='bbox 1078 1233 1204 1262; x_wconf 83' lang='lat' dir='ltr'>confor-</span> 
     </span>
     <span class='ocr_line' id='line_1_20' title="bbox 296 1282 1201 1324; baseline -0.006 -9"><span class='ocrx_word' id='word_1_132' title='bbox 296 1286 431 1320; x_wconf 82' lang='lat' dir='ltr'>mabant,</span> <span class='ocrx_word' id='word_1_133' title='bbox 449 1290 480 1314; x_wconf 88' lang='lat' dir='ltr'>et</span> <span class='ocrx_word' id='word_1_134' title='bbox 495 1283 700 1324; x_wconf 82' lang='lat' dir='ltr'>quadraginta</span> <span class='ocrx_word' id='word_1_135' title='bbox 716 1284 839 1312; x_wconf 80' lang='lat' dir='ltr'>francos</span> <span class='ocrx_word' id='word_1_136' title='bbox 859 1282 1019 1312; x_wconf 88' lang='lat' dir='ltr'>solverunt</span> <span class='ocrx_word' id='word_1_137' title='bbox 1032 1282 1201 1322; x_wconf 78' lang='lat' dir='ltr'>posteriuS.</span> 
     </span>
     <span class='ocr_line' id='line_1_21' title="bbox 298 1330 1204 1373; baseline -0.006 -9"><span class='ocrx_word' id='word_1_138' title='bbox 298 1334 378 1364; x_wconf 88' lang='lat' dir='ltr'>Dum</span> <span class='ocrx_word' id='word_1_139' title='bbox 389 1334 512 1363; x_wconf 89' lang='lat' dir='ltr'>domum</span> <span class='ocrx_word' id='word_1_140' title='bbox 527 1333 723 1373; x_wconf 87' lang='lat' dir='ltr'>requirerent</span> <span class='ocrx_word' id='word_1_141' title='bbox 737 1332 810 1361; x_wconf 89' lang='lat' dir='ltr'>dicti</span> <span class='ocrx_word' id='word_1_142' title='bbox 825 1331 974 1366; x_wconf 85' lang='lat' dir='ltr'>scolares,</span> <span class='ocrx_word' id='word_1_143' title='bbox 993 1331 1038 1360; x_wconf 93' lang='lat' dir='ltr'>illi</span> <span class='ocrx_word' id='word_1_144' title='bbox 1053 1331 1091 1360; x_wconf 91' lang='lat' dir='ltr'>de</span> <span class='ocrx_word' id='word_1_145' title='bbox 1107 1330 1204 1360; x_wconf 87' lang='lat' dir='ltr'>colle-</span> 
     </span>
     <span class='ocr_line' id='line_1_22' title="bbox 299 1380 1203 1424; baseline -0.004 -11"><span class='ocrx_word' id='word_1_146' title='bbox 299 1383 355 1424; x_wconf 85' lang='lat' dir='ltr'>gio</span> <span class='ocrx_word' id='word_1_147' title='bbox 376 1382 575 1413; x_wconf 89' lang='lat' dir='ltr'>Laudunensi</span> <span class='ocrx_word' id='word_1_148' title='bbox 593 1381 804 1422; x_wconf 85' lang='lat' dir='ltr'>allegaverunt</span> <span class='ocrx_word' id='word_1_149' title='bbox 822 1391 856 1410; x_wconf 92' lang='lat' dir='ltr'>se</span> <span class='ocrx_word' id='word_1_150' title='bbox 873 1390 995 1410; x_wconf 89' lang='lat' dir='ltr'>errasse</span> <span class='ocrx_word' id='word_1_151' title='bbox 1011 1380 1042 1410; x_wconf 90' lang='lat' dir='ltr'>in</span> <span class='ocrx_word' id='word_1_152' title='bbox 1059 1385 1203 1420; x_wconf 88' lang='lat' dir='ltr'>computo</span> 
     </span>
     <span class='ocr_line' id='line_1_23' title="bbox 300 1429 1204 1470; baseline -0.004 -8"><span class='ocrx_word' id='word_1_153' title='bbox 300 1442 359 1462; x_wconf 85' lang='lat' dir='ltr'>suo</span> <span class='ocrx_word' id='word_1_154' title='bbox 371 1432 410 1462; x_wconf 87' lang='lat' dir='ltr'>de</span> <span class='ocrx_word' id='word_1_155' title='bbox 427 1432 533 1461; x_wconf 86' lang='lat' dir='ltr'>decem</span> <span class='ocrx_word' id='word_1_156' title='bbox 548 1430 650 1466; x_wconf 89' lang='lat' dir='ltr'>libris,</span> <span class='ocrx_word' id='word_1_157' title='bbox 666 1440 743 1470; x_wconf 84' lang='lat' dir='ltr'>quas</span> <span class='ocrx_word' id='word_1_158' title='bbox 758 1429 958 1470; x_wconf 85' lang='lat' dir='ltr'>requirebant</span> <span class='ocrx_word' id='word_1_159' title='bbox 969 1435 1131 1469; x_wconf 84' lang='lat' dir='ltr'>antequam</span> <span class='ocrx_word' id='word_1_160' title='bbox 1146 1429 1204 1458; x_wconf 90' lang='lat' dir='ltr'>do-</span> 
     </span>
     <span class='ocr_line' id='line_1_24' title="bbox 299 1478 1203 1517; baseline -0.004 -6"><span class='ocrx_word' id='word_1_161' title='bbox 299 1491 382 1511; x_wconf 90' lang='lat' dir='ltr'>mum</span> <span class='ocrx_word' id='word_1_162' title='bbox 397 1481 528 1510; x_wconf 82' lang='lat' dir='ltr'>reddere</span> <span class='ocrx_word' id='word_1_163' title='bbox 547 1480 701 1510; x_wconf 80' lang='lat' dir='ltr'>volebant.</span> <span class='ocrx_word' id='word_1_164' title='bbox 716 1479 784 1517; x_wconf 92' lang='lat' dir='ltr'>Quo</span> <span class='ocrx_word' id='word_1_165' title='bbox 801 1479 906 1508; x_wconf 85' lang='lat' dir='ltr'>audito</span> <span class='ocrx_word' id='word_1_166' title='bbox 921 1478 1115 1508; x_wconf 82' lang='lat' dir='ltr'>Universitas</span> <span class='ocrx_word' id='word_1_167' title='bbox 1130 1478 1203 1507; x_wconf 89' lang='lat' dir='ltr'>deli-</span> 
     </span>
     <span class='ocr_line' id='line_1_25' title="bbox 299 1527 1204 1569; baseline -0.004 -9"><span class='ocrx_word' id='word_1_168' title='bbox 299 1529 419 1560; x_wconf 87' lang='lat' dir='ltr'>beravit</span> <span class='ocrx_word' id='word_1_169' title='bbox 430 1530 514 1569; x_wconf 89' lang='lat' dir='ltr'>quod</span> <span class='ocrx_word' id='word_1_170' title='bbox 525 1528 655 1569; x_wconf 87' lang='lat' dir='ltr'>predicti</span> <span class='ocrx_word' id='word_1_171' title='bbox 666 1528 802 1558; x_wconf 85' lang='lat' dir='ltr'>scolares</span> <span class='ocrx_word' id='word_1_172' title='bbox 813 1529 851 1557; x_wconf 89' lang='lat' dir='ltr'>de</span> <span class='ocrx_word' id='word_1_173' title='bbox 865 1527 982 1557; x_wconf 80' lang='lat' dir='ltr'>Dachia</span> <span class='ocrx_word' id='word_1_174' title='bbox 990 1528 1096 1557; x_wconf 81' lang='lat' dir='ltr'>decem</span> <span class='ocrx_word' id='word_1_175' title='bbox 1109 1527 1204 1557; x_wconf 88' lang='lat' dir='ltr'>libras</span> 
     </span>
     <span class='ocr_line' id='line_1_26' title="bbox 297 1577 1205 1619; baseline -0.003 -11"><span class='ocrx_word' id='word_1_176' title='bbox 297 1585 452 1619; x_wconf 87' lang='lat' dir='ltr'>ponerent</span> <span class='ocrx_word' id='word_1_177' title='bbox 475 1578 548 1618; x_wconf 71' lang='lat' dir='ltr'>(Vol.</span> <span class='ocrx_word' id='word_1_178' title='bbox 566 1579 606 1608; x_wconf 88' lang='lat'>33</span> <span class='ocrx_word' id='word_1_179' title='bbox 617 1577 642 1617; x_wconf 70' lang='lat'>¹³)</span> <span class='ocrx_word' id='word_1_180' title='bbox 660 1577 692 1607; x_wconf 89' lang='lat' dir='ltr'>in</span> <span class='ocrx_word' id='word_1_181' title='bbox 716 1577 870 1616; x_wconf 88' lang='lat' dir='ltr'>deposito,</span> <span class='ocrx_word' id='word_1_182' title='bbox 887 1582 918 1606; x_wconf 88' lang='lat' dir='ltr'>et</span> <span class='ocrx_word' id='word_1_183' title='bbox 935 1586 991 1616; x_wconf 90' lang='lat' dir='ltr'>per</span> <span class='ocrx_word' id='word_1_184' title='bbox 1006 1582 1158 1606; x_wconf 91' lang='lat' dir='ltr'>rectorem</span> <span class='ocrx_word' id='word_1_185' title='bbox 1175 1581 1205 1605; x_wconf 89' lang='lat' dir='ltr'>et</span> 
     </span>
     <span class='ocr_line' id='line_1_27' title="bbox 296 1625 1204 1668; baseline -0.003 -11"><span class='ocrx_word' id='word_1_186' title='bbox 296 1628 461 1668; x_wconf 78' lang='lat' dir='ltr'>deputatos</span> <span class='ocrx_word' id='word_1_187' title='bbox 473 1627 715 1662; x_wconf 82' lang='lat' dir='ltr'>discerneretur,</span> <span class='ocrx_word' id='word_1_188' title='bbox 729 1636 767 1655; x_wconf 84' lang='lat' dir='ltr'>an</span> <span class='ocrx_word' id='word_1_189' title='bbox 782 1625 864 1655; x_wconf 89' lang='lat' dir='ltr'>dicte</span> <span class='ocrx_word' id='word_1_190' title='bbox 876 1626 980 1655; x_wconf 84' lang='lat' dir='ltr'>decem</span> <span class='ocrx_word' id='word_1_191' title='bbox 996 1625 1075 1655; x_wconf 88' lang='lat' dir='ltr'>libre</span> <span class='ocrx_word' id='word_1_192' title='bbox 1090 1625 1152 1655; x_wconf 89' lang='lat' dir='ltr'>illis</span> <span class='ocrx_word' id='word_1_193' title='bbox 1166 1625 1204 1654; x_wconf 90' lang='lat' dir='ltr'>de</span> 
     </span>
     <span class='ocr_line' id='line_1_28' title="bbox 296 1674 1205 1717; baseline -0.003 -11"><span class='ocrx_word' id='word_1_194' title='bbox 296 1676 431 1717; x_wconf 81' lang='lat' dir='ltr'>collegio</span> <span class='ocrx_word' id='word_1_195' title='bbox 443 1675 640 1706; x_wconf 84' lang='lat' dir='ltr'>Laudunensi</span> <span class='ocrx_word' id='word_1_196' title='bbox 648 1681 700 1705; x_wconf 83' lang='lat' dir='ltr'>aut</span> <span class='ocrx_word' id='word_1_197' title='bbox 709 1675 882 1705; x_wconf 85' lang='lat' dir='ltr'>scolaribus</span> <span class='ocrx_word' id='word_1_198' title='bbox 895 1675 933 1704; x_wconf 91' lang='lat' dir='ltr'>de</span> <span class='ocrx_word' id='word_1_199' title='bbox 945 1674 1060 1704; x_wconf 88' lang='lat' dir='ltr'>Dachia</span> <span class='ocrx_word' id='word_1_200' title='bbox 1071 1674 1205 1714; x_wconf 86' lang='lat' dir='ltr'>pertine-</span> 
     </span>
     <span class='ocr_line' id='line_1_29' title="bbox 302 1723 1205 1765; baseline -0.003 -10"><span class='ocrx_word' id='word_1_201' title='bbox 302 1725 406 1756; x_wconf 81' lang='lat' dir='ltr'>reut².</span> <span class='ocrx_word' id='word_1_202' title='bbox 426 1725 528 1765; x_wconf 82' lang='lat' dir='ltr'>Super</span> <span class='ocrx_word' id='word_1_203' title='bbox 542 1734 605 1764; x_wconf 86' lang='lat' dir='ltr'>quo</span> <span class='ocrx_word' id='word_1_204' title='bbox 619 1724 775 1765; x_wconf 88' lang='lat' dir='ltr'>deputatis</span> <span class='ocrx_word' id='word_1_205' title='bbox 791 1724 933 1764; x_wconf 86' lang='lat' dir='ltr'>repetitis</span> <span class='ocrx_word' id='word_1_206' title='bbox 951 1723 1072 1753; x_wconf 89' lang='lat' dir='ltr'>vicibus</span> <span class='ocrx_word' id='word_1_207' title='bbox 1093 1733 1205 1753; x_wconf 90' lang='lat' dir='ltr'>convo-</span> 
     </span>
     <span class='ocr_line' id='line_1_30' title="bbox 296 1771 1207 1814; baseline -0.004 -9"><span class='ocrx_word' id='word_1_208' title='bbox 296 1775 376 1805; x_wconf 84' lang='lat' dir='ltr'>catis</span> <span class='ocrx_word' id='word_1_209' title='bbox 390 1774 537 1814; x_wconf 85' lang='lat' dir='ltr'>magister</span> <span class='ocrx_word' id='word_1_210' title='bbox 549 1773 673 1814; x_wconf 85' lang='lat' dir='ltr'>collegii</span> <span class='ocrx_word' id='word_1_211' title='bbox 684 1773 815 1813; x_wconf 83' lang='lat' dir='ltr'>predicti</span> <span class='ocrx_word' id='word_1_212' title='bbox 829 1783 910 1802; x_wconf 91' lang='lat' dir='ltr'>nunc</span> <span class='ocrx_word' id='word_1_213' title='bbox 921 1773 1083 1813; x_wconf 84' lang='lat' dir='ltr'>deputatos</span> <span class='ocrx_word' id='word_1_214' title='bbox 1101 1771 1207 1802; x_wconf 90' lang='lat' dir='ltr'>habuit</span> 
     </span>
     <span class='ocr_line' id='line_1_31' title="bbox 299 1821 1204 1864; baseline -0.003 -10"><span class='ocrx_word' id='word_1_215' title='bbox 299 1829 476 1864; x_wconf 85' lang='lat' dir='ltr'>suspectos,</span> <span class='ocrx_word' id='word_1_216' title='bbox 492 1833 572 1852; x_wconf 90' lang='lat' dir='ltr'>nunc</span> <span class='ocrx_word' id='word_1_217' title='bbox 587 1822 732 1863; x_wconf 77' lang='lat' dir='ltr'>allegavit</span> <span class='ocrx_word' id='word_1_218' title='bbox 743 1823 906 1862; x_wconf 86' lang='lat' dir='ltr'>deputatos</span> <span class='ocrx_word' id='word_1_219' title='bbox 922 1821 1067 1862; x_wconf 88' lang='lat' dir='ltr'>ignorare</span> <span class='ocrx_word' id='word_1_220' title='bbox 1083 1822 1204 1856; x_wconf 77' lang='lat' dir='ltr'>factum,</span> 
     </span>
     <span class='ocr_line' id='line_1_32' title="bbox 297 1870 1206 1912; baseline -0.004 -9"><span class='ocrx_word' id='word_1_221' title='bbox 297 1879 331 1903; x_wconf 85' lang='lat' dir='ltr'>et</span> <span class='ocrx_word' id='word_1_222' title='bbox 346 1872 391 1902; x_wconf 89' lang='lat' dir='ltr'>sic</span> <span class='ocrx_word' id='word_1_223' title='bbox 408 1870 511 1902; x_wconf 86' lang='lat' dir='ltr'>nullos</span> <span class='ocrx_word' id='word_1_224' title='bbox 528 1872 691 1912; x_wconf 78' lang='lat' dir='ltr'>deputatos</span> <span class='ocrx_word' id='word_1_225' title='bbox 710 1870 905 1911; x_wconf 84' lang='lat' dir='ltr'>approbavit,</span> <span class='ocrx_word' id='word_1_226' title='bbox 922 1870 982 1900; x_wconf 79' lang='lat' dir='ltr'>nisi</span> <span class='ocrx_word' id='word_1_227' title='bbox 995 1870 1078 1905; x_wconf 84' lang='lat' dir='ltr'>illos,</span> <span class='ocrx_word' id='word_1_228' title='bbox 1097 1870 1150 1910; x_wconf 90' lang='lat' dir='ltr'>qui</span> <span class='ocrx_word' id='word_1_229' title='bbox 1168 1870 1206 1899; x_wconf 89' lang='lat' dir='ltr'>ad</span> 
     </span>
     <span class='ocr_line' id='line_1_33' title="bbox 299 1919 1206 1962; baseline -0.003 -11"><span class='ocrx_word' id='word_1_230' title='bbox 299 1921 368 1962; x_wconf 87' lang='lat' dir='ltr'>ejus</span> <span class='ocrx_word' id='word_1_231' title='bbox 388 1927 576 1960; x_wconf 81' lang='lat' dir='ltr'>requestam,</span> <span class='ocrx_word' id='word_1_232' title='bbox 600 1926 630 1950; x_wconf 92' lang='lat' dir='ltr'>et</span> <span class='ocrx_word' id='word_1_233' title='bbox 650 1930 713 1949; x_wconf 90' lang='lat' dir='ltr'>nou</span> <span class='ocrx_word' id='word_1_234' title='bbox 731 1929 790 1960; x_wconf 91' lang='lat' dir='ltr'>per</span> <span class='ocrx_word' id='word_1_235' title='bbox 814 1919 1052 1949; x_wconf 81' lang='lat' dir='ltr'>Universitatem</span> <span class='ocrx_word' id='word_1_236' title='bbox 1071 1919 1133 1948; x_wconf 89' lang='lat' dir='ltr'>dati</span> <span class='ocrx_word' id='word_1_237' title='bbox 1149 1929 1206 1948; x_wconf 89' lang='lat' dir='ltr'>nec</span> 
     </span>
     <span class='ocr_line' id='line_1_34' title="bbox 303 1967 1204 2011; baseline -0.003 -11"><span class='ocrx_word' id='word_1_238' title='bbox 303 1979 361 2011; x_wconf 89' lang='lat' dir='ltr'>per</span> <span class='ocrx_word' id='word_1_239' title='bbox 393 1976 547 2000; x_wconf 84' lang='lat' dir='ltr'>rectorem</span> <span class='ocrx_word' id='word_1_240' title='bbox 593 1968 694 1999; x_wconf 82' lang='lat' dir='ltr'>vocati</span> <span class='ocrx_word' id='word_1_241' title='bbox 730 1969 762 1998; x_wconf 90' lang='lat' dir='ltr'>in</span> <span class='ocrx_word' id='word_1_242' title='bbox 798 1967 917 2008; x_wconf 85' lang='lat' dir='ltr'>judicio</span> <span class='ocrx_word' id='word_1_243' title='bbox 955 1974 1204 2008; x_wconf 90' lang='lat' dir='ltr'>comparuerunt.</span> 
     </span>
     <span class='ocr_line' id='line_1_35' title="bbox 299 2017 1208 2058; baseline -0.003 -9"><span class='ocrx_word' id='word_1_244' title='bbox 299 2019 462 2050; x_wconf 82' lang='lat' dir='ltr'>Secundus</span> <span class='ocrx_word' id='word_1_245' title='bbox 490 2018 638 2048; x_wconf 77' lang='lat' dir='ltr'>articulus</span> <span class='ocrx_word' id='word_1_246' title='bbox 661 2018 716 2048; x_wconf 78' lang='lat' dir='ltr'>suit</span> <span class='ocrx_word' id='word_1_247' title='bbox 741 2027 836 2058; x_wconf 89' lang='lat' dir='ltr'>super</span> <span class='ocrx_word' id='word_1_248' title='bbox 866 2017 1150 2058; x_wconf 80' lang='lat' dir='ltr'>supplicacionibus</span> <span class='ocrx_word' id='word_1_249' title='bbox 1177 2023 1208 2047; x_wconf 90' lang='lat' dir='ltr'>et</span> 
     </span>
     <span class='ocr_line' id='line_1_36' title="bbox 301 2066 1207 2109; baseline -0.002 -11"><span class='ocrx_word' id='word_1_250' title='bbox 301 2068 435 2109; x_wconf 86' lang='lat' dir='ltr'>injuriis.</span> <span class='ocrx_word' id='word_1_251' title='bbox 469 2067 560 2098; x_wconf 82' lang='lat' dir='ltr'>Circa</span> <span class='ocrx_word' id='word_1_252' title='bbox 590 2077 680 2107; x_wconf 91' lang='lat' dir='ltr'>quem</span> <span class='ocrx_word' id='word_1_253' title='bbox 716 2066 968 2107; x_wconf 86' lang='lat' dir='ltr'>supplicaverunt</span> <span class='ocrx_word' id='word_1_254' title='bbox 998 2066 1134 2096; x_wconf 84' lang='lat' dir='ltr'>scolares</span> <span class='ocrx_word' id='word_1_255' title='bbox 1169 2067 1207 2096; x_wconf 87' lang='lat' dir='ltr'>de</span> 
     </span>
     <span class='ocr_line' id='line_1_37' title="bbox 302 2115 1208 2156; baseline -0.003 -9"><span class='ocrx_word' id='word_1_256' title='bbox 302 2117 430 2152; x_wconf 80' lang='lat' dir='ltr'>Baebia,</span> <span class='ocrx_word' id='word_1_257' title='bbox 447 2117 530 2156; x_wconf 91' lang='lat' dir='ltr'>quod</span> <span class='ocrx_word' id='word_1_258' title='bbox 545 2117 633 2146; x_wconf 81' lang='lat' dir='ltr'>nscio</span> <span class='ocrx_word' id='word_1_259' title='bbox 646 2116 691 2146; x_wconf 89' lang='lat' dir='ltr'>eis</span> <span class='ocrx_word' id='word_1_260' title='bbox 708 2115 801 2146; x_wconf 86' lang='lat' dir='ltr'>vellet</span> <span class='ocrx_word' id='word_1_261' title='bbox 817 2115 965 2145; x_wconf 79' lang='lat' dir='ltr'>assistere</span> <span class='ocrx_word' id='word_1_262' title='bbox 982 2121 1012 2145; x_wconf 87' lang='lat' dir='ltr'>et</span> <span class='ocrx_word' id='word_1_263' title='bbox 1027 2125 1123 2155; x_wconf 91' lang='lat' dir='ltr'>super</span> <span class='ocrx_word' id='word_1_264' title='bbox 1138 2125 1208 2155; x_wconf 89' lang='lat' dir='ltr'>pre-</span> 
     </span>
     <span class='ocr_line' id='line_1_38' title="bbox 300 2166 561 2197; baseline -0.008 0"><span class='ocrx_word' id='word_1_265' title='bbox 300 2167 390 2197; x_wconf 84' lang='lat' dir='ltr'>tactis</span> <span class='ocrx_word' id='word_1_266' title='bbox 406 2166 561 2196; x_wconf 84' lang='lat' dir='ltr'>ordinare.</span> 
     </span>
    </p>

    <p class='ocr_par' dir='ltr' id='par_1_4' title="bbox 300 2213 1212 2744">
     <span class='ocr_line' id='line_1_39' title="bbox 343 2213 1208 2255; baseline -0.003 -10"><span class='ocrx_word' id='word_1_267' title='bbox 343 2215 445 2255; x_wconf 89' lang='lat' dir='ltr'>Super</span> <span class='ocrx_word' id='word_1_268' title='bbox 461 2214 562 2255; x_wconf 90' lang='lat' dir='ltr'>primo</span> <span class='ocrx_word' id='word_1_269' title='bbox 581 2213 712 2244; x_wconf 89' lang='lat' dir='ltr'>articulo</span> <span class='ocrx_word' id='word_1_270' title='bbox 726 2219 756 2243; x_wconf 87' lang='lat' dir='ltr'>et</span> <span class='ocrx_word' id='word_1_271' title='bbox 775 2223 870 2253; x_wconf 89' lang='lat' dir='ltr'>super</span> <span class='ocrx_word' id='word_1_272' title='bbox 886 2213 1117 2253; x_wconf 81' lang='lat' dir='ltr'>supplicacione</span> <span class='ocrx_word' id='word_1_273' title='bbox 1133 2214 1208 2243; x_wconf 78' lang='lat' dir='ltr'>facta</span> 
     </span>
     <span class='ocr_line' id='line_1_40' title="bbox 300 2261 1208 2303; baseline -0.004 -8"><span class='ocrx_word' id='word_1_274' title='bbox 300 2263 458 2295; x_wconf 86' lang='lat' dir='ltr'>ordinavit</span> <span class='ocrx_word' id='word_1_275' title='bbox 470 2263 559 2293; x_wconf 89' lang='lat' dir='ltr'>nacio</span> <span class='ocrx_word' id='word_1_276' title='bbox 573 2263 657 2302; x_wconf 90' lang='lat' dir='ltr'>quod</span> <span class='ocrx_word' id='word_1_277' title='bbox 672 2263 703 2292; x_wconf 92' lang='lat' dir='ltr'>in</span> <span class='ocrx_word' id='word_1_278' title='bbox 718 2263 856 2302; x_wconf 87' lang='lat' dir='ltr'>proxima</span> <span class='ocrx_word' id='word_1_279' title='bbox 870 2262 1116 2303; x_wconf 79' lang='lat' dir='ltr'>congregacione</span> <span class='ocrx_word' id='word_1_280' title='bbox 1134 2261 1208 2292; x_wconf 91' lang='lat' dir='ltr'>Uni-</span> 
     </span>
     <span class='ocr_line' id='line_1_41' title="bbox 303 2311 1211 2352; baseline -0.003 -9"><span class='ocrx_word' id='word_1_281' title='bbox 303 2312 459 2344; x_wconf 78' lang='lat' dir='ltr'>versitatis</span> <span class='ocrx_word' id='word_1_282' title='bbox 482 2312 620 2352; x_wconf 81' lang='lat' dir='ltr'>predicta</span> <span class='ocrx_word' id='word_1_283' title='bbox 638 2322 676 2342; x_wconf 86' lang='lat' dir='ltr'>ex</span> <span class='ocrx_word' id='word_1_284' title='bbox 693 2317 780 2352; x_wconf 85' lang='lat' dir='ltr'>parte</span> <span class='ocrx_word' id='word_1_285' title='bbox 802 2311 941 2341; x_wconf 79' lang='lat' dir='ltr'>nacionis</span> <span class='ocrx_word' id='word_1_286' title='bbox 961 2317 1211 2351; x_wconf 84' lang='lat' dir='ltr'>proponerentur</span> 
     </span>
     <span class='ocr_line' id='line_1_42' title="bbox 300 2360 1210 2401; baseline -0.003 -8"><span class='ocrx_word' id='word_1_287' title='bbox 300 2368 333 2393; x_wconf 84' lang='lat' dir='ltr'>et</span> <span class='ocrx_word' id='word_1_288' title='bbox 348 2361 552 2392; x_wconf 84' lang='lat' dir='ltr'>Universitati</span> <span class='ocrx_word' id='word_1_289' title='bbox 567 2361 806 2401; x_wconf 80' lang='lat' dir='ltr'>supplicaretur,</span> <span class='ocrx_word' id='word_1_290' title='bbox 821 2361 904 2400; x_wconf 87' lang='lat' dir='ltr'>quod</span> <span class='ocrx_word' id='word_1_291' title='bbox 918 2360 1011 2390; x_wconf 89' lang='lat' dir='ltr'>vellet</span> <span class='ocrx_word' id='word_1_292' title='bbox 1021 2361 1094 2390; x_wconf 91' lang='lat' dir='ltr'>dare</span> <span class='ocrx_word' id='word_1_293' title='bbox 1107 2366 1210 2390; x_wconf 88' lang='lat' dir='ltr'>certos</span> 
     </span>
     <span class='ocr_line' id='line_1_43' title="bbox 302 2409 1210 2452; baseline -0.004 -10"><span class='ocrx_word' id='word_1_294' title='bbox 302 2412 468 2452; x_wconf 83' lang='lat' dir='ltr'>deputatos</span> <span class='ocrx_word' id='word_1_295' title='bbox 487 2411 526 2440; x_wconf 93' lang='lat' dir='ltr'>de</span> <span class='ocrx_word' id='word_1_296' title='bbox 545 2409 678 2450; x_wconf 84' lang='lat' dir='ltr'>singulis</span> <span class='ocrx_word' id='word_1_297' title='bbox 698 2409 903 2444; x_wconf 78' lang='lat' dir='ltr'>facultatibus,</span> <span class='ocrx_word' id='word_1_298' title='bbox 925 2409 978 2449; x_wconf 89' lang='lat' dir='ltr'>qui</span> <span class='ocrx_word' id='word_1_299' title='bbox 994 2409 1151 2439; x_wconf 81' lang='lat' dir='ltr'>veritatem</span> <span class='ocrx_word' id='word_1_300' title='bbox 1172 2410 1210 2439; x_wconf 92' lang='lat' dir='ltr'>de</span> 
     </span>
     <span class='ocr_line' id='line_1_44' title="bbox 302 2459 1210 2501; baseline -0.003 -11"><span class='ocrx_word' id='word_1_301' title='bbox 302 2460 450 2501; x_wconf 70' lang='lat' dir='ltr'>protectis</span> <span class='ocrx_word' id='word_1_302' title='bbox 465 2459 597 2489; x_wconf 78' lang='lat' dir='ltr'>babeant</span> <span class='ocrx_word' id='word_1_303' title='bbox 608 2459 776 2494; x_wconf 88' lang='lat' dir='ltr'>discutere,</span> <span class='ocrx_word' id='word_1_304' title='bbox 788 2468 849 2488; x_wconf 89' lang='lat' dir='ltr'>non</span> <span class='ocrx_word' id='word_1_305' title='bbox 863 2459 1005 2488; x_wconf 86' lang='lat' dir='ltr'>obstante</span> <span class='ocrx_word' id='word_1_306' title='bbox 1019 2467 1210 2498; x_wconf 81' lang='lat' dir='ltr'>quacumque</span> 
     </span>
     <span class='ocr_line' id='line_1_45' title="bbox 304 2506 1211 2549; baseline -0.003 -10"><span class='ocrx_word' id='word_1_307' title='bbox 304 2508 495 2549; x_wconf 73' lang='lat' dir='ltr'>suspicionis</span> <span class='ocrx_word' id='word_1_308' title='bbox 519 2507 718 2548; x_wconf 74' lang='lat' dir='ltr'>allegacione.</span> <span class='ocrx_word' id='word_1_309' title='bbox 744 2507 876 2547; x_wconf 89' lang='lat' dir='ltr'>lnsuper</span> <span class='ocrx_word' id='word_1_310' title='bbox 896 2506 983 2537; x_wconf 87' lang='lat' dir='ltr'>dedit</span> <span class='ocrx_word' id='word_1_311' title='bbox 1002 2507 1090 2537; x_wconf 82' lang='lat' dir='ltr'>nacio</span> <span class='ocrx_word' id='word_1_312' title='bbox 1112 2508 1211 2547; x_wconf 89' lang='lat' dir='ltr'>depu-</span> 
     </span>
     <span class='ocr_line' id='line_1_46' title="bbox 304 2555 1211 2597; baseline -0.002 -9"><span class='ocrx_word' id='word_1_313' title='bbox 304 2563 398 2594; x_wconf 77' lang='lat' dir='ltr'>tatos,</span> <span class='ocrx_word' id='word_1_314' title='bbox 408 2557 554 2588; x_wconf 85' lang='lat' dir='ltr'>videlicet</span> <span class='ocrx_word' id='word_1_315' title='bbox 565 2557 746 2597; x_wconf 84' lang='lat' dir='ltr'>magistrum</span> <span class='ocrx_word' id='word_1_316' title='bbox 758 2555 911 2597; x_wconf 80' lang='lat' dir='ltr'>Egydium</span> <span class='ocrx_word' id='word_1_317' title='bbox 927 2556 965 2585; x_wconf 86' lang='lat' dir='ltr'>de</span> <span class='ocrx_word' id='word_1_318' title='bbox 977 2556 1105 2592; x_wconf 79' lang='lat' dir='ltr'>Jutsaes,</span> <span class='ocrx_word' id='word_1_319' title='bbox 1117 2556 1211 2597; x_wconf 83' lang='lat' dir='ltr'>magi-</span> 
     </span>
     <span class='ocr_line' id='line_1_47' title="bbox 304 2604 1211 2646; baseline -0.001 -10"><span class='ocrx_word' id='word_1_320' title='bbox 304 2612 403 2637; x_wconf 80' lang='lat' dir='ltr'>strum</span> <span class='ocrx_word' id='word_1_321' title='bbox 424 2605 607 2646; x_wconf 81' lang='lat' dir='ltr'>Hughonem</span> <span class='ocrx_word' id='word_1_322' title='bbox 626 2606 664 2635; x_wconf 90' lang='lat' dir='ltr'>de</span> <span class='ocrx_word' id='word_1_323' title='bbox 682 2605 763 2639; x_wconf 79' lang='lat' dir='ltr'>Dels.</span> <span class='ocrx_word' id='word_1_324' title='bbox 780 2604 963 2645; x_wconf 77' lang='lat' dir='ltr'>Magistrum</span> <span class='ocrx_word' id='word_1_325' title='bbox 980 2605 1152 2635; x_wconf 84' lang='lat' dir='ltr'>Arnoldum</span> <span class='ocrx_word' id='word_1_326' title='bbox 1173 2606 1211 2635; x_wconf 90' lang='lat' dir='ltr'>de</span> 
     </span>
     <span class='ocr_line' id='line_1_48' title="bbox 306 2653 1212 2694; baseline -0.001 -9"><span class='ocrx_word' id='word_1_327' title='bbox 306 2654 421 2686; x_wconf 80' lang='lat' dir='ltr'>Utwiic</span> <span class='ocrx_word' id='word_1_328' title='bbox 433 2653 458 2690; x_wconf 80' lang='lat'>⁸,</span> <span class='ocrx_word' id='word_1_329' title='bbox 486 2660 516 2685; x_wconf 85' lang='lat' dir='ltr'>et</span> <span class='ocrx_word' id='word_1_330' title='bbox 550 2661 794 2694; x_wconf 84' lang='lat' dir='ltr'>procuratorem,</span> <span class='ocrx_word' id='word_1_331' title='bbox 824 2653 876 2694; x_wconf 87' lang='lat' dir='ltr'>qui</span> <span class='ocrx_word' id='word_1_332' title='bbox 906 2663 1029 2694; x_wconf 82' lang='lat' dir='ltr'>semper</span> <span class='ocrx_word' id='word_1_333' title='bbox 1057 2654 1212 2694; x_wconf 83' lang='lat' dir='ltr'>deputatis</span> 
     </span>
     <span class='ocr_line' id='line_1_49' title="bbox 307 2702 1210 2744; baseline 0 -11"><span class='ocrx_word' id='word_1_334' title='bbox 307 2704 463 2734; x_wconf 76' lang='lat' dir='ltr'>habebunt</span> <span class='ocrx_word' id='word_1_335' title='bbox 477 2703 640 2739; x_wconf 86' lang='lat' dir='ltr'>interesse,</span> <span class='ocrx_word' id='word_1_336' title='bbox 659 2704 731 2734; x_wconf 90' lang='lat' dir='ltr'>dum</span> <span class='ocrx_word' id='word_1_337' title='bbox 749 2704 786 2733; x_wconf 92' lang='lat' dir='ltr'>de</span> <span class='ocrx_word' id='word_1_338' title='bbox 802 2702 941 2743; x_wconf 85' lang='lat' dir='ltr'>predicta</span> <span class='ocrx_word' id='word_1_339' title='bbox 952 2703 1078 2733; x_wconf 84' lang='lat' dir='ltr'>materia</span> <span class='ocrx_word' id='word_1_340' title='bbox 1090 2710 1210 2744; x_wconf 88' lang='lat' dir='ltr'>agetur.</span> 
     </span>
    </p>
   </div>
   <div class='ocr_carea' id='block_1_4' title="bbox 340 2959 1096 3028">
    <p class='ocr_par' dir='ltr' id='par_1_5' title="bbox 340 2959 1096 3028">
     <span class='ocr_line' id='line_1_50' title="bbox 341 2959 1096 2993; baseline 0 -9"><span class='ocrx_word' id='word_1_341' title='bbox 341 2960 367 2985; x_wconf 83' lang='lat'>1.</span> <span class='ocrx_word' id='word_1_342' title='bbox 399 2961 438 2984; x_wconf 65' lang='lat' dir='ltr'>Nu</span> <span class='ocrx_word' id='word_1_343' title='bbox 455 2959 612 2989; x_wconf 67' lang='lat' dir='ltr'>ladmen-i,</span> <span class='ocrx_word' id='word_1_344' title='bbox 625 2963 649 2985; x_wconf 71' lang='lat' dir='ltr'>oe</span> <span class='ocrx_word' id='word_1_345' title='bbox 661 2960 794 2993; x_wconf 72' lang='lat' dir='ltr'>nicpoctca</span> <span class='ocrx_word' id='word_1_346' title='bbox 807 2960 833 2984; x_wconf 82' lang='grc' dir='ltr'>ιἰι</span> <span class='ocrx_word' id='word_1_347' title='bbox 844 2960 894 2984; x_wconf 73' lang='lat' dir='ltr'>iata</span> <span class='ocrx_word' id='word_1_348' title='bbox 906 2960 1096 2993; x_wconf 73' lang='lat' dir='ltr'>procuratori«.</span> 
     </span>
     <span class='ocr_line' id='line_1_51' title="bbox 340 2995 704 3028; baseline 0.003 -9"><span class='ocrx_word' id='word_1_349' title='bbox 340 2996 363 3020; x_wconf 73' lang='lat'><em>2</em></span> <span class='ocrx_word' id='word_1_350' title='bbox 403 2995 460 3020; x_wconf 71' lang='lat' dir='ltr'>rid.</span> <span class='ocrx_word' id='word_1_351' title='bbox 473 3003 552 3028; x_wconf 69' lang='lat' dir='ltr'>supra</span> <span class='ocrx_word' id='word_1_352' title='bbox 559 3003 587 3028; x_wconf 81' lang='lat' dir='ltr'>p.</span> <span class='ocrx_word' id='word_1_353' title='bbox 598 2995 652 3024; x_wconf 66' lang='lat'>7⁴⁵.</span> <span class='ocrx_word' id='word_1_354' title='bbox 665 2996 704 3020; x_wconf 75' lang='lat'>82.</span> 
     </span>
    </p>
   </div>
   <div class='ocr_carea' id='block_1_5' title="bbox 1255 746 1271 772">
    <p class='ocr_par' dir='ltr' id='par_1_6' title="bbox 1255 746 1271 772">
     <span class='ocr_line' id='line_1_52' title="bbox 1255 746 1271 772; baseline 0 0"><span class='ocrx_word' id='word_1_355' title='bbox 1255 746 1271 772; x_wconf 86' lang='lat'>5</span> 
     </span>
    </p>
   </div>
   <div class='ocr_carea' id='block_1_6' title="bbox 1239 992 1272 1017">
    <p class='ocr_par' dir='ltr' id='par_1_7' title="bbox 1239 992 1272 1017">
     <span class='ocr_line' id='line_1_53' title="bbox 1239 992 1272 1017; baseline 0 0"><span class='ocrx_word' id='word_1_356' title='bbox 1239 992 1272 1017; x_wconf 87' lang='lat'>10</span> 
     </span>
    </p>
   </div>
   <div class='ocr_carea' id='block_1_7' title="bbox 1240 1237 1274 1263">
    <p class='ocr_par' dir='ltr' id='par_1_8' title="bbox 1240 1237 1274 1263">
     <span class='ocr_line' id='line_1_54' title="bbox 1240 1237 1274 1263; baseline 0.029 -1"><span class='ocrx_word' id='word_1_357' title='bbox 1240 1237 1274 1263; x_wconf 90' lang='grc'>15</span> 
     </span>
    </p>
   </div>
   <div class='ocr_carea' id='block_1_8' title="bbox 1241 1482 1275 1508">
    <p class='ocr_par' dir='ltr' id='par_1_9' title="bbox 1241 1482 1275 1508">
     <span class='ocr_line' id='line_1_55' title="bbox 1241 1482 1275 1508; baseline -0.029 0"><span class='ocrx_word' id='word_1_358' title='bbox 1241 1482 1275 1508; x_wconf 77' lang='grc'>20</span> 
     </span>
    </p>
   </div>
   <div class='ocr_carea' id='block_1_9' title="bbox 1242 1726 1276 1752">
    <p class='ocr_par' dir='ltr' id='par_1_10' title="bbox 1242 1726 1276 1752">
     <span class='ocr_line' id='line_1_56' title="bbox 1242 1726 1276 1752; baseline 0 0"><span class='ocrx_word' id='word_1_359' title='bbox 1242 1726 1276 1752; x_wconf 82' lang='grc'>25</span> 
     </span>
    </p>
   </div>
   <div class='ocr_carea' id='block_1_10' title="bbox 1244 1971 1278 1998">
    <p class='ocr_par' dir='ltr' id='par_1_11' title="bbox 1244 1971 1278 1998">
     <span class='ocr_line' id='line_1_57' title="bbox 1244 1971 1278 1998; baseline 0 0"><span class='ocrx_word' id='word_1_360' title='bbox 1244 1971 1278 1998; x_wconf 83' lang='grc'>30</span> 
     </span>
    </p>
   </div>
   <div class='ocr_carea' id='block_1_11' title="bbox 1245 2215 1279 2243">
    <p class='ocr_par' dir='ltr' id='par_1_12' title="bbox 1245 2215 1279 2243">
     <span class='ocr_line' id='line_1_58' title="bbox 1245 2215 1279 2243; baseline 0 0"><span class='ocrx_word' id='word_1_361' title='bbox 1245 2215 1279 2243; x_wconf 86' lang='grc'>35</span> 
     </span>
    </p>
   </div>
   <div class='ocr_carea' id='block_1_12' title="bbox 1248 2461 1282 2488">
    <p class='ocr_par' dir='ltr' id='par_1_13' title="bbox 1248 2461 1282 2488">
     <span class='ocr_line' id='line_1_59' title="bbox 1248 2461 1282 2488; baseline 0.029 -1"><span class='ocrx_word' id='word_1_362' title='bbox 1248 2461 1282 2488; x_wconf 65' lang='lat' dir='ltr'>to</span> 
     </span>
    </p>
   </div>
   <div class='ocr_carea' id='block_1_13' title="bbox 1250 2705 1283 2732">
    <p class='ocr_par' dir='ltr' id='par_1_14' title="bbox 1250 2705 1283 2732">
     <span class='ocr_line' id='line_1_60' title="bbox 1250 2705 1283 2732; baseline 0.03 -1"><span class='ocrx_word' id='word_1_363' title='bbox 1250 2705 1283 2732; x_wconf 73' lang='lat'>45</span> 
     </span>
    </p>
   </div>
   <div class='ocr_carea' id='block_1_14' title="bbox 1306 616 2211 706">
    <p class='ocr_par' dir='ltr' id='par_1_15' title="bbox 1306 616 2211 706">
     <span class='ocr_line' id='line_1_61' title="bbox 1306 616 2211 657; baseline 0.001 -10"><span class='ocrx_word' id='word_1_364' title='bbox 1306 616 1397 647; x_wconf 79' lang='lat' dir='ltr'>Acta</span> <span class='ocrx_word' id='word_1_365' title='bbox 1438 616 1474 645; x_wconf 93' lang='lat' dir='ltr'>in</span> <span class='ocrx_word' id='word_1_366' title='bbox 1515 617 1778 656; x_wconf 86' lang='lat' dir='ltr'>procuratoria</span> <span class='ocrx_word' id='word_1_367' title='bbox 1822 618 1992 657; x_wconf 82' lang='lat' dir='ltr'>magistri</span> <span class='ocrx_word' id='word_1_368' title='bbox 2032 618 2211 648; x_wconf 83' lang='lat' dir='ltr'>Johannis</span> 
     </span>
     <span class='ocr_line' id='line_1_62' title="bbox 1662 666 1854 706; baseline 0.005 -12"><span class='ocrx_word' id='word_1_369' title='bbox 1662 666 1704 695; x_wconf 89' lang='lat' dir='ltr'>de</span> <span class='ocrx_word' id='word_1_370' title='bbox 1739 666 1854 706; x_wconf 91' lang='lat' dir='ltr'>Dorp.</span> 
     </span>
    </p>
   </div>
   <div class='ocr_carea' id='block_1_15' title="bbox 1309 741 2228 2890">
    <p class='ocr_par' dir='ltr' id='par_1_16' title="bbox 1309 741 2219 1616">
     <span class='ocr_line' id='line_1_63' title="bbox 1348 741 2213 782; baseline 0.002 -12"><span class='ocrx_word' id='word_1_371' title='bbox 1348 741 1440 771; x_wconf 88' lang='lat' dir='ltr'>Facta</span> <span class='ocrx_word' id='word_1_372' title='bbox 1473 742 1719 781; x_wconf 83' lang='lat' dir='ltr'>congregacione</span> <span class='ocrx_word' id='word_1_373' title='bbox 1755 742 1894 771; x_wconf 88' lang='lat' dir='ltr'>nacionis</span> <span class='ocrx_word' id='word_1_374' title='bbox 1927 742 2096 782; x_wconf 87' lang='lat' dir='ltr'>Anglicane</span> <span class='ocrx_word' id='word_1_375' title='bbox 2133 754 2213 772; x_wconf 90' lang='lat' dir='ltr'>anno</span> 
     </span>
     <span class='ocr_line' id='line_1_64' title="bbox 1310 790 2214 830; baseline 0.002 -11"><span class='ocrx_word' id='word_1_376' title='bbox 1310 790 1434 820; x_wconf 89' lang='lat' dir='ltr'>Domini</span> <span class='ocrx_word' id='word_1_377' title='bbox 1465 790 1510 819; x_wconf 83' lang='lat' dir='ltr'>M⁰</span> <span class='ocrx_word' id='word_1_378' title='bbox 1538 790 1633 820; x_wconf 85' lang='lat' dir='ltr'>CCC0</span> <span class='ocrx_word' id='word_1_379' title='bbox 1663 791 1864 830; x_wconf 89' lang='lat' dir='ltr'>nonagesimo</span> <span class='ocrx_word' id='word_1_380' title='bbox 1893 791 2036 830; x_wconf 86' lang='lat' dir='ltr'>septimo,</span> <span class='ocrx_word' id='word_1_381' title='bbox 2069 793 2214 821; x_wconf 85' lang='lat' dir='ltr'>vicesima</span> 
     </span>
     <span class='ocr_line' id='line_1_65' title="bbox 1309 839 2214 880; baseline 0.002 -12"><span class='ocrx_word' id='word_1_382' title='bbox 1309 846 1417 880; x_wconf 89' lang='lat' dir='ltr'>quarta</span> <span class='ocrx_word' id='word_1_383' title='bbox 1447 839 1497 868; x_wconf 91' lang='lat' dir='ltr'>die</span> <span class='ocrx_word' id='word_1_384' title='bbox 1523 839 1640 868; x_wconf 87' lang='lat' dir='ltr'>mensis</span> <span class='ocrx_word' id='word_1_385' title='bbox 1669 839 1873 879; x_wconf 86' lang='lat' dir='ltr'>Septembris,</span> <span class='ocrx_word' id='word_1_386' title='bbox 1901 840 1932 869; x_wconf 91' lang='lat' dir='ltr'>in</span> <span class='ocrx_word' id='word_1_387' title='bbox 1964 841 2072 880; x_wconf 86' lang='lat' dir='ltr'>primis</span> <span class='ocrx_word' id='word_1_388' title='bbox 2102 841 2214 871; x_wconf 85' lang='lat' dir='ltr'>Nostre</span> 
     </span>
     <span class='ocr_line' id='line_1_66' title="bbox 1309 888 2214 929; baseline 0.002 -12"><span class='ocrx_word' id='word_1_389' title='bbox 1309 888 1442 918; x_wconf 89' lang='lat' dir='ltr'>Domine</span> <span class='ocrx_word' id='word_1_390' title='bbox 1467 889 1549 928; x_wconf 89' lang='lat' dir='ltr'>apud</span> <span class='ocrx_word' id='word_1_391' title='bbox 1576 889 1720 918; x_wconf 87' lang='lat' dir='ltr'>Sanctum</span> <span class='ocrx_word' id='word_1_392' title='bbox 1753 889 1956 924; x_wconf 91' lang='lat' dir='ltr'>Maturinum,</span> <span class='ocrx_word' id='word_1_393' title='bbox 1987 900 2081 929; x_wconf 85' lang='lat' dir='ltr'>super</span> <span class='ocrx_word' id='word_1_394' title='bbox 2114 891 2214 920; x_wconf 89' lang='lat' dir='ltr'>tribus</span> 
     </span>
     <span class='ocr_line' id='line_1_67' title="bbox 1309 937 2214 979; baseline 0.002 -12"><span class='ocrx_word' id='word_1_395' title='bbox 1309 938 1459 967; x_wconf 85' lang='lat' dir='ltr'>articulis.</span> <span class='ocrx_word' id='word_1_396' title='bbox 1481 937 1604 967; x_wconf 85' lang='lat' dir='ltr'>Primus</span> <span class='ocrx_word' id='word_1_397' title='bbox 1627 944 1692 967; x_wconf 90' lang='lat' dir='ltr'>erat</span> <span class='ocrx_word' id='word_1_398' title='bbox 1715 939 1753 967; x_wconf 90' lang='lat' dir='ltr'>ad</span> <span class='ocrx_word' id='word_1_399' title='bbox 1775 938 1951 978; x_wconf 87' lang='lat' dir='ltr'>eligendum</span> <span class='ocrx_word' id='word_1_400' title='bbox 1970 949 2082 968; x_wconf 85' lang='lat' dir='ltr'>novum</span> <span class='ocrx_word' id='word_1_401' title='bbox 2102 950 2214 979; x_wconf 86' lang='lat' dir='ltr'>procu·</span> 
     </span>
     <span class='ocr_line' id='line_1_68' title="bbox 1309 987 2215 1026; baseline 0.002 -10"><span class='ocrx_word' id='word_1_402' title='bbox 1309 993 1454 1022; x_wconf 84' lang='lat' dir='ltr'>ratorem,</span> <span class='ocrx_word' id='word_1_403' title='bbox 1480 993 1510 1016; x_wconf 89' lang='lat' dir='ltr'>et</span> <span class='ocrx_word' id='word_1_404' title='bbox 1531 987 1568 1016; x_wconf 88' lang='lat' dir='ltr'>ad</span> <span class='ocrx_word' id='word_1_405' title='bbox 1593 987 1830 1016; x_wconf 85' lang='lat' dir='ltr'>continuandum</span> <span class='ocrx_word' id='word_1_406' title='bbox 1857 987 2027 1026; x_wconf 89' lang='lat' dir='ltr'>antiquum.</span> <span class='ocrx_word' id='word_1_407' title='bbox 2055 988 2215 1018; x_wconf 86' lang='lat' dir='ltr'>Secundus</span> 
     </span>
     <span class='ocr_line' id='line_1_69' title="bbox 1310 1036 2216 1076; baseline 0.001 -10"><span class='ocrx_word' id='word_1_408' title='bbox 1310 1042 1377 1066; x_wconf 88' lang='lat' dir='ltr'>erat</span> <span class='ocrx_word' id='word_1_409' title='bbox 1399 1037 1437 1065; x_wconf 82' lang='lat' dir='ltr'>ad</span> <span class='ocrx_word' id='word_1_410' title='bbox 1466 1036 1652 1065; x_wconf 89' lang='lat' dir='ltr'>audiendum</span> <span class='ocrx_word' id='word_1_411' title='bbox 1677 1042 1852 1075; x_wconf 90' lang='lat' dir='ltr'>computum</span> <span class='ocrx_word' id='word_1_412' title='bbox 1876 1037 2060 1076; x_wconf 88' lang='lat' dir='ltr'>receptoris.</span> <span class='ocrx_word' id='word_1_413' title='bbox 2088 1037 2216 1067; x_wconf 87' lang='lat' dir='ltr'>Tercius</span> 
     </span>
     <span class='ocr_line' id='line_1_70' title="bbox 1311 1084 2216 1126; baseline 0.001 -11"><span class='ocrx_word' id='word_1_414' title='bbox 1311 1095 1406 1125; x_wconf 86' lang='lat' dir='ltr'>super</span> <span class='ocrx_word' id='word_1_415' title='bbox 1419 1085 1703 1125; x_wconf 88' lang='lat' dir='ltr'>supplicacionibus</span> <span class='ocrx_word' id='word_1_416' title='bbox 1719 1091 1748 1114; x_wconf 91' lang='lat' dir='ltr'>et</span> <span class='ocrx_word' id='word_1_417' title='bbox 1763 1084 1894 1124; x_wconf 87' lang='lat' dir='ltr'>injuriis.</span> <span class='ocrx_word' id='word_1_418' title='bbox 1913 1087 2013 1125; x_wconf 88' lang='lat' dir='ltr'>Super</span> <span class='ocrx_word' id='word_1_419' title='bbox 2028 1086 2127 1126; x_wconf 88' lang='lat' dir='ltr'>primo</span> <span class='ocrx_word' id='word_1_420' title='bbox 2145 1097 2216 1116; x_wconf 93' lang='lat' dir='ltr'>con-</span> 
     </span>
     <span class='ocr_line' id='line_1_71' title="bbox 1310 1134 2216 1176; baseline 0.001 -12"><span class='ocrx_word' id='word_1_421' title='bbox 1310 1135 1446 1164; x_wconf 90' lang='lat' dir='ltr'>tinuatus</span> <span class='ocrx_word' id='word_1_422' title='bbox 1462 1134 1518 1163; x_wconf 86' lang='lat' dir='ltr'>suit</span> <span class='ocrx_word' id='word_1_423' title='bbox 1534 1134 1730 1163; x_wconf 87' lang='lat' dir='ltr'>concorditer</span> <span class='ocrx_word' id='word_1_424' title='bbox 1742 1134 1889 1173; x_wconf 86' lang='lat' dir='ltr'>magister</span> <span class='ocrx_word' id='word_1_425' title='bbox 1905 1134 2062 1164; x_wconf 84' lang='lat' dir='ltr'>Johannes</span> <span class='ocrx_word' id='word_1_426' title='bbox 2075 1136 2112 1164; x_wconf 91' lang='lat' dir='ltr'>de</span> <span class='ocrx_word' id='word_1_427' title='bbox 2130 1135 2216 1176; x_wconf 92' lang='lat' dir='ltr'>Dorp</span> 
     </span>
     <span class='ocr_line' id='line_1_72' title="bbox 1310 1182 2214 1223; baseline 0.001 -10"><span class='ocrx_word' id='word_1_428' title='bbox 1310 1183 1343 1213; x_wconf 89' lang='lat' dir='ltr'>in</span> <span class='ocrx_word' id='word_1_429' title='bbox 1367 1189 1611 1223; x_wconf 88' lang='lat' dir='ltr'>procuratorem.</span> <span class='ocrx_word' id='word_1_430' title='bbox 1639 1182 1740 1222; x_wconf 85' lang='lat' dir='ltr'>Super</span> <span class='ocrx_word' id='word_1_431' title='bbox 1763 1183 1794 1211; x_wconf 81' lang='lat'>2⁰</span> <span class='ocrx_word' id='word_1_432' title='bbox 1817 1183 1936 1212; x_wconf 89' lang='lat' dir='ltr'>delatus</span> <span class='ocrx_word' id='word_1_433' title='bbox 1963 1184 2018 1213; x_wconf 91' lang='lat' dir='ltr'>suit</span> <span class='ocrx_word' id='word_1_434' title='bbox 2041 1191 2214 1223; x_wconf 90' lang='lat' dir='ltr'>computus.</span> 
     </span>
     <span class='ocr_line' id='line_1_73' title="bbox 1312 1231 2215 1272; baseline 0.001 -10"><span class='ocrx_word' id='word_1_435' title='bbox 1312 1232 1414 1272; x_wconf 86' lang='lat' dir='ltr'>Super</span> <span class='ocrx_word' id='word_1_436' title='bbox 1434 1232 1532 1262; x_wconf 83' lang='lat' dir='ltr'>tercio</span> <span class='ocrx_word' id='word_1_437' title='bbox 1551 1231 1738 1272; x_wconf 88' lang='lat' dir='ltr'>supplicavit</span> <span class='ocrx_word' id='word_1_438' title='bbox 1759 1232 1907 1271; x_wconf 85' lang='lat' dir='ltr'>magister</span> <span class='ocrx_word' id='word_1_439' title='bbox 1926 1232 2066 1272; x_wconf 85' lang='lat' dir='ltr'>Egydius</span> <span class='ocrx_word' id='word_1_440' title='bbox 2088 1234 2215 1269; x_wconf 65' lang='lat' dir='ltr'>Just-aes,</span> 
     </span>
     <span class='ocr_line' id='line_1_74' title="bbox 1311 1281 2215 1321; baseline 0.001 -10"><span class='ocrx_word' id='word_1_441' title='bbox 1311 1291 1349 1311; x_wconf 87' lang='lat' dir='ltr'>ex</span> <span class='ocrx_word' id='word_1_442' title='bbox 1369 1291 1430 1321; x_wconf 91' lang='lat' dir='ltr'>quo</span> <span class='ocrx_word' id='word_1_443' title='bbox 1457 1282 1651 1310; x_wconf 85' lang='lat' dir='ltr'>continuatus</span> <span class='ocrx_word' id='word_1_444' title='bbox 1675 1281 1731 1310; x_wconf 81' lang='lat' dir='ltr'>fuit</span> <span class='ocrx_word' id='word_1_445' title='bbox 1753 1281 1783 1310; x_wconf 91' lang='lat' dir='ltr'>in</span> <span class='ocrx_word' id='word_1_446' title='bbox 1806 1287 1997 1321; x_wconf 88' lang='lat' dir='ltr'>receptorem</span> <span class='ocrx_word' id='word_1_447' title='bbox 2020 1292 2056 1311; x_wconf 91' lang='lat' dir='ltr'>eo</span> <span class='ocrx_word' id='word_1_448' title='bbox 2078 1283 2215 1318; x_wconf 85' lang='lat' dir='ltr'>absente,</span> 
     </span>
     <span class='ocr_line' id='line_1_75' title="bbox 1312 1330 2217 1371; baseline 0.002 -11"><span class='ocrx_word' id='word_1_449' title='bbox 1312 1331 1395 1371; x_wconf 91' lang='lat' dir='ltr'>quod</span> <span class='ocrx_word' id='word_1_450' title='bbox 1411 1330 1547 1370; x_wconf 86' lang='lat' dir='ltr'>placeret</span> <span class='ocrx_word' id='word_1_451' title='bbox 1562 1330 1684 1359; x_wconf 91' lang='lat' dir='ltr'>nacioni</span> <span class='ocrx_word' id='word_1_452' title='bbox 1704 1330 1804 1369; x_wconf 87' lang='lat' dir='ltr'>ipsum</span> <span class='ocrx_word' id='word_1_453' title='bbox 1820 1330 1933 1359; x_wconf 88' lang='lat' dir='ltr'>habere</span> <span class='ocrx_word' id='word_1_454' title='bbox 1948 1332 2160 1370; x_wconf 86' lang='lat' dir='ltr'>subportatum</span> <span class='ocrx_word' id='word_1_455' title='bbox 2179 1333 2217 1362; x_wconf 89' lang='lat' dir='ltr'>de</span> 
     </span>
     <span class='ocr_line' id='line_1_76' title="bbox 1312 1379 2217 1421; baseline 0.001 -12"><span class='ocrx_word' id='word_1_456' title='bbox 1312 1380 1366 1409; x_wconf 88' lang='lat' dir='ltr'>illo</span> <span class='ocrx_word' id='word_1_457' title='bbox 1376 1379 1487 1414; x_wconf 85' lang='lat' dir='ltr'>officio,</span> <span class='ocrx_word' id='word_1_458' title='bbox 1502 1386 1532 1409; x_wconf 88' lang='lat' dir='ltr'>et</span> <span class='ocrx_word' id='word_1_459' title='bbox 1541 1379 1657 1419; x_wconf 84' lang='lat' dir='ltr'>eligere</span> <span class='ocrx_word' id='word_1_460' title='bbox 1669 1379 1761 1408; x_wconf 89' lang='lat' dir='ltr'>alium</span> <span class='ocrx_word' id='word_1_461' title='bbox 1775 1385 1978 1419; x_wconf 88' lang='lat' dir='ltr'>receptorem.</span> <span class='ocrx_word' id='word_1_462' title='bbox 1989 1379 2085 1419; x_wconf 86' lang='lat' dir='ltr'>Cujus</span> <span class='ocrx_word' id='word_1_463' title='bbox 2101 1381 2217 1421; x_wconf 88' lang='lat' dir='ltr'>suppli·</span> 
     </span>
     <span class='ocr_line' id='line_1_77' title="bbox 1313 1428 2218 1469; baseline 0 -10"><span class='ocrx_word' id='word_1_464' title='bbox 1313 1429 1468 1459; x_wconf 81' lang='lat' dir='ltr'>cacionem</span> <span class='ocrx_word' id='word_1_465' title='bbox 1490 1428 1579 1458; x_wconf 83' lang='lat' dir='ltr'>nacio</span> <span class='ocrx_word' id='word_1_466' title='bbox 1600 1438 1662 1457; x_wconf 89' lang='lat' dir='ltr'>non</span> <span class='ocrx_word' id='word_1_467' title='bbox 1687 1428 1856 1463; x_wconf 83' lang='lat' dir='ltr'>concessit,</span> <span class='ocrx_word' id='word_1_468' title='bbox 1886 1429 1939 1458; x_wconf 87' lang='lat' dir='ltr'>sed</span> <span class='ocrx_word' id='word_1_469' title='bbox 1962 1429 2044 1458; x_wconf 91' lang='lat' dir='ltr'>dicto</span> <span class='ocrx_word' id='word_1_470' title='bbox 2069 1430 2218 1469; x_wconf 86' lang='lat' dir='ltr'>magistro</span> 
     </span>
     <span class='ocr_line' id='line_1_78' title="bbox 1313 1477 2219 1518; baseline 0 -10"><span class='ocrx_word' id='word_1_471' title='bbox 1313 1478 1437 1518; x_wconf 82' lang='lat' dir='ltr'>Egydio</span> <span class='ocrx_word' id='word_1_472' title='bbox 1463 1478 1500 1507; x_wconf 87' lang='lat' dir='ltr'>de</span> <span class='ocrx_word' id='word_1_473' title='bbox 1523 1477 1641 1507; x_wconf 85' lang='lat' dir='ltr'>Jutsaes</span> <span class='ocrx_word' id='word_1_474' title='bbox 1667 1477 1863 1516; x_wconf 85' lang='lat' dir='ltr'>supplicavit,</span> <span class='ocrx_word' id='word_1_475' title='bbox 1887 1479 1969 1516; x_wconf 90' lang='lat' dir='ltr'>quod</span> <span class='ocrx_word' id='word_1_476' title='bbox 1995 1478 2054 1507; x_wconf 86' lang='lat' dir='ltr'>sibi</span> <span class='ocrx_word' id='word_1_477' title='bbox 2085 1478 2219 1518; x_wconf 87' lang='lat' dir='ltr'>placeret</span> 
     </span>
     <span class='ocr_line' id='line_1_79' title="bbox 1313 1526 2216 1566; baseline 0 -9"><span class='ocrx_word' id='word_1_478' title='bbox 1313 1527 1493 1557; x_wconf 88' lang='lat' dir='ltr'>continuare</span> <span class='ocrx_word' id='word_1_479' title='bbox 1525 1526 1655 1556; x_wconf 87' lang='lat' dir='ltr'>officium</span> <span class='ocrx_word' id='word_1_480' title='bbox 1686 1526 1859 1565; x_wconf 87' lang='lat' dir='ltr'>receptorie</span> <span class='ocrx_word' id='word_1_481' title='bbox 1890 1537 1946 1566; x_wconf 85' lang='lat' dir='ltr'>per</span> <span class='ocrx_word' id='word_1_482' title='bbox 1973 1527 2063 1557; x_wconf 92' lang='lat' dir='ltr'>istum</span> <span class='ocrx_word' id='word_1_483' title='bbox 2093 1538 2216 1563; x_wconf 85' lang='lat' dir='ltr'>annum,</span> 
     </span>
     <span class='ocr_line' id='line_1_80' title="bbox 1314 1575 2037 1616; baseline -0.001 -10"><span class='ocrx_word' id='word_1_484' title='bbox 1314 1576 1402 1606; x_wconf 89' lang='lat' dir='ltr'>sicud</span> <span class='ocrx_word' id='word_1_485' title='bbox 1413 1575 1475 1616; x_wconf 88' lang='lat' dir='ltr'>jam</span> <span class='ocrx_word' id='word_1_486' title='bbox 1493 1575 1636 1616; x_wconf 87' lang='lat' dir='ltr'>pluribus</span> <span class='ocrx_word' id='word_1_487' title='bbox 1652 1575 1722 1604; x_wconf 83' lang='lat' dir='ltr'>aliis</span> <span class='ocrx_word' id='word_1_488' title='bbox 1735 1575 1823 1604; x_wconf 86' lang='lat' dir='ltr'>annis</span> <span class='ocrx_word' id='word_1_489' title='bbox 1838 1576 2037 1605; x_wconf 78' lang='lat' dir='ltr'>continuavit.</span> 
     </span>
    </p>

    <p class='ocr_par' dir='ltr' id='par_1_17' title="bbox 1313 1624 2228 2890">
     <span class='ocr_line' id='line_1_81' title="bbox 1354 1624 2218 1665; baseline 0.001 -11"><span class='ocrx_word' id='word_1_490' title='bbox 1354 1625 1445 1655; x_wconf 83' lang='lat' dir='ltr'>Facta</span> <span class='ocrx_word' id='word_1_491' title='bbox 1465 1625 1712 1665; x_wconf 84' lang='lat' dir='ltr'>congregacione</span> <span class='ocrx_word' id='word_1_492' title='bbox 1734 1624 1953 1654; x_wconf 86' lang='lat' dir='ltr'>Universitatis</span> <span class='ocrx_word' id='word_1_493' title='bbox 1973 1626 2053 1664; x_wconf 90' lang='lat' dir='ltr'>apud</span> <span class='ocrx_word' id='word_1_494' title='bbox 2075 1626 2218 1655; x_wconf 88' lang='lat' dir='ltr'>Sanctum</span> 
     </span>
     <span class='ocr_line' id='line_1_82' title="bbox 1313 1673 2217 1715; baseline 0.001 -11"><span class='ocrx_word' id='word_1_495' title='bbox 1313 1674 1500 1704; x_wconf 79' lang='lat' dir='ltr'>Maturinum</span> <span class='ocrx_word' id='word_1_496' title='bbox 1518 1674 1549 1703; x_wconf 93' lang='lat' dir='ltr'>in</span> <span class='ocrx_word' id='word_1_497' title='bbox 1566 1673 1674 1713; x_wconf 88' lang='lat' dir='ltr'>primis</span> <span class='ocrx_word' id='word_1_498' title='bbox 1690 1673 1803 1703; x_wconf 88' lang='lat' dir='ltr'>Nostre</span> <span class='ocrx_word' id='word_1_499' title='bbox 1819 1674 1950 1703; x_wconf 86' lang='lat' dir='ltr'>Domine</span> <span class='ocrx_word' id='word_1_500' title='bbox 1965 1684 2044 1703; x_wconf 86' lang='lat' dir='ltr'>anno</span> <span class='ocrx_word' id='word_1_501' title='bbox 2063 1681 2095 1704; x_wconf 87' lang='lat' dir='ltr'>ut</span> <span class='ocrx_word' id='word_1_502' title='bbox 2112 1685 2217 1715; x_wconf 86' lang='lat' dir='ltr'>supra,</span> 
     </span>
     <span class='ocr_line' id='line_1_83' title="bbox 1314 1722 2218 1764; baseline -0.001 -10"><span class='ocrx_word' id='word_1_503' title='bbox 1314 1724 1365 1754; x_wconf 74' lang='lat'>28²</span> <span class='ocrx_word' id='word_1_504' title='bbox 1381 1723 1431 1753; x_wconf 86' lang='lat' dir='ltr'>die</span> <span class='ocrx_word' id='word_1_505' title='bbox 1457 1723 1574 1752; x_wconf 87' lang='lat' dir='ltr'>mensis</span> <span class='ocrx_word' id='word_1_506' title='bbox 1597 1722 1789 1762; x_wconf 85' lang='lat' dir='ltr'>Septembris</span> <span class='ocrx_word' id='word_1_507' title='bbox 1809 1723 1994 1762; x_wconf 80' lang='lat' dir='ltr'>supplicavit</span> <span class='ocrx_word' id='word_1_508' title='bbox 2011 1723 2115 1759; x_wconf 78' lang='lat' dir='ltr'>nacio,</span> <span class='ocrx_word' id='word_1_509' title='bbox 2137 1725 2218 1764; x_wconf 90' lang='lat' dir='ltr'>quod</span> 
     </span>
     <span class='ocr_line' id='line_1_84' title="bbox 1314 1771 2219 1813; baseline 0 -10"><span class='ocrx_word' id='word_1_510' title='bbox 1314 1783 1409 1813; x_wconf 89' lang='lat' dir='ltr'>super</span> <span class='ocrx_word' id='word_1_511' title='bbox 1430 1771 1644 1802; x_wconf 84' lang='lat' dir='ltr'>controversia</span> <span class='ocrx_word' id='word_1_512' title='bbox 1663 1772 1816 1811; x_wconf 89' lang='lat' dir='ltr'>pendente</span> <span class='ocrx_word' id='word_1_513' title='bbox 1835 1771 1915 1800; x_wconf 87' lang='lat' dir='ltr'>inter</span> <span class='ocrx_word' id='word_1_514' title='bbox 1936 1771 2007 1801; x_wconf 85' lang='lat' dir='ltr'>illos</span> <span class='ocrx_word' id='word_1_515' title='bbox 2029 1773 2066 1802; x_wconf 83' lang='lat' dir='ltr'>de</span> <span class='ocrx_word' id='word_1_516' title='bbox 2088 1773 2219 1813; x_wconf 89' lang='lat' dir='ltr'>collegio</span> 
     </span>
     <span class='ocr_line' id='line_1_85' title="bbox 1315 1821 2219 1862; baseline 0 -10"><span class='ocrx_word' id='word_1_517' title='bbox 1315 1821 1512 1852; x_wconf 88' lang='lat' dir='ltr'>Laudunensi</span> <span class='ocrx_word' id='word_1_518' title='bbox 1533 1827 1563 1850; x_wconf 89' lang='lat' dir='ltr'>et</span> <span class='ocrx_word' id='word_1_519' title='bbox 1584 1821 1664 1850; x_wconf 90' lang='lat' dir='ltr'>inter</span> <span class='ocrx_word' id='word_1_520' title='bbox 1688 1821 1824 1850; x_wconf 85' lang='lat' dir='ltr'>scolares</span> <span class='ocrx_word' id='word_1_521' title='bbox 1849 1821 1886 1850; x_wconf 92' lang='lat' dir='ltr'>de</span> <span class='ocrx_word' id='word_1_522' title='bbox 1906 1830 2004 1860; x_wconf 87' lang='lat' dir='ltr'>regno</span> <span class='ocrx_word' id='word_1_523' title='bbox 2024 1822 2140 1851; x_wconf 89' lang='lat' dir='ltr'>Dachie</span> <span class='ocrx_word' id='word_1_524' title='bbox 2161 1833 2219 1862; x_wconf 90' lang='lat' dir='ltr'>pro</span> 
     </span>
     <span class='ocr_line' id='line_1_86' title="bbox 1315 1869 2220 1911; baseline 0 -10"><span class='ocrx_word' id='word_1_525' title='bbox 1315 1872 1444 1911; x_wconf 87' lang='lat' dir='ltr'>quadam</span> <span class='ocrx_word' id='word_1_526' title='bbox 1466 1871 1569 1905; x_wconf 89' lang='lat' dir='ltr'>domo,</span> <span class='ocrx_word' id='word_1_527' title='bbox 1588 1870 1626 1899; x_wconf 91' lang='lat' dir='ltr'>de</span> <span class='ocrx_word' id='word_1_528' title='bbox 1643 1880 1702 1909; x_wconf 85' lang='lat' dir='ltr'>qua</span> <span class='ocrx_word' id='word_1_529' title='bbox 1722 1869 1866 1909; x_wconf 87' lang='lat' dir='ltr'>superius</span> <span class='ocrx_word' id='word_1_530' title='bbox 1888 1870 2064 1909; x_wconf 79' lang='lat' dir='ltr'>frequenter</span> <span class='ocrx_word' id='word_1_531' title='bbox 2079 1877 2126 1900; x_wconf 85' lang='lat' dir='ltr'>est</span> <span class='ocrx_word' id='word_1_532' title='bbox 2143 1872 2220 1901; x_wconf 86' lang='lat' dir='ltr'>sacta</span> 
     </span>
     <span class='ocr_line' id='line_1_87' title="bbox 1315 1918 2219 1958; baseline 0 -8"><span class='ocrx_word' id='word_1_533' title='bbox 1315 1920 1449 1955; x_wconf 88' lang='lat' dir='ltr'>mensio,</span> <span class='ocrx_word' id='word_1_534' title='bbox 1478 1919 1672 1950; x_wconf 89' lang='lat' dir='ltr'>Universitas</span> <span class='ocrx_word' id='word_1_535' title='bbox 1695 1918 1788 1948; x_wconf 86' lang='lat' dir='ltr'>vellet</span> <span class='ocrx_word' id='word_1_536' title='bbox 1810 1919 1989 1958; x_wconf 89' lang='lat' dir='ltr'>providere,</span> <span class='ocrx_word' id='word_1_537' title='bbox 2012 1920 2219 1950; x_wconf 86' lang='lat' dir='ltr'>continuando</span> 
     </span>
     <span class='ocr_line' id='line_1_88' title="bbox 1314 1968 2220 2008; baseline 0 -10"><span class='ocrx_word' id='word_1_538' title='bbox 1314 1969 1458 1999; x_wconf 86' lang='lat' dir='ltr'>videlicet</span> <span class='ocrx_word' id='word_1_539' title='bbox 1478 1968 1622 2008; x_wconf 88' lang='lat' dir='ltr'>antiquos</span> <span class='ocrx_word' id='word_1_540' title='bbox 1641 1969 1815 2007; x_wconf 83' lang='lat' dir='ltr'>deputatos,</span> <span class='ocrx_word' id='word_1_541' title='bbox 1833 1968 1945 2007; x_wconf 88' lang='lat' dir='ltr'>quibus</span> <span class='ocrx_word' id='word_1_542' title='bbox 1968 1969 2076 1997; x_wconf 81' lang='lat' dir='ltr'>factum</span> <span class='ocrx_word' id='word_1_543' title='bbox 2096 1975 2220 1998; x_wconf 87' lang='lat' dir='ltr'>consta-</span> 
     </span>
     <span class='ocr_line' id='line_1_89' title="bbox 1316 2015 2220 2058; baseline -0.001 -10"><span class='ocrx_word' id='word_1_544' title='bbox 1316 2019 1377 2054; x_wconf 81' lang='lat' dir='ltr'>bat,</span> <span class='ocrx_word' id='word_1_545' title='bbox 1397 2024 1427 2047; x_wconf 92' lang='lat' dir='ltr'>et</span> <span class='ocrx_word' id='word_1_546' title='bbox 1441 2017 1562 2058; x_wconf 88' lang='lat' dir='ltr'>aliquos</span> <span class='ocrx_word' id='word_1_547' title='bbox 1582 2027 1679 2046; x_wconf 84' lang='lat' dir='ltr'>novos</span> <span class='ocrx_word' id='word_1_548' title='bbox 1697 2015 1904 2057; x_wconf 83' lang='lat' dir='ltr'>adjungendO,</span> <span class='ocrx_word' id='word_1_549' title='bbox 1924 2017 1976 2056; x_wconf 89' lang='lat' dir='ltr'>qui</span> <span class='ocrx_word' id='word_1_550' title='bbox 1993 2017 2139 2047; x_wconf 86' lang='lat' dir='ltr'>haberent</span> <span class='ocrx_word' id='word_1_551' title='bbox 2153 2018 2220 2058; x_wconf 86' lang='lat' dir='ltr'>ple-</span> 
     </span>
     <span class='ocr_line' id='line_1_90' title="bbox 1315 2066 2220 2107; baseline -0.001 -10"><span class='ocrx_word' id='word_1_552' title='bbox 1315 2077 1384 2097; x_wconf 85' lang='lat' dir='ltr'>nam</span> <span class='ocrx_word' id='word_1_553' title='bbox 1406 2072 1588 2107; x_wconf 86' lang='lat' dir='ltr'>potestatem</span> <span class='ocrx_word' id='word_1_554' title='bbox 1611 2066 1794 2095; x_wconf 87' lang='lat' dir='ltr'>terminandi</span> <span class='ocrx_word' id='word_1_555' title='bbox 1822 2067 1942 2100; x_wconf 84' lang='lat' dir='ltr'>sactum,</span> <span class='ocrx_word' id='word_1_556' title='bbox 1970 2066 2106 2105; x_wconf 89' lang='lat' dir='ltr'>alioquin</span> <span class='ocrx_word' id='word_1_557' title='bbox 2131 2067 2220 2096; x_wconf 88' lang='lat' dir='ltr'>nacio</span> 
     </span>
     <span class='ocr_line' id='line_1_91' title="bbox 1316 2114 2219 2155; baseline -0.002 -8"><span class='ocrx_word' id='word_1_558' title='bbox 1316 2126 1439 2147; x_wconf 84' lang='lat' dir='ltr'>causam</span> <span class='ocrx_word' id='word_1_559' title='bbox 1457 2116 1494 2145; x_wconf 85' lang='lat' dir='ltr'>ad</span> <span class='ocrx_word' id='word_1_560' title='bbox 1512 2115 1594 2145; x_wconf 83' lang='lat' dir='ltr'>aliud</span> <span class='ocrx_word' id='word_1_561' title='bbox 1608 2114 1756 2155; x_wconf 86' lang='lat' dir='ltr'>judicium</span> <span class='ocrx_word' id='word_1_562' title='bbox 1774 2114 1896 2144; x_wconf 83' lang='lat' dir='ltr'>trahere</span> <span class='ocrx_word' id='word_1_563' title='bbox 1918 2114 2104 2145; x_wconf 78' lang='lat' dir='ltr'>intendebat.</span> <span class='ocrx_word' id='word_1_564' title='bbox 2123 2116 2219 2153; x_wconf 76' lang='lat' dir='ltr'>Quam</span> 
     </span>
     <span class='ocr_line' id='line_1_92' title="bbox 1318 2164 2220 2206; baseline -0.001 -11"><span class='ocrx_word' id='word_1_565' title='bbox 1318 2164 1578 2206; x_wconf 85' lang='lat' dir='ltr'>supplicacionem</span> <span class='ocrx_word' id='word_1_566' title='bbox 1596 2164 1790 2194; x_wconf 88' lang='lat' dir='ltr'>Universitas</span> <span class='ocrx_word' id='word_1_567' title='bbox 1803 2164 1967 2197; x_wconf 88' lang='lat' dir='ltr'>concessit,</span> <span class='ocrx_word' id='word_1_568' title='bbox 1985 2164 2129 2194; x_wconf 84' lang='lat' dir='ltr'>videlicet</span> <span class='ocrx_word' id='word_1_569' title='bbox 2146 2165 2220 2194; x_wconf 90' lang='lat' dir='ltr'>anti-</span> 
     </span>
     <span class='ocr_line' id='line_1_93' title="bbox 1317 2212 2219 2255; baseline -0.001 -11"><span class='ocrx_word' id='word_1_570' title='bbox 1317 2225 1396 2255; x_wconf 90' lang='lat' dir='ltr'>quos</span> <span class='ocrx_word' id='word_1_571' title='bbox 1416 2215 1579 2254; x_wconf 88' lang='lat' dir='ltr'>deputatos</span> <span class='ocrx_word' id='word_1_572' title='bbox 1601 2213 1820 2247; x_wconf 85' lang='lat' dir='ltr'>continuando,</span> <span class='ocrx_word' id='word_1_573' title='bbox 1845 2219 1872 2241; x_wconf 88' lang='lat' dir='ltr'>et</span> <span class='ocrx_word' id='word_1_574' title='bbox 1895 2223 1993 2242; x_wconf 90' lang='lat' dir='ltr'>novos</span> <span class='ocrx_word' id='word_1_575' title='bbox 2012 2212 2219 2253; x_wconf 79' lang='lat' dir='ltr'>adjungendo,</span> 
     </span>
     <span class='ocr_line' id='line_1_94' title="bbox 1317 2261 2222 2303; baseline -0.001 -10"><span class='ocrx_word' id='word_1_576' title='bbox 1317 2263 1371 2303; x_wconf 81' lang='lat' dir='ltr'>qui</span> <span class='ocrx_word' id='word_1_577' title='bbox 1393 2262 1634 2293; x_wconf 82' lang='lat' dir='ltr'>controversiam</span> <span class='ocrx_word' id='word_1_578' title='bbox 1658 2262 1793 2292; x_wconf 84' lang='lat' dir='ltr'>totaliter</span> <span class='ocrx_word' id='word_1_579' title='bbox 1815 2261 1962 2291; x_wconf 83' lang='lat' dir='ltr'>haberent</span> <span class='ocrx_word' id='word_1_580' title='bbox 1987 2262 2162 2292; x_wconf 77' lang='lat' dir='ltr'>terminare.</span> <span class='ocrx_word' id='word_1_581' title='bbox 2183 2263 2222 2292; x_wconf 89' lang='lat' dir='ltr'>Et</span> 
     </span>
     <span class='ocr_line' id='line_1_95' title="bbox 1317 2310 2222 2350; baseline -0.002 -8"><span class='ocrx_word' id='word_1_582' title='bbox 1317 2312 1414 2342; x_wconf 83' lang='lat' dir='ltr'>altera</span> <span class='ocrx_word' id='word_1_583' title='bbox 1429 2311 1480 2341; x_wconf 86' lang='lat' dir='ltr'>die</span> <span class='ocrx_word' id='word_1_584' title='bbox 1499 2311 1675 2341; x_wconf 84' lang='lat' dir='ltr'>convocatis</span> <span class='ocrx_word' id='word_1_585' title='bbox 1694 2310 1847 2350; x_wconf 86' lang='lat' dir='ltr'>deputatis</span> <span class='ocrx_word' id='word_1_586' title='bbox 1870 2320 1926 2350; x_wconf 87' lang='lat' dir='ltr'>per</span> <span class='ocrx_word' id='word_1_587' title='bbox 1946 2311 2101 2340; x_wconf 89' lang='lat' dir='ltr'>dominum</span> <span class='ocrx_word' id='word_1_588' title='bbox 2121 2318 2222 2341; x_wconf 87' lang='lat' dir='ltr'>recto-</span> 
     </span>
     <span class='ocr_line' id='line_1_96' title="bbox 1318 2359 2222 2401; baseline -0.001 -10"><span class='ocrx_word' id='word_1_589' title='bbox 1318 2371 1394 2397; x_wconf 82' lang='lat' dir='ltr'>rem,</span> <span class='ocrx_word' id='word_1_590' title='bbox 1409 2366 1440 2390; x_wconf 91' lang='lat' dir='ltr'>et</span> <span class='ocrx_word' id='word_1_591' title='bbox 1453 2361 1594 2401; x_wconf 80' lang='lat' dir='ltr'>partibus</span> <span class='ocrx_word' id='word_1_592' title='bbox 1609 2361 1818 2400; x_wconf 74' lang='lat' dir='ltr'>presentibus,</span> <span class='ocrx_word' id='word_1_593' title='bbox 1831 2359 1889 2389; x_wconf 83' lang='lat' dir='ltr'>lata</span> <span class='ocrx_word' id='word_1_594' title='bbox 1906 2360 1961 2389; x_wconf 84' lang='lat' dir='ltr'>suit</span> <span class='ocrx_word' id='word_1_595' title='bbox 1976 2361 2131 2389; x_wconf 79' lang='lat' dir='ltr'>sentencia</span> <span class='ocrx_word' id='word_1_596' title='bbox 2146 2370 2222 2390; x_wconf 93' lang='lat' dir='ltr'>con-</span> 
     </span>
     <span class='ocr_line' id='line_1_97' title="bbox 1318 2408 2222 2449; baseline -0.003 -9"><span class='ocrx_word' id='word_1_597' title='bbox 1318 2416 1366 2440; x_wconf 84' lang='lat' dir='ltr'>tra</span> <span class='ocrx_word' id='word_1_598' title='bbox 1384 2409 1455 2439; x_wconf 83' lang='lat' dir='ltr'>illos</span> <span class='ocrx_word' id='word_1_599' title='bbox 1472 2410 1510 2439; x_wconf 88' lang='lat' dir='ltr'>de</span> <span class='ocrx_word' id='word_1_600' title='bbox 1527 2409 1660 2449; x_wconf 87' lang='lat' dir='ltr'>collegio</span> <span class='ocrx_word' id='word_1_601' title='bbox 1679 2409 1887 2443; x_wconf 83' lang='lat' dir='ltr'>Laudunensi,</span> <span class='ocrx_word' id='word_1_602' title='bbox 1903 2408 2045 2438; x_wconf 83' lang='lat' dir='ltr'>videlicet</span> <span class='ocrx_word' id='word_1_603' title='bbox 2062 2410 2143 2448; x_wconf 90' lang='lat' dir='ltr'>quod</span> <span class='ocrx_word' id='word_1_604' title='bbox 2166 2419 2222 2448; x_wconf 92' lang='lat' dir='ltr'>pro</span> 
     </span>
     <span class='ocr_line' id='line_1_98' title="bbox 1318 2457 2223 2499; baseline -0.003 -10"><span class='ocrx_word' id='word_1_605' title='bbox 1318 2458 1523 2499; x_wconf 85' lang='lat' dir='ltr'>quadraginta</span> <span class='ocrx_word' id='word_1_606' title='bbox 1551 2458 1676 2493; x_wconf 83' lang='lat' dir='ltr'>francis,</span> <span class='ocrx_word' id='word_1_607' title='bbox 1708 2468 1787 2498; x_wconf 90' lang='lat' dir='ltr'>quos</span> <span class='ocrx_word' id='word_1_608' title='bbox 1821 2458 1978 2487; x_wconf 84' lang='lat' dir='ltr'>solverunt</span> <span class='ocrx_word' id='word_1_609' title='bbox 2015 2457 2150 2487; x_wconf 84' lang='lat' dir='ltr'>scolares</span> <span class='ocrx_word' id='word_1_610' title='bbox 2185 2459 2223 2487; x_wconf 91' lang='lat' dir='ltr'>de</span> 
     </span>
     <span class='ocr_line' id='line_1_99' title="bbox 1320 2506 2223 2542; baseline -0.002 -5"><span class='ocrx_word' id='word_1_611' title='bbox 1320 2507 1447 2542; x_wconf 86' lang='lat' dir='ltr'>Dachia,</span> <span class='ocrx_word' id='word_1_612' title='bbox 1478 2507 1522 2536; x_wconf 89' lang='lat' dir='ltr'>illi</span> <span class='ocrx_word' id='word_1_613' title='bbox 1555 2507 1594 2536; x_wconf 91' lang='lat' dir='ltr'>de</span> <span class='ocrx_word' id='word_1_614' title='bbox 1625 2506 1773 2536; x_wconf 84' lang='lat' dir='ltr'>Lauduno</span> <span class='ocrx_word' id='word_1_615' title='bbox 1802 2506 1949 2535; x_wconf 77' lang='lat' dir='ltr'>haberent</span> <span class='ocrx_word' id='word_1_616' title='bbox 1971 2507 2100 2536; x_wconf 88' lang='lat' dir='ltr'>reddere</span> <span class='ocrx_word' id='word_1_617' title='bbox 2131 2507 2223 2536; x_wconf 82' lang='lat' dir='ltr'>dictis</span> 
     </span>
     <span class='ocr_line' id='line_1_100' title="bbox 1319 2555 2224 2587; baseline -0.001 -1"><span class='ocrx_word' id='word_1_618' title='bbox 1319 2556 1492 2587; x_wconf 81' lang='lat' dir='ltr'>scolaribus</span> <span class='ocrx_word' id='word_1_619' title='bbox 1508 2556 1546 2586; x_wconf 89' lang='lat' dir='ltr'>de</span> <span class='ocrx_word' id='word_1_620' title='bbox 1556 2555 1672 2585; x_wconf 76' lang='lat' dir='ltr'>Dachie</span> <span class='ocrx_word' id='word_1_621' title='bbox 1690 2566 1774 2585; x_wconf 86' lang='lat' dir='ltr'>suam</span> <span class='ocrx_word' id='word_1_622' title='bbox 1792 2556 1914 2584; x_wconf 90' lang='lat' dir='ltr'>domum</span> <span class='ocrx_word' id='word_1_623' title='bbox 1926 2555 2051 2584; x_wconf 87' lang='lat' dir='ltr'>liberam</span> <span class='ocrx_word' id='word_1_624' title='bbox 2070 2562 2099 2584; x_wconf 88' lang='lat' dir='ltr'>et</span> <span class='ocrx_word' id='word_1_625' title='bbox 2114 2556 2224 2585; x_wconf 88' lang='lat' dir='ltr'>immu-</span> 
     </span>
     <span class='ocr_line' id='line_1_101' title="bbox 1319 2604 2223 2639; baseline -0.001 -4"><span class='ocrx_word' id='word_1_626' title='bbox 1319 2615 1388 2635; x_wconf 89' lang='lat' dir='ltr'>nem</span> <span class='ocrx_word' id='word_1_627' title='bbox 1409 2605 1447 2634; x_wconf 86' lang='lat' dir='ltr'>ab</span> <span class='ocrx_word' id='word_1_628' title='bbox 1463 2604 1545 2634; x_wconf 92' lang='lat' dir='ltr'>omni</span> <span class='ocrx_word' id='word_1_629' title='bbox 1563 2615 1668 2639; x_wconf 85' lang='lat' dir='ltr'>onere,</span> <span class='ocrx_word' id='word_1_630' title='bbox 1686 2611 1715 2634; x_wconf 94' lang='lat' dir='ltr'>et</span> <span class='ocrx_word' id='word_1_631' title='bbox 1735 2604 1912 2633; x_wconf 85' lang='lat' dir='ltr'>nominatim</span> <span class='ocrx_word' id='word_1_632' title='bbox 1929 2604 1966 2633; x_wconf 88' lang='lat' dir='ltr'>ab</span> <span class='ocrx_word' id='word_1_633' title='bbox 1982 2604 2042 2633; x_wconf 88' lang='lat' dir='ltr'>illis</span> <span class='ocrx_word' id='word_1_634' title='bbox 2060 2605 2097 2633; x_wconf 91' lang='lat' dir='ltr'>de</span> <span class='ocrx_word' id='word_1_635' title='bbox 2114 2604 2223 2634; x_wconf 77' lang='lat' dir='ltr'>Sancta</span> 
     </span>
     <span class='ocr_line' id='line_1_102' title="bbox 1321 2652 2224 2693; baseline -0.001 -9"><span class='ocrx_word' id='word_1_636' title='bbox 1321 2654 1491 2689; x_wconf 76' lang='lat' dir='ltr'>Genevefa,</span> <span class='ocrx_word' id='word_1_637' title='bbox 1514 2660 1543 2683; x_wconf 89' lang='lat' dir='ltr'>et</span> <span class='ocrx_word' id='word_1_638' title='bbox 1565 2654 1648 2693; x_wconf 90' lang='lat' dir='ltr'>quod</span> <span class='ocrx_word' id='word_1_639' title='bbox 1670 2654 1774 2683; x_wconf 88' lang='lat' dir='ltr'>decem</span> <span class='ocrx_word' id='word_1_640' title='bbox 1800 2653 1877 2682; x_wconf 81' lang='lat' dir='ltr'>libre</span> <span class='ocrx_word' id='word_1_641' title='bbox 1902 2653 2001 2692; x_wconf 84' lang='lat' dir='ltr'>posite</span> <span class='ocrx_word' id='word_1_642' title='bbox 2027 2652 2056 2681; x_wconf 91' lang='lat' dir='ltr'>in</span> <span class='ocrx_word' id='word_1_643' title='bbox 2082 2653 2224 2693; x_wconf 86' lang='lat' dir='ltr'>deposito</span> 
     </span>
     <span class='ocr_line' id='line_1_103' title="bbox 1321 2701 2226 2741; baseline -0.003 -8"><span class='ocrx_word' id='word_1_644' title='bbox 1321 2703 1558 2733; x_wconf 85' lang='lat' dir='ltr'>restituerentur</span> <span class='ocrx_word' id='word_1_645' title='bbox 1571 2702 1742 2732; x_wconf 88' lang='lat' dir='ltr'>scolaribus</span> <span class='ocrx_word' id='word_1_646' title='bbox 1756 2703 1793 2731; x_wconf 90' lang='lat' dir='ltr'>de</span> <span class='ocrx_word' id='word_1_647' title='bbox 1808 2701 1934 2731; x_wconf 82' lang='lat' dir='ltr'>Dachia.</span> <span class='ocrx_word' id='word_1_648' title='bbox 1949 2701 1987 2731; x_wconf 86' lang='lat' dir='ltr'>Et</span> <span class='ocrx_word' id='word_1_649' title='bbox 1997 2701 2067 2741; x_wconf 85' lang='lat' dir='ltr'>quia</span> <span class='ocrx_word' id='word_1_650' title='bbox 2079 2702 2226 2741; x_wconf 83' lang='lat' dir='ltr'>magister</span> 
     </span>
     <span class='ocr_line' id='line_1_104' title="bbox 1321 2751 2224 2792; baseline -0.002 -10"><span class='ocrx_word' id='word_1_651' title='bbox 1321 2753 1359 2782; x_wconf 91' lang='lat' dir='ltr'>de</span> <span class='ocrx_word' id='word_1_652' title='bbox 1387 2751 1519 2792; x_wconf 87' lang='lat' dir='ltr'>collegio</span> <span class='ocrx_word' id='word_1_653' title='bbox 1549 2751 1744 2781; x_wconf 84' lang='lat' dir='ltr'>Laudunensi</span> <span class='ocrx_word' id='word_1_654' title='bbox 1772 2756 1877 2779; x_wconf 82' lang='lat' dir='ltr'>contra</span> <span class='ocrx_word' id='word_1_655' title='bbox 1901 2751 2011 2779; x_wconf 84' lang='lat' dir='ltr'>dictam</span> <span class='ocrx_word' id='word_1_656' title='bbox 2039 2751 2224 2780; x_wconf 79' lang='lat' dir='ltr'>sentenciam</span> 
     </span>
     <span class='ocr_line' id='line_1_105' title="bbox 1322 2798 2225 2839; baseline -0.002 -8"><span class='ocrx_word' id='word_1_657' title='bbox 1322 2801 1522 2831; x_wconf 86' lang='lat' dir='ltr'>murmuravit</span> <span class='ocrx_word' id='word_1_658' title='bbox 1543 2810 1599 2830; x_wconf 93' lang='lat' dir='ltr'>nec</span> <span class='ocrx_word' id='word_1_659' title='bbox 1622 2810 1687 2829; x_wconf 84' lang='lat' dir='ltr'>eam</span> <span class='ocrx_word' id='word_1_660' title='bbox 1708 2799 1836 2829; x_wconf 78' lang='lat' dir='ltr'>validum</span> <span class='ocrx_word' id='word_1_661' title='bbox 1860 2798 2023 2838; x_wconf 83' lang='lat' dir='ltr'>reputavit,</span> <span class='ocrx_word' id='word_1_662' title='bbox 2046 2805 2149 2829; x_wconf 88' lang='lat' dir='ltr'>rector</span> <span class='ocrx_word' id='word_1_663' title='bbox 2169 2810 2225 2839; x_wconf 91' lang='lat' dir='ltr'>pro</span> 
     </span>
     <span class='ocr_line' id='line_1_106' title="bbox 1322 2848 2228 2890; baseline -0.001 -11"><span class='ocrx_word' id='word_1_664' title='bbox 1322 2849 1429 2890; x_wconf 84' lang='lat' dir='ltr'>majori</span> <span class='ocrx_word' id='word_1_665' title='bbox 1445 2849 1627 2879; x_wconf 84' lang='lat' dir='ltr'>certitudine</span> <span class='ocrx_word' id='word_1_666' title='bbox 1646 2848 1726 2878; x_wconf 85' lang='lat' dir='ltr'>illam</span> <span class='ocrx_word' id='word_1_667' title='bbox 1743 2848 1928 2877; x_wconf 86' lang='lat' dir='ltr'>sentenciam</span> <span class='ocrx_word' id='word_1_668' title='bbox 1948 2848 1977 2877; x_wconf 88' lang='lat' dir='ltr'>in</span> <span class='ocrx_word' id='word_1_669' title='bbox 1993 2848 2133 2888; x_wconf 86' lang='lat' dir='ltr'>proxima</span> <span class='ocrx_word' id='word_1_670' title='bbox 2150 2858 2228 2878; x_wconf 87' lang='lat' dir='ltr'>con-</span> 
     </span>
    </p>
   </div>
   <div class='ocr_carea' id='block_1_16' title="bbox 1354 2958 1590 2991">
    <p class='ocr_par' dir='ltr' id='par_1_18' title="bbox 1354 2958 1590 2991">
     <span class='ocr_line' id='line_1_107' title="bbox 1354 2958 1590 2991; baseline -0.004 -7"><span class='ocrx_word' id='word_1_671' title='bbox 1354 2961 1377 2984; x_wconf 78' lang='lat'>³.</span> <span class='ocrx_word' id='word_1_672' title='bbox 1411 2960 1458 2983; x_wconf 71' lang='lat' dir='ltr'>Me.</span> <span class='ocrx_word' id='word_1_673' title='bbox 1471 2958 1590 2991; x_wconf 70' lang='lat' dir='ltr'>Vytwiie.</span> 
     </span>
    </p>
   </div>
   <div class='ocr_carea' id='block_1_17' title="bbox 2285 0 2623 26">
    <p class='ocr_par' dir='ltr' id='par_1_19' title="bbox 2285 0 2623 26">
     <span class='ocr_line' id='line_1_108' title="bbox 2285 0 2623 26; baseline 0 -5"><span class='ocrx_word' id='word_1_674' title='bbox 2285 19 2288 22; x_wconf 81' lang='grc'>,</span> <span class='ocrx_word' id='word_1_675' title='bbox 2317 0 2492 26; x_wconf 40' lang='lat' dir='ltr'>cesar-*7³21</span> <span class='ocrx_word' id='word_1_676' title='bbox 2508 0 2547 13; x_wconf 48' lang='lat' dir='ltr'>rw</span> <span class='ocrx_word' id='word_1_677' title='bbox 2562 0 2623 21; x_wconf 49' lang='lat'>{²2-</span> 
     </span>
    </p>
   </div>
  </div>
 </body>
</html>
