2632 3464
319 445 376 472 877

365 521 441 551 Item
472 521 687 551 determinavit
716 521 860 550 dominus
889 520 1035 550 Nicolaus
1062 520 1166 550 Bruen
1195 521 1234 550 de

324 570 400 600 Dels
427 571 485 600 sub
513 570 664 611 magistro
695 568 874 600 Hermanno
903 569 942 599 de
969 569 1115 605 Ummen,
1146 569 1234 610 cujus

322 619 420 650 bursa
431 619 460 650 11
478 619 582 649 solidi.

365 669 440 698 Item
463 668 679 699 determinavit
697 669 841 699 dominus
862 668 1008 699 Nicolaus
1030 667 1174 697 Tumerel
1195 667 1233 697 de

322 716 433 747 Arlino
453 718 511 748 sub
526 718 675 758 magistro
691 718 873 748 Coenraedo
890 717 1017 747 Lubeck
1031 716 1232 756 VVolihagen,

317 765 410 807 cujus
426 767 522 797 bursa
538 766 567 797 11
585 766 689 797 solidi.

365 815 440 845 ltem
457 815 675 846 determinavit
697 816 842 846 dominus
864 815 1022 845 Johannes
1046 816 1084 844 de
1106 815 1233 845 Xanctis

319 865 381 895 sub
410 865 560 906 magistro
590 864 761 895 Wilhelmo
794 865 832 895 de
864 864 1114 900 Monsterkerke,
1147 863 1233 904 cujus

322 914 418 944 bursa
434 913 504 944 XVI
523 913 656 943 denarii.
933 918 937 923 ·

363 962 439 992 Item
453 963 668 993 determinavit
677 963 821 993 dominus
836 962 990 992 Martinus
1001 963 1157 992 Institoris
1176 963 1233 992 sub

322 1012 472 1052 magistro
488 1011 596 1042 Ulrico
608 1011 692 1042 Stols
704 1011 727 1048 ⁴,
739 1011 827 1052 cujus
839 1013 935 1042 bursa
956 1011 1000 1041 111
1017 1012 1120 1042 solidi.
1135 1011 1234 1042 Solvit

323 1061 472 1098 francum,
489 1067 519 1091 et
532 1061 570 1091 de
585 1061 712 1091 residuo
727 1061 834 1101 posuit
846 1061 991 1102 pignora.

363 1110 438 1140 Item
470 1110 687 1141 determinavit
719 1110 863 1140 dominus
893 1110 1059 1140 Heinricus
1089 1110 1146 1140 Pul
1175 1111 1233 1140 sub

318 1159 472 1199 magistro
497 1158 637 1189 Johanne
665 1159 805 1199 Spenlini
828 1158 915 1199 cujus
941 1160 1035 1189 bursa
1058 1159 1102 1189 111
1127 1159 1230 1188 solidi.

322 1207 433 1238 Posuit
446 1207 589 1248 pignora.
699 1208 703 1210 ’

361 1256 435 1297 (Fol-
453 1259 488 1288 74
504 1256 529 1298 1’)
545 1256 636 1286 Facta
649 1257 895 1298 congregacione
907 1257 1047 1287 nacionis
1062 1256 1232 1298 Anglicane

318 1306 404 1346 apud
418 1306 564 1336 Sanctum
578 1305 778 1342 Maturinum,
790 1307 840 1336 die
852 1306 952 1336 xvu·
968 1306 1085 1336 mensis
1099 1306 1232 1336 Februa-

321 1354 372 1390 rii,
393 1365 475 1385 anno
490 1365 552 1395 quo
568 1365 663 1395 supra
682 1355 756 1384 hora
777 1355 866 1396 quasi
882 1361 999 1391 octava,
1022 1366 1118 1396 super
1133 1355 1232 1385 tribus

315 1404 470 1434 articulis.
490 1404 616 1434 Primus
636 1404 784 1434 articulus
802 1411 868 1434 erat
886 1405 924 1434 ad
943 1405 1129 1434 audiendum
1147 1415 1232 1434 com-

320 1459 427 1494 potum
447 1453 620 1494 receptoris
642 1460 672 1483 et
697 1453 903 1483 ordinandum
924 1454 962 1483 de
991 1454 1149 1484 mensibus
1174 1463 1232 1493 pro

316 1502 461 1532 examine
484 1502 596 1532 Sancte
621 1501 788 1533 Genovefe.
817 1503 863 1532 2¹¹·
887 1502 1035 1533 articulus
1060 1509 1135 1538 erat,
1159 1503 1231 1543 quia

320 1551 398 1581 alias
420 1551 564 1581 dominus
584 1557 770 1592 procurator
794 1552 966 1591 precedens
992 1551 1178 1591 supplicavit
1199 1551 1231 1581 in

321 1599 531 1630 Universitate
565 1611 622 1640 pro
650 1600 817 1640 deputatis,
850 1600 903 1640 qui
936 1600 1089 1630 habebant
1124 1600 1231 1630 videre

320 1648 427 1679 misias
443 1655 473 1679 et
485 1649 626 1688 exposita
639 1649 670 1678 in
688 1649 780 1679 domo
795 1649 837 1678 ad
852 1660 943 1678 cornu
961 1651 1050 1685 cervi,
1065 1650 1103 1678 ad
1118 1648 1231 1678 haben·

315 1698 392 1728 dum
405 1699 570 1738 deputatos
585 1708 621 1727 ex
638 1704 727 1738 parte
739 1697 890 1734 nacionis,
906 1698 959 1738 qui
975 1708 1036 1728 una
1051 1708 1119 1728 cum
1136 1698 1231 1737 depu-

322 1747 394 1777 tatis
412 1747 631 1777 Universitatis
651 1747 801 1776 haberent
817 1747 924 1776 videre
945 1747 996 1777 illa
1018 1747 1167 1787 exposita.
1191 1747 1231 1776 Et

324 1802 567 1836 consequenter,
591 1796 663 1836 quia
686 1796 836 1836 magister
856 1795 990 1826 Thomas
1017 1797 1054 1826 de
1079 1796 1231 1826 Cracovia

316 1852 386 1875 erat
403 1845 584 1875 licenciatus
598 1845 630 1874 in
643 1845 800 1885 theologia
814 1851 844 1874 et
856 1845 943 1874 nacio
962 1846 1060 1874 suerat
1074 1846 1111 1874 ad
1129 1845 1231 1874 domi-

322 1905 395 1925 num
415 1893 643 1930 cancellarium,
666 1894 946 1924 recommendando
968 1893 1028 1924 sibi
1047 1894 1229 1934 magistrum

320 1943 481 1979 Thomam,
509 1953 547 1972 an
571 1943 733 1983 expediret
759 1943 842 1983 quod
871 1949 1055 1983 procurator
1079 1953 1116 1972 ex
1142 1949 1229 1982 parte

321 1992 464 2022 nacionis
479 1992 539 2022 sibi
555 1991 793 2032 regraciaretur.
811 1992 857 2022 3¹¹·
873 2002 968 2032 super
985 1991 1229 2032 supplicacioni-

321 2042 379 2072 bus
392 2047 422 2071 et
438 2040 573 2081 injuriis.

361 2090 469 2128 Quoad
482 2090 613 2131 primum
625 2090 813 2130 computavit
823 2090 966 2120 dominus
977 2096 1131 2130 receptor,
1141 2089 1228 2130 cujus

319 2146 484 2180 compotus
499 2139 636 2180 scriptus
654 2146 702 2169 est
718 2139 750 2168 in
764 2139 840 2168 libro
855 2139 1028 2178 receptorie.
1048 2139 1094 2168 De
1112 2139 1228 2168 mensi-

320 2190 379 2219 bus
404 2187 461 2218 suit
481 2188 606 2224 dilatus,
634 2188 706 2228 quia
729 2187 833 2218 nullus
853 2187 951 2218 adhuc
977 2188 1098 2228 optulit.
1119 2187 1229 2226 Quoad

316 2237 360 2267 >2⁰
375 2237 538 2268 articulum
555 2237 618 2266 dati
637 2243 710 2267 sunt
726 2237 863 2277 deputati
883 2237 1026 2267 dominus
1041 2243 1184 2276 receptor
1199 2243 1229 2266 et

319 2286 468 2327 magister
483 2286 641 2316 Jobannes
656 2286 695 2316 de
711 2285 837 2316 Austria
848 2284 860 2304 ²
876 2292 1019 2326 tanquam
1035 2286 1227 2326 superinten-

315 2337 445 2371 dentes,
467 2335 617 2375 magister
638 2334 814 2365 Richardus
840 2335 878 2364 de
902 2333 1060 2374 Trajecto,
1081 2334 1228 2375 magister

318 2384 433 2415 Petrus
460 2384 613 2419 Prender,
640 2383 788 2424 magister
816 2383 973 2413 lohannes
1000 2383 1176 2423 Gaelencop
1198 2390 1229 2413 et

317 2433 469 2474 magister
480 2433 681 2463 Coenraedus
695 2432 853 2473 Langhen.
865 2432 1102 2472 Consequenter
1114 2431 1229 2472 placuit

314 2482 463 2523 ampliori
479 2483 560 2522 parti
577 2483 661 2522 quod
677 2481 860 2511 haberemus
877 2481 963 2511 adire
980 2481 1136 2511 dominum
1154 2491 1227 2511 can-

318 2531 477 2562 cellarium
488 2537 519 2561 et
534 2531 593 2561 sibi
610 2530 777 2571 regraciari
793 2541 830 2560 ex
850 2537 937 2570 parte
953 2530 1093 2570 magistri
1110 2529 1227 2560 Thome

318 2579 451 2621 predicti
477 2581 516 2610 de
542 2580 660 2610 honore
684 2579 776 2610 nobis
798 2579 950 2619 impenso.
978 2579 1024 2609 De
1045 2579 1077 2608 3ο
1098 2579 1227 2609 articulo

320 2629 424 2660 nullus
441 2629 638 2670 supplicavit.

360 2677 400 2708 Et
411 2678 578 2708 notandum
589 2678 673 2718 quod
689 2677 738 2707 die
753 2677 900 2707 vicesima
917 2677 1011 2707 tercia
1029 2677 1084 2707 fuit
1099 2687 1227 2718 congre-

319 2726 409 2767 gacio
425 2726 645 2757 Universitatis
657 2727 686 2756 in
699 2726 812 2756 Sancto
827 2726 994 2762 Maturino,
1006 2726 1037 2755 in
1048 2735 1129 2755 nona
1139 2725 1225 2761 hora,

319 2781 351 2806 et
367 2775 472 2805 cadem
491 2775 566 2805 hora
586 2775 643 2806 fuit
657 2775 864 2816 congregacio
884 2774 1024 2805 nacionis
1039 2785 1134 2815 super
1149 2776 1227 2805 sacto

316 2823 451 2854 duorum
485 2824 728 2854 bachalsriorum
763 2824 935 2854 volencium
969 2823 1156 2864 supplicare.
1188 2823 1228 2854 Et

350 2902 372 2926 1.
406 2902 512 2927 Uli-teu·
534 2902 635 2927 8101αο
655 2902 687 2927 de
708 2902 818 2935 Yslinga
840 2902 929 2926 eodem
946 2910 1015 2926 anno
1033 2901 1226 2935 Heidelbergam

313 2938 415 2970 petivit,
427 2938 472 2962 uhi
481 2937 628 2963 intitulata·
639 2942 686 2963 eal.
703 2938 755 2962 rid.
769 2939 887 2965 Tonru.
901 2938 1030 2966 MatrilieL
1045 2938 1064 2966 1,
1077 2939 1116 2963 ⁹⁴.

350 2973 375 2998 2.
409 2973 462 3006 Qui
471 2972 637 2998 amiterninus
651 2973 675 2998 in
687 2974 771 2998 rotulo
781 2974 845 2998 anni
858 2974 917 2998 140³
930 2976 958 2998 ut
971 2973 1096 3006 magi-ter
1109 2973 1134 2997 in
1146 2973 1225 2999 theol.

828 444 942 471 LIBER
962 444 1276 472 PROCURATORUM
1296 445 1477 473 NATIONIS
1495 447 1739 474 ANGLICANAE

1271 968 1304 994 10

1270 1213 1304 1240 15

1269 1459 1303 1486 20

1268 1704 1302 1730 25

1266 1950 1300 1976 30

1264 2440 1298 2467 40

1264 2686 1298 2712 45

2198 452 2250 478 878

1343 522 1597 561 supplicaverunt
1630 523 1703 553 dicti
1738 524 1916 560 bachalarii,
1951 526 2067 556 scilicet
2097 528 2250 558 Martinus

1343 570 1501 600 Institoris
1517 578 1547 600 et
1559 571 1726 602 Heinricus
1741 573 1837 612 [Pul],
1852 575 1924 613 quia
1938 586 2000 604 non
2017 575 2165 606 haberent
2180 587 2250 616 pro-

1342 619 1461 659 positas
1479 621 1626 659 pecunias
1639 622 1677 650 ad
1693 622 1942 653 satisfaciendum
1959 625 2083 654 domino
2097 626 2251 664 receptori

1341 678 1400 708 pro
1410 669 1528 704 bursis,
1541 675 1571 698 et
1585 676 1701 699 attento
1717 671 1798 710 quod
1811 672 1922 701 cotidie
1932 680 2093 712 expectant
2106 675 2250 703 nuncium

1342 727 1460 754 eorum,
1491 718 1545 757 qui
1571 719 1703 748 debebat
1726 727 1851 759 portare
1874 722 2033 760 pecunias,
2053 723 2136 761 quod
2163 724 2250 752 nacio

1340 766 1434 796 vellet
1460 777 1527 797 cum
1552 767 1631 807 ipsis
1651 768 1845 808 dispensare,
1873 771 1955 810 quod
1979 778 2109 810 possent
2135 782 2251 811 ponere

1342 815 1474 855 pignora
1496 815 1584 856 juxta
1611 817 1737 846 sormam
1771 825 1959 848 consuetam.
1991 819 2030 849 Et
2061 821 2250 860 supplicacio

1342 874 1448 894 eorum
1462 865 1518 895 fuit
1532 866 1677 896 admissa.
1694 866 1734 896 Et
1749 866 1983 907 sicjuraverunt
1998 868 2090 898 michi
2106 880 2251 908 procura-

1342 914 1402 943 tori
1418 915 1500 953 quod
1516 921 1669 954 ponerent
1684 916 1815 955 pignora
1831 917 1863 945 in
1877 918 2080 957 proportione
2097 919 2250 958 sesquial-

1342 968 1407 992 tera
1427 962 1459 992 in
1478 963 1583 993 valore
1603 964 1634 993 in
1652 965 1815 1004 presencia
1832 966 1971 1006 magistri
1991 966 2089 996 Ulrici
2107 967 2203 1002 Stols‚
2220 974 2250 997 et

1341 1012 1424 1051 quod
1440 1012 1528 1041 nacio
1543 1013 1580 1041 ad
1599 1013 1708 1042 festum
1727 1013 1846 1044 Pasche
1862 1014 1929 1044 sine
1945 1015 2126 1045 condicione
2143 1023 2250 1055 posset

1341 1061 1476 1090 vendere
1489 1062 1632 1101 pignora.

1382 1109 1422 1139 Et
1449 1111 1615 1140 notandum
1645 1112 1728 1151 quod
1755 1112 1805 1141 die
1827 1111 1898 1142 Vll⁸
1921 1113 2037 1143 mensis
2064 1113 2172 1143 Marcii
2195 1114 2250 1143 suit

1342 1159 1548 1199 congregacio
1572 1160 1723 1190 facultatis
1748 1161 1779 1190 in
1798 1160 1912 1190 Sancto
1935 1162 2069 1198 Juliano,
2091 1169 2122 1192 et
2143 1163 2247 1192 eadem

1341 1207 1417 1237 hora
1444 1208 1500 1238 suit
1528 1209 1734 1249 congregacio
1755 1210 1895 1239 nacionis
1923 1221 2017 1251 super
2041 1212 2119 1241 facto
2138 1212 2248 1241 domus

1341 1257 1384 1285 ad
1402 1267 1493 1286 cornu
1512 1259 1601 1287 cervi.
1622 1257 1662 1287 Et
1679 1258 1749 1297 quia
1768 1266 1929 1299 compotus
1946 1267 2088 1299 repertus
2103 1261 2141 1290 de
2155 1270 2248 1300 expo-

1341 1305 1411 1335 sitis
1433 1305 1515 1335 circa
1539 1307 1667 1336 eandem
1687 1308 1810 1338 domum
1833 1309 1889 1338 fuit
1911 1309 2013 1339 minus
2039 1310 2195 1350 generalis
2220 1316 2249 1339 et

1341 1356 1489 1385 confusus
1509 1355 1610 1391 valde,
1629 1356 1699 1386 ideo
1728 1357 1880 1387 dederunt
1906 1358 2047 1398 magistri
2071 1359 2247 1398 deputatos,

1341 1403 1461 1434 scilicet
1482 1411 1677 1444 receptores,
1702 1405 1820 1435 scilicet
1843 1416 1955 1436 novum
1981 1413 2010 1436 et
2033 1407 2193 1447 antiquos,
2219 1414 2250 1437 et

1340 1453 1531 1493 antiquiores
1553 1454 1730 1494 magistros,
1752 1455 1805 1494 qui
1823 1465 1882 1485 una
1904 1466 1972 1485 cum
1993 1456 2148 1496 deputatis
2168 1456 2248 1486 Uni-

1339 1502 1498 1532 versitatis
1522 1502 1672 1533 haberent
1695 1504 1815 1534 avisare
1847 1505 1885 1534 de
1910 1505 2001 1534 modo
2032 1506 2143 1545 agendi
2166 1506 2248 1535 circa

1339 1551 1466 1581 eandem
1480 1552 1613 1581 domum.

1745 1647 1844 1675 1404

1557 1717 1718 1748 Jacobus
1756 1719 1798 1748 de
1838 1718 2022 1748 Haerlem.

1379 1796 1494 1827 Facta³
1522 1798 1770 1838 congregacione
1800 1799 1939 1829 nacionis
1966 1799 2137 1839 Anglicane
2164 1801 2245 1840 apud

1339 1845 1484 1876 Sanctum
1498 1846 1697 1882 Mami-inum,
1710 1848 1828 1877 decima
1843 1848 1892 1877 die
1906 1848 2021 1878 mensis
2037 1848 2157 1884 Marcii,
2170 1848 2246 1878 hora

1339 1905 1418 1924 nona
1435 1895 1483 1925 vel
1504 1895 1604 1935 quasi,
1629 1906 1709 1925 anno
1732 1906 1793 1936 quo
1815 1907 1920 1936 supra,
1941 1907 2035 1936 super
2054 1897 2154 1927 tribus
2169 1898 2246 1927 arti-

1337 1944 1426 1974 culis.
1448 1944 1570 1974 Primus
1591 1951 1656 1974 erat
1675 1946 1713 1974 ad
1735 1944 1910 1984 eligendum
1929 1956 2041 1975 novum
2061 1953 2244 1986 procurato-

1336 2003 1419 2029 rem;
1437 1994 1592 2023 secundus
1609 1994 1647 2023 ad
1665 1986 1916 2024 distribuendum'
1929 2005 2051 2024 menses
2061 2007 2069 2031 ς
2086 1996 2132 2024 3¹¹·
2149 2006 2243 2035 super

1337 2041 1622 2082 supplicacionibus
1644 2049 1674 2072 et
1698 2041 1830 2082 injuriis.
1849 2043 1957 2081 Quoad
1980 2043 2111 2083 primum
2127 2043 2242 2074 electus

1337 2091 1393 2121 suit
1409 2091 1439 2120 in
1461 2097 1690 2130 procuratorem
1711 2092 1859 2131 magister
1875 2092 2008 2122 Jacobus
2026 2093 2064 2122 de
2085 2092 2240 2122 Haerlcm.

1337 2140 1445 2177 Quoad
1481 2141 1647 2170 secundum
1682 2141 1801 2180 primus
1836 2141 1951 2170 mensis
1982 2151 2150 2171 concessus
2188 2142 2243 2171 suit

1336 2189 1486 2229 magistro
1508 2188 1685 2218 Hermanno
1710 2189 1747 2219 de
1774 2189 1902 2219 Ummen
1923 2200 1980 2229 pro
1998 2190 2097 2219 tribus
2119 2190 2240 2219 solidis.

1337 2238 1574 2278 Consequenter
1590 2238 1703 2277 placuit
1730 2237 1849 2267 nacioni
1866 2239 1949 2278 quod
1969 2239 2117 2278 magister
2131 2239 2242 2269 Johan-

1336 2297 1392 2316 nes
1407 2287 1444 2316 de
1462 2286 1549 2326 Dorp
1565 2286 1692 2316 haberet
1707 2297 1814 2316 omnes
1827 2287 1904 2317 alios
1921 2297 2042 2317 menses
2053 2298 2109 2326 pro
2125 2287 2150 2316 V
2166 2288 2242 2317 soli-

1336 2335 1396 2365 dis.
1426 2335 1533 2373 Quoad
1567 2335 1607 2364 3¹²¹
1637 2335 1798 2365 articulum
1835 2335 2021 2375 supplicavit
2059 2343 2242 2375 procurator

1336 2385 1518 2424 precedens,
1544 2390 1576 2414 ut
1593 2384 1623 2414 in
1646 2384 1723 2414 actis
1747 2395 1804 2425 per
1821 2395 1888 2414 eum
1907 2385 2071 2414 haberetur
2087 2392 2194 2424 gratus
2212 2392 2242 2415 et

1336 2434 1615 2468 recommendatus,
1639 2432 1726 2473 cujus
1759 2434 1982 2473 supplicacioni
2007 2434 2113 2463 annuit
2141 2434 2238 2463 nacio.

1338 2482 1411 2511 ltem
1427 2482 1534 2511 eodem
1548 2482 1598 2511 die
1616 2482 1704 2511 nacio
1717 2482 1842 2512 intravit
1856 2483 2024 2518 tabernam,
2042 2483 2092 2512 ubi
2109 2483 2147 2512 ‹le
2160 2493 2240 2512 com-

1337 2531 1419 2560 muni
1446 2540 1601 2560 consensu
1627 2531 1844 2571 magistrorum
1872 2538 2014 2571 receptor
2039 2531 2132 2561 solvit
2158 2531 2241 2561 1111Μ

1336 2579 1467 2614 solidos,
1482 2590 1562 2619 quos
1577 2580 1739 2610 tenebatur
1756 2591 1793 2609 ex
1811 2586 1898 2619 parte
1911 2586 2082 2619 compotus.
2104 2580 2240 2610 [literius

1336 2628 1429 2658 solvit
1452 2628 1536 2658 XVll
1562 2627 1680 2658 solidos
1705 2635 1735 2658 et
1762 2628 1819 2658 llll
1845 2629 1964 2663 denar.,
1987 2634 2077 2667 prout
2099 2629 2239 2668 magistri

1336 2683 1467 2717 protunc
1483 2677 1680 2706 concorditer
1697 2676 1955 2706 deliberaverunt.

1377 2725 1467 2755 Facta
1485 2726 1731 2765 congregacione
1743 2725 1881 2755 nacionis
1895 2725 1975 2764 apud
1993 2725 2136 2755 Sanctum
2146 2725 2240 2756 Julia—

1336 2785 1419 2810 num,
1432 2774 1527 2804 tercia
1539 2774 1589 2803 die
1600 2774 1719 2814 Aprilis
1729 2784 1823 2814 super
1840 2774 1938 2803 trihus
1953 2774 2102 2804 articulis.
2117 2774 2239 2804 Primus

1335 2834 1431 2863 super
1449 2824 1526 2853 sacto
1543 2823 1652 2853 domus
1668 2834 1756 2852 cornu
1775 2825 1869 2858 συννὶς
1893 2823 2046 2853 secundus
2066 2823 2103 2852 ad
2122 2824 2240 2853 substi-

1335 2902 1450 2935 affertur.
1463 2903 1496 2926 Ee
1508 2906 1575 2926 certe
1587 2905 1647 2925 lunc
1654 2901 1711 2933 jam
1725 2902 1846 2934 nangietaer
1858 2904 1922 2926 erat.

1366 2939 1388 2962 3.
1423 2939 1490 2961 Ilaec
1497 2938 1676 2969 procurator-ia
1689 2937 1783 2968 ncripla
1795 2940 1832 2960 ese
1843 2937 1932 2961 eadem
1943 2945 2021 2961 manu
2033 2937 2237 2970 ceput-oedem.

1335 2973 1469 3005 Inscriptio
1482 2976 1566 2997 tamen
1576 2973 1677 2997 diversa
1687 2976 1733 3002 eut,
1746 2973 1856 3004 fortune
1869 2980 1885 2996 a
1895 2972 1991 2996 Iacobo
2001 2972 2033 2996 de
2042 2971 2166 2996 llaerhm.
