2632 3464
295 426 348 452 5⁸5

337 502 412 532 Item
427 500 571 530 dominus
585 499 740 539 Nycolaus
756 497 968 537 Nellenburgh
983 498 1042 526 sub
1052 497 1201 536 magistro

295 551 441 581 Conrado
467 551 505 579 de
535 548 727 589 Haghenaio,
755 546 843 586 cujus
873 547 967 576 bursa
993 545 1101 580 nichil,
1129 545 1201 585 quia

294 599 410 640 juravit
426 605 572 628 statutum
590 596 791 637 paupertatis.

337 649 413 679 ltem
427 648 584 677 Johannes
601 647 639 676 de
657 645 783 675 Austria
802 644 860 675 sub
881 644 1031 683 magistro
1051 643 1146 673 Petro
1163 644 1201 672 de

295 698 434 733 Austria,
446 695 533 736 cujus
544 697 638 725 bursa
652 693 759 724 nichil.
775 693 896 723 Juravit
908 699 1053 722 statutum
1066 702 1202 732 pauper-

297 747 379 777 tatis.

336 795 411 825 ltem
430 795 574 824 dominus
598 792 745 823 Nicolaus
771 791 809 820 de
833 790 942 830 Stetyn
970 791 1028 820 sub
1053 789 1201 830 magistro

297 844 452 874 Stenislao
475 844 514 873 de
542 841 684 877 Polonia,
710 839 797 880 cujus
824 841 919 869 bursa
946 839 1052 869 nichil.
1083 839 1203 868 Juravit

296 899 441 923 statutum
456 890 659 932 paupertatis.

337 942 413 972 Item
430 940 606 970 Cristianus
616 940 654 969 de
668 938 806 979 Ungaria
819 939 876 968 sub
887 938 1036 978 magistro
1047 937 1202 967 Stenislao

295 992 334 1021 de
365 990 505 1024 polonia,
536 988 623 1029 cujus
650 989 744 1018 bursa
773 987 878 1017 nichil.
910 987 1031 1016 Juravit
1056 993 1201 1016 statutum

298 1039 499 1080 paupertatis.

339 1089 414 1119 ltem
423 1086 637 1117 determinavit
645 1086 789 1116 dominus
797 1085 944 1114 Albertus
954 1086 991 1114 de
1003 1085 1132 1124 Reynen
1143 1085 1201 1114 sub

297 1138 447 1178 magistro
463 1136 634 1176 Meynardo
651 1135 690 1165 de
705 1134 802 1168 Tiela.
819 1133 906 1173 cujus
924 1135 1017 1163 bursa
1027 1133 1069 1163 xl
1087 1133 1160 1163 albi.

336 1186 411 1216 Item
435 1187 467 1215 4·
490 1185 541 1215 die
567 1185 683 1214 mensis
706 1182 832 1213 Marcii⁴
860 1184 935 1212 facta
956 1183 1202 1223 congregacione

295 1236 435 1266 nacionis
453 1241 525 1274 post
539 1243 712 1264 sermonem
727 1234 809 1273 apud
827 1232 1044 1262 predicatores
1062 1232 1093 1262 in
1110 1232 1202 1261 domo

296 1284 457 1325 capitulari
485 1284 523 1312 ad
550 1282 799 1322 supplicandum,
823 1281 1076 1322 supplicaverunt
1100 1280 1202 1320 primo

296 1333 444 1373 magister
454 1332 651 1362 Hermannus
658 1330 869 1370 Warendorp,
878 1336 1008 1370 protunc
1019 1336 1203 1370 procurator

295 1382 447 1417 nacionis,
468 1381 541 1421 quia
562 1381 594 1410 in
616 1380 710 1410 scolis
735 1379 950 1419 superioribus
973 1379 1083 1408 mediis
1104 1388 1202 1418 prope

297 1431 457 1466 Secanam,
483 1430 514 1460 in
542 1429 656 1470 quibus
680 1429 718 1458 de
740 1438 828 1458 mane
853 1427 1009 1457 ordinarie
1030 1433 1102 1457 tunc
1127 1437 1202 1457 con-

296 1480 396 1510 suevit
414 1480 530 1520 legere,
554 1488 617 1508 non
636 1483 719 1508 esset
740 1477 909 1517 pulpitum,
934 1483 1086 1517 quatenus
1114 1477 1202 1506 nacio

296 1530 409 1559 faceret
423 1528 465 1558 ibi
479 1527 545 1557 fieri
557 1527 719 1567 pulpitum,
736 1533 766 1556 et
778 1526 952 1556 cathedram
968 1525 1105 1566 ejusdem
1119 1525 1202 1555 scole

295 1583 513 1618 transponeret
541 1576 579 1606 ad
605 1575 696 1606 alium
721 1575 833 1610 locum,
854 1575 924 1614 quia
942 1585 1005 1604 non
1020 1581 1103 1604 esset
1124 1575 1202 1604 bene

295 1627 437 1657 ordinata
451 1632 482 1656 et
492 1625 595 1666 posita
610 1635 667 1664 pro
683 1625 814 1665 legendo
829 1623 861 1653 in
877 1623 938 1653 illa.
954 1623 1074 1653 Deinde
1085 1623 1202 1663 suppli-

296 1676 376 1706 cavit
390 1675 538 1715 magister
550 1673 662 1704 Petrus
681 1674 719 1702 de
733 1673 872 1708 Austria‚
888 1683 956 1702 cum
972 1683 1008 1702 ex
1027 1673 1121 1702 certis
1134 1683 1202 1702 cau-

295 1725 340 1755 sis
368 1730 453 1754 esset
479 1724 578 1753 iturus
604 1723 643 1752 ad
674 1729 778 1762 partes
802 1728 832 1751 et
857 1722 888 1751 in
917 1722 1004 1751 brevi
1029 1722 1203 1752 intenderet

295 1774 398 1804 redire
417 1779 532 1813 quanto
552 1772 648 1802 cicius
673 1771 799 1812 poterit,
822 1771 904 1811 quod
925 1771 951 1799 si
971 1777 1110 1811 tempore
1135 1770 1202 1810 ejus

294 1822 438 1853 absencie
454 1821 530 1852 illud
545 1821 641 1851 cisma
655 1830 802 1860 paparum
820 1820 1077 1849 determinaretur
1091 1826 1122 1849 et
1135 1820 1202 1850 fieri

296 1872 491 1911 contingeret
511 1869 645 1900 rotulum
669 1869 808 1899 nacionis
839 1869 877 1898 ad
903 1879 1053 1898 summum
1077 1869 1203 1908 pontifi-

295 1931 361 1950 cem
371 1919 396 1955 ²,
413 1920 496 1960 quod
511 1925 583 1948 tunc
601 1925 708 1958 posset
720 1924 863 1958 tanquam
879 1927 1009 1958 presens
1028 1917 1199 1947 inrotulari.

296 1968 552 2009 Supplicacioues
572 1968 648 1998 istas
668 1967 756 1997 nacio
778 1967 944 2002 concessit,
963 1973 1068 2007 preter
1085 1966 1202 2007 suppli-

294 2018 450 2049 cacionem
464 2018 503 2046 de
518 2016 766 2056 transposicione
783 2015 926 2046 cathedre
940 2015 1023 2046 illius
1036 2016 1131 2051 scole,
1143 2026 1201 2056 pro

295 2078 355 2108 qua
372 2067 459 2096 dedit
482 2067 646 2105 deputatos
673 2065 821 2095 habentes
850 2065 967 2101 videre,
995 2075 1033 2095 an
1057 2065 1203 2095 cathedra

295 2127 358 2146 non
390 2117 468 2145 bene
490 2125 544 2144 seu
569 2114 742 2144 inordinate
768 2114 810 2144 sit
834 2114 936 2154 posita
945 2125 952 2150 ;
984 2114 1011 2144 si
1037 2114 1093 2150 sic,
1118 2115 1202 2154 qnod

295 2172 367 2196 tunc
390 2169 648 2204 transponeretur
677 2163 716 2192 ad
737 2162 828 2192 alium
850 2162 960 2198 locum,
982 2163 1008 2192 si
1029 2173 1101 2198 non,
1118 2163 1202 2203 quod

295 2220 368 2244 tunc
390 2219 520 2248 maneat,
540 2212 589 2242 vel
611 2212 691 2241 idem
715 2211 863 2252 magister
889 2211 978 2242 saciat
997 2218 1201 2252 transponere

296 2269 359 2293 met
373 2263 432 2292 sub
451 2261 598 2302 expensis
611 2261 760 2301 propriis.

335 2312 410 2342 Item
432 2321 514 2341 nona
532 2310 582 2339 die
603 2309 719 2339 mensis
739 2309 847 2339 Marcii
866 2310 940 2339 facta
957 2310 1202 2350 congregacione

294 2361 434 2391 nacionis
449 2360 530 2400 apud
551 2359 696 2389 Sanctum
716 2359 903 2388 Maturinum
926 2358 957 2388 in
974 2359 1065 2388 domo
1083 2359 1202 2398 capitu-

294 2410 364 2444 lari,
391 2410 473 2439 circa
501 2409 541 2439 8·
573 2407 679 2437 horam
713 2408 751 2437 ad
777 2414 950 2447 requestam
983 2407 1201 2448 magistrorum

295 2458 434 2488 nacionis
468 2458 506 2487 ad
545 2457 796 2497 supplicandum,
834 2456 1020 2496 supplicavit
1054 2456 1202 2497 magister

294 2507 428 2537 lacobus
451 2507 489 2537 de
521 2507 649 2542 Prucia,
672 2505 865 2536 bachalarius
892 2505 923 2535 in
947 2505 1112 2546 theologia,
1142 2515 1200 2545 pro

295 2555 384 2587 litera
408 2556 703 2586 recommendatoria
730 2556 767 2584 ad
794 2565 943 2584 summum
970 2555 1144 2595 pontificem
1171 2561 1201 2584 et

295 2605 391 2635 eciam
417 2605 455 2634 ad
477 2615 570 2634 unum
595 2603 792 2634 cardinalem.
811 2602 907 2643 Cujus
931 2603 1121 2643 supplicacio
1139 2614 1199 2633 non

297 2654 352 2684 suit
369 2653 549 2684 concessa'.

329 2880 351 2904 1.
384 2881 455 2911 Quae
464 2880 515 2911 slu't
526 2880 665 2904 domna-ica.

328 2916 351 2939 2.
383 2914 426 2939 Ad
435 2914 500 2939 haec
511 2915 608 2944 viden,
619 2924 686 2948 quoe
697 2923 776 2948 cupra
789 2924 815 2948 p.
830 2916 884 2944 ⁵81.
898 2918 951 2940 noe.
962 2916 986 2944 la.
1003 2915 1198 2940 obearvavimus.

328 2952 353 2975 3.
387 2950 497 2983 Cujus...
513 2958 638 2975 concaua
646 2953 737 2983 pontu:
751 2951 834 2975 deleta
847 2954 914 2975 nunt.

800 422 914 448 LIBER
934 421 1247 448 PROCURATORUM
1267 421 1447 448 NATIONIS
1466 420 1710 446 ANGLICANAE

1257 698 1272 723 5

1239 944 1273 969 10

1239 1189 1273 1215 15

1239 1434 1274 1460 20

1239 1679 1273 1705 25

1239 1924 1273 1950 30

1239 2170 1273 2195 35

1239 2414 1272 2440 40

1238 2659 1271 2685 45

2164 419 2215 445 586

1715 496 1811 524 1380

1358 567 1624 597 Procuratoria
1655 567 1827 606 magistri
1856 566 2013 595 Henrici
2046 566 2168 605 Magni

1656 617 1699 645 de
1727 615 1872 645 Suecia.

1350 691 1442 721 Anno
1467 691 1591 721 Domini
1615 691 1647 720 M
1674 691 1754 721 CCC
1780 691 1916 726 Lxxlx,
1945 691 1998 721 lx·
2024 691 2073 720 die
2100 692 2216 720 mensis

1311 741 1432 776 Marcii,
1450 741 1528 770 facta
1537 740 1783 780 congregacione
1797 740 1937 770 nacionis
1950 740 2120 780 Anglicane
2136 741 2217 779 apud

1315 791 1460 820 Sanctum
1473 789 1626 819 sulianum
1642 799 1808 829 pauperem
1824 790 1862 818 ad
1877 789 2053 830 eligendum
2071 799 2216 829 procura-

1310 846 1408 870 torem
1441 845 1471 868 et
1503 840 1541 868 ad
1570 838 1817 878 supplicandum,
1854 838 2041 878 supplicavit
2069 838 2218 878 magister

1309 887 1497 924 Jordanus⁴‚
1511 894 1662 927 quatenus
1682 888 1809 917 haberet
1823 887 1901 917 duos
1914 887 1963 916 vel
1979 893 2042 916 tres
2054 888 2215 926 deputatos

1310 939 1348 967 ad
1371 938 1556 967 audiendum
1587 943 1760 976 compotum
1789 937 1839 966 die
1866 936 2020 965 dominica
2050 936 2191 975 sequenti
2204 936 2216 954 ⁵

1310 987 1484 1016 immediate
1512 993 1583 1026 post
1604 996 1788 1015 sermonem.
1819 984 1916 1025 Cujus
1940 985 2131 1025 supplicacio
2161 985 2217 1014 suit

1311 1046 1469 1066 concessa.
1492 1036 1532 1065 Et
1548 1035 1611 1064 dati
1628 1035 1750 1064 suerunt
1772 1035 1909 1074 deputati
1928 1034 2047 1063 scilicet
2069 1035 2217 1074 magister

1309 1085 1466 1114 Johannes
1485 1084 1635 1114 Hokelem
1655 1091 1685 1113 et
1706 1084 1853 1123 magister
1869 1084 2063 1113 Hermannus
2080 1084 2217 1112 VVaren-

1310 1135 1390 1174 dorp
1406 1141 1438 1164 et
1450 1139 1632 1173 procurator
1649 1133 1717 1162 loco
1735 1133 1836 1162 officii.

1352 1183 1426 1213 Item
1440 1183 1471 1212 in
1487 1183 1592 1212 eadem
1604 1182 1851 1222 congregacione
1867 1181 1982 1211 electus
2001 1181 2056 1211 suit
2071 1182 2218 1221 magister

1311 1232 1466 1262 Henricus
1484 1233 1522 1261 de
1538 1231 1648 1261 Suecia
1665 1231 1696 1260 in
1713 1237 1958 1271 procuratorem,
1976 1231 2028 1270 qui
2042 1231 2149 1259 eodem
2167 1231 2217 1259 die

1312 1282 1405 1311 solvit
1420 1282 1555 1310 francum
1572 1291 1629 1320 pro
1642 1280 1742 1320 prima
1754 1280 1977 1320 procuratoris.
1997 1280 2031 1309 ln
2043 1278 2130 1319 cujus
2145 1290 2217 1319 pro-

1311 1331 1466 1360 curatoria
1482 1336 1548 1359 acta
1562 1336 1633 1359 sunt
1648 1340 1708 1369 que
1724 1336 1906 1369 sequuntur.

1354 1379 1474 1410 Deinde
1490 1380 1566 1408 facta
1579 1379 1824 1418 congregacione
1839 1379 2053 1417 deputatorum
2066 1378 2216 1412 nacionis,

1312 1429 1431 1459 scilicet
1454 1427 1607 1468 quatuor⁶
1633 1427 1851 1467 magistrorum
1880 1427 1960 1456 ultra
1984 1433 2216 1467 procuratorem

1311 1484 1342 1508 et
1357 1484 1550 1517 receptorem
1565 1476 1621 1506 xl·
1639 1477 1688 1506 die
1707 1476 1821 1506 mensis
1835 1475 1956 1513 Marcii,
1973 1486 2032 1516 que
2051 1477 2105 1505 suit
2117 1476 2218 1505 domi-

1310 1527 1379 1556 nica
1391 1527 1515 1562 ludica,
1533 1533 1606 1566 post
1621 1535 1806 1560 sermonem,
1827 1525 1859 1554 in
1878 1525 1990 1555 Sancto
2009 1525 2164 1554 Maturino
2179 1526 2217 1554 ad

1310 1576 1496 1606 audiendum
1515 1581 1690 1615 compotum
1710 1574 1893 1614 receptoris‚
1915 1574 1968 1614 qui
1988 1581 2119 1614 protunc
2137 1584 2216 1603 com-

1311 1625 1430 1665 putavit
1455 1635 1558 1654 coram
1585 1623 1752 1664 deputatis,
1778 1629 1808 1652 et
1832 1623 1975 1653 omnibus
1999 1629 2058 1652 tam
2083 1623 2217 1662 receptis

1311 1684 1400 1714 quam
1409 1673 1561 1714 expositis
1570 1673 1724 1702 hincinde
1738 1672 1945 1712 compensatis
1956 1673 2067 1701 mansit
2075 1679 2218 1711 receptor

1310 1723 1433 1753 nacioni
1450 1722 1605 1763 obligatus
1617 1722 1647 1751 in
1660 1721 1701 1751 lx
1721 1721 1834 1751 francis
1849 1728 1879 1750 et
1891 1721 2008 1761 aliquot
2024 1721 2149 1756 solidis,
2164 1721 2216 1761 qui

1310 1778 1443 1812 protunc
1467 1782 1526 1812 pro
1550 1771 1697 1801 oneribus
1722 1771 1965 1811 computancium
1991 1777 2150 1800 cesserunt
2186 1770 2216 1799 in

1310 1821 1394 1857 vino,
1407 1827 1500 1861 prout
1515 1820 1629 1860 singuli
1644 1820 1886 1860 requisiverunt.
1901 1820 1940 1849 Et
1952 1820 2030 1849 sacta
2040 1819 2216 1849 inductione

1311 1880 1406 1910 super
1428 1876 1582 1910 compoto,
1607 1869 1663 1899 fuit
1678 1875 1840 1909 compotus
1864 1869 1901 1898 ab
1921 1869 2063 1898 omnibus
2085 1879 2216 1898 concor-

1310 1920 1391 1949 diter
1407 1920 1608 1959 approbatus.

1351 1969 1423 2008 (Pol.
1448 1968 1495 2008 25)
1517 1968 1590 1998 ltem
1612 1969 1688 1997 facta
1711 1967 1958 2007 congregacione
1980 1967 2118 1996 nacionis
2134 1967 2215 2006 apud

1312 2017 1456 2047 Sanctum
1479 2017 1632 2047 Julianum
1653 2016 1751 2046 xvl1=
1777 2016 1826 2045 die
1849 2016 1964 2045 mensis
1986 2016 2093 2045 Marcii
2121 2026 2216 2055 super

1310 2073 1455 2106 requesta
1482 2067 1559 2095 facta
1588 2072 1693 2095 contra
1726 2065 1905 2105 magistrum
1934 2065 2134 2105 Meynardum
2166 2065 2215 2094 die

1310 2115 1491 2156 precedenti
1503 2115 1534 2144 in
1553 2114 1809 2155 congregacione,
1831 2114 1944 2143 ibidem
1963 2114 2078 2143 electus
2094 2120 2123 2143 et
2140 2124 2215 2143 con-

1311 2165 1436 2194 stitutus
1459 2165 1515 2194 suit
1535 2164 1615 2193 idem
1639 2164 1788 2203 magister
1809 2163 1997 2202 Meynardus
2017 2163 2046 2192 in
2065 2163 2215 2192 examina-

1309 2220 1407 2244 torem
1428 2213 1672 2242 bachalariorum
1692 2213 1722 2242 in
1741 2212 1854 2242 Sancta
1872 2212 2027 2241 Genovesa
2041 2222 2096 2251 pro
2114 2212 2215 2251 primo

1310 2273 1415 2292 mense
1434 2262 1631 2292 concorditer
1647 2272 1703 2301 per
1718 2262 1887 2296 nacionem,
1903 2272 1964 2290 non
1977 2262 2118 2290 obstante
2132 2262 2214 2300 quod

1310 2311 1398 2351 prius
1414 2311 1469 2341 suit
1485 2312 1671 2351 subrogatus
1689 2321 1743 2340 seu
1760 2310 1945 2340 substitutus
1963 2320 2019 2350 per
2034 2310 2212 2349 magistrum

1309 2360 1479 2390 Johannem
1509 2359 1657 2390 Hokelem
1686 2360 1723 2389 ad
1751 2359 1830 2388 idem
1854 2359 1995 2394 officium,
2022 2370 2083 2388 non
2111 2359 2213 2388 habito

1310 2409 1397 2449 prius
1413 2406 1508 2449 super
1523 2408 1580 2438 hoc
1595 2418 1749 2438 consensu
1766 2408 1916 2437 nacionis.

1713 2503 1731 2530 1
1736 2501 1811 2531 380

1335 2573 1578 2604 Continuatio
1607 2574 1779 2613 magistri
1813 2573 1967 2602 llenrici
1998 2572 2119 2614 Magni
2151 2572 2186 2601 in

1623 2622 1897 2662 procuratoris.

1350 2702 1424 2732 ltem
1446 2703 1520 2732 sacta
1543 2702 1789 2742 congregacione
1812 2701 1948 2730 nacionis
1970 2701 2050 2740 apud
2069 2700 2213 2730 Sanctum

1309 2751 1462 2781 Julianum
1480 2751 1534 2780 Vl·
1546 2751 1596 2780 die
1610 2751 1729 2791 Aprilis
1740 2751 1776 2779 ad
1793 2751 1966 2790 eligendum
1982 2756 2213 2789 procuratorem

1309 2800 1357 2830 vel
1399 2800 1638 2830 continuandum
1680 2806 1710 2830 ct
1747 2801 1782 2828 ad
1820 2799 2002 2829 audiendum
2041 2805 2212 2838 compotum

1339 2881 1362 2905 lt.
1397 2880 1432 2904 De
1446 2880 1538 2909 Clivin,
1552 2880 1598 2912 qui
1608 2883 1668 2904 tunc
1680 2882 1792 2911 receptor
1805 2879 1864 2907 suit.

1339 2918 1361 2939 5.
1398 2917 1424 2940 11
1438 2916 1534 2939 Martii.

1341 2953 1364 2975 8.
1405 2953 1520 2983 Quatuor
1533 2950 1622 2979 colum,
1636 2949 1823 2974 connumeratis
1830 2952 1996 2981 procuratore
2005 2951 2030 2973 el
2041 2952 2177 2983 receptore.
