2632 3464
664 510 762 540 1339

256 583 414 623 Tempus
456 580 746 622 procuracionis
783 578 954 619 magistri
991 576 1166 607 Werneri

612 629 810 660 Wolfram.

297 707 389 737 Anno
419 706 545 736 Domini
575 705 664 740 1339,
694 704 744 733 die
772 701 915 734 veneris*
947 708 1019 742 post
1056 702 1167 731 festum

257 756 355 787 sancti
362 754 581 790 Bartholomei‚
590 754 672 794 apud
679 753 823 782 Sanctum
830 751 1017 781 Maturinum
1024 750 1167 780 omnibus

256 805 414 845 magistris
434 810 503 834 actu
515 803 696 844 regentibus
713 802 744 831 in
759 802 888 831 nacione
902 800 1075 841 Anglicana
1093 809 1168 829 con-

258 854 378 885 vocatis
389 855 428 884 ad
441 853 618 893 eligendum
635 857 880 892 procuratorem,
893 850 1009 879 electus
1022 849 1078 878 fuit
1096 859 1168 878 con-

257 903 394 934 corditer
407 903 446 932 ab
461 902 605 932 omnibus
620 900 769 940 magister
782 899 957 930 Wernerus
967 898 1121 928 Wolfram
1137 898 1168 926 in

257 958 489 992 procuratorem
496 951 576 980 dicte
583 950 734 985 nacionis,
743 949 828 978 nullo
839 949 961 988 penitus
971 947 1165 977 reclamante.

297 1001 450 1040 Tempore
465 999 552 1038 cujus
568 1005 634 1029 acta
650 1005 722 1028 sunt
737 1008 796 1038 que
814 1004 972 1028 secuntur.

298 1050 356 1080 Die
371 1048 513 1079 sabbati²
528 1055 600 1089 post
622 1048 817 1078 Nativitatem
830 1048 918 1076 beate
934 1046 1073 1087 Virginis
1086 1047 1168 1086 apud

258 1099 403 1130 Sanctum
417 1097 605 1128 Maturinum
624 1098 656 1126 in
674 1097 783 1137 primis
802 1096 915 1126 Nostre
939 1096 1070 1125 Domine
1092 1096 1169 1126 sacta

257 1148 314 1178 fuit
325 1148 532 1188 congregacio
550 1146 770 1187 magistrorum
783 1146 957 1186 regentium
976 1145 1007 1174 in
1028 1145 1168 1175 facultate

256 1197 384 1232 arcium,
401 1203 432 1226 et
446 1197 479 1226 in
492 1196 597 1226 terciis
612 1195 821 1235 congregacio
838 1195 994 1235 generalis
1013 1194 1077 1224 sive
1094 1194 1168 1224 Uni-

256 1246 426 1277 versitatis.

298 1295 416 1325 Ibidem
435 1295 474 1324 ad
493 1294 661 1335 predictam
682 1293 788 1323 horam
809 1293 968 1323 convocati
988 1293 1112 1323 fuerunt
1131 1293 1170 1322 ad

257 1344 534 1384 congregacionem
548 1342 687 1373 nacionis
699 1342 871 1383 Anglicane
884 1342 1004 1372 scilicet
1014 1342 1046 1371 in
1060 1342 1169 1382 primis

258 1392 372 1423 Nostre
398 1393 531 1422 Domine
559 1402 666 1422 omnes
692 1391 834 1431 magistri
859 1397 1004 1432 regentes
1032 1390 1170 1431 ejusdem

258 1441 398 1471 nacionis
418 1442 456 1470 ad
477 1440 681 1471 ordinandum
701 1447 732 1470 et
753 1440 1003 1479 despensandum
1025 1450 1079 1470 seu
1106 1447 1170 1470 sta-

258 1490 404 1519 tuendum
424 1496 455 1519 et
471 1499 529 1530 pro
545 1489 848 1530 supplicacionibus‚
865 1489 897 1517 in
915 1498 976 1528 qua
995 1499 1169 1529 congrega-

258 1537 347 1567 cione
363 1538 419 1567 hec
435 1544 507 1567 sunt
522 1543 598 1567 acta.

299 1586 404 1616 Primo
427 1586 508 1616 enim
530 1587 717 1616 tractabatur
736 1586 774 1615 de
797 1586 981 1626 quibusdam
1001 1587 1169 1616 discordiis

257 1635 393 1665 totaliter
413 1635 558 1665 sedandis
578 1635 609 1664 in
629 1634 758 1664 nacione
776 1635 853 1664 ortis
873 1635 956 1670 inde,
972 1636 1055 1675 quod
1076 1635 1170 1676 magi-

259 1690 324 1714 ster
338 1683 423 1714 Suno
438 1685 476 1714 de
492 1684 612 1719 Svecia,
629 1684 682 1724 qui
700 1694 780 1713 anno
792 1684 941 1723 preterito
955 1685 1011 1714 fuit
1026 1691 1171 1724 receptor

258 1734 388 1773 pecunie
402 1733 554 1768 nacionis,
571 1739 604 1763 ut
618 1739 703 1773 patet
720 1733 751 1762 in
766 1732 827 1762 alio
842 1733 938 1763 latere
960 1732 1051 1773 hujus
1068 1734 1132 1763 solii
1143 1732 1167 1770 ³,

258 1789 289 1812 et
319 1782 450 1812 recessit
472 1783 510 1812 de
529 1782 603 1812 villa
630 1782 814 1818 parisiensi,
842 1788 872 1812 et
897 1793 960 1812 non
988 1784 1171 1813 refundebat

258 1831 432 1872 pecuniam,
468 1841 559 1871 quam
590 1831 751 1861 debuisset
782 1831 904 1861 nacioni
936 1832 1090 1862 refudisse
1100 1845 1108 1869 ;
1142 1839 1171 1862 et

258 1881 406 1921 magister
422 1880 555 1910 Mathias
574 1881 612 1910 de
633 1880 742 1910 Svecia
763 1881 896 1916 dicebat,
916 1882 999 1921 quod
1021 1881 1171 1922 magister

259 1930 344 1960 Suno
360 1930 532 1960 intimasset
546 1929 619 1966 sibi,
631 1930 715 1969 quod
730 1930 906 1969 sepedictus
922 1931 1070 1970 magister
1085 1930 1170 1961 Suno

257 1979 352 2010 vellet
374 1979 509 2008 retinere
535 1979 739 2019 quadraginta
767 1979 886 2009 solidos
916 1980 1081 2019 parisiens.
1114 1990 1171 2020 pro

258 2028 418 2058 laboribus
450 2027 532 2063 suis,
565 2034 595 2058 et
630 2027 794 2068 supposito
827 2029 911 2068 quod
945 2029 1003 2058 hoc
1036 2029 1172 2069 placeret

259 2076 392 2112 nacioni‚
406 2076 566 2116 predictus
584 2077 732 2117 magister
745 2077 877 2107 Mathias
893 2077 1026 2107 libenter
1038 2079 1076 2108 de
1089 2078 1171 2108 resi-

259 2126 320 2156 duo
334 2131 527 2165 computaret
541 2131 571 2155 et
587 2135 643 2165 pro
661 2126 870 2166 possibilitate
886 2127 1008 2156 naeioni
1024 2128 1171 2157 refunde-

260 2181 324 2211 ret;
355 2175 410 2204 sed
434 2174 506 2215 quia
530 2184 640 2215 magna
666 2175 798 2215 dampna
822 2175 877 2205 illo
900 2186 980 2205 anno
1008 2176 1039 2205 in
1067 2177 1171 2206 multis

260 2224 421 2255 sustulerit
438 2230 468 2253 et
487 2224 576 2254 valde
598 2224 832 2264 dampnificatus
854 2231 953 2260 esset,
971 2225 1170 2266 supplicavit,

258 2280 292 2303 ut
310 2273 398 2303 fieret
414 2273 494 2302 bona
509 2273 675 2302 concordia
693 2283 788 2313 super
806 2273 877 2304 hiis.
895 2273 936 2304 Et
951 2276 1171 2305 concordatum

259 2323 315 2352 fuit
336 2322 368 2352 in
387 2322 457 2358 hoc,
481 2322 565 2362 quod
588 2322 736 2362 magister
756 2322 840 2352 Suno
858 2333 921 2352 non
943 2323 1071 2354 haberet
1088 2324 1170 2354 illam

259 2371 432 2411 pecuniam,
449 2371 568 2401 scilicet
586 2371 626 2400 40
645 2371 780 2407 solidos,
795 2373 850 2402 sed
873 2379 979 2402 essent
993 2383 1051 2413 pro
1073 2375 1172 2414 magi-

259 2427 325 2450 stro
338 2420 463 2453 Mathia,
477 2426 507 2450 et
520 2420 577 2450 hoc
586 2420 658 2460 quia
669 2420 818 2460 magister
831 2421 916 2451 Suno
929 2432 1102 2462 nuncquam
1114 2433 1171 2463 pro

290 2500 313 2524 1.
347 2500 376 2523 27
388 2499 506 2532 Augusti.

290 2536 315 2559 2.
347 2535 375 2559 11
391 2535 555 2567 Septembris,

291 2571 314 2595 ³.
348 2569 401 2594 Ful.
417 2571 456 2594 ³7.

290 2607 314 2630 In.
347 2607 378 2630 20
390 2606 551 2638 Septembris.

291 2643 315 2666 ἦ.
347 2642 400 2665 Hae
415 2641 518 2665 scholae
533 2650 583 2666 non
598 2644 673 2666 erant
683 2642 831 2675 propr-ictae
844 2642 967 2671 nationie,
982 2643 1028 2667 ted
1043 2644 1171 2668 conduce-

261 2677 355 2702 bantur
364 2686 381 2701 a
392 2678 506 2702 nacione.

291 2714 314 2736 8.
347 2713 407 2737 Alio
423 2712 580 2742 charactere,
596 2713 656 2745 jam
671 2713 790 2741 evanida,
809 2714 856 2737 sed
871 2722 973 2743 coaevo,
989 2714 1018 2738 lu*
1038 2723 1123 2739 venun
1145 2716 1171 2740 in

260 2748 375 2780 margine
387 2747 509 2780 inferiori
518 2749 642 2773 annotati
653 2752 713 2773 nunt
727 2758 734 2773 :

415 2783 479 2808 Jure
495 2785 667 2816 magistratus

415 2819 529 2848 Quidam
541 2821 652 2852 fungens
664 2820 784 2845 titulatus

417 2855 445 2879 ln
456 2855 503 2880 tali
515 2863 579 2880 cura

417 2890 502 2915 Dabat
514 2891 556 2915 bic
567 2899 617 2915 non
631 2892 737 2916 nomina
746 2892 833 2924 plura.

417 2926 468 2950 Sed
479 2926 565 2951 nolum
576 2935 670 2951 nomen

418 2961 567 2994 Proprium.
579 2962 642 2987 Post
650 2963 750 2987 corruit
762 2971 849 2992 omen,

418 2998 498 3021 Anni·
511 2997 552 3021 bis
566 2997 640 3022 deni·

342 3042 458 3062 Anca-rium
469 3042 593 3063 Chunut-n'i
606 3043 692 3063 L'niun-
702 3045 770 3064 Paris.
781 3055 807 3060 —
825 3044 832 3064 l

768 434 882 461 LIBER
904 430 1217 459 PROCURATORUM
1238 429 1418 456 NATIONIS
1437 428 1682 455 ANGLICANAE

1207 953 1240 979 10

1208 1200 1240 1226 15

1208 1447 1241 1472 20

1208 1693 1241 1719 25

1208 1939 1242 1965 30

1209 2185 1243 2211 35

1210 2430 1244 2456 40

2155 428 2190 453 34

1276 505 1336 535 hiis
1350 505 1547 545 supplicavit,
1559 515 1617 534 nec
1627 510 1748 544 poterat
1759 504 1818 533 sibi
1831 505 1891 543 ipsi
1905 506 2189 534 remuneracionem

1276 555 1376 584 facere
1391 555 1429 584 de
1443 554 1573 593 pecunia
1588 553 1739 587 nacionis,
1755 560 1785 582 et
1800 554 1882 593 quod
1897 553 2044 593 magister
2058 554 2190 583 Mathias

1276 604 1454 633 refunderet
1471 613 1527 643 pro
1541 603 1691 642 magistro
1708 602 1834 631 Sunone
1850 602 2055 642 quadraginta
2071 603 2190 632 solidos

1276 652 1457 692 parisiens„
1479 659 1509 682 et
1525 658 1598 681 tunc
1617 652 1705 681 nacio
1728 651 1863 691 quitaret
1882 651 2062 691 magistrum
2088 652 2190 681 Suno-

1276 712 1346 731 nem
1369 702 1400 731 in
1421 701 1566 731 absencia
1589 701 1637 731 sui
1659 711 1715 730 nec
1734 701 1852 740 aliquid
1869 700 1940 741 plus
1963 707 2071 730 contra
2089 701 2189 741 ipsum

1278 751 1391 780 faceret
1406 761 1501 790 super
1514 750 1586 780 hiis.
1599 749 1728 790 Adjecto
1741 756 1841 779 tamen
1856 751 1939 789 quod
1954 750 1980 779 si
1997 750 2192 790 contingeret

1277 800 1459 840 magistrum
1482 799 1639 829 Sunonem
1667 809 1734 829 cum
1759 800 1881 828 fortuna
1902 799 2062 839 pinguiori
2088 800 2190 829 redire

1277 849 1431 884 Parisius,
1451 850 1534 888 quod
1552 849 1676 888 plenius
1696 849 1874 878 refunderet
1891 848 2030 884 nacioni;
2050 855 2079 878 et
2097 859 2193 888 super

1278 898 1338 928 hiis
1357 898 1505 938 magister
1520 898 1653 927 Mathias
1669 897 1796 927 haberet
1813 897 1944 926 litteram
1964 898 2069 937 sigillo
2086 898 2192 927 nacio-

1278 949 1327 977 nis
1350 947 1526 987 sigillatam.
1553 947 1684 976 Dicebat
1709 947 1816 982 eciam‚
1839 953 1868 975 et
1889 947 2020 986 plurieS‚
2044 948 2194 987 magister

1278 996 1426 1032 Matthias,
1446 997 1529 1036 quod
1547 996 1646 1026 adhuc
1667 1003 1773 1025 essent
1794 996 1918 1036 plures,
1939 996 1991 1035 qui
2012 1003 2193 1026 tenerentur

1278 1045 1411 1075 nacioni.

1319 1094 1394 1124 Item
1415 1101 1487 1124 tunc
1507 1094 1621 1123 ibidem
1638 1104 1694 1134 per
1710 1101 1943 1134 procuratorem
1961 1101 2027 1124 erat
2045 1095 2193 1134 proposi-

1278 1150 1357 1179 tum,
1380 1145 1463 1183 quod
1482 1144 1576 1173 sciret
1593 1154 1687 1173 unum
1705 1143 1856 1172 scolarem
1875 1144 1911 1172 de
1935 1144 2063 1173 nacione
2087 1151 2193 1174 nostra

1278 1193 1500 1233 intelligentem
1524 1199 1552 1222 et
1576 1193 1756 1228 discretum,
1777 1193 1829 1232 qui
1850 1192 1976 1222 multum
2001 1194 2194 1223 desideraret

1278 1249 1312 1272 ut
1329 1248 1412 1272 esset
1429 1248 1589 1282 reputatus
1609 1242 1818 1271 determinans
1838 1242 1949 1271 solutis
1967 1242 2143 1278 solvendis,
2164 1251 2194 1273 et

1279 1292 1400 1321 dicebat
1424 1291 1571 1331 magister
1598 1291 1743 1326 Mathias‚
1771 1292 1855 1331 quod
1887 1291 1961 1320 alias
1989 1292 2191 1322 deliberatum

1279 1341 1350 1375 suit,
1377 1341 1459 1380 quod
1483 1340 1620 1380 quelibet
1645 1340 1733 1370 nacio
1755 1340 1882 1370 haberet
1900 1351 2010 1376 unum,
2033 1348 2063 1370 et
2085 1352 2193 1372 omnes

1279 1390 1453 1419 habuerunt
1467 1396 1595 1429 excepta
1610 1390 1739 1419 nacione
1754 1396 1874 1424 nostra,
1891 1391 1972 1419 unde
1986 1390 2084 1420 adhuc
2101 1392 2192 1420 debe-

1279 1444 1326 1467 ret
1341 1438 1454 1468 habere
1469 1439 1565 1467 illum.
1582 1438 1621 1467 Et
1636 1438 1841 1478 supplicatum
1856 1438 1912 1468 suit
1926 1449 1983 1478 per
1999 1440 2192 1478 prenomina-

1279 1494 1341 1517 tum
1358 1494 1606 1527 procuratorem,
1624 1487 1650 1516 si
1670 1487 1712 1516 ita
1732 1494 1831 1522 esset,
1849 1488 1886 1516 de
1904 1498 1966 1527 quo
1984 1494 2085 1517 tamen
2101 1489 2194 1518 vellet

1279 1537 1402 1576 plenius
1420 1537 1591 1572 informari,
1608 1537 1692 1577 quod
1706 1536 1834 1566 haberet
1850 1537 1945 1566 illum.
1963 1537 2053 1574 Quod
2067 1548 2192 1568 conces-

1280 1596 1347 1616 sum
1361 1586 1416 1615 suit
1428 1587 1466 1615 ab
1479 1586 1622 1615 omnibus
1638 1585 1765 1615 multum
1782 1586 1928 1626 benigne.

1321 1635 1395 1664 Item
1415 1635 1447 1664 in
1466 1634 1594 1675 vigilia⁴
1613 1635 1693 1664 beati
1712 1635 1827 1664 Mathei
1846 1636 2024 1666 convocatis
2049 1637 2192 1666 omnibus

1279 1684 1438 1724 magistris
1454 1684 1636 1724 regentibus
1652 1684 1683 1713 in
1703 1684 1813 1724 primis
1831 1684 1944 1714 Nostre
1961 1685 2093 1714 Domine
2111 1686 2192 1725 apud

1281 1733 1426 1763 Sanctum
1453 1733 1607 1763 ,lulianum
1639 1743 1807 1773 pauperem
1841 1735 1877 1763 ad
1912 1734 2193 1774 congregacionem

1279 1782 1419 1812 nacionis
1443 1782 1615 1822 Anglicane
1638 1783 1676 1811 ad
1698 1783 1904 1812 ordinandum
1927 1790 1984 1813 etc.
2014 1790 2046 1813 ut
2070 1794 2165 1824 supra
2185 1796 2191 1812 :

1279 1832 1408 1871 petitum
1426 1838 1491 1861 erat
1507 1842 1523 1861 a
1541 1831 1672 1861 bedellis
1687 1832 1849 1867 ambobus,
1865 1833 1985 1862 scilicet
2001 1832 2146 1862 Conrado
2165 1840 2194 1863 et

1281 1881 1454 1917 Gillekino,
1475 1887 1576 1910 utrum
1601 1887 1758 1910 constaret
1778 1882 1823 1911 eis
1844 1882 1927 1921 quod
1954 1883 2043 1912 nacio
2067 1883 2195 1912 deberet

1281 1930 1394 1959 habere
1414 1940 1507 1960 unum
1528 1936 1702 1970 reputatum
1720 1931 1974 1960 determinantem
2000 1931 2110 1961 solutis
2134 1931 2193 1960 sol-

1280 1979 1401 2009 vendis.
1421 1979 1550 2009 Dicebat
1565 1980 1695 2019 quilibet
1710 1980 1794 2019 quod
1811 1980 1917 2020 utique
1939 1987 2096 2010 constaret
2116 1981 2193 2016 sibi,

1280 2029 1364 2068 quod
1386 2028 1447 2063 sie,
1467 2035 1497 2058 et
1516 2029 1722 2069 supplicatum
1741 2028 1797 2058 fuit
1815 2029 1925 2058 iterato
1945 2039 2002 2069 per
2022 2030 2193 2069 predictum

1281 2084 1530 2117 procuratorem,
1545 2078 1628 2117 quod
1643 2085 1752 2118 posset
1773 2077 1858 2107 illum
1880 2078 2010 2114 habere,
2031 2085 2061 2108 et
2084 2079 2194 2108 iterato

1281 2127 1414 2167 benigne
1432 2137 1614 2156 concessum
1634 2127 1698 2156 suit.
1721 2127 1796 2156 Item
1812 2133 1884 2156 tunc
1903 2127 2015 2156 ibidem
2035 2127 2194 2167 supplica-

1280 2176 1324 2206 vit
1352 2176 1440 2205 nacio
1469 2176 1611 2216 predicto
1636 2175 1781 2205 Conrado
1807 2176 1973 2216 principali
2001 2176 2136 2212 bedello,
2164 2183 2195 2206 ut

1281 2226 1487 2265 responderet
1496 2225 1627 2255 Harrico
1636 2225 1801 2265 principali
1812 2225 1934 2255 bedello
1944 2236 2000 2265 pro
2010 2226 2193 2265 quibusdam

1282 2274 1388 2310 scolis,
1403 2273 1522 2304 scilicet
1531 2275 1650 2304 duabus
1659 2275 1826 2314 adlongum
1838 2276 1999 2310 introitum,
2012 2285 2070 2315 pro
2081 2275 2194 2314 quibus

1281 2323 1369 2352 nacio
1391 2323 1545 2363 litigavit-’³
1565 2330 1594 2352 et
1618 2323 1763 2359 obtinuit,
1787 2330 1817 2353 et
1839 2323 1984 2363 promisit
2016 2324 2193 2354 Conradum

1281 2373 1413 2402 reddere
1427 2372 1639 2412 indempnem,
1659 2379 1689 2402 et
1701 2373 1783 2412 quod
1801 2383 1895 2413 super
1911 2372 1968 2402 hoc
1986 2373 2052 2412 ipse
2069 2373 2196 2402 haberet

1281 2421 1413 2451 litteram
1427 2421 1579 2461 signatam
1593 2421 1697 2462 sigillo
1715 2431 1769 2451 seu
1785 2422 1908 2462 signeto
1926 2422 2056 2451 rectoris
2068 2421 2091 2450 ⁶.

1438 2501 1599 2530 Transactis,
1613 2501 1662 2525 hoc
1676 2509 1779 2534 quoque
1790 2501 1865 2534 penis

1436 2537 1526 2561 Multis
1540 2537 1632 2561 inbuto
1641 2555 1646 2565 ,

1439 2573 1564 2604 Rogitans
1578 2573 1706 2597 tutamine
1720 2576 1775 2596 tuto

1437 2609 1509 2632 Tunc
1523 2608 1678 2640 suffragari,

1437 2644 1493 2667 Non
1506 2644 1560 2668 ullo
1576 2645 1658 2668 fertur
1671 2644 1754 2668 amari

1438 2680 1524 2703 Causa
1539 2680 1586 2704 tibi
1602 2679 1679 2703 detur
1695 2687 1700 2703 ε

1437 2715 1530 2740 Omnis
1543 2715 1644 2740 nescire
1659 2716 1764 2743 fatetur,

1439 2751 1513 2775 Unde
1527 2751 1576 2775 fuit
1588 2755 1666 2775 natus

1437 2787 1489 2811 Nec
1502 2790 1577 2819 patre
1591 2796 1620 2811 ve
1635 2790 1717 2811 matre
1731 2790 1847 2810 vocatus.

1438 2822 1579 2854 Principiis
1592 2823 1677 2850 obsta,
1691 2831 1750 2847 sero
1763 2822 1892 2846 medicina
1906 2826 2024 2854 paratur.

1313 2861 1396 2891 Supra
1410 2867 1492 2882 vocem
1505 2867 1567 2882 cura
1581 2858 1642 2890 (liu.
1656 2859 1685 2890 3)
1700 2858 1821 2890 scriptum
1836 2860 1873 2882 eat
1888 2866 1895 2881 :
1908 2858 1935 2882 id
1948 2861 1988 2882 est
2003 2859 2192 2890 procuratorio.

1282 2896 1310 2919 In
1326 2903 1357 2918 ea
1370 2894 1553 2926 procuratione
1570 2902 1616 2918 nec
1631 2894 1770 2922 licentiati,
1783 2902 1830 2917 nec
1841 2893 2042 2918 determinanleo
2056 2893 2194 2918 nominan-

1282 2933 1340 2961 tur‚·
1355 2938 1436 2962 neque
1450 2930 1503 2962 ipu-
1524 2931 1654 2954 Wernerus
1672 2929 1793 2961 Wolsmm
1808 2938 1860 2961 qua
1878 2930 1980 2962 regione
1994 2931 2072 2953 natue
2085 2929 2118 2954 uit
2134 2930 2196 2953 sciri

1280 2968 1371 2998 poten.
1391 2967 1506 2990 Celerum
1525 2965 1648 2989 mediocri
1664 2973 1738 2989 sensu
1757 2967 1889 2990 contentus
1903 2965 1955 2998 suit
1975 2965 1995 2989 ie
2014 2966 2104 2997 poeta,
2122 2965 2194 2998 cujus

1284 3010 1369 3026 venue
1381 3001 1406 3025 in
1418 3002 1485 3025 duaa
1494 3004 1583 3033 parte·
1595 3001 1736 3025 divinia-ue.
