2632 3464
435 421 451 437 ¹
575 450 578 454 Ι
1268 413 1531 440 INTRODUCTIO

440 489 493 538 (p.
520 490 604 532 200,
628 490 675 535 3).
698 490 809 525 Anno
835 489 927 525 1368
948 488 1111 538 legimus
1139 505 1145 525 z
1173 505 1189 525 «
1213 491 1427 538 juramenta
1453 503 1527 539 que
1551 491 1588 525 in
1608 490 1706 526 libro
1726 490 1866 526 νιιόεο1
1893 493 2067 527 nacionis
2097 499 2188 528 sunt
2212 473 2363 530 noviter

437 559 657 608 conscripta
678 572 693 592 »
717 559 764 608 (p.
784 558 867 600 322,
884 559 963 604 38);
984 558 1155 606 ejusdem
1174 560 1316 595 mentio
1338 558 1378 595 fit
1400 572 1459 594 an.
1484 560 1574 594 1381
1592 560 1643 608 (p.
1667 559 1753 603 601,
1780 561 1852 607 34).
1874 561 1995 608 Quem
2013 560 2166 604 librum,
2190 562 2363 599 tenebris

438 626 503 663 diu
522 640 702 670 mersum,
725 640 847 677 nuper
860 630 953 664 emit
975 628 1214 664 Bibliotheca
1234 628 1439 664 nationalis
1460 629 1579 664 Paris.
1601 635 1640 665 et
1655 631 1802 666 notavit
1821 630 1939 667 Nouo.
1962 644 2049 679 aeq.
2069 631 2135 666 lat.
2153 632 2236 666 535.

489 697 660 733 Similem
691 697 828 733 librum
863 705 1037 733 caeterae
1073 698 1248 733 nationes
1281 697 1518 740 habuerunt3
1549 705 1664 734 notus
1694 707 1754 735 est
1783 699 1904 736 codex
1939 699 2066 736 dictus
2095 700 2365 737 Harcurianus

437 767 603 812 (Carnot.
627 767 709 812 662)
728 768 792 815 qui
809 774 951 803 statuta
967 766 1206 802 venerandae
1225 767 1391 802 nationis
1410 769 1716 804 Normannorum
1737 770 1916 805 servavit.
1941 770 2145 806 Nationum
2167 769 2364 806 Gallorum

439 835 762 885 Picardorumque
783 836 869 871 libri
891 849 1004 885 quam
1031 835 1277 884 praebuerint
1298 835 1457 872 formam
1480 838 1723 886 ignoramus;
1749 838 1884 875 saltem
1907 851 2037 875 earum
2063 846 2205 876 statuta
2232 847 2364 889 poste-

438 906 517 941 rius
537 906 740 942 reformata
754 906 855 955 typis
872 905 1026 954 vulgata
1045 913 1134 940 sunt
1147 906 1173 940 ¹².

489 975 590 1011 Idem
608 988 690 1011 mos
711 976 824 1011 etiam
847 977 885 1010 in
900 975 982 1010 aliis
994 974 1316 1011 Universitatibus
1329 976 1540 1020 invenitur;
1561 978 1655 1013 satis
1672 978 1722 1014 sit
1737 977 1798 1013 hic
1816 990 2030 1014 memorare
2046 977 2184 1015 librum
2202 986 2366 1015 statuto-

438 1057 521 1080 rum
538 1045 704 1080 nationis
721 1045 967 1080 Germanicae
988 1045 1025 1078 in
1042 1045 1152 1080 Univ.
1173 1045 1405 1080 Bononiensi
1418 1046 1441 1080 3.

486 1114 536 1149 At
552 1121 703 1162 praeter
719 1113 857 1148 librum
874 1113 980 1148 illum
997 1112 1248 1162 principalem
1266 1120 1495 1151 statutorum
1510 1117 1861 1165 etjuramentorum
1878 1124 1966 1154 ante
1981 1130 2108 1166 quem,
2124 1119 2239 1154 tactis
2255 1130 2366 1154 evan-

437 1183 564 1232 geliis,
587 1182 766 1230 jurabant
787 1184 999 1231 supposita.
1026 1183 1245 1218 necessario
1270 1184 1382 1219 Natio
1402 1185 1628 1234 Anglieana,
1651 1185 1975 1235 quemadmodum
1998 1186 2168 1236 reliquae
2190 1188 2366 1224 nationes

437 1252 728 1301 facultatesque,
753 1251 824 1287 alia
844 1253 1007 1301 registra
1028 1265 1240 1301 papyracea
1257 1252 1390 1290 habuit
1407 1255 1445 1289 in
1465 1253 1605 1303 quibus
1622 1267 1682 1291 res
1697 1256 1911 1291 communis
1928 1257 2029 1292 vitae
2049 1255 2222 1305 quotidie
2235 1257 2367 1293 inscri-

438 1326 587 1363 bendae
605 1334 726 1362 erant.

488 1396 598 1431 Liber
617 1396 887 1443 procuratoris
909 1398 986 1444 (pp.
1009 1395 1069 1437 64,
1092 1396 1158 1438 263
1182 1396 1266 1437 645,
1294 1396 1362 1437 45;
1385 1394 1471 1436 651,
1497 1394 1562 1437 153
1586 1394 1670 1436 700,
1698 1395 1770 1440 39),
1794 1393 1843 1430 de
1865 1407 1940 1443 quo
1963 1407 2049 1430 mox
2070 1394 2190 1431 fusius
2214 1402 2363 1450 agetur,

438 1467 552 1501 variis
568 1465 789 1501 nominibus
805 1464 1101 1514 designabatur3
1118 1465 1323 1514 aliquoties
1340 1464 1435 1500 liber
1449 1464 1618 1498 nationis
1634 1464 1679 1499 de
1689 1465 1832 1512 papiro
1849 1464 1947 1509 (466,
1967 1464 2039 1510 37),
2057 1465 2262 1513 registrum
2274 1477 2368 1513 pro-

438 1538 630 1571 curatoris
651 1535 747 1581 (366,
766 1535 826 1582 27)
844 1534 904 1571 vel
925 1537 1131 1584 registrum
1151 1536 1318 1571 nationis
1334 1534 1408 1580 (52,
1426 1533 1493 1574 34;
1518 1533 1578 1575 75,
1599 1533 1658 1579 38)
1677 1532 1896 1575 dicebatur;
1920 1533 2154 1583 quandoque
2169 1534 2367 1571 confusius

440 1604 703 1654 imprudentes
724 1611 993 1653 procuratores
1010 1604 1151 1640 libram
1167 1605 1334 1640 nationis
1348 1611 1584 1640 vocaverunt
1597 1603 1683 1650 (vid.
1705 1605 1790 1647 257,
1811 1605 1831 1640 7
1846 1619 1854 1648 ς
1872 1605 1958 1648 400,
1979 1605 2052 1652 43).

487 1674 599 1710 Liber
615 1675 819 1722 receptor-is
832 1674 997 1723 primum
1019 1687 1078 1709 an.
1100 1674 1193 1709 1356
1207 1675 1244 1709 in
1260 1681 1392 1710 nostro
1410 1673 1605 1710 volumine
1623 1675 1763 1710 citatus
1784 1674 1880 1721 (203,
1904 1675 1970 1718 24ς
1994 1675 2080 1717 479,
2102 1675 2172 1718 46;
2191 1675 2275 1719 877,
2295 1675 2360 1719 34ς

436 1744 522 1785 902,
540 1744 606 1785 49;
624 1744 709 1785 929,
734 1744 789 1791 22)
809 1745 977 1780 rationes
993 1744 1141 1793 accepti
1158 1751 1196 1780 et
1212 1745 1370 1793 expensi
1388 1757 1458 1793 pro
1472 1744 1628 1780 natione
1647 1743 1860 1793 Anglicana
1881 1743 2115 1780 continebat.
2141 1745 2232 1793 Ejus
2247 1757 2367 1794 gene-

439 1815 490 1849 ris
514 1813 701 1862 quaedam
726 1813 772 1849 ad
799 1826 868 1849 nos
894 1820 1150 1862 pervenerunt
1164 1813 1191 1855 4,
1218 1814 1491 1849 vetustissimis
1518 1813 1682 1848 amissis.
1710 1812 1792 1849 Illic
1818 1813 2196 1850 contrascribebatur
2227 1827 2367 1851 nomen

438 1884 714 1932 cujuscumque
738 1882 1030 1919 determinantis
1050 1882 1110 1919 vel
1133 1882 1319 1919 licentiati
1340 1882 1400 1919 vel
1423 1883 1644 1932 incipientis
1665 1895 1751 1919 cum
1778 1895 1925 1919 summa
1949 1883 1996 1919 ab
2020 1896 2065 1919 eo
2088 1883 2226 1927 soluta,
2251 1885 2301 1920 ita
2325 1891 2368 1921 ut

438 1953 582 2002 duplici
598 1953 805 2002 exemplari
820 1966 959 1989 nomen
980 1952 1213 2002 bursamque
1231 1951 1438 2001 cujuslibet
1458 1951 1506 1987 ad
1521 1951 1662 2001 gradus
1677 1952 1961 2002 progredientis
1975 1953 2086 1989 Natio
2104 1960 2363 1990 conservaret.

438 2025 530 2059 Post
546 2030 767 2072 computum
787 2030 1024 2072 procurator,
1043 2024 1107 2072 qui
1123 2035 1193 2072 pro
1208 2030 1382 2071 tempore
1396 2029 1490 2065 erat,
1510 2035 1622 2058 manu
1640 2023 1794 2071 propria
1810 2022 1996 2058 rationem
2013 2023 2225 2071 receptoris
2246 2035 2367 2072 appo-

438 2094 511 2129 sita
528 2092 688 2128 formula
713 2107 728 2127 ((
750 2095 804 2128 Ita
823 2100 882 2128 est
907 2107 923 2127 J)
952 2092 1202 2142 approbabat.
1227 2093 1429 2128 Caeterum
1457 2092 1667 2142 specimina
1695 2091 1900 2128 ediderunt
1919 2091 2079 2128 Carolus
2104 2093 2306 2127 JOURDA1N5
2324 2099 2363 2128 et

439 2163 508 2199 Ab.
531 2165 690 2198 Lamum
706 2164 728 2197 ⁶.
756 2162 994 2211 Quandoque
1008 2163 1136 2198 evenit
1150 2169 1191 2197 ut
1208 2162 1348 2198 solutio
1370 2162 1514 2198 nationi
1532 2161 1630 2197 faeta
1647 2161 1693 2196 ab
1715 2173 1791 2197 uno
1811 2167 1958 2197 tantum
1980 2160 2165 2197 officiario
2182 2161 2366 2198 scribere-

440 2240 514 2276 tur,
534 2231 636 2268 unde
652 2233 883 2268 contestatio
904 2245 951 2267 an
972 2244 1119 2267 summa
1140 2231 1347 2268 deberetur
1360 2244 1484 2267 necne
1500 2230 1612 2277 (vide.
1632 2244 1696 2280 pp.
1715 2231 1799 2273 489,
1819 2231 1948 2274 39-403
1969 2231 2053 2274 547,
2076 2231 2164 2276 2-7).
2234 2225 2236 2229 ’

489 2304 547 2337 An
570 2315 700 2338 revera
721 2301 843 2337 factus
866 2301 978 2337 fuerit
1000 2301 1095 2336 liber
1115 2301 1295 2351 speel'alzs
1314 2314 1446 2337 eorum
1470 2302 1540 2349 qui
1548 2300 1741 2349 jurabant
1758 2300 2152 2354 paupertatemv(896,
2179 2300 2247 2343 4’7;
2280 2300 2364 2342 897,

444 2371 513 2417 14),
532 2384 645 2421 quem
668 2372 778 2407 Natio
799 2370 1020 2407 decreverat
1037 2384 1096 2406 an.
1121 2371 1212 2407 1405
1230 2370 1522 2412 instituendum,
1541 2371 1776 2420 ignoramus.

482 2510 507 2537 1.
555 2509 606 2537 Sic
634 2508 854 2547 designabatur
883 2507 972 2536 etiam
999 2507 1149 2536 facultatis
1179 2507 1347 2536 medicinae

442 2571 454 2584 «
479 2558 596 2586 libellas
616 2558 705 2586 rubeo
725 2565 879 2596 coopertus
896 2557 925 2585 in
944 2567 1005 2596 quo
1023 2557 1220 2585 continentur
1237 2562 1348 2585 statuta

439 2607 589 2636 facultatis
606 2607 706 2645 nffleg.
723 2607 737 2634 1
753 2609 823 2634 Fac.
836 2607 932 2641 Med„
950 2617 981 2645 p.
997 2607 1064 2641 183,
1078 2606 1115 2634 ad
1131 2616 1180 2634 an.
1198 2606 1296 2644 1413).
1309 2623 1347 2626 -

437 2657 478 2685 At
489 2657 567 2685 liber
576 2656 709 2685 nationis
723 2655 912 2695 Anglicanae
923 2662 968 2684 tot
978 2655 1118 2684 manibus
1130 2655 1222 2684 tritus
1238 2664 1347 2683 novam

441 2706 597 2744 posterius
609 2706 770 2744 ligaturam
783 2705 902 2744 accepit
912 2711 942 2734 et
952 2706 1128 2734 membrana
1139 2704 1248 2739 viridi,
1266 2714 1347 2733 nunc

440 2755 566 2784 omnino
584 2754 709 2793 pallida,
728 2754 858 2783 vestitus
875 2760 932 2783 est.

482 2805 510 2833 2.
555 2806 671 2832 Statum
688 2804 883 2832 honorandae
893 2805 1030 2832 Nationis
1045 2804 1226 2833 Gallicanae
1243 2813 1346 2841 recog-

440 2856 502 2882 nita
525 2861 552 2881 et
572 2855 748 2891 reformata,
774 2853 889 2888 Paris„
914 2853 950 2881 P.
977 2852 1125 2891 Variquet
1149 2851 1257 2891 (1661).
1286 2852 1346 2881 lte-

443 2913 509 2931 rum
527 2903 614 2936 1715,
637 2904 723 2937 1757,
742 2903 828 2932 1788.
847 2920 886 2924 --
899 2904 1016 2931 Statum
1033 2903 1229 2939 fidelissimae
1244 2903 1345 2930 Natio-

441 2954 487 2979 tzis
505 2953 669 2980 Picardiac
681 2954 831 2990 rerognita
843 2959 870 2980 el
886 2953 1064 2989 reformata,
1080 2950 1194 2985 Paris„
1208 2961 1258 2990 ap.
1274 2950 1344 2979 Vld.

1458 2507 1506 2537 Cl.
1525 2507 1690 2542 Thiboust,
1709 2507 1796 2536 1675.
1818 2505 1931 2535 lterum
1949 2506 2036 2536 1746.

1497 2558 1525 2586 3.
1573 2557 1618 2586 De
1644 2566 1705 2595 quo
1727 2556 1790 2585 vid.
1812 2558 1888 2584 Acta
1914 2561 1977 2585 πάι,
2007 2557 2206 2585 Germanicae
2231 2556 2365 2585 Univers.

1458 2608 1650 2641 Bononiens„
1668 2615 1698 2644 p.
1715 2615 1771 2640 vu,
1786 2615 1834 2644 sq.

1497 2656 1525 2684 4.
1571 2654 1666 2684 Arch.
1681 2660 1744 2683 nat.
1763 2653 1865 2683 Paris.
1887 2653 1927 2683 H.
1943 2654 2032 2689 2587,
2048 2654 2143 2688 25883
2160 2652 2255 2682 Arch.
2272 2652 2364 2682 Univ.

1458 2704 1559 2733 Paris.
1573 2704 1651 2743 Reg.
1669 2704 1707 2733 85
1724 2704 1784 2743 (an.
1802 2702 2003 2742 1494-1530);
2018 2702 2113 2732 Arch.
2130 2708 2191 2731 nat.
2208 2702 2310 2731 Paris.
2325 2702 2364 2731 H.

1456 2755 1546 2783 2590.

1496 2804 1524 2833 5.
1572 2814 1584 2830 «
1617 2802 1667 2832 Un
1691 2807 1813 2841 compte
1843 2802 1880 2830 de
1909 2801 1937 2830 la
1962 2800 2067 2830 nation
2091 2799 2303 2840 d'Allemagne
2330 2800 2368 2828 de

1456 2851 1655 2881 l'Universite'
1678 2852 1715 2880 de
1738 2850 1828 2880 Paris
1850 2861 1887 2880 au
1902 2854 1954 2879 xv³
1979 2850 2072 2879 siecle
2091 2861 2119 2885 »,
2148 2850 2249 2885 Paris,
2278 2850 2365 2879 1875.

1495 2902 1525 2931 6.
1569 2903 1682 2930 Socim
1705 2901 1858 2929 d'liistoire
1880 2907 1909 2928 et
1926 2901 1964 2928 de
1981 2900 2165 2939 geographie
2183 2899 2231 2938 (de
2253 2898 2366 2938 hege),

1457 2952 1598 2987 Bulleein,
1618 2951 1704 2985 1890,
1723 2960 1753 2989 p.
1771 2950 1808 2979 27
1824 2959 1895 2988 sqq.
