2632 3464
319 449 373 476 681

320 531 394 556 tunc
411 525 512 565 ipsum
527 525 700 560 adiverunt,
722 530 756 554 ut
771 524 867 554 eciam
882 531 979 554 mater
1001 531 1105 554 nostra
1126 525 1228 565 ipsum

319 575 420 606 adiret
431 582 462 605 et
475 574 536 604 sibi
549 574 711 615 supposita
722 585 778 605 sua
787 574 1060 604 recommandaret.
1078 574 1124 603 3⁸²·
1133 584 1229 614 super

322 625 607 665 supplicacionibus
623 632 653 655 et
667 625 801 666 injuriis.

360 673 462 714 Super
477 674 578 714 primo
595 674 790 704 Universitas
807 673 1031 714 supersedebat
1047 673 1085 702 de
1100 682 1227 702 renova-

319 722 409 753 cione
428 722 595 763 juramenti
618 724 721 763 quoad
751 723 944 763 prepositum
977 722 1069 751 istum
1099 727 1228 761 propter

319 773 453 802 favorem
469 782 525 812 per
540 772 732 812 prepositum
746 771 950 802 Universitati
964 777 995 800 et
1004 771 1070 800 suis
1083 771 1227 810 supposi-

318 821 358 850 tis
374 821 497 851 factum.
514 821 576 851 Sed
587 822 614 851 si
624 831 724 851 novus
739 827 907 856 crearetur,
919 821 1088 850 secundum
1100 820 1226 849 formam

317 876 349 900 et
360 876 499 900 tenorem
514 870 670 911 privilegii
685 877 756 906 etc.,
770 869 864 900 vellet
875 870 960 910 quod
972 868 1101 909 juraret.

359 919 462 960 Super
482 920 514 948 20
529 920 620 949 datus
640 919 696 949 suit
715 929 932 960 proponens...
959 918 1034 959 (sic),
1050 919 1103 958 qui
1122 928 1226 948 coram

317 968 467 998 cardinali
485 968 637 1009 eliganter
651 968 778 998 haberet
792 978 968 1008 proponere
988 973 1019 997 et
1033 967 1132 997 eidem
1146 967 1226 997 Uni-

316 1017 494 1047 versitatem
504 1018 767 1047 recommandare.

357 1065 460 1106 Super
473 1066 506 1095 30
520 1066 771 1106 supplicaciones
786 1067 910 1096 fuerunt
923 1075 1082 1096 concesse.

358 1115 433 1145 ltem
450 1115 528 1145 facta
544 1115 792 1156 congregacione
811 1115 963 1151 nacionis,
979 1114 1125 1144 vicesima
1140 1121 1226 1145 sexta

316 1164 368 1194 die
396 1164 482 1200 Julii,
515 1174 610 1204 super
640 1165 761 1194 duobus
791 1164 943 1194 articulis.
976 1164 1101 1194 Primus
1131 1173 1227 1204 super

315 1213 456 1244 adeundo
487 1213 669 1253 episcopum
700 1213 901 1243 Baiocensem
934 1214 973 1243 de
1006 1213 1115 1242 cedula
1149 1213 1225 1243 alias

315 1262 411 1292 missa
428 1262 550 1292 nacioni
565 1263 603 1292 de
617 1261 759 1302 pecuniis
777 1262 860 1292 illius
873 1262 945 1298 orti,
958 1262 1093 1302 petendo
1110 1271 1148 1291 an
1164 1262 1224 1291 sibi

314 1311 415 1341 adhuc
436 1311 573 1352 placeret
596 1311 649 1341 illa
670 1312 768 1341 forma
789 1317 932 1341 contenta
952 1311 983 1340 in
1003 1311 1123 1346 cedula,
1149 1317 1179 1341 et
1197 1311 1224 1341 si

316 1360 374 1396 sic,
393 1361 476 1400 quod
497 1360 633 1390 mitteret
654 1370 747 1390 unum
769 1371 807 1390 ex
827 1366 915 1400 parte
935 1360 983 1390 sui
1007 1359 1065 1401 [in]
1085 1360 1226 1400 proxima

315 1409 563 1450 congregacione
589 1409 809 1440 Universitatis
838 1415 869 1438 et
898 1409 981 1448 quod
1010 1409 1166 1448 legeretur
1193 1408 1224 1437 in

317 1457 538 1493 Universitate,
557 1457 629 1498 quia
643 1458 760 1498 placuit
778 1458 911 1488 nacioni.
935 1458 981 1487 2⁰·
996 1467 1090 1498 super
1106 1457 1224 1497 suppli-

314 1506 493 1536 cacionibus
515 1513 546 1536 et
568 1505 702 1546 injuriis.
728 1506 829 1546 Super
854 1506 955 1546 primo
978 1506 1108 1536 articulo
1129 1506 1226 1537 adivit

314 1561 500 1596 procurator
516 1565 576 1585 una
593 1565 662 1585 cum
679 1555 829 1595 magistro
844 1555 958 1595 Egidio
969 1555 1085 1584 Jutfaes
1100 1555 1224 1596 predic-

314 1610 377 1634 tum
389 1603 582 1643 episcopum,
598 1604 726 1644 quinon
740 1604 834 1634 vellet
849 1604 932 1644 quod
948 1604 1055 1633 cedula
1067 1604 1225 1644 legeretur

315 1653 347 1683 in
369 1652 590 1688 Universitate,
610 1653 670 1682 nisi
689 1653 720 1682 in
735 1653 894 1693 presentia
908 1653 1048 1693 magistri
1064 1653 1169 1693 Egidii
1185 1654 1224 1683 de

315 1701 442 1742 Campis
454 1701 478 1737 ⁴,
497 1701 550 1741 qui
573 1708 705 1742 protunc
719 1703 834 1732 absens
852 1702 918 1732 suit.
940 1701 1042 1741 Super
1058 1703 1090 1732 2⁰
1107 1702 1224 1742 suppli-

315 1757 464 1781 caverunt
487 1750 602 1780 bedelli
622 1757 656 1781 ut
673 1751 763 1780 nacio
785 1751 863 1791 ipsis
885 1751 1050 1791 providere
1072 1751 1165 1781 vellet
1186 1752 1224 1782 de

312 1800 467 1840 aliquanta
486 1810 604 1830 summa
621 1800 832 1840 pecuniarum,
849 1800 922 1840 quia
938 1800 1065 1830 multum
1082 1801 1225 1830 dicebant

313 1859 348 1879 se
368 1850 434 1879 sore
451 1849 627 1888 indigentes
645 1855 776 1889 propter
792 1849 870 1879 lucri
892 1849 976 1879 illius
1000 1850 1071 1879 anni
1090 1849 1224 1889 paucita-

311 1905 384 1928 tem.
415 1898 536 1936 Quibus
563 1898 653 1928 nacio
679 1898 863 1938 providebat
891 1899 928 1927 de
958 1899 1063 1928 decem
1093 1899 1222 1935 francis,

312 1947 468 1988 superiori
483 1946 605 1977 bedello
623 1948 661 1977 de
677 1957 743 1982 sex,
758 1946 940 1977 subbedello
955 1947 993 1976 de
1008 1947 1061 1977 4⁰¹.

356 1996 430 2026 Item
454 1997 531 2026 facta
551 1995 797 2036 congregacione
818 1995 1037 2026 Universitatis
1059 1996 1090 2026 in
1111 1996 1224 2027 Sancto

314 2045 469 2075 Maturino
485 2046 517 2074 4·
533 2045 584 2074 die
601 2045 718 2075 mensis
732 2044 866 2085 Augusti
882 2055 978 2085 super
992 2045 1093 2075 tribus
1108 2046 1224 2076 articu-

313 2094 364 2124 lis.
384 2094 509 2124 Primus
530 2100 596 2123 erat
613 2095 651 2123 ad
672 2095 910 2134 proponendum
928 2104 1031 2124 coram
1052 2094 1223 2124 cardinali²

311 2143 351 2173 de
362 2143 440 2173 sacto
456 2143 592 2178 unionis,
607 2149 637 2173 et
647 2143 846 2173 ordinaretur
861 2153 1039 2183 proponens
1051 2144 1103 2184 qui
1116 2154 1223 2174 omnes

313 2192 530 2222 conclusiones
559 2201 617 2232 per
645 2191 828 2232 magistrum
855 2191 1000 2232 Egidium
1027 2193 1065 2222 de
1097 2193 1223 2233 Campis

310 2251 414 2271 coram
435 2251 511 2282 rege
533 2247 629 2271 tactas
653 2241 692 2270 de
716 2241 795 2271 sacto
822 2240 982 2277 unionis’,
1012 2241 1104 2271 simili
1127 2242 1223 2272 forma

310 2290 459 2321 cardinali
472 2296 613 2330 tangeret
622 2289 647 2319 ⁴.

350 2340 398 2369 2⁸·
412 2349 508 2380 super
524 2339 618 2369 missa
634 2339 771 2369 facienda
788 2349 845 2379 pro
861 2339 985 2369 domino
998 2349 1072 2380 rege
1094 2339 1220 2370 Karolo.

353 2389 400 2419 3·-
412 2388 514 2429 Super
523 2388 819 2428 supplicacionibus.

352 2437 454 2478 Super
477 2437 578 2478 primo
596 2437 712 2477 placuit
734 2436 936 2467 Universitati
960 2438 1044 2477 quod
1067 2438 1106 2467 de
1130 2438 1222 2468 modo

310 2486 435 2517 unionis
453 2487 595 2527 predicto
621 2485 770 2516 cardinali
797 2492 991 2526 tangeretur,
1013 2493 1043 2516 et
1067 2487 1223 2517 ordinavit

275 2572 281 2579 ἡ
311 2542 534 2576 proponentem
555 2535 736 2576 magistrum
757 2536 796 2565 de
818 2534 932 2564 Sancto
956 2535 1108 2575 Dyonisio
1117 2534 1141 2571 ⁸,
1167 2536 1220 2576 qui

310 2594 419 2615 omnes
433 2584 650 2614 conclusiones
669 2583 745 2614 alias
766 2594 869 2614 coram
884 2594 959 2624 rege
978 2585 1016 2614 de
1037 2585 1115 2614 sacto
1130 2585 1221 2614 unio-

311 2634 361 2664 nis
374 2640 469 2664 tactas
483 2633 582 2663 eidem
595 2633 742 2663 cardinali
756 2632 883 2663 haberet
900 2639 1038 2674 tangere.

342 2761 366 2786 1.
400 2762 470 2795 uae.
481 2761 507 2786 ιἰι
519 2761 607 2790 theol..
617 2761 650 2786 de
662 2770 712 2794 quo
727 2761 753 2786 in
763 2761 894 2790 Churtnl„
903 2761 949 2790 ΙΙΙ,
961 2769 988 2794 p.
999 2762 1054 2790 241.
1067 2764 1119 2787 nol.
1133 2763 1154 2786 4.

341 2797 366 2821 ².
399 2796 435 2821 De
447 2797 528 2822 Luna.

342 2832 366 2856 8.
401 2832 452 2856 aas
460 2831 643 2861 conclusiones,
649 2839 717 2864 qun
726 2831 752 2856 ἰιι
758 2831 873 2865 genardi
880 2831 992 2864 agebant
1000 2831 1032 2856 de
1041 2831 1127 2856 debito
1135 2833 1221 2856 uniun-

311 2867 435 2899 usuque
450 2866 590 2891 laborandi
601 2875 650 2900 pro
666 2867 760 2892 unione
774 2866 904 2899 eccleciae,
918 2866 969 2891 oid.
986 2867 1012 2891 ιίι
1025 2867 1155 2895 Chai-tul..
1173 2867 1218 2896 ΙΙΙ,

311 2902 421 2928 101868.
433 2903 491 2926 lam
507 2902 594 2926 eodem
608 2911 677 2926 anno
696 2906 721 2927 et
739 2903 765 2927 ia
777 2902 906 2935 principio
922 2902 1049 2935 unquentis
1065 2902 1220 2927 Univern'eaa

312 2946 360 2962 sua
373 2938 505 2970 supponite
515 2937 541 2962 ιἰι
552 2937 685 2962 concilium
697 2938 831 2963 aduocauit
844 2938 876 2962 de
885 2938 966 2962 tribue
976 2938 1031 2962 νὶἱι.
1049 2938 1102 2963 Via.
1111 2938 1148 2963 ad
1157 2937 1220 2962 Ιιασ

311 2973 443 3003 Chatti-1„
454 2973 500 3003 ΙΙΙ,
511 2974 547 2998 Dc
557 2973 706 2999 Scluat-ate.
717 2974 875 3005 Scin-ussum
885 2977 972 3004 antea,
984 2973 1039 2999 neit.
1048 2973 1081 2998 ab
1092 2982 1135 2998 an.
1147 2974 1216 3003 1³⁹0,

831 448 945 475 LIBER
967 448 1281 476 PROCURATORUM
1301 449 1481 493 NATIONIS
1499 450 1745 476 ANGLICANAE

1262 970 1297 996 10

1263 1215 1296 1242 15

1262 1461 1296 1487 20

1261 1706 1295 1732 25

1261 1951 1295 1978 ³0

1260 2195 1294 2222 35

1258 2441 1293 2467 40

2191 453 2244 479 682

1379 525 1481 565 Super
1502 527 1534 554 20
1555 526 1671 565 placuit
1692 526 1894 556 Universitati
1918 527 2017 556 facere
2039 528 2163 557 missam
2187 538 2245 567 pro

1337 574 1420 604 dicto
1444 581 1553 604 nostro
1575 585 1650 614 rege
1670 575 1701 604 in
1719 576 1833 605 Nostra
1851 576 1994 611 Domina,
2011 577 2063 606 ubi
2081 583 2143 606 tota
2166 577 2246 606 Uni-

1336 623 1468 652 versitas
1489 623 1691 663 solempniter
1707 631 1790 653 esset
1807 631 1983 654 convocata.
2004 626 2105 665 Super
2122 626 2154 654 3⁰
2169 636 2246 666 sup-

1336 672 1525 712 plicaciones
1540 673 1663 702 suerunt
1678 683 1837 703 concesse.

1376 720 1449 761 (Vol.
1477 721 1550 761 10¹³)
1575 721 1651 751 ltem
1677 722 1754 751 sacta
1775 723 2021 762 congregacione
2044 723 2184 753 nacionis
2214 724 2245 753 in

1337 770 1450 800 Sancto
1466 770 1622 800 Maturino
1637 771 1755 800 decima
1770 772 1900 811 septima
1914 772 1964 801 die
1981 773 2098 801 mensis
2111 772 2245 812 Augusti

1336 828 1432 858 super
1446 819 1567 848 duobus
1584 819 1733 849 articulis.
1756 819 1879 849 Primus
1895 827 1961 850 erat
1977 831 2072 860 super
2093 822 2245 850 audiendo

1335 874 1511 907 computum
1521 868 1706 907 receptoris,
1721 878 1811 908 quem
1823 869 2007 898 brevissime
2024 870 2061 898 ad
2075 876 2179 909 partes
2200 870 2244 898 ire

1334 917 1507 956 oportebat.
1526 917 1687 946 Secundus
1701 927 1796 957 super
1819 918 2103 958 supplicacionibus
2119 925 2149 948 et
2163 918 2244 958 inju-

1334 965 1402 995 riis.
1420 965 1522 1005 Super
1536 966 1636 1005 primo
1651 966 1766 1005 placuit
1781 967 1903 996 nacioni
1923 974 2084 1007 computus
2099 973 2244 1007 recepto-

1334 1014 1390 1044 ris.
1407 1014 1510 1055 Super
1526 1015 1557 1044 20
1574 1015 1677 1044 nullus
1691 1015 1888 1055 supplicavit.

1741 1109 1838 1139 1393

1393 1179 1484 1210 Acta
1500 1180 1537 1209 in
1552 1181 1814 1220 procuratoria
1835 1180 1992 1210 Arnoldi
2010 1181 2179 1221 Bloeyer.

1374 1259 1450 1289 Item
1470 1260 1547 1289 sacta
1566 1261 1812 1300 congregacione
1830 1261 1969 1290 nacionis
1989 1271 2069 1291 anno
2086 1268 2118 1291 ut
2136 1271 2241 1301 supra,

1333 1308 1481 1338 vicesima
1497 1310 1631 1338 secunda
1649 1309 1699 1339 die
1715 1309 1831 1339 mensis
1846 1310 1991 1350 Augusti,
2010 1321 2104 1350 super
2123 1311 2244 1340 duobus

1333 1357 1483 1387 articulis.
1504 1358 1628 1387 Primus
1647 1358 1703 1388 fuit
1718 1359 1755 1387 ad
1774 1358 1950 1398 eligendum
1965 1369 2076 1388 novum
2094 1369 2244 1398 procura-

1333 1412 1441 1436 torem.
1461 1406 1501 1436 Et
1511 1406 1626 1436 electus
1643 1407 1698 1437 suit
1711 1407 1908 1437 concorditer
1922 1407 2080 1438 Arnoldus
2098 1407 2241 1447 Bloeyer.

1335 1455 1437 1495 Super
1450 1456 1482 1485 2⁰
1495 1455 1603 1485 nichil.

1373 1504 1466 1534 Facta
1493 1506 1742 1545 congregacione
1772 1506 1913 1535 nacionis
1938 1506 2007 1545 ipso
2031 1506 2080 1535 die
2106 1505 2242 1535 Mathei⁶

1333 1553 1466 1593 apostoli
1490 1560 1520 1583 et
1541 1554 1742 1594 ewangeliste
1765 1565 1860 1594 super
1883 1556 1925 1584 40‘
1944 1555 2093 1584 articulis.
2118 1555 2242 1584 Primus

1333 1602 1389 1632 suit
1404 1604 1442 1632 ad
1460 1603 1645 1633 audiendum
1661 1610 1835 1643 compotum
1854 1604 2037 1643 receptoris,
2052 1604 2105 1643 qui
2120 1604 2242 1633 auditus

1333 1653 1411 1683 bene
1435 1652 1550 1692 placuit
1571 1652 1705 1688 nacioni,
1728 1659 1758 1682 et
1779 1652 1928 1682 remansit
1953 1659 2096 1692 receptor
2120 1653 2241 1682 nacioni

1333 1702 1487 1742 obligatus
1516 1702 1548 1731 in
1572 1702 1699 1742 triginta
1726 1712 1781 1731 sex
1811 1702 1921 1731 solidis
1953 1708 1983 1731 et
2007 1701 2066 1731 llll
2091 1701 2239 1730 denariis.

1334 1750 1495 1781 Secundus
1508 1751 1565 1780 ruit
1575 1751 1614 1780 ad
1629 1751 1805 1790 eligendum
1820 1751 1868 1780 vel
1884 1751 2122 1780 continuandum
2136 1761 2241 1790 recep-

1332 1806 1442 1830 torem.
1463 1799 1502 1830 Et
1519 1800 1716 1829 continuatus
1735 1800 1791 1829 fuit
1808 1806 1952 1840 receptor
1966 1799 2122 1839 antiquus,
2140 1799 2192 1839 qui
2208 1806 2242 1830 ut

1332 1849 1428 1879 moris
1445 1855 1494 1879 est
1511 1849 1597 1879 dedit
1611 1849 1733 1878 nacioni
1748 1859 1841 1878 unum
1860 1850 2006 1883 francum,
2023 1849 2076 1888 qui
2095 1855 2241 1888 perpota-

1331 1904 1382 1928 tus
1410 1900 1431 1927 a*
1452 1900 1484 1927 la
1506 1909 1632 1938 grange.
1658 1899 1704 1928 3¹¹·
1726 1898 1782 1927 fuit
1805 1898 1842 1927 ad
1866 1898 2113 1927 distribuendum
2139 1897 2240 1927 scolas

1331 1947 1507 1977 volentibus
1531 1957 1641 1987 regere
1665 1947 1725 1976 isto
1750 1957 1842 1976 anno.
1867 1946 1906 1976 Et
1930 1947 2052 1976 suerunt
2075 1947 2239 1976 distribute

1332 1997 1501 2026 secundum
1518 1995 1729 2035 antiquitatem
1748 1995 1938 2035 regencium,
1957 2002 1987 2024 et
2002 1995 2053 2024 alii
2072 1995 2149 2035 ipsis
2165 2005 2238 2034 pro-

1331 2044 1474 2075 viderent
1492 2045 1639 2085 expensis
1659 2045 1809 2074 nacionis.
1828 2045 1874 2073 ἶν’·
1896 2044 1952 2074 fuit
1971 2054 2066 2084 super
2081 2044 2239 2084 supplica-

1332 2093 1486 2131 cionibus,
1500 2094 1539 2124 de
1552 2094 1690 2134 [quibus]
1708 2093 1803 2122 nichil
1818 2094 1857 2122 ad
1874 2103 2016 2132 presens.

1736 2188 1754 2216 1
1759 2186 1833 2217 393

1451 2259 1541 2289 Acta
1564 2259 1600 2288 in
1623 2258 1887 2298 procurjatoria
1906 2257 2112 2287 Franconis

1591 2307 1795 2347 Ghysberti
1817 2308 1860 2336 de
1882 2306 1975 2336 Delf.

1371 2389 1463 2419 Facta
1495 2387 1742 2428 congregacione
1775 2387 1993 2418 Universitatis
2024 2387 2155 2417 XXllll·
2184 2387 2236 2417 die

1330 2437 1446 2467 mensis
1473 2437 1677 2477 Septembris,
1696 2447 1776 2466 anno
1803 2443 1835 2466 ut
1861 2446 1966 2475 supra,
1985 2437 2066 2476 apud
2091 2437 2233 2466 Sanctum

1330 2486 1515 2516 Maturinum
1539 2485 1614 2515 hora
1639 2485 1822 2524 primarum,
1848 2486 1955 2514 eodem
1984 2491 2056 2514 tunc
2081 2484 2235 2514 celebrata

1330 2535 1386 2565 suit
1407 2534 1612 2574 congregacio
1638 2534 1778 2563 nacionis
1800 2533 1970 2573 Anglicane
1995 2543 2090 2573 super
2113 2534 2234 2563 duobus

1329 2583 1476 2613 articulis.
1495 2582 1619 2612 Primus
1634 2589 1699 2612 erat
1715 2584 1751 2612 ad
1768 2582 1942 2622 eligendum
1957 2592 2068 2611 novum
2084 2592 2235 2621 procura-

1328 2639 1426 2663 torem
1440 2632 1489 2663 vel
1501 2632 1659 2672 antiquum
1674 2632 1924 2661 continuandum.
1939 2630 2063 2660 Electus
2079 2637 2145 2660 erat
2159 2641 2235 2661 con-

1330 2760 1523 2786 vniat-aientem
1537 2760 1620 2784 Paris.
1631 2761 1664 2784 de
1675 2760 1746 2791 sacto
1759 2759 1860 2783 ιιηίοιιιί
1874 2759 2047 2783 conclueionen
2057 2759 2228 2791 propomiue.

1358 2797 1381 2820 la.
1417 2796 1469 2828 Qui
1483 2799 1544 2820 tune
1556 2804 1572 2819 a
1588 2804 1672 2819 meme
1687 2796 1763 2819 lunio
1781 2804 1859 2827 unque
1870 2795 2022 2819 Ianuarium
2033 2795 2109 2827 gravi
2125 2794 2232 2826 infirmi—

1328 2834 1381 2856 cate
1390 2834 1480 2855 mentm
1500 2832 1616 2855 detentus
1635 2835 1700 2855 emt.
1726 2831 1779 2854 rid.
1800 2831 1898 2855 Cbron.
1915 2830 1950 2854 du
1973 2830 2019 2854 rel.
2039 2830 2071 2854 do
2088 2830 2232 2862 St-Denya,

1327 2867 1368 2892 ed.
1382 2867 1553 2894 ΒιιιΑουιτ,
1571 2867 1603 2895 ΙΙ,
1620 2869 1665 2894 86;
1679 2868 1718 2890 92.

1357 2904 1380 2927 5.
1414 2904 1434 2926 Ι.
1448 2911 1470 2927 e.
1483 2902 1652 2926 Guillelmum
1666 2902 1788 2929 Bari-nat,
1798 2901 1910 2933 priorem
1923 2902 1949 2924 S.
1961 2900 2080 2933 Dionyeii
2088 2903 2112 2924 et
2123 2909 2191 2934 mag.
2204 2901 2231 2925 in

1327 2937 1413 2967 theol..
1425 2938 1457 2962 de
1469 2946 1519 2970 quo
1532 2938 1558 2961 in
1571 2937 1686 2961 Chartul.
1699 2937 1744 2967 ΙΙΙ>
1757 2941 1783 2960 η·
1796 2936 1865 2965 ¹554,
1876 2939 1928 2960 noe.
1943 2937 1966 2960 2.

1357 2975 1382 2998 ὃ.
1414 2973 1442 2997 21
1456 2973 1581 3005 Septemb.
