2632 3464
449 426 502 452 243

448 503 487 531 ad
516 502 690 542 eligendum
710 500 933 530 examinatores
958 498 1240 532 determinancium,
1264 496 1352 526 electi

450 551 572 580 suerunt
593 550 740 589 magister
759 548 908 583 Artolfus‚
930 554 960 577 et
975 547 1122 587 magister
1141 546 1296 576 Johannes
1314 546 1352 574 de

450 600 583 629 Pavone.

492 649 566 678 Item
593 647 766 677 licentiatus
789 646 844 676 suit
868 646 1009 674 dominus
1034 644 1218 682 Ger[ardus]
1250 642 1352 671 Fortis

452 699 511 727 sub
524 697 673 737 magistro
689 696 828 725 Johanne
843 694 969 730 Marcia,
989 692 1074 733 cujus
1086 694 1180 722 bursa
1189 692 1231 721 XI
1247 691 1350 726 solidi,

451 753 540 776 scuto
553 746 672 775 valente
686 746 723 774 32
740 744 868 774 solidos.

494 796 567 824 Item
587 795 636 823 die
656 793 793 823 sabbati*
809 799 882 832 post
896 791 1080 831 supplicavit
1097 790 1128 819 in
1145 790 1266 819 natione
1279 799 1353 818 con-

451 851 558 873 vocata
579 845 616 872 ad
642 842 874 882 supplicandum
894 841 974 879 apud
997 839 1141 869 Sanctum
1167 838 1353 867 Maturinum

452 893 596 923 dominus
617 892 772 921 Johannes
795 889 970 919 Drenconis
988 889 1025 917 de
1046 888 1122 917 Elau
1145 887 1299 916 Bobemus
1321 893 1354 916 ut

453 942 541 971 nacio
561 946 700 980 parceret
721 939 779 968 sibi
795 940 832 967 de
850 938 1007 967 solucione
1027 938 1189 966 bursarum
1207 936 1353 965 determi-

452 991 571 1025 nancie,
601 989 647 1019 cui
673 997 852 1018 concessum
874 987 928 1016 fuit
948 996 1003 1025 per
1029 986 1110 1014 hunc
1130 986 1252 1014 modum
1270 984 1353 1024 quod

446 1040 567 1080 juraret
575 1037 779 1078 procuratori,
791 1037 873 1075 quod
882 1046 938 1064 nec
947 1045 1002 1074 per
1010 1033 1223 1074 fidejussorem
1231 1044 1287 1062 nec
1297 1043 1354 1072 per

454 1089 583 1129 pignora
597 1087 667 1126 (F'ol.
682 1086 728 1125 41)
742 1095 796 1114 nec
808 1095 864 1124 per
877 1084 1035 1123 pecuniam
1052 1083 1229 1113 satisfacere
1246 1088 1354 1121 posset

455 1139 492 1167 ad
502 1146 644 1176 presens,
658 1141 764 1164 etcum
776 1134 832 1163 hoc
846 1134 928 1172 quod
942 1133 1063 1162 interim
1075 1133 1158 1171 quod
1169 1138 1252 1160 esset
1265 1131 1354 1160 Pari-

454 1187 520 1216 sius
545 1186 672 1214 deberet
690 1183 836 1212 adhibere
858 1182 1017 1211 maximam
1044 1181 1235 1220 diligentiam
1264 1189 1354 1219 quam

454 1241 571 1275 posset,
593 1240 626 1262 ut
646 1233 835 1262 satisfaceret
853 1231 987 1266 nationi;
1005 1231 1086 1269 quod
1106 1230 1132 1259 si
1150 1240 1212 1258 non
1234 1234 1352 1268 posset,

448 1284 568 1323 juraret
592 1283 680 1311 etiam
707 1281 862 1310 remittere
891 1290 958 1309 cum
986 1279 1086 1318 primo
1120 1278 1232 1307 nuncio
1264 1287 1354 1317 quem

454 1333 567 1362 habere
586 1331 686 1370 possit
696 1331 727 1359 in
741 1330 888 1359 Bohemia
905 1329 952 1358 vel
970 1328 1042 1357 alibi
1058 1327 1179 1356 nacioni
1195 1327 1354 1366 pecuniam

454 1382 598 1415 debitam,
614 1381 671 1409 sub
685 1389 762 1418 pena
777 1377 1100 1407 excommunicationis
1118 1383 1147 1406 et
1159 1375 1353 1415 privationis,

455 1437 547 1470 prout
564 1430 595 1458 in
608 1429 695 1458 litera
710 1438 803 1467 super
813 1427 870 1456 hoc
886 1427 1023 1455 confecta
1038 1425 1210 1465 aliqualiter
1221 1425 1356 1453 contine·

454 1486 515 1509 tur.
550 1479 611 1507 Ista
639 1478 729 1506 modo
763 1476 957 1515 procuratori
985 1476 1102 1514 prefato
1124 1474 1239 1514 juravit
1267 1484 1356 1502 manu

455 1529 552 1557 levata
568 1528 598 1556 in
610 1527 731 1566 signum
741 1525 917 1565 juramenti.

497 1577 571 1606 Item
588 1574 801 1604 determinavit
818 1574 959 1603 dominus
974 1573 1127 1612 Nycolaus
1143 1572 1302 1611 Ryemken
1320 1572 1357 1600 de

458 1624 661 1655 Lunenborch
678 1625 735 1653 sub
753 1623 900 1662 magistro
919 1622 1054 1651 Henrico
1066 1622 1102 1650 de
1118 1621 1256 1660 Kempis,
1272 1619 1357 1661 cujus

456 1676 550 1703 bursa
568 1673 726 1702 dimidium
745 1678 879 1706 scutum,
900 1671 952 1710 qui
972 1677 1092 1699 tenetur
1109 1670 1230 1699 nacioni
1248 1671 1358 1699 bursas

458 1733 529 1753 suas
546 1723 602 1751 sub
622 1721 796 1750 conditione
810 1720 896 1749 litere
913 1730 1006 1759 super
1017 1719 1074 1748 hoc
1088 1720 1234 1754 consecte,
1248 1729 1359 1748 secun-

457 1773 528 1801 dum
546 1778 682 1800 tenorem
699 1769 909 1799 concessionis
924 1769 1058 1797 nationis
1074 1768 1293 1807 supradictum.

498 1820 573 1849 Item
592 1819 804 1848 determinavit
820 1818 962 1847 dominus
978 1817 1165 1846 Godefridus
1182 1817 1308 1855 Eykorn
1322 1817 1359 1846 de

458 1870 556 1909 Aquis
573 1870 630 1898 sub
648 1868 795 1907 magistro
810 1867 947 1896 Johanne
963 1867 1000 1894 de
1017 1866 1150 1900 pavone,
1169 1864 1254 1904 cujus
1267 1866 1361 1894 bursa

463 1920 499 1948 14
511 1918 613 1952 solidi,
625 1923 711 1946 scuto
722 1926 778 1955 pro
790 1916 827 1945 30
839 1915 958 1950 solidis,
972 1914 1183 1954 fidejussorem
1194 1915 1300 1953 posuit
1308 1915 1360 1953 qui

459 1977 516 2007 pro
531 1977 566 1996 eo
586 1966 774 1995 satisfaceret
789 1964 903 1993 nationi
919 1964 996 1992 infra
1011 1965 1088 1993 duos
1104 1974 1237 1998 menses,
1253 1964 1279 1992 si
1300 1974 1360 1992 non

460 2016 650 2045 satisfaceret
669 2014 835 2043 secundum
856 2014 977 2042 modum
999 2013 1209 2042 concessionis
1238 2013 1360 2051 quando

463 2066 580 2104 prefato
596 2064 645 2092 die
662 2062 779 2091 sabbati
796 2061 989 2101 supplicavit.

501 2114 575 2142 Item
590 2111 803 2141 determinavit
821 2111 976 2139 ,lohannes
995 2110 1165 2139 Westfalus
1186 2111 1222 2138 de
1241 2110 1361 2148 Prusya

460 2163 518 2191 sub
546 2172 624 2201 mag.
649 2161 776 2189 Alberto
801 2161 838 2188 de
859 2159 1006 2193 saxonia,
1031 2158 1116 2198 cujus
1138 2160 1231 2187 bursa
1254 2158 1358 2187 nichil.

460 2211 578 2240 Juravit
596 2211 678 2248 quod
696 2219 751 2237 nec
770 2209 819 2237 hic
838 2218 893 2236 nec
910 2208 940 2236 in
956 2208 1094 2246 partibus
1111 2207 1236 2236 haberet
1250 2218 1361 2236 secun-

463 2261 534 2289 dum
549 2260 669 2288 modum
684 2257 871 2286 concedendi
890 2256 920 2285 in
935 2257 1067 2285 natione.

503 2309 577 2337 Item
587 2307 740 2346 prioridie
752 2305 764 2323 ²
781 2306 897 2335 sabbati
908 2305 1158 2344 supplicaverunt
1167 2305 1287 2344 quidam
1296 2315 1361 2334 sco-

463 2358 543 2386 lares
553 2358 590 2386 de
599 2357 689 2385 domo
701 2355 920 2384 Almannorum
932 2364 968 2382 ex
977 2364 1038 2392 quo
1046 2354 1158 2383 vellent
1168 2353 1268 2393 jurare
1279 2355 1361 2393 quod

463 2416 519 2435 nec
532 2406 681 2434 haberent
696 2404 745 2432 hic
758 2403 856 2432 necin
868 2403 1019 2442 partibus,
1035 2403 1116 2431 natio
1128 2403 1281 2431 concessit
1291 2403 1359 2432 hoc.

463 2444 551 2484 Alter
566 2454 621 2483 fuit
636 2453 688 2492 qui
703 2451 912 2491 noluitjurare
928 2452 1010 2490 quod
1026 2462 1081 2480 nec
1096 2451 1145 2480 hic
1156 2452 1254 2480 necin
1266 2452 1363 2490 parti-

464 2504 532 2538 bus,
549 2503 603 2532 sed
614 2501 719 2541 jurare
733 2502 859 2529 deberet
877 2501 958 2539 quod
974 2500 1023 2528 hic
1039 2510 1100 2529 non
1118 2500 1245 2529 haberet
1259 2511 1315 2529 nec
1332 2501 1362 2529 in

464 2552 594 2591 pecunia
608 2561 663 2579 nec
681 2549 876 2589 pignoribus.
896 2549 996 2585 Quare
1014 2559 1193 2578 concessum
1212 2549 1266 2578 fuit
1281 2550 1363 2588 quod

460 2600 580 2639 juraret
602 2600 684 2639 quod
705 2608 793 2637 quam
813 2598 872 2626 cito
895 2598 1015 2626 fortuna
1032 2608 1182 2636 prospera
1201 2598 1361 2632 arrideret,

465 2649 619 2678 remittere
646 2648 772 2676 deberet
795 2646 926 2675 nacioni.
954 2646 993 2675 Et
1017 2646 1099 2675 istud
1124 2647 1178 2675 suit
1200 2647 1236 2674 de
1260 2646 1364 2675 bursis

465 2697 741 2726 determinantium.

506 2747 580 2775 Item
603 2746 683 2774 dicta
706 2745 755 2773 die
777 2743 963 2783 supplicavit
986 2743 1132 2783 magister
1156 2742 1303 2772 Albertus
1328 2745 1364 2772 de

467 2794 613 2823 Bohemia
640 2804 697 2833 pro
728 2793 912 2831 Sden[c]one
940 2793 976 2821 de
1004 2792 1151 2821 Bohemia
1177 2802 1234 2831 pro
1262 2792 1365 2821 bursis

499 2869 522 2891 1.
555 2870 569 2891 9
585 2868 680 2892 Martii.

499 2904 521 2926 2.
555 2905 569 2926 8
584 2903 680 2926 Martii.

498 2939 520 2961 3.
554 2940 644 2961 Manus
653 2938 736 2969 prima
747 2937 897 2965 ermundus,
912 2937 1023 2961 secunda
1037 2940 1063 2961 ut
1079 2945 1164 2969 supra.

986 422 1208 449 AUCTARIUM
1228 419 1485 447 CHARTULARII
1507 419 1679 445 UNIVERS.
1702 418 1819 444 PARIS.

1391 939 1424 965 10

1392 1184 1425 1209 15

1393 1429 1427 1455 20

1395 1674 1429 1700 25

1398 1919 1431 1944 30

1398 2163 1431 2189 35

1399 2407 1432 2433 40

1402 2650 1435 2676 45

2314 417 2367 444 244

1460 495 1599 530 licencie,
1622 494 1671 524 cui
1692 504 1875 523 concessum
1893 494 1950 523 suit
1967 494 2051 533 quod
2065 500 2195 533 poneret
2208 493 2367 534 hospitem

1460 554 1547 574 suum
1579 542 1791 582 fidejussorem
1823 543 1961 578 nacioni,
1991 553 2081 582 quem
2114 543 2274 572 dicebatur
2307 543 2368 572 sibi

1461 594 1574 622 debere
1587 599 1719 631 quatuor
1732 598 1828 621 scuta.
2222 616 2224 618 ,

1501 642 1575 670 Item
1600 640 1778 670 licenciatus
1796 640 1853 670 fuit
1867 640 2010 670 dominus
2029 639 2211 670 Gotscalcus
2231 641 2269 670 de
2289 640 2367 681 Riga

1460 690 1560 720 dictus
1594 689 1776 729 Lozebergh
1806 690 1864 718 sub
1895 689 2044 729 magistro
2078 689 2247 724 Themone,
2281 688 2369 729 cujus

1460 740 1555 768 bursa
1571 739 1607 768 10
1621 738 1724 774 solidi,
1740 744 1826 768 scuto
1842 738 1969 778 antiquo
1985 748 2041 778 pro
2060 739 2098 768 46
2116 738 2236 768 solidis.

1501 788 1576 817 Item
1618 787 1900 817 determinaverunt
1943 787 2087 817 dominus
2129 787 2292 817 Conradus
2340 794 2370 817 et

1461 836 1661 876 Begmundus
1673 835 1685 854 ³
1707 837 1744 865 de
1764 837 1855 866 domo
1876 835 2109 872 Almannorum,
2127 846 2257 876 quorum
2276 837 2370 866 burse

1461 885 1566 915 nichil.
1610 886 1796 915 Juraverunt
1832 885 1988 915 remittere
2024 885 2147 915 nacioni
2183 895 2273 925 quam
2309 885 2370 916 cito

1462 941 1600 974 possent.

1502 984 1577 1013 Item
1583 983 1948 1014 determinavitdominus
1954 983 1969 1013 J
1973 984 2087 1013 acobus
2097 984 2134 1013 de
2143 982 2302 1024 Prucege⁴
2313 984 2370 1013 sub

1462 1033 1612 1072 magistro
1633 1032 1773 1062 Johanne
1797 1033 1835 1062 de
1862 1032 1998 1068 Pavone,
2031 1032 2080 1062 cui
2105 1043 2288 1062 concessum
2315 1033 2372 1062 fuit

1463 1083 1545 1121 quod
1556 1080 1619 1121 jam
1637 1082 1764 1111 deberet
1781 1081 1902 1111 solvere
1917 1081 2110 1111 medietatem
2125 1082 2255 1121 pecunie
2271 1082 2371 1111 dande

1462 1140 1520 1170 pro
1534 1130 1783 1165 determinancia‚
1802 1131 1855 1160 sed
1874 1131 1912 1159 de
1927 1131 2051 1159 residua
2069 1131 2232 1160 medietate
2245 1131 2372 1160 deberet

1463 1180 1536 1208 dare
1550 1179 1668 1208 literam
1687 1179 1936 1219 supplicationis.
1954 1179 2020 1209 Hoc
2036 1180 2068 1208 in
2083 1180 2133 1208 die
2148 1179 2372 1219 resignationis

1462 1238 1539 1263 mee,
1558 1235 1615 1257 etc.

1504 1277 1578 1306 Item
1605 1277 1821 1306 determinavit
1847 1277 2026 1307 Bemundus
2056 1278 2094 1306 de
2124 1276 2253 1312 Consol,
2285 1276 2372 1317 cujus

1463 1327 1557 1356 bursa
1574 1326 1679 1355 nichil.
1695 1326 1814 1356 Juravit
1831 1327 1914 1365 quod
1929 1325 1979 1355 hic
1998 1336 2060 1355 non
2082 1325 2250 1367 [haberet];
2270 1326 2326 1355 sed
2345 1326 2372 1356 si

1463 1375 1617 1404 inveniret
1631 1381 1748 1404 tantum
1766 1376 1849 1414 quod
1867 1381 1975 1415 posset
1991 1374 2159 1410 remittere,
2177 1375 2245 1414 ipse
2256 1373 2374 1415 juravit

1463 1424 1630 1453 remittere.

1505 1473 1580 1503 Item
1593 1473 1808 1502 determinavit
1823 1473 1965 1503 dominus
1982 1472 2095 1502 Petrus
2113 1473 2151 1502 de
2167 1472 2298 1503 Colonia
2315 1473 2373 1502 sub

1465 1522 1613 1562 magistro
1628 1522 1767 1551 Johanne
1785 1522 1823 1551 de
1841 1521 1975 1557 Pavone,
1995 1521 2083 1562 cujus
2097 1523 2193 1552 bursa
2213 1523 2251 1551 14
2267 1521 2371 1556 solidi,

1466 1577 1553 1600 scuto
1571 1581 1629 1611 pro
1642 1572 1680 1600 30
1698 1571 1818 1600 solidis.

1871 1665 1889 1693 1
1894 1664 1968 1693 359

1468 1736 1695 1766 Procuracio
1725 1736 1898 1776 magistri
1922 1735 2104 1766 Johannis
2134 1737 2176 1765 de
2209 1736 2371 1766 Pavone.

1507 1817 1598 1846 Anno
1626 1816 1751 1848 Domini
1780 1817 1825 1846 Μο
1850 1816 1944 1846 CCC⁰
1972 1816 2102 1852 LVIIII,
2132 1816 2294 1846 undecima
2324 1817 2375 1846 die

1468 1866 1584 1895 mensis
1602 1865 1723 1901 Marcii,
1743 1866 1820 1894 facta
1840 1866 2085 1905 congregacione
2105 1865 2244 1895 nacionis
2262 1865 2375 1906 Angli-

1469 1925 1542 1944 cane
1560 1916 1597 1943 ad
1619 1915 1763 1944 Sanctum
1781 1914 1935 1944 Julianum
1957 1924 2124 1954 pauperem
2142 1915 2179 1943 ad
2200 1914 2374 1954 eligendum

1468 1970 1712 2004 procuratorem,
1744 1963 1858 1993 electus
1886 1963 1941 1993 fuit
1971 1964 2119 2003 magister
2148 1963 2306 1993 Johannes
2337 1963 2375 1992 de

1469 2010 1592 2042 Pavone
1616 2012 1815 2042 Coloniensis
1840 2012 1872 2041 in
1895 2019 2140 2052 procuratorem,
2168 2012 2253 2042 nullo
2280 2012 2375 2042 recla-

1469 2068 1580 2090 mante.
1608 2061 1642 2090 In
1667 2061 1754 2101 cujus
1775 2061 1989 2101 procuratoria
2007 2068 2073 2090 acta
2096 2062 2219 2090 fuerunt
2239 2061 2296 2090 hec
2315 2071 2376 2100 que

1470 2117 1651 2149 sequuntur.

1510 2160 1614 2188 Primo
1643 2160 1719 2188 sacta
1743 2159 1989 2199 congregacione
2017 2160 2056 2188 ad
2085 2159 2300 2199 Cordi[g]eros
2326 2159 2376 2188 die

1470 2208 1638 2248 Gregorii5
1673 2209 1711 2237 ad
1741 2208 1988 2247 supplicandum,
2018 2208 2204 2247 supplicavit
2229 2208 2377 2248 magister

1468 2257 1638 2286 Wolkerus
1663 2257 1745 2296 quod
1770 2257 1797 2286 si
1814 2257 2009 2297 contingeret
2027 2257 2094 2286 fieri
2113 2257 2246 2286 rotulum
2271 2263 2301 2286 et
2325 2257 2375 2286 alii

1469 2307 1613 2335 absentes
1635 2312 1805 2345 ponantur,
1830 2306 1911 2345 quod
1934 2312 1964 2335 et
1985 2306 2053 2345 ipse
2074 2312 2243 2345 poneretur
2266 2306 2377 2335 solutis

1470 2355 1639 2389 solvendis,
1655 2356 1737 2394 quod
1751 2355 1848 2384 fuerat
1865 2354 1926 2383 sibi
1943 2364 2136 2384 concessum.

1511 2404 1585 2432 Item
1600 2403 1786 2443 supplicavit
1798 2403 1940 2432 dominus
1957 2403 2144 2442 Teylmanus
2161 2404 2200 2432 de
2215 2403 2375 2442 Anroyde,

1470 2459 1500 2481 et
1511 2451 1523 2469 ⁶
1540 2452 1632 2481 solvit
1644 2453 1733 2481 bene.

1512 2501 1585 2530 Item
1610 2501 1790 2530 licenciatus
1812 2500 1867 2530 suit
1888 2501 1926 2530 ad
1952 2500 2092 2529 Sanctam
2118 2500 2294 2530 Genefefam
2319 2502 2377 2530 sub

1472 2549 1621 2588 magistro
1652 2549 1780 2579 Alberto
1804 2550 1842 2578 de
1865 2549 1998 2578 Saxonia
2021 2549 2163 2578 dominus
2191 2549 2377 2588 Teylmanus

1472 2599 1509 2626 de
1527 2598 1686 2637 Anroyde,
1706 2597 1792 2638 cujus
1810 2599 1904 2627 bursa
1921 2599 1957 2627 10
1975 2598 2079 2633 solidi,
2097 2605 2184 2627 scuto
2202 2598 2322 2628 valente
2339 2599 2378 2627 32

1473 2647 1613 2676 sollidos.

1514 2695 1588 2724 Item
1610 2695 1789 2724 licenciatus
1806 2695 1862 2724 fuit
1878 2696 1916 2724 ad
1935 2695 2078 2724 Nostram
2100 2695 2261 2725 Dominam
2278 2696 2378 2725 domi-

1473 2754 1531 2772 nus
1563 2744 1683 2772 Sdenco
1713 2745 1751 2772 de
1778 2743 1904 2773 Boemia
1934 2745 1991 2773 sub
2016 2745 2164 2784 magistro
2186 2745 2320 2774 Martino
2340 2745 2377 2774 de

1475 2792 1632 2827 Bohemia,
1650 2791 1736 2831 cujus
1747 2793 1869 2822 bursa6
1885 2792 1988 2828 solidi,
2002 2800 2088 2822 scuto
2099 2793 2248 2823 Johannis
2259 2794 2378 2823 valente

1504 2868 1527 2890 4.
1561 2868 1607 2890 Ms.
1620 2870 1715 2898 prutge
1724 2866 1825 2898 pallido
1839 2870 1991 2891 atramento.
2010 2868 2063 2892 Vid.
2075 2877 2102 2900 p.
2116 2869 2170 2897 245,
2184 2870 2222 2892 40.

1505 2904 1526 2925 5.
1563 2903 1591 2925 12
1609 2902 1706 2926 Martii.

1506 2938 1528 2960 6.
1563 2938 1623 2961 Et...
1635 2937 1700 2961 bene
1710 2937 1857 2961 charactere
1873 2938 1934 2963 alio.
