2632 3464
1034 0 1059 19 aq*
1080 0 1261 16 ,=-;aeflm„·-,1„13W=i3
1267 0 1287 12 ππ,
1298 0 1336 10 *aaa

448 467 498 492 467

447 542 632 582 gregacione
648 541 865 571 Universitatis
884 541 964 579 apud
990 539 1132 569 Sanctum
1160 537 1347 566 Maturinum

449 598 519 630 post
539 601 710 619 sermonem
733 591 836 619 eadem
857 589 932 618 hora
953 589 1035 617 illius
1062 588 1122 617 diei
1143 587 1198 616 fuit
1215 596 1348 625 congre-

447 640 535 680 gacio
548 639 686 668 nacionis
699 640 735 668 ad
752 639 998 677 supplicandum,
1010 644 1038 667 et
1049 636 1235 676 supplicavit
1250 635 1347 674 magi-

449 696 512 718 ster
530 688 676 717 Hinricus
694 688 731 716 de
749 687 927 726 Angheren,
952 693 1075 715 curatus
1101 686 1131 713 in
1152 684 1295 713 Ersordia
1310 684 1347 712 de

449 738 590 771 Saxonia,
613 737 744 771 nacioni,
770 747 805 765 ex
824 746 884 775 quo
905 736 1005 775 ipsum
1025 740 1183 774 oporteret
1202 733 1347 762 recedere

447 789 483 816 ad
504 786 628 826 patriam
647 792 773 824 propter
798 786 926 824 quedam
950 784 1107 813 obstacula
1128 783 1192 812 sive
1215 782 1347 821 impedi-

448 843 557 870 menta,
580 846 638 874 que
656 835 861 863 Erfordenses
883 834 941 862 sibi
958 835 1091 862 facerent
1115 833 1152 861 de
1180 841 1236 860 suo
1253 832 1348 860 bene-

446 885 514 914 ficio
540 885 599 913 nisi
621 883 816 922 repatriaret,
843 889 993 922 quatenus
1018 882 1120 914 nacio,
1142 881 1168 910 si
1191 880 1347 909 dominum

447 940 584 963 nostrum
619 943 727 972 papam
758 932 951 971 contingeret
985 931 1078 965 mori,
1116 930 1217 969 ipsum
1256 929 1349 958 vellet

446 983 558 1012 habere
587 982 794 1015 inrotulatum,
822 981 928 1009 saltem
955 987 1098 1019 tanquam
1128 980 1296 1013 absentem,
1319 984 1348 1007 et

447 1032 503 1061 hoc
522 1031 631 1060 solutis
653 1031 726 1064 illis,
744 1041 802 1069 que
826 1031 939 1058 debent
958 1029 1035 1058 solvi
1053 1029 1089 1057 ad
1113 1028 1181 1057 hoc.
1202 1027 1242 1057 Et
1259 1027 1347 1056 nacio

446 1087 575 1120 protunc
618 1080 719 1108 habita
761 1079 986 1107 deliberacione
1025 1076 1249 1117 supplicacioni
1293 1086 1347 1105 sue

446 1124 617 1168 acquievit(

488 1179 559 1208 ltcm
574 1178 603 1206 in
622 1178 671 1206 die
687 1177 756 1206 lune
773 1177 945 1206 immediate
957 1176 1098 1215 sequenti
1113 1175 1188 1204 facta
1207 1175 1262 1204 fuit
1277 1185 1346 1204 con-

445 1227 589 1266 gregacio
609 1226 747 1255 nacionis
767 1227 848 1265 apud
871 1226 1014 1254 Sanctum
1032 1225 1185 1254 Julianum
1207 1224 1238 1253 in
1256 1224 1346 1253 nonis

445 1277 556 1306 Nostre
589 1276 717 1304 Domine
746 1276 783 1304 ad
818 1274 1068 1314 supplicandum,
1103 1280 1132 1303 et
1161 1273 1349 1313 supplicavit

445 1332 574 1364 protunc
588 1325 767 1353 Lambertus
783 1325 820 1352 de
838 1324 968 1352 Ghelrea
985 1324 1163 1362 incepturus
1182 1323 1213 1351 in
1229 1322 1347 1351 artibus

446 1385 500 1413 pro
519 1374 668 1402 dilacione
688 1373 828 1412 pecunie,
845 1383 935 1412 quam
952 1373 1058 1401 debuit
1075 1373 1148 1401 dare
1165 1382 1223 1411 pro
1244 1372 1347 1400 deter-

445 1423 604 1456 minancia,
624 1422 695 1461 quia
711 1422 860 1461 Parysius
874 1432 934 1450 non
955 1421 1179 1450 determinavit.
1200 1420 1240 1450 Et
1259 1420 1347 1450 nacio

444 1472 528 1501 dedit
559 1471 617 1500 sibi
644 1471 826 1500 dilacionem
856 1471 994 1510 predicte
1023 1470 1152 1509 pecunie
1185 1479 1282 1509 usque
1309 1470 1346 1498 ad

443 1532 578 1554 octavam
595 1525 713 1554 Pasche
726 1525 865 1563 proxime
882 1531 1021 1558 venture,
1040 1524 1150 1563 positis
1163 1523 1347 1563 pigneribus

445 1574 674 1603 sufficientibus.

486 1624 557 1652 Item
577 1623 606 1651 in
630 1623 678 1651 die
704 1622 808 1651 martis
835 1622 1007 1651 immediate
1035 1621 1196 1661 sequenti⁴
1226 1621 1347 1660 incepe-

444 1679 515 1701 runt
543 1672 689 1710 magister
719 1672 898 1700 Lambertus
922 1672 959 1699 de
989 1671 1121 1700 Ghelrea
1143 1677 1172 1699 et
1201 1670 1349 1709 magister

446 1721 590 1750 Hinricus
617 1721 654 1749 de
689 1721 857 1759 Odendorp
890 1721 947 1749 sub
978 1720 1126 1759 magistro
1161 1719 1278 1749 Thoma
1310 1721 1347 1750 de

445 1770 542 1800 Clivis
562 1770 592 1798 in
619 1769 712 1798 scolis
736 1769 824 1798 novis
851 1769 1071 1798 Almannorum
1099 1779 1193 1808 super
1221 1776 1345 1803 terram,

444 1829 572 1857 quorum
596 1820 688 1847 bursa
708 1824 825 1857 septem
846 1817 970 1853 solidi²,
994 1824 1023 1847 et
1043 1818 1113 1847 dedi
1136 1818 1181 1847 eis
1203 1820 1347 1857 signetum

439 1869 645 1906 procurator-le
667 1867 716 1896 die
738 1867 808 1896 lune
833 1868 870 1896 de
890 1877 1020 1906 vespere
1046 1867 1217 1896 immediate
1243 1877 1347 1906 prece-

444 1917 542 1950 denti,
580 1923 609 1945 et
644 1917 714 1944 dedi
750 1923 879 1955 protunc
916 1916 1010 1945 eciam
1045 1918 1190 1955 signelum
1222 1916 1347 1945 domino

443 1965 573 1994 Johanni
591 1966 629 1994 de
651 1965 808 2004 WVolgast,
829 1966 880 2004 qui
906 1965 961 1994 suit
985 1975 1051 1995 cum
1077 1965 1121 1994 eis
1148 1965 1344 2000 licenciatus;

443 2015 497 2043 sed
514 2014 564 2043 ille
581 2025 640 2042 non
657 2014 772 2052 incepit
791 2015 914 2053 quando
929 2014 989 2053 ipsi
1009 2014 1200 2053 inceperunt,
1219 2015 1272 2043 sed
1289 2015 1348 2044 alia

443 2063 492 2091 die
514 2063 665 2101 sequenti.

484 2107 556 2146 (Fol.
578 2110 613 2136 (15
627 2107 663 2146 b).
680 2107 753 2136 Item
770 2108 874 2136 eadem
889 2107 938 2136 die
952 2107 1057 2136 martis
1072 2107 1127 2136 fuit
1142 2108 1346 2147 congregacio

443 2156 581 2185 nacionis
608 2157 644 2184 ad
677 2156 820 2186 Sanctum
848 2156 1000 2185 Julianum
1031 2157 1061 2184 in
1096 2156 1205 2196 primis
1234 2157 1346 2186 Nostre

444 2204 573 2234 Domine
591 2206 628 2233 ad
644 2206 807 2234 videndum
824 2206 861 2234 de
880 2205 974 2234 scolis
990 2206 1079 2234 novis
1097 2206 1236 2235 nacionis
1253 2216 1347 2245 super

442 2260 568 2287 terram,
601 2254 744 2283 videlicet
772 2254 904 2293 qualiter
933 2255 1019 2283 fieret
1054 2255 1091 2283 de
1127 2255 1221 2290 calce,
1256 2266 1345 2294 quam

443 2302 589 2341 magister
614 2302 781 2341 Gylbertus
807 2303 944 2332 medicus
967 2304 1037 2333 fecit
1060 2304 1174 2343 apponi
1202 2304 1345 2333 fenestris

442 2351 579 2390 predicte
615 2352 697 2380 scole
710 2351 732 2380 ³.
763 2352 801 2381 Et
827 2352 1027 2382 deliberatum
1057 2359 1104 2382 est
1130 2359 1260 2392 protunc
1292 2364 1346 2392 per

443 2400 619 2439 magistros,
651 2402 732 2439 quod
766 2402 852 2430 fieret
882 2402 1087 2441 congregacio
1122 2402 1259 2431 nacionis
1290 2413 1347 2441 per

438 2448 640 2488 juramentum
662 2449 839 2488 regencium
859 2456 888 2479 et
906 2461 965 2479 non
984 2451 1159 2490 regencium
1179 2452 1215 2479 ad
1236 2451 1346 2480 viden-

443 2498 513 2526 dum
532 2499 652 2526 modum
668 2499 856 2537 procedendi
873 2505 979 2528 contra
995 2500 1143 2538 predicta.

485 2547 556 2575 ltem
585 2547 614 2575 in
640 2548 689 2575 die
714 2548 857 2576 mercurii
891 2548 946 2577 fuit
974 2549 1179 2588 congregacio
1206 2549 1345 2578 nacionis

443 2597 522 2634 apud
540 2596 682 2624 Sanctum
702 2596 855 2625 Julianum
885 2603 955 2635 post
973 2598 1108 2632 missam,
1126 2605 1155 2626 et
1181 2599 1346 2637 proposuit

444 2645 589 2682 magister
606 2644 761 2674 Johannes
780 2646 817 2674 de
834 2645 966 2680 Stralen‚
984 2646 1116 2685 qualiter
1131 2653 1213 2675 esset
1232 2647 1346 2676 facien-

443 2693 512 2720 dum
533 2694 570 2721 ‹le
588 2693 785 2722 ordinacione
802 2694 1044 2723 bachalariorum
1064 2696 1093 2723 in
1113 2695 1223 2724 Sancta
1241 2696 1346 2725 Geno-

445 2742 509 2769 vesa
534 2742 788 2777 examinatorum,
816 2749 845 2772 et
869 2743 946 2772 dixit
967 2745 1048 2782 quod
1079 2745 1245 2773 secundum
1275 2755 1344 2773 con-

445 2790 605 2818 scienciam
627 2801 709 2819 suam
731 2797 793 2819 tres
809 2792 900 2830 primi
917 2793 1050 2820 secunde
1065 2793 1234 2822 audicionis
1250 2794 1345 2822 debe-

446 2844 512 2866 rent
538 2848 605 2866 esse
629 2839 736 2873 ultimi,
761 2846 790 2868 ct
814 2840 1000 2879 penultimus
1022 2841 1149 2879 primus,
1167 2848 1197 2871 et
1221 2842 1345 2871 ultimus

476 2953 496 2974 1.
534 2953 561 2975 10
575 2953 678 2983 Aprilis.

476 2988 497 3009 2.
532 2989 577 3011 Ms.
593 2988 699 3011 solidos.

986 462 1207 489 AUCTARIUM
1229 460 1487 487 CHARTULARII
1507 461 1680 489 UNIVERS.
1704 463 1820 490 PARIS.

1386 984 1419 1010 10

1385 1229 1418 1255 15

1385 1474 1418 1500 20

1385 1719 1418 1745 25

1384 1965 1418 1991 30

1384 2210 1417 2236 35

1383 2456 1417 2482 40

1383 2697 1416 2724 45

2311 466 2363 492 468

1456 538 1516 574 2“·;
1535 545 1565 567 et
1589 538 1661 578 quia
1683 539 1795 569 habent
1822 540 1864 568 ibi
1888 540 1977 569 talem
2009 540 2251 576 ordinacionem,
2280 543 2363 582 quod

1457 587 1567 616 Gallici
1593 589 1773 627 precedunt,
1798 590 1909 618 deinde
1926 589 2079 624 Piccardi,
2100 595 2130 619 et
2145 590 2258 620 deinde
2286 590 2363 620 Nor-

1457 637 1558 665 manni
1575 643 1604 666 et
1619 638 1739 667 demum
1751 638 1782 667 in
1795 638 1901 667 ultimo
1918 639 2006 667 nacio
2020 645 2125 668 nostra
2136 639 2273 678 ponitur,
2292 650 2363 679 sup-

1457 685 1582 724 plicavit
1597 686 1646 715 vel
1663 687 1770 716 saltem
1787 687 1948 716 consilium
1964 687 2059 726 peciit
2072 697 2089 716 a
2103 687 2247 723 nacione,
2262 694 2362 718 utrum

1457 733 1508 763 ille
1523 736 1600 764 ordo
1616 742 1723 774 posset
1740 736 1887 775 perverti,
1909 737 1950 765 ita
1967 737 2049 776 quod
2071 737 2239 766 secundum
2258 737 2364 777 digni-

1456 789 1547 812 tatem
1562 784 1765 814 scienciarum
1785 785 2021 815 collocarentur.
2039 785 2078 814 Et
2097 786 2241 815 dixerunt
2256 786 2362 826 aliqui,

1457 833 1539 872 quod
1561 833 1612 862 ille
1634 834 1744 863 modus
1764 833 1952 864 Gallicorum
1971 841 2054 864 esset
2073 834 2194 864 noviter
2208 835 2362 870 inventus,

1457 888 1486 910 et
1503 883 1586 921 quod
1603 882 1702 911 adhuc
1715 889 1798 912 esset
1810 893 1890 912 unus
1908 883 2066 923 magister,
2081 883 2200 913 scilicet
2216 884 2365 924 magister

1457 930 1666 970 Linphardus,
1689 931 1741 971 qui
1760 932 1816 961 suit
1837 932 1951 962 ibidem
1967 933 2086 972 primus
2103 932 2135 961 in
2156 933 2256 972 prima
2275 934 2364 963 audi-

1456 980 1556 1015 cione,
1574 986 1604 1009 et
1620 986 1667 1009 est
1680 981 1717 1010 de
1731 987 1835 1010 nostra
1853 982 1993 1011 nacione.
2014 981 2074 1010 Sed
2093 981 2234 1021 magistri
2253 983 2290 1011 de
2306 981 2363 1012 hoc

1456 1035 1589 1068 protunc
1613 1029 1709 1058 nichil
1733 1029 1993 1066 deliberaverunt,
2024 1030 2096 1070 quia
2117 1031 2263 1060 dixerunt
2280 1031 2363 1071 quod

1456 1078 1614 1107 nescirent
1628 1078 1730 1117 aliqua
1745 1078 1880 1107 remedia
1896 1089 1990 1118 super
2007 1079 2075 1109 hoc.

1498 1127 1571 1156 ltem
1595 1127 1626 1155 in
1646 1127 1695 1156 die
1716 1126 1799 1166 jovis
1822 1127 1877 1156 ruit
1904 1128 2110 1168 congregacio
2140 1129 2278 1158 nacionis
2308 1138 2364 1168 per

1451 1175 1659 1216 juramentum
1672 1176 1849 1215 regencium
1865 1183 1894 1206 et
1909 1187 1971 1205 non
1982 1177 2159 1216 regencium
2169 1178 2249 1218 apud
2265 1177 2362 1207 Sanc-

1456 1231 1518 1254 tum
1540 1224 1695 1254 Julianum
1718 1235 1776 1264 pro
1806 1224 2018 1265 disposicione
2043 1226 2195 1255 scolarum
2216 1236 2362 1256 novarum

1456 1274 1595 1303 nacionis
1611 1280 1728 1309 nostre,
1741 1281 1771 1303 et
1781 1275 1921 1314 magistri
1935 1281 2066 1314 protunc
2076 1285 2138 1304 non
2151 1275 2273 1304 fuerunt
2288 1285 2364 1304 con-

1456 1324 1578 1358 cordes,
1612 1323 1684 1362 quia
1713 1323 1808 1362 aliqui
1838 1323 1993 1359 dixerunt,
2019 1325 2102 1363 quod
2134 1325 2247 1353 bonum
2281 1329 2365 1354 esset

1455 1382 1615 1401 removere
1641 1372 1754 1401 calcem
1777 1373 1814 1401 de
1833 1372 1988 1407 fenestris,
2006 1378 2037 1402 et
2053 1373 2135 1412 quod
2153 1372 2263 1402 melius
2281 1378 2365 1403 esset

1456 1431 1513 1450 nos
1525 1431 1594 1450 esse
1610 1421 1790 1450 defensores
1806 1431 1896 1460 quam
1908 1427 2044 1456 actores;
2062 1427 2093 1450 et
2105 1421 2192 1451 multi
2212 1421 2263 1450 alii
2279 1421 2363 1451 dixe—

1455 1476 1528 1499 runt
1560 1470 1755 1509 oppositum,
1782 1467 1902 1499 scilicet
1926 1471 2009 1510 quod
2033 1480 2101 1500 cum
2127 1470 2259 1500 consilio
2280 1469 2364 1510 juri-

1457 1525 1572 1549 starum
1583 1525 1666 1548 esset
1677 1519 1916 1558 procedendum.
1931 1519 1970 1548 Et
1979 1519 2024 1548 sic
2037 1519 2199 1549 videbatur
2207 1519 2362 1559 aliquibus

1456 1569 1551 1608 quod,
1566 1569 1638 1608 quia
1656 1574 1727 1597 tunc
1746 1578 1808 1597 non
1834 1569 1888 1597 fuit
1912 1569 2089 1603 concordia,
2115 1569 2203 1598 fieret
2233 1578 2362 1608 congre-

1456 1618 1544 1657 gacio
1580 1618 1687 1646 iterum
1725 1627 1782 1657 per
1812 1616 2019 1656 juramentum
2055 1618 2086 1646 in
2122 1618 2172 1646 die
2210 1617 2363 1646 dominica

1457 1666 1597 1706 sequenti
1615 1667 1695 1706 apud
1718 1666 1862 1695 Sanctum
1885 1666 2071 1695 Maturinum
2097 1673 2168 1705 post
2188 1667 2360 1705 prandium,

1457 1716 1576 1745 scilicet
1593 1716 1624 1744 in
1642 1715 1733 1745 nonis
1750 1715 1867 1744 Jacobi.

1498 1765 1572 1794 Item
1595 1764 1626 1793 in
1646 1764 1695 1794 die
1712 1764 1885 1793 palmarum
1898 1763 1908 1781 ⁴
1929 1764 1983 1793 fuit
2000 1764 2204 1804 congregacio
2223 1763 2363 1793 nacionis

1456 1820 1528 1853 post
1541 1823 1713 1843 sermonem
1727 1814 1808 1852 apud
1826 1813 2041 1842 predicatores
2057 1814 2094 1842 ad
2112 1813 2360 1852 supplicandum,

1456 1869 1486 1892 et
1499 1862 1685 1902 supplicavit
1697 1862 1798 1902 primo
1809 1862 1957 1902 magister
1970 1862 2151 1891 Lambertus
2162 1863 2200 1891 de
2217 1861 2360 1897 Ghelrea‚

1456 1923 1493 1941 ex
1517 1922 1578 1951 quo
1603 1918 1734 1951 protunc
1756 1911 1895 1951 oportuit
1921 1921 1988 1940 eum
2022 1911 2179 1946 recedere,
2212 1918 2245 1940 ut
2273 1911 2362 1940 nacio

1455 1961 1548 2001 vellet
1569 1961 1629 1990 sibi
1652 1961 1725 1990 dare
1742 1961 1924 1990 dilacionem
1948 1960 2137 1995 ulteriorem,
2159 1970 2250 1999 quam
2274 1959 2361 1999 prius

1456 2009 1561 2049 peciit,
1591 2010 1629 2038 de
1660 2009 1790 2048 pecunia
1823 2008 2074 2043 determinancie,
2105 2008 2297 2047 incepcionis
2330 2014 2362 2038 et

1455 2058 1696 2094 licenciacionis.
1717 2057 1756 2087 Et
1775 2058 1931 2087 concessit
1949 2057 2008 2086 sibi
2029 2057 2117 2086 nacio
2135 2058 2218 2096 quod
2235 2057 2362 2087 haberet

1455 2114 1518 2137 tres
1535 2117 1657 2136 menses
1674 2117 1733 2147 pro
1749 2106 1901 2136 dilacione
1917 2107 2054 2146 predicte
2072 2106 2213 2146 pecunie,
2233 2115 2367 2146 compu-·

1455 2157 1548 2186 tando
1563 2167 1580 2185 a
1592 2162 1730 2195 tempore
1745 2156 1845 2196 prime
1862 2155 2103 2195 supplicacionis
2119 2165 2178 2194 que
2194 2155 2250 2184 suit
2264 2155 2296 2184 in
2311 2155 2361 2184 die

1455 2206 1526 2235 lune
1542 2205 1715 2234 immediate
1731 2205 1921 2244 precedenti,
1935 2210 1965 2233 et
1977 2204 2034 2234 hoc
2048 2203 2160 2244 positis
2175 2204 2360 2243 pignoribus

1456 2255 1678 2284 sufficientibus
1705 2254 1753 2283 vel
1782 2254 1889 2283 saltem
1912 2259 2073 2292 receptore
2102 2259 2247 2282 contento
2276 2252 2361 2282 suffi-

1455 2304 1582 2333 cienter.

1496 2353 1569 2382 ltem
1586 2362 1643 2392 pro
1659 2358 1730 2381 tunc
1746 2352 1777 2380 in
1793 2352 1897 2381 eadem
1913 2351 2159 2391 congregacione
2175 2350 2361 2390 supplicavit

1455 2402 1602 2441 magister
1620 2401 1799 2430 Gherardus
1822 2400 1935 2430 Calkar
1954 2400 2074 2429 nacioni
2097 2410 2133 2429 ex
2149 2406 2236 2439 parte
2255 2398 2360 2439 cujus-

1454 2452 1521 2480 dam
1536 2450 1665 2480 scolaris
1681 2450 1825 2489 captivati
1844 2450 1875 2478 in
1897 2449 2024 2488 dyocesi
2046 2448 2231 2477 Treverensi
2249 2458 2266 2477 a
2281 2458 2360 2487 quo-

1454 2501 1522 2529 dam
1543 2499 1649 2534 milite‚
1673 2505 1824 2538 quatenus
1842 2498 1930 2527 nacio
1949 2497 2041 2527 vellet
2065 2497 2125 2527 sibi
2145 2497 2303 2532 assistere,
2327 2503 2361 2526 ut

1455 2549 1643 2577 indicaretur
1662 2548 1762 2577 bonus
1780 2548 1889 2576 modus
1905 2547 1943 2576 ad
1960 2547 2062 2586 ipsum
2077 2546 2299 2575 redimendum.
2321 2545 2360 2575 Et

1454 2597 1636 2626 deliberavit
1655 2597 1743 2625 nacio
1761 2596 1844 2635 quod
1864 2595 1923 2625 sibi
1943 2595 2074 2624 libenter
2097 2595 2189 2624 vellet
2211 2595 2359 2624 assistere

1454 2646 1638 2685 ubicumque
1662 2651 1771 2685 posset
1795 2651 1825 2674 et
1846 2645 1877 2673 in
1899 2644 2145 2684 quibuscunque,
2168 2644 2239 2672 dum
2259 2650 2359 2673 tamen

1454 2695 1504 2724 ille
1523 2695 1653 2724 scolaris
1671 2703 1824 2733 expensas
1842 2699 1903 2722 met
1918 2693 2039 2722 faceret.
2061 2693 2099 2721 Et
2119 2692 2176 2722 ista
2191 2693 2246 2722 fuit
2260 2693 2359 2732 prima

1454 2743 1645 2783 supplicacio
1668 2743 1781 2772 ibidem
1809 2743 1895 2776 sacta,
1920 2742 2060 2781 quamvis
2085 2741 2172 2770 aliam
2197 2741 2356 2781 preposui.

1495 2793 1568 2821 ltem
1594 2791 1780 2831 supplicavit
1799 2791 1893 2820 eciam
1916 2797 1988 2819 tunc
2010 2790 2157 2829 magister
2183 2790 2359 2829 Nycholaus

1455 2841 1554 2870 Suker
1583 2842 1620 2869 de
1648 2840 1789 2869 Haerlem
1821 2846 1854 2868 ut
1882 2840 2096 2868 refunderetur
2125 2839 2185 2868 sibi
2214 2839 2359 2868 dimidius

1485 2957 1507 2979 3.
1547 2955 1600 2979 Vid.
1615 2963 1693 2987 supra
1707 2963 1733 2986 p.
1746 2955 1800 2982 456,
1813 2954 1851 2977 17.

1485 2992 1508 3014 4.
1544 2991 1572 3014 15
1586 2990 1691 3022 Aprilis.
