2632 3464
458 415 509 440 291

500 491 573 520 Item
596 490 675 525 loco,
701 495 838 528 tempore
861 494 890 518 et
912 488 988 517 hora
1011 487 1160 527 predictis
1180 485 1365 525 supplicavit

459 540 606 579 magister
628 539 822 568 Hermannus
845 537 963 567 Consul
983 542 1133 576 quatenus
1154 535 1254 574 ipsum
1277 534 1364 563 nacio

462 599 518 628 pro
541 594 608 617 actu
634 593 760 628 regente
784 592 950 626 reputaret,
975 592 1004 615 et
1028 585 1085 614 hoc
1112 585 1201 614 litera
1225 583 1363 612 nacionis

460 638 648 671 roborando,
668 646 727 676 que
743 635 848 675 gracia
863 635 919 664 fuit
934 634 993 664 sibi
1012 643 1169 663 concessa⁴

500 687 574 716 Item
591 687 696 715 eodem
715 685 764 713 die
783 690 812 713 et
829 684 898 713 loco
918 683 993 712 hora
1013 682 1176 712 terciarum
1199 683 1274 710 sacta
1289 691 1365 710 con-

459 735 646 775 gregacione
662 733 811 773 generali,
830 732 938 762 collata
955 731 1010 760 fuit
1027 731 1194 770 capellania
1216 730 1365 769 magistro

459 784 573 813 Jacobo
589 783 726 812 Juvenis.

503 833 577 862 Item
598 833 704 860 eodem
724 831 772 860 die
789 831 936 870 magister
953 829 1099 858 Albertus
1121 829 1159 857 de
1182 828 1311 857 Bavaria
1335 827 1365 856 in

460 891 536 910 cena
559 881 651 910 solvit
668 890 759 909 unum
780 879 927 908 florenum
947 879 983 907 de
1007 877 1228 917 procuracione
1249 886 1314 911 sua,
1336 882 1366 905 et

461 936 562 959 rector
587 929 678 958 solvit
702 930 738 957 10
756 928 872 957 solidos
893 937 960 956 cum
987 928 1023 955 10
1046 926 1182 955 denariis
1205 926 1242 955 de
1262 925 1366 965 gracia

462 979 521 1007 sibi
536 979 611 1007 sacta
625 984 712 1006 antea
727 987 884 1016 expressa.

503 1028 577 1056 Item
600 1028 676 1055 facta
693 1026 938 1065 congregacione
959 1024 1098 1053 nacionis
1116 1025 1196 1063 apud
1221 1024 1365 1053 Sanctum

461 1077 625 1111 Julianum,
651 1077 685 1105 15
711 1075 760 1104 die
780 1074 895 1103 mensis
921 1073 1079 1108 Octobris,
1101 1073 1176 1102 hora
1197 1073 1365 1112 primarum

464 1125 663 1155 deliberatum
692 1124 746 1153 suit
774 1123 958 1152 unanimiter
986 1123 1022 1151 ab
1052 1122 1194 1151 omnibus
1223 1122 1306 1161 quod
1330 1122 1365 1150 12

463 1174 570 1203 ssoreni
599 1173 745 1213 magistro
769 1172 900 1201 Johanni
931 1172 1150 1210 Ricmestorpt‚
1185 1172 1222 1199 de
1254 1171 1365 1210 quibus

463 1224 538 1252 alias
550 1222 608 1251 sibi
623 1223 699 1250 sacta
713 1221 768 1251 fuit
782 1221 896 1260 gracia,
910 1227 942 1249 ut
955 1221 1098 1259 superius
1110 1226 1158 1249 est
1170 1229 1364 1259 expressum,

463 1272 493 1300 in
511 1272 590 1300 hunc
608 1272 730 1300 modum
748 1271 896 1299 deberent
913 1270 972 1298 sihi
987 1269 1122 1308 persolvi
1137 1269 1220 1308 quod
1237 1269 1367 1308 quilibet

462 1321 514 1360 qui
537 1321 567 1349 in
589 1326 693 1349 nostra
714 1319 775 1359 (sic)
796 1320 921 1348 deberet
938 1318 1108 1357 perpotari‚
1130 1318 1195 1347 sive
1215 1317 1294 1346 hoc'
1326 1318 1367 1346 sit

462 1380 518 1409 pro
533 1370 633 1408 primo
650 1379 705 1398 suo
724 1368 850 1397 introitu
868 1368 905 1396 ad
922 1367 1209 1407 congregacionem,
1228 1367 1293 1396 sive
1309 1377 1366 1406 pro

463 1419 559 1458 prima
585 1429 639 1447 sua
663 1417 897 1457 procuracione,
923 1416 988 1445 sive
1013 1416 1109 1455 qui[a]
1134 1416 1175 1445 sit
1197 1416 1312 1445 electus
1335 1416 1366 1444 in

463 1474 653 1506 receptorem
677 1467 724 1496 vel
743 1466 979 1495 examinatorem
998 1465 1107 1494 Sancte
1130 1464 1295 1500 Genevefe,
1317 1465 1365 1494 vel

467 1517 576 1556 quovis
601 1516 676 1551 alio,
704 1516 842 1555 predicto
872 1515 1019 1554 magistro
1046 1524 1102 1553 pro
1128 1514 1275 1543 solvenda
1297 1524 1365 1553 per-

463 1566 624 1605 potacione
653 1575 743 1594 unum
769 1564 916 1593 florenum
943 1564 1034 1592 debet
1058 1563 1249 1602 persolvere,
1283 1570 1312 1592 et
1339 1563 1365 1592 si

464 1615 532 1654 quis
548 1613 722 1653 hujusmodi
739 1613 925 1642 solucionem
943 1614 1040 1641 facere
1056 1612 1255 1647 recusaverit,
1276 1613 1366 1641 debet

463 1664 600 1703 predicta
611 1663 697 1691 nacio
711 1662 893 1701 compellere
909 1662 946 1690 ad
960 1662 1150 1690 solvendum.

867 1757 963 1786 1363

583 1829 854 1868 [Theodoricus
881 1829 1003 1858 dictus
1031 1830 1244 1867 Dameron.]

505 1911 576 1949 (Fol.
613 1909 686 1950 58¹⁹)
721 1910 794 1938 Item
833 1910 908 1938 facta
942 1909 1186 1948 congregacione
1226 1909 1365 1938 nacionis

465 1959 634 1999 Anglicane
648 1969 727 1987 anno
744 1958 867 1987 Domini
886 1957 931 1986 Μ0
946 1957 1039 1987 CCCo
1051 1957 1164 1987 LXIII⁰
1172 1959 1251 1997 apud
1269 1958 1366 1987 Sanc-

466 2015 528 2038 tum
543 2008 695 2037 Julianum
708 2017 884 2046 pauperem,
904 2007 987 2036 XXIa
1004 2007 1052 2035 die
1073 2007 1187 2036 mensis
1207 2007 1364 2042 Octobris,

468 2057 550 2086 nullo
569 2057 785 2096 magistrorum
802 2056 983 2085 reclamante
1000 2056 1115 2085 electus
1129 2056 1185 2085 fuit
1203 2056 1233 2084 in
1251 2067 1366 2095 procu-

468 2113 598 2135 ratorem
621 2105 767 2144 magister
788 2105 999 2134 Theodoricus
1027 2105 1127 2133 dictus
1151 2105 1304 2134 Dameron
1328 2106 1366 2134 de

466 2155 586 2183 Prusia.
604 2154 637 2183 In
653 2153 738 2193 cujus
755 2147 1068 2193 procuraciouefacta
1079 2160 1150 2182 sunt
1161 2164 1219 2193 que
1234 2164 1366 2193 sequun-

464 2211 524 2232 tur.

505 2252 610 2281 Primo
628 2253 710 2290 quod
728 2258 812 2280 sexta
825 2252 918 2280 bursa
936 2262 994 2290 que
1009 2251 1075 2290 capi
1094 2251 1212 2281 solebat
1230 2252 1260 2280 in
1277 2252 1366 2281 facul-

466 2308 524 2330 tate
540 2301 670 2340 amplius
682 2311 737 2329 nec
751 2300 781 2329 in
796 2301 933 2329 facultate
944 2301 1041 2329 necin
1054 2301 1181 2329 nacione
1193 2308 1365 2340 caperetur.

506 2351 580 2379 Item
601 2360 679 2378 anno
700 2350 805 2378 eodem
824 2350 854 2378 in
875 2349 1003 2389 vigilia²
1024 2350 1167 2378 Omnium
1186 2350 1366 2379 Sanctorum

466 2399 580 2428 electus
596 2399 651 2427 fuit
669 2398 698 2426 in
718 2398 928 2437 subpedellum
951 2398 1106 2427 Johannes
1125 2398 1285 2438 Anglicus.

506 2448 579 2476 Item
598 2448 703 2476 eodem
722 2447 770 2475 die
791 2447 894 2486 gracia
914 2448 989 2476 sacta
1015 2448 1070 2476 suit
1092 2447 1216 2476 domino
1235 2448 1367 2477 Johanni

466 2498 503 2525 (le
518 2497 591 2525 Vico
604 2497 639 2525 de
655 2497 758 2525 bursis
775 2496 838 2524 suis
855 2506 910 2534 pro
925 2496 1115 2535 incepcione,
1133 2497 1216 2535 quod
1233 2497 1367 2526 solveret

469 2556 556 2584 quam
577 2545 636 2574 cito
659 2545 695 2573 ad
721 2545 870 2574 fortunam
893 2545 1087 2584 pinguiorem
1117 2552 1363 2584 promoveretur,

467 2595 548 2633 quod
569 2595 647 2622 bona
665 2594 722 2622 fide
742 2594 779 2622 ab
802 2604 837 2622 eo
857 2594 1103 2632 promittebatur,
1126 2594 1178 2633 qui
1197 2595 1254 2623 sub
1273 2594 1367 2634 magi-

468 2649 532 2671 stro
546 2643 738 2671 Theodorico
753 2643 790 2671 de
807 2642 895 2671 Unna
912 2643 1035 2681 incepit,
1052 2642 1138 2682 cujus
1152 2644 1246 2672 bursa
1258 2643 1365 2678 nichil,

467 2691 570 2719 nichil.

500 2863 521 2885 1.
556 2864 601 2885 Ma.
611 2862 695 2892 polius
709 2870 747 2885 ex⁴

499 2898 522 2920 2.
557 2898 582 2919 3¹1
600 2898 722 2920 Octobris.

502 2934 524 2955 3.
558 2934 586 2955 28
601 2933 753 2956 Novembris.

999 410 1221 437 AUCTARIUM
1241 408 1500 435 CHARTULARII
1521 407 1695 434 UNIVERS.
1718 406 1838 434 PARIS,

1404 929 1436 954 10

1403 1171 1436 1198 15

1403 1416 1437 1442 20

1403 1661 1436 1687 25

1404 1906 1437 1932 30

1404 2151 1438 2177 35

1405 2397 1439 2423 40

1405 2644 1438 2670 45

2327 409 2380 436 292

1877 483 1975 513 1363

1714 550 1890 589 [Michael
1914 550 2140 590 Wischow.]

1516 630 1590 659 ltem
1606 631 1683 659 sacta
1695 630 1943 670 congregacione
1958 630 2098 661 nacionis
2115 631 2286 672 Anglicane
2301 642 2381 662 anno

1475 679 1600 708 Domini
1626 678 1673 708 Μο
1695 678 1787 709 CCC⁰
1811 679 1925 709 ΙιΧΙΙΙο
1951 680 2033 719 apud
2061 680 2205 710 Sanctum
2227 680 2381 711 Julianum

1473 738 1654 767 pauperem,
1672 728 1773 759 XVIII
1785 729 1834 758 die
1847 729 1964 758 mensis
1982 729 2180 765 Novembris,
2194 729 2310 760 electus
2325 730 2382 760 fuit

1475 777 1506 806 in
1532 783 1763 816 procuratorem
1786 778 1934 817 magister
1955 777 2088 807 Michael
2111 777 2270 814 Vischow,
2296 778 2380 809 nullo

1474 825 1693 865 magistrorum
1708 826 1904 862 reclamante,
1922 827 1953 856 in
1969 825 2056 866 cujus
2069 827 2292 866 procuracione
2305 828 2382 857 facta

1475 881 1547 904 sunt
1564 874 1620 904 hec
1639 885 1698 915 que
1715 882 1898 915 sequuntur.

1515 923 1620 952 Primo
1627 924 1665 953 de
1674 924 1769 953 dubio
1778 924 2002 962 celebracionis
2010 925 2079 954 sesti
2088 925 2185 955 sancti
2195 925 2380 961 Eadmundi,

1474 979 1504 1002 et
1523 973 1560 1002 de
1581 971 1647 1012 ejus
1666 973 1813 1008 crastino,
1840 973 1889 1002 die
1912 973 2018 1003 martis
2030 973 2043 992 ³
2059 980 2133 1014 post
2150 974 2261 1004 festum
2277 980 2382 1004 sancte

1475 1021 1642 1050 Katherine
1659 1022 1736 1051 sacta
1749 1022 1995 1063 congregacione
2009 1023 2172 1059 facultatis,
2189 1033 2247 1063 per
2259 1023 2382 1053 faculta-

1474 1076 1534 1100 tem
1561 1071 1718 1100 decretum
1749 1071 1804 1100 fuit
1839 1077 1990 1111 quatenus
2025 1072 2063 1101 de
2093 1078 2197 1102 cetero
2230 1073 2382 1112 prefatum

1475 1119 1584 1148 festum
1595 1119 1735 1149 nacionis
1749 1119 1919 1160 Anglicane
1934 1131 2001 1150 cum
2013 1121 2148 1150 crastino
2161 1121 2384 1151 inviolabiliter

1474 1169 1566 1198 debet
1580 1169 1742 1204 celebrari,
1757 1175 1786 1198 et
1797 1179 1892 1208 super
1907 1169 1965 1199 hoc
1975 1170 2212 1199 instrumentum
2224 1169 2381 1210 puplicum

1475 1217 1531 1246 fuit
1546 1217 1740 1257 requisitum.

1516 1266 1591 1295 Item
1608 1266 1677 1295 XVI
1697 1267 1747 1296 die
1763 1267 1945 1296 Decembris
1967 1268 2045 1297 facto
2066 1273 2211 1307 computo
2228 1277 2284 1307 per
2298 1276 2382 1298 rece-

1474 1321 1606 1355 ptorem,
1636 1315 1769 1355 singulis
1795 1315 1954 1346 defalcatis
1984 1316 2073 1346 nacio
2105 1316 2166 1345 sibi
2197 1316 2229 1346 in
2255 1316 2384 1356 triginta

1474 1374 1584 1394 novem
1608 1364 1717 1394 solidis
1738 1365 1901 1400 remansit,
1930 1371 1960 1394 et
1983 1371 2144 1405 compotus
2174 1366 2212 1394 ab
2238 1366 2382 1396 omnibus

1475 1413 1531 1443 suit
1543 1415 1744 1453 approbatus.

1878 1508 1896 1536 1
1902 1507 1976 1537 363

1693 1577 1900 1618 [Johannes
1925 1580 1967 1608 de
1992 1578 2162 1617 Suecia.]

1515 1659 1589 1688 Item
1605 1669 1684 1688 anno
1702 1659 1827 1688 Domini
1845 1658 2008 1688 millesimo
2025 1639 2106 1689 CCC
2122 1658 2188 1688 LX⁰
2203 1659 2259 1694 111,
2278 1658 2383 1688 XVI-²2

1475 1707 1524 1737 die
1545 1707 1661 1737 mensis
1681 1707 1863 1737 Decembris
1881 1705 1962 1737 'facta
1977 1707 2224 1748 congregacione
2243 1707 2382 1738 nacionis

1474 1756 1645 1796 Anglicane
1656 1757 1737 1796 apud
1750 1756 1893 1786 Sanctum
1904 1757 1919 1786 J
1924 1757 2058 1786 ulianum
2072 1766 2252 1796 pauperem,
2267 1756 2383 1786 electus

1476 1806 1530 1835 fuit
1553 1805 1583 1835 in
1601 1811 1835 1845 procuratorem
1856 1805 2004 1846 magister
2025 1805 2182 1835 Johannes
2204 1806 2241 1835 de
2260 1805 2380 1841 Suecia.

1475 1854 1619 1894 dyocesis
1635 1854 1802 1884 Aboensis.
1821 1855 1855 1884 In
1874 1853 1960 1895 cujus
1979 1855 2201 1894 procuracione
2219 1855 2296 1884 sacta
2311 1860 2384 1884 sunt

1475 1904 1542 1933 hec.

1516 1953 1607 1982 Facta
1627 1952 1873 1992 congregacione
1893 1953 1967 1982 XIII
1986 1953 2035 1981 die
2055 1952 2172 1982 mensis
2191 1952 2327 1982 Januarii
2344 1953 2383 1981 ad

1475 2002 1724 2041 computandum,
1744 2008 1906 2041 computus
1926 2001 2099 2041 receptoris
2119 2002 2231 2031 mansit
2249 2001 2330 2031 idem
2350 2007 2384 2031 ut

1475 2061 1574 2090 prlus.

1882 2143 1980 2172 1364

1681 2214 1880 2253 [Ricoldus
1910 2215 1951 2243 de
1987 2214 2178 2252 Haeften.]

1518 2295 1592 2324 Item
1607 2295 1683 2346 faocta
1701 2294 1947 2347 ctgngregacione
1965 2293 2105 2323 nacionis
2118 2293 2288 2334 Anglicane
2302 2303 2383 2323 anuo

1478 2348 1603 2378 Domini
1616 2348 1646 2376 M
1664 2347 1744 2377 CCC
1762 2347 1913 2383 LXIIII¹0‚
1928 2346 2001 2376 XIX
2013 2347 2074 2376 kal.
2093 2346 2252 2376 Februarii
2263 2346 2287 2382 ⁴,
2302 2347 2383 2386 apud

1477 2397 1621 2426 Sanctum
1639 2396 1791 2425 Julianum
1812 2406 1991 2436 pauperem,
2011 2395 2127 2425 electus
2145 2395 2200 2425 fuit
2217 2395 2248 2424 in
2269 2405 2384 2434 procu-

1476 2452 1609 2475 ratorem
1627 2445 1776 2485 magister
1797 2445 1947 2474 Ricoldus
1960 2445 1997 2473 de
2017 2444 2158 2479 Haesten,
2175 2443 2384 2484 Trajectensis

1476 2494 1631 2534 dyocesis.
1654 2495 1687 2523 In
1702 2493 1794 2533 cujus
1808 2493 2031 2533 procuracione
2048 2494 2125 2522 facta
2140 2499 2211 2522 sunt
2223 2493 2290 2522 hec.

1517 2544 1621 2573 Primo
1648 2543 1796 2582 magister
1820 2543 1835 2572 J
1840 2542 1976 2571 ohannes
2001 2543 2038 2571 de
2062 2541 2195 2571 Saxonia
2206 2541 2218 2560 ⁵
2244 2541 2384 2571 nacionis

1475 2592 1646 2632 Anglicane
1658 2592 1730 2621 fecit
1739 2592 1776 2620 de
1789 2590 1922 2620 rectoria
1938 2601 1993 2620 sua
2008 2596 2183 2630 computum
2198 2590 2280 2629 apud
2291 2590 2383 2619 Sanc-

1476 2648 1538 2671 tum
1549 2641 1713 2675 Julianum,
1726 2639 1813 2679 cujus
1824 2646 1986 2679 computus
1996 2639 2052 2668 suit
2060 2645 2217 2679 gratanter
2226 2645 2382 2678 receptus,

1477 2697 1506 2719 et
1518 2691 1679 2719 tenebatur
1696 2689 1727 2718 in
1745 2689 1801 2718 XL
1820 2688 1942 2724 solidis,
1959 2698 2038 2728 quos
2053 2688 2179 2717 facultas
2195 2687 2379 2727 perpotavit.

1518 2739 1591 2767 Item
1608 2739 1684 2767 facta
1699 2737 1946 2777 congregacione
1965 2738 2046 2776 apud
2067 2736 2210 2766 Sanctum
2228 2737 2244 2766 J
2249 2736 2382 2766 ulianum

1476 2788 1626 2822 nacionis,
1640 2786 1727 2816 electi
1738 2787 1860 2815 fuerunt
1872 2786 2068 2815 concorditer
2079 2786 2247 2815 secundum
2259 2786 2382 2814 modum

1506 2863 1529 2886 4.
1564 2863 1593 2886 14
1602 2862 1731 2885 Ianuarii.
1747 2864 1794 2885 Me.
1809 2861 1862 2884 XIX
1875 2861 1928 2885 kal.
1940 2862 2060 2889 Januar„
2073 2861 2143 2892 quod
2153 2860 2249 2892 salsum
2263 2863 2309 2885 eet.

1508 2900 1530 2921 5.
1565 2899 1584 2921 Ι.
1596 2906 1618 2921 e.
1631 2898 1661 2920 de
1676 2898 1848 2927 Ricmestorp.
