2632 3464
293 461 349 488 est

338 536 451 570 Petrus
467 534 619 571 wilelmi,
635 533 832 574 cujusbursa
846 533 875 563 11
891 532 995 563 solidi.

337 585 530 626 Amplonius:
539 585 579 614 de
594 583 736 614 Crevella
745 582 757 602 ⁴
774 581 861 623 cujus
876 583 971 612 bursa
985 581 1043 611 Vll
1057 579 1160 610 solidi.

474 690 666 731 lnc‘epturi
705 689 792 720 anni
831 687 1029 719 antedicti.

296 806 299 809 ,
323 781 493 818 -Johanncs
509 781 548 810 de
563 779 704 815 Colonia,
724 777 811 819 cujus
824 779 920 808 bursa
932 777 990 807 Vll
1005 777 1109 807 solidi.

305 847 308 852 ·
336 829 471 862 Jacobua
483 828 620 865 Harlem,
634 827 722 869 cujus
736 829 831 858 bursa
844 826 871 856 V
882 826 986 856 solidi.

303 900 307 902 v
336 877 641 913 JohnnnesDeman.
655 876 749 917 cujus*
757 877 852 906 bursa
867 875 923 905 vn
937 875 1040 905 solidi.

337 926 526 967 Nicholayus
543 926 699 966 Mulynar,
714 924 802 965 cujus
820 925 914 955 bursa
930 924 986 954 Vll
1003 924 1107 954 solidi.

337 975 522 1007 <innuamus
536 976 577 1005 dc
586 974 746 1011 Avantria,
762 973 848 1014 cujus
864 975 959 1003 bursa
973 972 1000 1002 V
1017 973 1120 1003 solidi.

337 1025 495 1055 nubemus
509 1023 740 1064 Thonis-,cujus
756 1024 851 1053 bursa
865 1023 891 1051 V
909 1022 1012 1052 solidi.

337 1073 523 1105 Frederious
531 1073 805 1112 de-Medaucbtyn‚
820 1071 907 1111 cujus
922 1072 1016 1101 bursa
1027 1071 1083 1101 vu
1096 1071 1200 1101 solidi.

299 1138 316 1154 ,s
326 1122 453 1153 mantus
466 1121 627 1158 Gloterer,
638 1121 726 1162 cujus
741 1123 836 1151 bursa
847 1121 874 1150 V
887 1121 992 1151 solidi.

336 1171 573 1202 Bartholomeus
588 1172 627 1200 de
646 1170 784 1205 Harlem.
801 1169 888 1210 cujus
907 1171 1003 1200 bursa
1019 1169 1076 1199 Vll
1097 1169 1200 1199 solidi.

306 1220 470 1251 wlacob'us
483 1220 615 1255 Backaxn
634 1219 722 1260 cujus
738 1220 833 1249 bursa
847 1218 875 1247 V
889 1219 993 1248 solidi.

337 1268 451 1300 Petrus
463 1269 615 1304 Wilelmi,
629 1267 717 1309 cujus
733 1269 828 1298 bursa
843 1267 871 1297 ll
890 1267 993 1297 solidi.

337 1317 522 1358 Amplonius
541 1318 580 1347 de
601 1317 780 1353 Crevefflia,
799 1315 887 1357 cujus
903 1317 999 1346 bursa
1021 1316 1078 1346 Vll
1097 1316 1202 1346 solidi.

699 1410 798 1439 1404

359 1481 431 1522 (Fal.
475 1481 555 1522 75¹³)
597 1480 846 1511 Continuacio
884 1480 1144 1521 procuratoris

432 1529 691 1570 precedentis,
727 1530 873 1560 scilicet
907 1529 1076 1570 magistri

494 1578 629 1609 Thome
658 1579 701 1608 de
732 1577 856 1609 Monte
890 1578 1012 1608 Viridi

612 1637 676 1658 seu
713 1627 895 1668 Grynlau.

338 1703 430 1735 Facta
444 1704 692 1744 congregacione
706 1704 846 1734 nacionis
861 1705 943 1744 apud
955 1703 1099 1733 Sanctum
1107 1703 1204 1733 Matu-

297 1753 410 1790 riuum,
445 1753 551 1793 quinta
582 1752 633 1783 die
661 1752 758 1783 Maii²
783 1763 863 1782 anno
893 1763 955 1792 quo
986 1762 1080 1793 supra
1110 1762 1206 1792 super

297 1802 419 1832 duobus
434 1801 584 1832 articulis.
602 1801 726 1832 Primus
742 1809 808 1831 erat
823 1803 885 1841 [ad]
903 1802 1077 1842 eligendum
1093 1811 1203 1831 novum

297 1857 530 1891 procuratorem
555 1850 604 1881 vel
628 1851 666 1880 ad
693 1851 933 1881 continuandum
959 1851 1128 1890 antiquum.
1158 1850 1206 1879 2¹¹·

298 1906 364 1931 erat
389 1909 485 1940 super
508 1899 793 1940 supplicacionibus
817 1906 875 1930 etc.
903 1900 1054 1937 Quantum
1073 1899 1112 1929 ad
1136 1899 1204 1939 pri-

297 1958 379 1979 mum
394 1948 511 1978 electus
529 1958 584 1978 seu
603 1949 798 1979 continuatus
815 1955 880 1978 erat
894 1954 1077 1988 procurator
1093 1957 1204 1988 prece-

297 1997 375 2027 dens
390 1997 587 2027 concorditer
601 2003 631 2027 et
646 1997 767 2027 nemine
782 1997 976 2027 reclamante.
995 1997 1148 2034 Quantum
1165 1998 1203 2027 ad

297 2047 338 2076 2¹²
355 2045 541 2086 supplicavit
558 2046 640 2076 idem
658 2053 851 2086 procurator,
870 2046 1016 2086 quatinus
1038 2045 1204 2076 haberetur

297 2101 417 2136 gratus,
433 2100 560 2126 avoatus
577 2101 607 2125 et
623 2095 889 2126 recommendatus
907 2095 939 2124 in
954 2095 1030 2124 actis
1046 2104 1104 2134 per
1121 2104 1200 2125 eum.

297 2143 391 2184 cujus
407 2143 632 2184 supplicationi
648 2144 757 2174 annuit
771 2144 871 2174 nacio.

337 2193 413 2224 ltcm
426 2192 613 2233 supplicavit
625 2192 759 2223 Jacobus
775 2191 895 2222 Backar
910 2192 941 2222 in
956 2192 1202 2232 congregacione

297 2242 437 2272 nacionis
463 2242 502 2271 ad
529 2241 674 2272 Sanctum
701 2241 889 2272 Matutinum
915 2241 1031 2271 XXlll·
1052 2241 1101 2271 die
1131 2241 1203 2282 May

297 2290 462 2325 celebrata,
478 2283 623 2330 quatinus
638 2290 727 2320 nacio
746 2291 834 2320 daret
847 2290 908 2320 sibi
925 2290 1087 2320 terminum
1103 2300 1201 2330 usque

296 2340 335 2370 ad
357 2340 467 2369 festum
489 2339 570 2369 beati
592 2339 699 2370 Jacobi
723 2340 761 2368 ad
788 2338 969 2369 solvendum
995 2339 1106 2369 bursas
1129 2348 1201 2369 suas

296 2399 355 2430 pro
368 2388 549 2428 incepcione
564 2388 595 2418 in
610 2388 740 2423 artibus,
757 2386 845 2428 cujus
857 2387 1083 2427 supplicacioni
1095 2388 1202 2418 annuit

297 2438 399 2471 nscio.

338 2487 413 2517 ltem
427 2486 541 2517 xxtx=
557 2486 607 2516 die
622 2484 757 2526 ejusdem
773 2491 822 2515 est
834 2485 1013 2516 conclusum
1026 2485 1058 2515 in
1072 2486 1201 2516 nacione

296 2536 379 2576 apud
403 2535 548 2566 Sanctum
573 2534 778 2570 Manu-inum,
801 2534 885 2573 quod
909 2540 1071 2564 currerent
1097 2535 1201 2564 distri-

297 2584 447 2614 buciones
467 2584 500 2615 in
524 2583 630 2614 missis
654 2589 684 2613 et
704 2582 846 2623 vesperis
869 2583 1010 2613 nacionis
1033 2584 1200 2613 secundum

297 2633 380 2673 quod
405 2633 482 2663 alias
501 2638 680 2663 consuetum
706 2637 764 2667 est,
791 2638 822 2661 et
843 2632 927 2672 quod
951 2632 1094 2662 daremus
1118 2631 1200 2661 omni

296 2691 378 2712 anno
392 2682 471 2712 duos
486 2681 536 2712 vel
553 2687 617 2712 tres
631 2682 754 2711 francos
772 2691 829 2720 pro
849 2681 1036 2710 indumentis
1052 2680 1150 2711 sacris
1170 2680 1201 2711 in

297 2730 428 2760 ecclesia
443 2730 582 2761 nacionis
603 2736 720 2766 nostre,
740 2736 770 2760 et
790 2730 874 2770 quod
891 2729 943 2759 ille
961 2729 1090 2769 pecunie
1101 2738 1201 2770 pone-

298 2785 406 2809 rentur
422 2778 454 2808 in
469 2778 562 2809 archa
579 2779 730 2814 nacionis,
747 2778 844 2808 donec
863 2778 1046 2808 haberemus
1061 2788 1200 2818 magnam

329 2871 352 2896 Ι.
385 2871 405 2895 1.
420 2879 442 2895 c.
453 2870 598 2896 emnildis».

328 2907 352 2932 2.
385 2907 433 2931 Mn.
444 2906 550 2940 aprilia.

328 2942 352 2966 8.
386 2943 435 2966 Seu
447 2941 568 2974 Savolay.
581 2943 617 2967 De
629 2941 676 2966 Ιιοι
686 2941 782 2966 calabri
793 2941 864 2973 sacto
876 2941 928 2966 oid.
941 2941 1060 2967 chartul.
1068 2941 1111 2965 tv.
1123 2940 1200 2966 Plura

297 2977 330 3002 de
347 2986 378 3002 w
394 2978 420 3002 in
439 2977 537 3002 Cbron.
553 2976 589 3002 du
606 2978 654 3002 rel.
667 2977 699 3002 de
717 2977 744 3002 S.
762 2977 858 3009 Denya,
874 2978 919 3006 ΙΙΙ,
935 2978 979 3002 184
994 2985 1060 3010 uqq„
1078 2977 1201 3009 imprimis

377 3022 491 3043 Aua-ei·-
501 3022 625 3044 chamuti&
635 3022 723 3044 vasu-n.
730 3022 798 3045 Paria·
805 3032 832 3039 ·—
841 3021 858 3043 Ι.

800 456 915 485 LIBER
934 454 1247 484 PROCURATORUM
1267 454 1446 481 NATIONIS
1465 454 1709 481 ANGLICANAE

1240 975 1274 1001 10

1241 1219 1274 1246 15

1242 1708 1276 1735 25

1239 2196 1273 2223 ³5

1238 2440 1272 2467 4⁰

1238 2684 1272 2711 45

2160 453 2213 480 882

1311 540 1470 565 summam,
1498 537 1528 560 et
1549 530 1603 559 illo
1624 535 1695 559 tunc
1723 535 1906 559 emerentur.
1933 530 2035 559 Eciam
2062 531 2213 559 dabantur

1310 579 1448 618 deputati
1462 580 1500 608 ad
1520 579 1706 608 visitandum
1729 579 1851 608 domum
1871 579 1914 606 ad
1929 580 2097 618 ymaginem
2116 586 2212 608 nostre

1310 629 1435 657 Domine
1462 627 1584 657 nacioni
1608 627 1826 668 pertinentem,
1850 633 1881 657 et
1906 627 2019 657 ibidem
2045 627 2142 657 locata
2166 634 2213 657 est

1310 677 1420 706 domus
1433 677 1475 705 ad
1489 687 1579 705 cornu
1592 678 1672 705 cervi
1685 676 1809 705 domino
1822 676 1975 715 receptori
1986 686 2044 715 pro
2058 676 2117 706 isto
2132 687 2213 706 anno

1310 731 1427 755 tantum
1458 735 1518 766 pro
1546 725 1602 755 XX
1633 725 1741 756 scutis.
1774 725 1878 754 Eciam
1917 725 2030 754 ibidem
2063 726 2214 755 dabantur

1310 775 1447 814 deputati
1468 775 1506 804 ad
1524 774 1741 815 inquirendum
1762 775 1874 804 bursas
1901 774 1932 803 in
1950 774 2051 803 tribus
2073 774 2213 815 collegiis

1310 824 1349 854 ad
1363 823 1523 854 nacionem
1538 823 1760 864 spectantibus.

1715 917 1814 946 1404

1351 988 1599 1020 Continuacio
1630 988 1890 1028 procuratoris
1915 988 2173 1028 precedentis,

1475 1037 1655 1067 videlicet
1686 1037 1728 1066 de
1758 1037 1882 1067 Monte
1909 1036 2046 1066 Viridi.

1353 1118 1444 1148 Facta
1454 1118 1699 1158 congregacione
1715 1117 1854 1147 nacionis
1864 1118 1945 1157 apud
1959 1117 2102 1147 Sanctum
2119 1117 2215 1146 Matu-

1312 1167 1424 1202 rinum,
1450 1168 1585 1196 secunda
1606 1167 1655 1196 die
1681 1166 1776 1202 Junii,
1799 1175 1879 1195 anno
1902 1177 1963 1206 quo
1986 1177 2095 1206 supra,
2121 1176 2215 1206 super

1312 1217 1433 1247 duobus
1454 1215 1603 1246 articulis.
1630 1215 1754 1245 Primus
1771 1215 1828 1245 suit
1844 1216 1881 1244 ad
1903 1215 2078 1255 eligendum
2101 1225 2213 1245 novum

1312 1271 1543 1305 procuratorem
1568 1265 1619 1294 vel
1641 1265 1679 1294 ad
1705 1264 1943 1294 continuandum
1975 1264 2144 1303 antiquum.
2176 1264 2215 1294 Et

1312 1314 1510 1344 concorditer
1521 1314 1716 1343 continuatus
1731 1320 1778 1343 est
1795 1314 1965 1353 precedens
1981 1313 2101 1342 nemine
2117 1313 2216 1342 recla-

1313 1369 1423 1393 mante.
1441 1363 1602 1393 Secundus
1617 1362 1764 1392 articulus
1781 1368 1846 1391 erat
1862 1371 1956 1402 super
1972 1361 2215 1401 supplicacioni-

1312 1413 1370 1442 bus
1385 1418 1416 1441 et
1428 1411 1560 1452 injuriis.
1578 1411 1617 1441 Et
1632 1411 1818 1451 supplicavit
1831 1417 2015 1451 procurator
2026 1411 2213 1450 sepedictus,

1313 1461 1457 1500 quatinus
1472 1461 1503 1490 in
1518 1460 1595 1490 actis
1607 1470 1665 1500 per
1678 1470 1746 1490 eum
1762 1460 1926 1489 haberetur
1938 1466 2055 1499 gratus,
2069 1460 2215 1489 advoatus

1313 1517 1343 1540 et
1356 1510 1632 1539 recommendatus.
1647 1509 1743 1549 Cujus
1758 1509 1980 1548 supplicacioni
1996 1509 2102 1538 annuit
2114 1509 2212 1538 nacio.

1353 1558 1501 1588 preterea
1521 1558 1625 1588 Xllll·
1645 1558 1695 1587 die
1725 1557 1810 1592 Julii,
1838 1558 1908 1587 dum
1934 1557 2128 1587 Universitas
2153 1558 2216 1587 ibat

1312 1607 1587 1647 processionaliter
1626 1607 1664 1636 ad
1707 1606 1847 1636 Sanctam
1886 1606 2072 1641 Katerinam,
2107 1613 2215 1646 gentes

1312 1656 1429 1686 domini
1461 1655 1566 1686 Karoli
1596 1657 1635 1685 de
1662 1654 1803 1695 Savosy⁸
1832 1656 2072 1685 verberaverunt
2103 1655 2215 1685 multos

1313 1705 1449 1735 scolares
1465 1711 1524 1734 tam
1543 1705 1622 1734 infra
1640 1704 1813 1740 ecclesiam,
1827 1714 1917 1744 quam
1936 1710 2032 1739 extra,
2051 1704 2083 1732 in
2100 1709 2214 1733 tantum

1312 1754 1396 1794 quod
1411 1753 1541 1783 ecclesia
1556 1754 1611 1783 fuit
1624 1753 1775 1793 pol[l]uta.
1792 1753 1831 1782 Et
1847 1752 1992 1782 ventilata
2007 1752 2062 1782 suit
2076 1762 2168 1782 causa
2183 1752 2214 1781 in

1312 1802 1513 1843 parlamentO,
1543 1809 1573 1832 et
1597 1802 1808 1843 promiserunt
1831 1802 1922 1831 nobis
1942 1802 2041 1831 facere
2059 1801 2213 1841 justiciam

1312 1851 1476 1881 summarie
1492 1857 1522 1881 et
1539 1852 1577 1881 de
1594 1851 1698 1891 plano,
1718 1851 1884 1880 secundum
1903 1851 1985 1890 quod
2004 1860 2057 1879 rex
2077 1850 2212 1885 fecisset,

1313 1900 1339 1930 si
1361 1910 1456 1930 sanus
1476 1906 1569 1930 esset.
1591 1899 1805 1929 Verumtamen
1829 1899 1982 1939 pendente
2000 1905 2138 1938 tempore
2159 1909 2213 1928 rex

1312 1949 1478 1985 convaluit,
1494 1955 1524 1979 et
1543 1959 1663 1978 causam
1680 1958 1782 1978 coram
1800 1958 1833 1977 se
1847 1947 1996 1982 evocavit,
2013 1954 2043 1976 et
2059 1947 2214 1977 ordinavit

1311 1999 1435 2028 domum
1446 1998 1615 2038 predictam
1626 1997 1742 2026 domini
1756 1996 1871 2031 Karoli‚
1886 1997 1923 2025 de
1934 2006 1994 2035 qua
2004 1995 2213 2026 malefactores

1311 2047 1446 2082 exibant,
1464 2046 1628 2081 demolliri,
1648 2052 1677 2076 et
1698 2046 1941 2085 condempnabat
1956 2055 2023 2074 eum
2046 2045 2076 2074 in
2092 2051 2212 2074 centum

1311 2095 1400 2125 libris
1426 2095 1572 2135 parisien.
1605 2096 1644 2124 de
1672 2094 1845 2124 redditibus
1874 2093 2059 2123 amortizatis
2079 2093 2213 2124 Univer-

1311 2145 1392 2174 sitati
1403 2144 1427 2180 ⁴,
1439 2151 1470 2174 et
1483 2145 1604 2174 duobus
1618 2143 1692 2173 mill.
1708 2143 1797 2172 libris
1810 2150 1950 2172 toronen.
1968 2143 2004 2171 ad
2021 2142 2213 2172 satisfacien-

1310 2194 1381 2223 dum
1395 2193 1469 2223 lesia
1482 2194 1559 2222 etad
1571 2192 1646 2222 alias
1657 2192 1882 2231 disponendum
1899 2201 1956 2231 pro
1969 2191 2056 2220 libito
2072 2201 2126 2221 sue
2139 2192 2171 2230 [ι’.
2183 2202 2209 2221 e.

1311 2242 1541 2280 Universitatis]
1555 2241 1733 2271 voluntatis.

1715 2334 1812 2363 1404

1436 2405 1665 2436 Procuracio
1708 2404 1877 2445 magistri
1922 2403 2083 2434 Cflnrudi

1547 2453 1674 2495 Langh
1704 2454 1746 2483 de
1778 2453 1971 2493 Esslinga.

1350 2535 1441 2566 Facta
1481 2534 1726 2575 congregacione
1770 2533 1908 2563 nacionis
1947 2533 2026 2572 apud
2067 2532 2210 2563 Sanctum

1309 2583 1508 2619 Maturinum‚
1527 2584 1578 2613 26·
1595 2582 1644 2612 die
1663 2582 1808 2622 Augusti.
1833 2582 1907 2611 hora
1925 2587 2009 2611 sexta
2029 2587 2097 2611 ante
2117 2591 2211 2621 pran-

1309 2633 1403 2669 diurn,
1418 2643 1498 2663 anno
1514 2631 1638 2661 Domini
1655 2631 1700 2661 M⁰
1714 2630 1884 2661 CCC⁰llll⁰
1897 2640 1990 2669 super
2005 2631 2125 2659 duobus
2141 2631 2210 2660 arti·

1308 2682 1398 2712 culis.
1413 2682 1536 2712 Primus
1550 2681 1606 2710 fuit
1616 2681 1654 2710 ad
1669 2680 1842 2720 eligendum
1857 2688 1966 2708 novum
1981 2685 2209 2719 procuratorem

1308 2730 1357 2760 vel
1372 2729 1611 2760 continuandum
1633 2729 1802 2768 antiquum.
1827 2728 1871 2757 22·
1893 2737 1987 2767 super
2003 2726 2211 2767 supplicacio-

1309 2779 1400 2810 nibus
1424 2785 1454 2809 et
1479 2778 1612 2818 injuriis.
1635 2778 1742 2815 Quoad
1762 2777 1892 2816 primum
1912 2775 2071 2806 articulum
2094 2775 2210 2806 electus

1308 2879 1365 2895 vero
1384 2870 1410 2894 in
1427 2870 1536 2895 souma!
1557 2869 1588 2893 de
1606 2869 1710 2893 Nieoln
1728 2868 1760 2892 dc
1779 2867 1858 2899 Baye,
1869 2867 1910 2892 cd.
1926 2867 2045 2895 Tuanr.
2061 2866 2081 2895 Ι,
2096 2867 2126 2891 98
2142 2874 2208 2899 sqq,

1308 2907 1355 2948 ¹.oe
1363 2913 1430 2938 oqq..
1441 2906 1558 2937 lovnqq„
1570 2904 1624 2928 ist.
1638 2904 1693 2928 rid.
1703 2903 1780 2927 etiam
1789 2902 1924 2927 nemori-1
1932 2902 1964 2927 dc
1975 2902 2079 2927 Nicola-
2086 2902 2119 2927 do
2129 2902 2208 2934 Bayc.

1308 2940 1382 3001 ¹⁶25„
1394 2941 1615 3000 libanitae-adae
1624 2973 1791 3006 capellaniae.

2104 3018 2129 3037 Μ
