2632 3464
400 436 451 461 887

400 510 662 550 supplicacionem
675 509 770 538 eciam
780 508 870 538 nacio
880 508 1036 538 concessit
1045 515 1176 548 propter
1190 508 1307 548 suppli-

400 559 534 589 cacionis
549 558 834 592 racionabilitatem,
849 563 907 587 etc.
921 563 979 587 etc.

441 609 615 638 Notandum
638 608 720 647 quod
736 608 780 636 gv·
806 606 856 636 die
873 607 989 636 mensis
1008 607 1155 636 Octobris
1179 606 1308 636 nacione

402 663 594 697 congregata
607 657 689 696 apud
709 656 852 686 Sanctum
873 655 1060 685 Maturinum
1078 656 1118 685 ad
1132 655 1309 685 deliberan-

399 707 470 736 dum
491 716 586 745 super
603 705 691 735 factis
707 705 938 740 Universitatis‚
959 705 1144 744 supplicavit
1162 705 1309 744 magister

401 755 588 785 Goeswinus
604 755 641 783 de
658 754 806 789 Arnhem,
824 764 861 783 ex
884 764 944 793 quo
959 760 1090 793 propter
1102 759 1215 782 certam
1236 763 1309 782 cau-

401 815 464 834 sam
490 814 552 833 non
578 809 680 843 potest
704 802 842 842 incipere
864 803 1020 832 ordinarie
1042 803 1146 842 legere
1169 802 1310 841 proxima

399 854 449 883 die
463 859 534 892 post
556 853 666 882 festum
685 852 783 881 sancti
806 851 962 891 Dyonisii,
978 852 1122 890 quatinus
1141 851 1167 880 si
1183 851 1310 890 incipiat

402 902 560 932 ordinarie
582 901 687 941 legere
707 901 790 930 circa
816 901 925 930 festum
949 900 1092 929 Omnium
1114 900 1307 935 Sanctorum,

399 952 483 991 quod
501 957 574 980 tunc
597 950 628 979 in
652 950 780 978 nacione
806 955 966 988 reputetur
988 959 1112 988 regens.
1131 949 1206 978 Item
1226 949 1310 988 quod

401 1000 490 1029 nacio
507 999 582 1029 velit
599 999 659 1028 sibi
675 998 796 1027 solvere
817 998 929 1033 scolas,
947 1008 1023 1037 quas
1041 998 1100 1027 sibi
1118 997 1308 1036 procurabit,

402 1049 434 1078 in
463 1059 536 1077 casu
560 1058 621 1088 quo
652 1047 803 1087 inceperit
827 1053 965 1086 tempore
992 1057 1054 1086 quo
1083 1056 1188 1086 supra.
1214 1045 1310 1085 Cujus

403 1097 666 1137 supplicacionem
685 1096 773 1125 nacio
791 1096 947 1125 concessit
964 1102 1021 1125 etc.
1041 1095 1122 1125 Sed⁴
1146 1105 1207 1124 non
1224 1095 1310 1124 ince-

398 1147 454 1186 pit,
470 1156 545 1185 ergo
558 1145 654 1174 nichil
673 1145 738 1174 suit.

439 1195 517 1225 Nota
556 1195 639 1234 quod
671 1195 720 1223 10·
752 1194 801 1223 die
833 1193 949 1223 mensis
980 1194 1124 1223 Octobris
1157 1193 1310 1222 celebrata

400 1243 648 1283 congregacione
682 1243 834 1272 facultatis
864 1243 945 1281 apud
979 1242 1124 1271 Sanctum
1155 1242 1310 1271 Julianum

400 1303 495 1332 super
526 1292 674 1321 electione
691 1292 763 1321 novi
787 1291 930 1326 rectoris,
957 1291 1144 1331 supplicavit
1163 1291 1311 1330 magister

401 1341 561 1371 Arnoldus
599 1341 724 1375 Utwiic,
759 1341 904 1380 quatinus
936 1340 962 1369 si
992 1340 1104 1379 aliquis
1135 1340 1184 1369 vel
1216 1339 1311 1378 aliqui

401 1396 618 1429 attemptarent
639 1391 739 1429 ipsum
761 1390 871 1429 quovis
889 1390 979 1418 modo
1002 1389 1164 1418 molestare
1187 1389 1310 1418 racione

406 1439 596 1479 cappellanie
613 1439 673 1468 sibi
691 1439 728 1468 ab
749 1439 958 1468 Universitate
975 1439 1095 1473 collate,
1111 1448 1170 1478 que
1187 1439 1311 1477 inquam

406 1488 574 1528 capellania
594 1489 631 1516 ad
651 1487 890 1517 Universitatem
909 1488 1034 1517 devenit
1053 1487 1177 1516 racione
1202 1486 1313 1526 injurie

408 1537 610 1567 Universitati
626 1537 707 1565 illate
721 1546 776 1575 per
791 1536 946 1565 dominum
960 1536 1104 1566 Karolum
1116 1537 1152 1565 de
1165 1536 1313 1574 Schafasy

406 1593 436 1615 et
454 1586 575 1625 aliquos
591 1586 679 1621 alios,
697 1586 780 1625 quod
796 1592 868 1614 tunc
890 1586 978 1614 nacio
997 1585 1070 1615 velit
1089 1585 1190 1624 ipsum
1203 1584 1313 1625 juvare

405 1642 435 1664 et
458 1635 517 1664 sibi
542 1635 690 1664 assistere
713 1634 812 1663 modis
839 1641 869 1663 et
891 1634 951 1663 viis
978 1634 1192 1673 possibilibus.
1217 1632 1312 1673 Cujus

408 1684 671 1724 supplicacionem
685 1683 772 1712 nacio
789 1683 944 1712 concessit
964 1683 1147 1722 simpliciter
1159 1690 1216 1712 etc.

812 1777 830 1804 1
835 1777 912 1805 404

402 1850 494 1878 Acta
536 1849 571 1877 in
613 1848 876 1888 procuratoria
919 1848 1090 1887 magistri
1133 1848 1313 1877 Johannis

728 1898 770 1926 de
812 1897 987 1926 Arnhem.

445 1978 535 2007 Facta
549 1978 793 2017 congregacione
809 1978 947 2006 nacionis
963 1978 1043 2016 apud
1057 1977 1200 2006 Sanctum
1217 1977 1314 2006 Matu—

404 2027 504 2056 rinum
521 2037 600 2056 anno
619 2027 742 2056 Domini
756 2026 919 2056 millesimo
935 2026 1058 2056 CCCC⁰
1074 2026 1157 2061 llll⁰‚
1172 2027 1221 2055 die
1232 2026 1316 2056 XXI²

404 2076 520 2105 mensis
535 2076 681 2105 Octobris
696 2086 790 2115 super
803 2076 924 2104 duobus
937 2075 1086 2104 articulis.
1106 2075 1231 2104 Primus
1251 2082 1317 2104 erat

404 2126 442 2154 ad
455 2125 630 2164 eligendum
647 2135 758 2154 novum
775 2131 1006 2163 procuratorem
1020 2124 1068 2153 vel
1083 2125 1121 2152 ad
1138 2125 1315 2153 continuan—

405 2175 476 2203 dum
491 2174 661 2213 antiquum.
677 2174 837 2202 Secundus
850 2180 914 2202 erat
926 2183 1020 2212 super
1032 2173 1316 2213 supplicacionibus

405 2230 435 2252 et
458 2222 592 2262 injuriis.
619 2223 771 2259 Quantum
797 2223 833 2251 ad
859 2222 990 2261 primum
1014 2222 1175 2251 articulum
1201 2222 1316 2252 electus

407 2272 462 2301 fuit
477 2272 508 2300 in
530 2278 763 2311 procuratorem
782 2271 929 2310 magister
945 2271 1102 2300 Johannes
1123 2272 1160 2300 de
1179 2271 1316 2300 Arnhem

407 2321 528 2349 nemine
545 2321 740 2349 reclamante.
757 2320 863 2356 Quoad
881 2321 1048 2348 secundum
1064 2320 1224 2348 articulum
1241 2330 1317 2359 sup-

408 2370 533 2408 plicavit
551 2369 695 2408 antiquus
719 2375 912 2408 procurator,
933 2368 1051 2397 scilicet
1068 2369 1215 2407 magister
1232 2369 1317 2398 Con-

409 2420 501 2447 radus
527 2419 563 2447 de
592 2418 744 2457 Eslingia,
771 2424 803 2446 ut
827 2417 992 2446 haberetur
1013 2424 1130 2456 gratus,
1148 2424 1273 2447 avoatus
1289 2424 1319 2447 et

407 2468 674 2496 recommendatus
694 2467 724 2495 in
739 2466 814 2495 actis
828 2476 884 2505 per
900 2466 1001 2505 ipsum
1014 2473 1153 2505 tempore
1169 2476 1318 2505 procura-

446 2600 468 2622 1.
501 2601 568 2622 Haec
579 2599 654 2622 verba
662 2601 753 2630 postea
769 2598 863 2622 addita
877 2602 943 2622 sunt.

440 2636 463 2658 2.
498 2636 525 2658 21
541 2635 664 2658 Octobris.

440 2672 461 2693 3.
498 2679 510 2693 «
532 2671 578 2694 Die
592 2670 717 2694 mercurii
736 2669 823 2701 prima
841 2669 939 2693 mensis
955 2669 1085 2697 Octobris,
1105 2669 1171 2693 hora
1187 2670 1253 2693 XXI·
1268 2669 1319 2694 diei

411 2714 462 2730 sec.
486 2714 591 2729 cursum
620 2707 691 2729 Rom.
714 2706 794 2734 curie,
818 2705 939 2728 dominus
963 2705 1115 2728 Bonifacius
1139 2713 1210 2736 papa
1235 2713 1319 2729 nonus

414 2749 490 2764 suum
508 2742 633 2765 claudens
650 2741 718 2764 diem
736 2744 880 2764 extremum
899 2749 910 2763 »
930 2740 1015 2772 (ΑνοΙι.
1034 2742 1088 2764 Vol.
1103 2740 1218 2771 Obligat.
1235 2745 1263 2763 n⁰
1280 2741 1318 2770 57,

411 2777 456 2807 sol.
476 2777 536 2808 74¹³).
555 2785 566 2799 «
584 2777 629 2800 Die
642 2776 754 2804 veneriS,
768 2776 832 2808 xvij·
850 2776 948 2799 mensis
965 2776 1096 2804 Octobris,
1112 2776 1178 2799 hora
1194 2775 1319 2799 vicesima

412 2812 498 2843 prima
516 2812 575 2839 diei,
594 2815 697 2836 creatus
713 2815 754 2836 est
770 2812 796 2835 in
817 2819 947 2835 summum
969 2811 1120 2843 pontificem
1137 2815 1162 2834 et
1178 2811 1204 2834 in
1221 2819 1320 2843 papam

410 2847 616 2870 revendissimus
627 2848 653 2870 in
664 2847 769 2871 Christo
780 2851 856 2878 puter
869 2850 894 2870 et
908 2847 1029 2870 dominus
1045 2847 1166 2870 dominus
1179 2847 1319 2870 Cosmatus

408 2883 449 2906 tit.
467 2883 492 2905 S.
509 2882 599 2906 Crucis
615 2883 641 2905 in
656 2883 822 2906 Jherusalem
836 2883 924 2914 presb.
939 2891 959 2906 s.
975 2882 1047 2906 Rom.
1059 2883 1121 2906 eccl.
1136 2882 1219 2912 card,
1231 2882 1319 2905 Bono-

410 2918 507 2941 niensis
520 2918 666 2949 vulgariter
677 2922 852 2950 nuncupatus,
862 2921 886 2942 et
899 2921 1006 2942 vocatus
1022 2921 1060 2941 est
1074 2918 1240 2941 Innocentius
1248 2925 1319 2949 papa

412 2954 539 2985 septimus
551 2961 556 2981 ς
572 2957 597 2977 ct
609 2954 654 2977 illa
662 2954 726 2977 hora
740 2954 808 2985 pluit
821 2954 931 2984 fortiter,
943 2961 990 2977 nec
1003 2957 1079 2977 antea
1090 2961 1138 2985 per
1150 2956 1263 2985 quatuor
1272 2961 1319 2976 nec

940 432 1164 459 AUCTARIUM
1188 432 1448 460 CHARTULARII
1468 434 1642 461 UNIVERS.
1663 435 1782 462 PARIS.

1347 953 1381 979 10

1348 1199 1381 1225 15

1349 1445 1383 1470 20

1351 1688 1384 1714 25

1351 1934 1385 1960 30

1354 2180 1387 2205 35

1355 2425 1388 2450 40

2269 437 2322 464 888

1416 510 1515 540 cionis
1544 521 1610 540 sue.
1633 510 1728 551 Cujus
1751 512 1975 552 supplicacioni
1996 513 2103 542 annuit
2123 513 2221 542 nacio.
2246 513 2322 544 Item

1417 559 1496 589 solvi
1508 559 1598 589 XIIII
1617 560 1734 590 solidos
1750 560 1781 589 in
1797 561 1880 590 vino.

1457 608 1622 639 Sciendum
1638 610 1720 649 quod
1737 610 1786 638 die
1807 610 1917 639 festivo
1932 610 2074 639 undecim
2092 610 2210 644 milium
2225 611 2324 652 virgi-

1416 667 1488 686 num
1499 657 1512 675 ²
1530 665 1682 688 venerunt
1699 669 1780 688 nova
1796 659 1834 688 ad
1849 658 2101 695 Universitatem,
2120 660 2204 699 quod
2226 660 2324 690 Boni-

1418 706 1513 736 facius
1531 717 1610 746 papa
1627 709 1784 737 Romanus
1803 707 1859 737 suit
1872 714 2012 738 mortuus
2026 708 2127 748 prima
2143 709 2192 738 die
2207 710 2324 739 mensis

1417 755 1564 785 Octobris
1576 755 1599 785 ³.
1619 756 1660 786 Et
1676 766 1770 796 super
1788 756 1846 786 hoc
1861 757 1940 786 facta
1954 757 2010 786 fuit
2027 757 2232 797 congregacio
2249 757 2324 788 Uni-

1416 804 1584 840 versitatis,
1606 811 1635 834 et
1652 805 1766 834 ibidem
1790 805 1867 835 lecta
1889 806 1944 834 suit
1962 805 2052 835 litera
2073 816 2134 846 que
2155 806 2250 836 missa
2269 807 2326 837 suit

1418 853 1600 882 cancellario
1622 853 1750 883 Francie
1761 853 1785 889 ⁴,
1806 853 1878 893 quia
1898 854 1981 884 illam
1996 855 2122 884 eandem
2148 855 2233 885 misit
2252 865 2325 885 can-

1418 901 1560 931 cellarius
1575 901 1704 932 Francie
1717 902 1919 933 Universitati
1932 909 1990 933 etc.

1458 950 1530 989 (Fal.
1563 953 1598 980 77
1614 950 1661 990 ¹²)⁵
1688 951 1780 980 Facta
1810 951 2056 992 congregacione
2080 952 2219 982 nacionis
2243 953 2324 992 apud

1419 998 1563 1028 Sanctum
1581 999 1767 1029 Maturinum
1783 1010 1863 1030 anno
1882 1001 2007 1030 Domini
2021 1001 2185 1031 millesimo
2203 1000 2327 1032 CCCC⁰

1419 1047 1503 1083 11110,
1524 1048 1693 1087 penultima
1709 1049 1758 1078 die
1776 1049 1891 1078 mensis
1913 1049 2072 1085 Octobris,
2091 1060 2186 1089 super
2203 1051 2326 1080 duobus

1418 1097 1566 1126 articulis.
1592 1097 1729 1134 Quorum
1754 1097 1872 1137 primus
1897 1098 1953 1128 fuit
1971 1100 2008 1128 ad
2027 1099 2206 1129 avisandum
2225 1099 2327 1139 aliqua

1418 1155 1476 1185 pro
1490 1145 1604 1175 unione
1618 1146 1760 1181 ecclesie,
1779 1153 1809 1176 et
1834 1147 1872 1175 ad
1888 1147 2055 1177 videndum
2072 1148 2194 1177 modum
2214 1157 2326 1187 proce-

1419 1195 1511 1223 dendi
1533 1195 1710 1224 ulteriorem
1728 1195 1759 1224 in
1777 1196 1884 1225 eodem
1901 1196 1980 1225 facto
2004 1196 2145 1226 ecclesie·
2164 1197 2325 1226 Secundus

1420 1244 1474 1273 fuit
1492 1254 1586 1283 super
1611 1244 1895 1283 supplicacionibus
1919 1250 1949 1274 et
1966 1243 2099 1285 injuriis.
2127 1245 2235 1283 Quoad
2259 1245 2327 1285 pri-

1419 1302 1499 1322 mum
1518 1293 1679 1322 articulum
1699 1293 1878 1323 conclusum
1901 1293 1972 1329 suit,
1995 1295 2080 1333 quod
2101 1295 2247 1324 conclusa
2271 1303 2327 1333 per

1420 1341 1660 1371 Universitatem
1689 1342 1720 1371 in
1747 1342 1853 1372 ultima
1880 1343 2126 1383 congregacione
2161 1344 2327 1373 demanda-

1419 1397 1527 1420 rentur
1553 1391 1743 1426 execucioni,
1773 1391 1892 1421 scilicet
1913 1392 1997 1431 quod
2018 1392 2196 1421 scriberetur
2218 1394 2328 1421 electo-

1420 1440 1502 1468 ribus
1517 1447 1545 1468 et
1558 1440 1747 1479 principibus
1763 1442 1902 1470 Almanie
1913 1439 1926 1458 θ
1946 1446 2004 1470 etc.
2029 1441 2138 1478 Quoad
2158 1442 2328 1471 secundum

1420 1489 1580 1518 articulum
1593 1489 1779 1529 supplicavit
1793 1489 1942 1529 magister
1953 1489 2109 1520 Gosvinus
2124 1491 2162 1519 de
2177 1490 2326 1525 Arnhem,

1421 1538 1504 1577 quod
1531 1548 1568 1567 ex
1592 1548 1654 1577 quo
1676 1549 1738 1567 non
1763 1538 1893 1568 habebat
1918 1538 2016 1568 adhuc
2044 1539 2144 1568 scolas
2171 1549 2230 1579 pro
2249 1539 2328 1569 inci-

1421 1587 1534 1626 piendo
1547 1586 1650 1627 legere
1663 1587 1701 1616 de
1713 1597 1812 1622 mane,
1827 1588 1910 1627 quod
1919 1588 2007 1617 nacio
2017 1588 2109 1618 vellet
2121 1589 2327 1628 supersedere

1421 1646 1583 1675 quousque
1605 1636 1732 1666 haberet
1749 1637 1862 1672 scolas,
1885 1637 1957 1676 quia
1971 1647 2033 1666 non
2052 1637 2146 1667 vellet
2167 1637 2327 1667 nacionem

1421 1685 1637 1724 dampnificare
1660 1685 1692 1714 in
1715 1685 1872 1715 locacione
1898 1686 2062 1722 scolarum,
2089 1696 2218 1726 sperans
2244 1686 2330 1726 quod

1423 1734 1523 1763 statim
1546 1734 1647 1774 alique
1670 1734 1754 1764 scole
1777 1735 1927 1764 deberent
1949 1745 2068 1764 vacare.
2093 1735 2252 1765 Concessa
2274 1734 2330 1765 fuit

1423 1783 1624 1822 suppHcacio,
1644 1784 1809 1813 dummodo
1827 1794 1889 1813 non
1912 1783 1953 1813 sit
1974 1790 2081 1813 contra
2107 1790 2252 1814 statutum
2272 1794 2329 1813 na-

1422 1842 1532 1861 cioms.

1463 1881 1554 1910 Facta
1572 1881 1816 1920 congregacione
1832 1881 1972 1911 nacionis
1986 1888 2059 1921 aput
2073 1881 2215 1911 Sanctum
2232 1881 2329 1911 Matu-

1423 1929 1523 1958 rinum
1549 1939 1643 1969 super
1664 1929 1764 1959 tribus
1795 1930 1944 1960 articulis.
1977 1930 2114 1968 Quorum
2133 1931 2253 1970 primus
2275 1930 2331 1960 fuit

1423 1979 1460 2007 ad
1478 1978 1661 2008 audiendum
1675 1985 1850 2018 computum
1868 1979 1986 2019 antiqui
2003 1980 2187 2019 receptoris.
2211 1979 2330 2009 Secun-

1424 2029 1481 2057 dus
1498 2027 1553 2056 suit
1567 2028 1605 2056 ad
1619 2027 1786 2057 videndum
1799 2028 1826 2058 si
1841 2028 1972 2058 debebat
1984 2029 2079 2058 missa
2093 2028 2232 2058 nacionis
2247 2027 2331 2058 cele-

1424 2076 1507 2106 brari
1533 2086 1591 2116 pro
1618 2077 1771 2106 defunctis
1798 2083 1829 2106 et
1858 2087 1919 2116 quo
1944 2084 2094 2117 tempore.
2121 2077 2252 2107 Tercius
2275 2076 2332 2106 suit

1425 2136 1520 2165 super
1537 2125 1822 2165 supplicacionibus
1847 2132 1877 2155 et
1905 2125 2037 2165 injuriis.
2067 2126 2175 2163 Quoad
2197 2126 2331 2165 primum

1424 2175 1565 2214 placebat
1579 2175 1699 2204 nacioni
1715 2174 1822 2204 audire
1833 2181 2008 2214 compotum
2025 2175 2143 2214 antiqui
2159 2174 2332 2214 receptoris

1425 2230 1483 2253 etc.
1507 2223 1614 2260 Quoad
1637 2225 1805 2253 secundum
1829 2224 1990 2253 articulum
2016 2224 2174 2263 provisum
2200 2229 2266 2253 erat
2292 2223 2330 2253 de

1425 2279 1563 2312 tempore
1589 2272 1672 2302 illius
1696 2273 1791 2302 misse
1814 2273 2054 2308 celebracionis,
2076 2272 2196 2302 scilicet
2210 2278 2331 2311 tempus

1426 2328 1605 2351 consuetum
1631 2327 1704 2361 post
1735 2327 1872 2351 sanctum
1901 2321 2055 2351 Andream
2084 2328 2142 2351 etc.
2169 2321 2278 2359 Quoad
2291 2320 2332 2350 3¹¹¹

1426 2370 1520 2400 nichil
1536 2377 1593 2400 etc.

1467 2419 1557 2448 Facta
1573 2419 1819 2459 congregacione
1835 2419 1974 2448 nacionis
1988 2425 2061 2458 aput
2076 2418 2220 2448 Sanctum
2235 2418 2332 2448 Matu-

1426 2468 1525 2497 rinum
1540 2478 1620 2497 anno
1632 2468 1756 2498 Domini
1772 2474 1804 2497 ut
1817 2477 1922 2507 supra,
1933 2467 2001 2497 XV⁸
2010 2468 2060 2497 die
2075 2467 2190 2496 mensis
2202 2467 2332 2497 Novem-

1426 2605 1487 2633 post
1499 2610 1546 2632 per
1562 2609 1642 2624 unum
1660 2609 1776 2624 mensem
1790 2609 1905 2632 unquam
1919 2601 1987 2632 pluit
2003 2608 2015 2624 2)
2030 2599 2057 2632 (l.
2075 2600 2118 2632 ιη).
2135 2601 2278 2624 Coronatus
2294 2602 2332 2624 est

1428 2638 1470 2660 112
1485 2636 1633 2660 Novembris
1648 2636 1702 2668 (fol.
1716 2637 1763 2667 75).

1458 2673 1481 2696 lo.
1516 2672 1631 2696 Arnaldo
1643 2672 1674 2695 de
1688 2672 1790 2695 Corbie.

1459 2709 1481 2731 5.
1515 2710 1544 2731 ln
1558 2708 1674 2739 margine
1682 2707 1807 2739 superiori
1816 2715 1821 2731 :
1831 2707 1894 2731 Acta
1902 2706 1928 2730 in
1936 2706 2120 2738 procuratoria
2127 2714 2196 2738 mag.
2203 2706 2218 2730 J
2221 2705 2332 2730 ohannis

1428 2743 1459 2767 de
1472 2744 1595 2767 Arnhem.

1458 2780 1481 2803 6,
1517 2779 1634 2802 Nondum
1652 2778 1766 2802 Parisios
1778 2778 1880 2801 nuntius
1899 2778 1966 2801 venit
1981 2777 2110 2801 electionis
2122 2777 2264 2801 Innocentii
2281 2778 2332 2801 1111.

1431 2815 1585 2838 Unioersitas
1596 2814 1678 2837 Paria.
1694 2813 1719 2837 in
1735 2813 1870 2837 desideriis
1885 2813 1975 2837 habuit
1984 2831 1990 2842 ,
2011 2816 2038 2837 ιιι
2058 2813 2205 2837 cardinales
2225 2812 2335 2837 Romani

1428 2850 1574 2873 electionem
1588 2850 1729 2881 differrent,
1742 2851 1766 2872 et
1775 2849 1812 2872 ad
1822 2849 1868 2872 Ιιοι·
1881 2848 2044 2872 obtinendum
2057 2849 2094 2872 ad
2103 2849 2222 2872 electoreo
2232 2850 2256 2872 et
2265 2848 2335 2880 prin-

1428 2885 1495 2917 cipes
1507 2885 1675 2908 Alamanniae
1688 2884 1804 2916 aliosque
1812 2884 1942 2916 principes
1954 2884 2114 2908 obedientiae
2130 2885 2260 2908 Romanae
2273 2892 2334 2907 tuas

1428 2921 1549 2953 epistolae
1565 2921 1670 2944 diremit.
1690 2922 1744 2944 Una
1761 2919 1865 2944 illarum
1881 2922 1965 2944 emetat
1980 2920 2006 2944 in
2022 2919 2099 2944 Arch.
2120 2921 2233 2944 Univere.
2249 2919 2333 2944 Pario.

1428 2957 1495 2981 thee.
1510 2957 1529 2986 1,
1541 2958 1570 2980 Α.
1583 2957 1605 2980 1.
1618 2957 1635 2980 f.
1650 2956 1805 2988 (Jounnmn,
1819 2960 1846 2979 n·
1857 2955 1922 2988 969).
