2632 3464
410 443 461 468 679
963 438 1185 464 AUCTARIUM
1208 437 1466 463 CHARTULARII
1487 438 1659 466 UNIVERS.
1682 439 1799 466 PARIS.
2285 444 2340 470 680

408 519 546 554 factas,et
553 523 778 556 consequenter
785 516 869 555 loqui
877 526 942 544 cum
951 515 1098 554 magistro
1107 515 1245 544 Gerardo
1253 524 1320 553 pre-

408 568 490 596 dicto
507 573 536 596 et
548 566 654 595 audire
671 566 771 604 ipsum
787 575 881 604 super
898 565 1035 603 predicta
1050 564 1175 592 materia
1191 570 1220 592 et
1240 573 1320 592 com-

409 623 493 656 puto.
509 622 538 644 et
555 616 623 654 ipso
642 615 745 644 audito
759 615 874 643 referre
887 614 917 642 in
933 614 1060 642 nacione
1077 619 1206 642 mentem
1223 623 1317 641 suam.

408 665 447 694 Et
468 671 539 694 tunc
564 664 651 693 nacio
676 663 820 692 ordinare
841 669 950 702 posset
972 662 1046 701 quid
1070 662 1200 691 ulterius
1224 671 1319 700 agen-

407 715 489 743 dum.

448 764 554 800 Quoad
572 763 629 791 2Ιυιι
644 762 804 791 articulum
820 761 941 790 auditus
957 761 1012 789 suit
1023 766 1185 799 computus
1201 759 1317 788 domini

408 811 592 851 recepturis,
615 811 666 850 qui
686 811 741 839 fuit
763 810 883 838 nacioni
904 810 1031 848 placens
1051 815 1080 837 et
1102 810 1180 837 bene
1197 815 1314 848 gratus.

410 861 447 890 Et
460 861 572 890 mansit
588 867 718 899 protunc
727 859 847 888 nacioni
859 858 1014 897 obligatus
1026 858 1057 886 in
1070 857 1172 886 XXIII
1189 857 1315 892 francis,

408 911 468 939 1111
490 910 598 938 solidis
617 915 646 937 et
661 908 700 937 VI
719 908 871 942 denariis;
891 908 943 936 sed
961 907 1005 935 illi
1024 907 1041 935 4
1058 906 1150 935 solidi
1170 916 1229 935 una
1248 917 1316 935 cum

407 959 469 988 illis
489 959 528 988 Vl
550 958 686 987 denariis
711 968 747 986 ex
765 966 918 985 consensu
938 956 1071 995 plurium
1098 955 1316 995 magistrorum

406 1009 437 1037 in
457 1014 599 1046 computo
621 1006 814 1045 presencium
832 1006 953 1034 suerunt
970 1004 1132 1044 perpotati.

447 1057 548 1096 Super
572 1057 603 1085 3⁰
625 1055 738 1094 placuit
759 1054 880 1083 nacioni
904 1055 1000 1083 forma
1025 1054 1108 1082 illius
1133 1053 1259 1088 minute,
1286 1060 1316 1083 et

407 1107 488 1145 quod
512 1106 742 1144 ingrossaretur
765 1111 793 1133 et
816 1110 1043 1142 consequenter
1066 1103 1266 1142 sigillaretur‚
1286 1109 1316 1132 et

406 1161 589 1194 caperentur
605 1165 621 1182 a
636 1154 776 1193 predicto
793 1153 941 1192 episcopo
957 1152 1098 1191 pecunie.

446 1204 546 1242 Super
564 1204 594 1231 4⁰
606 1202 756 1241 magistri,
773 1212 851 1241 quos
868 1201 969 1240 tetigit
983 1201 1056 1230 illud
1070 1207 1228 1240 punctum,
1243 1211 1315 1240 sup-

406 1253 557 1292 plicarunt
581 1251 702 1280 nacioni
731 1261 787 1290 pro
812 1251 964 1279 dilacione
990 1250 1112 1279 illorum
1140 1251 1314 1279 francorum

406 1312 502 1340 usque
524 1302 559 1330 ad
582 1302 690 1330 festum
705 1300 855 1329 Johannis
873 1299 921 1328 vel
940 1300 1027 1334 citra,
1046 1306 1076 1328 et
1094 1306 1167 1328 tunc
1183 1300 1315 1328 libenter

405 1351 571 1385 solverent,
589 1350 641 1379 ubi
660 1349 780 1378 nacioni
802 1349 946 1388 placeret.
972 1349 1011 1377 Et
1033 1358 1181 1377 concessa
1197 1349 1252 1378 fuit
1268 1348 1314 1377 eis

404 1410 508 1428 eorum
525 1399 724 1438 supplicacio.

444 1449 535 1478 Facta
556 1448 802 1488 congregacione
821 1447 1041 1476 Universitatis
1065 1448 1145 1486 apud
1169 1447 1313 1476 Sanctum

404 1498 588 1527 Maturinum
601 1497 718 1526 decima
729 1503 837 1536 quarta
849 1496 898 1525 die
915 1496 1030 1525 mensis
1048 1496 1133 1531 Maii,
1149 1496 1243 1525 eciam
1255 1506 1313 1535 pro

403 1547 455 1575 illa
468 1554 538 1576 tunc
555 1547 630 1575 sacta
646 1546 701 1575 suit
714 1545 919 1585 congregacio
933 1545 1073 1574 nacionis
1087 1546 1123 1574 ad
1138 1545 1312 1584 supplican-

403 1597 485 1625 dum.
500 1596 539 1624 Et
555 1595 742 1634 supplicavit
758 1594 902 1633 superior
918 1594 1069 1629 hedenus,
1085 1594 1205 1623 scilicet
1217 1595 1312 1623 domi-

403 1655 460 1674 nus
479 1645 669 1678 Bomondus,
685 1643 828 1683 quatinus
846 1643 933 1672 nacio
952 1653 1055 1672 secum
1076 1643 1166 1672 vellet
1183 1643 1313 1682 dispen-

403 1704 482 1728 sare,
498 1694 556 1722 sibi
571 1693 707 1732 spacium
722 1692 812 1721 unius
826 1692 941 1721 mensis
956 1703 988 1721 se
1004 1692 1184 1721 absentandi
1200 1693 1238 1721 ab
1254 1693 1312 1721 ista

401 1743 474 1771 villa
501 1743 710 1776 concedendo,
743 1742 814 1780 quia
845 1748 878 1770 ut
903 1742 1024 1770 dicebat
1057 1741 1125 1780 ipse
1159 1751 1196 1770 ex
1225 1748 1311 1780 parte

402 1792 541 1831 magistri
553 1792 611 1825 sui,
622 1791 740 1820 scilicet
752 1790 892 1830 magistri
902 1790 1051 1820 Johannis
1060 1791 1098 1819 de
1114 1790 1273 1820 Camineto
1288 1790 1308 1826 ¹,

402 1841 527 1869 haberet
542 1841 586 1869 ire
605 1841 641 1868 ad
659 1846 762 1879 partes
780 1850 863 1874 suas,
884 1839 1003 1868 scilicet
1021 1839 1265 1879 Lothoringiam,
1281 1846 1311 1869 et

401 1890 525 1918 brevius
545 1900 606 1928 quo
623 1895 730 1928 posset
744 1889 871 1917 rediret.
891 1889 992 1928 Super
1009 1899 1070 1928 quo
1086 1889 1174 1917 nacio
1190 1888 1310 1918 delibe-

400 1939 479 1968 ravit
502 1939 700 1967 concedendo
724 1937 985 1977 supplicacionem
1006 1937 1122 1966 domini
1144 1937 1306 1967 Bomondi.

441 1987 515 2015 Item
541 1987 656 2025 incepit
680 1986 823 2015 dominus
848 1986 1000 2014 Martinus
1028 1986 1065 2014 de
1094 1985 1227 2014 Saxonia
1252 1986 1308 2015 sub

401 2036 549 2075 magistro
566 2036 679 2075 Egidio
698 2036 735 2064 de
749 2035 877 2069 Jutsaes,
895 2034 981 2073 cujus
995 2035 1089 2064 bursa
1103 2035 1146 2063 Ill
1165 2034 1267 2064 solidi.

441 2085 515 2113 Item
534 2085 650 2124 incepit
670 2085 814 2113 dominus
836 2084 1031 2112 Hermannus
1051 2084 1088 2112 de
1110 2084 1230 2113 Braclis
1250 2085 1308 2113 sub

400 2135 506 2162 eodem
525 2134 684 2173 magistro,
702 2132 788 2172 cujus
805 2134 899 2162 bursa
914 2133 1018 2162 nichil.

807 2226 903 2256 1393

461 2298 534 2338 (Fol.
553 2301 569 2328 9
585 2298 609 2337 b)
627 2298 717 2327 Acta
737 2298 770 2326 in
793 2298 1056 2337 procuratoria
1076 2298 1246 2338 magistri

580 2348 738 2376 Gerardi
760 2348 802 2376 de
823 2347 948 2376 Hoene
969 2348 1012 2376 de
1032 2347 1125 2376 Dels.

440 2428 600 2457 Celebrata
616 2428 864 2467 congregacione
882 2428 1021 2457 nacionis
1039 2427 1209 2467 Anglicane
1228 2430 1307 2467 apud

400 2477 543 2506 Sanctum
569 2477 755 2506 Maturinum
782 2487 861 2505 anno
885 2477 1009 2505 Domini
1031 2476 1076 2504 M⁰
1099 2476 1192 2506 CCC⁰
1210 2488 1308 2506 nona-

399 2526 517 2565 gesimo
536 2527 577 2560 3⁰,
597 2526 763 2565 penultima
784 2526 832 2554 die
853 2526 968 2554 mensis
986 2526 1069 2554 Junii
1092 2536 1187 2565 super
1208 2527 1308 2556 tribus

400 2575 548 2603 articulis.
562 2575 685 2604 Primus
699 2576 735 2603 ad
750 2575 924 2614 eligendum
934 2585 1046 2603 novum
1060 2582 1305 2613 procuratorem3

399 2624 443 2651 2¹¹⁸
470 2625 507 2652 ad
532 2624 715 2652 audiendum
745 2629 919 2663 computum
945 2623 1132 2662 1·eceptoris;
1155 2625 1200 2653 3¹¹⁸
1214 2634 1308 2663 super

400 2672 682 2711 supplicacionibus
700 2679 729 2701 et
749 2671 880 2711 injuriis.
904 2672 1005 2711 Super
1024 2672 1124 2711 primo
1143 2674 1307 2702 concordi-

400 2727 445 2748 ter
468 2721 560 2760 elegit
586 2722 673 2750 nacio
694 2721 874 2761 magistrum
894 2721 1065 2750 Gerardum
1084 2722 1121 2750 de
1140 2722 1247 2750 Hoene
1269 2723 1306 2750 de

430 2827 452 2849 1.
487 2827 543 2850 Fuit
554 2830 607 2850 nat.
621 2827 721 2857 Gallie„
735 2827 773 2851 lic.
789 2827 814 2850 in
827 2827 893 2850 decr.
909 2828 936 2850 V.
946 2827 1075 2855 Chartu1.,
1088 2827 1133 2854 Ill,
1145 2835 1170 2858 p.
1183 2828 1238 2855 452,
1250 2827 1304 2851 512.

430 2863 451 2884 2.
485 2864 534 2885 An.
548 2863 616 2889 1404,
630 2863 699 2886 Febr.
715 2865 738 2892 5,
752 2865 850 2885 tantum
865 2862 932 2885 vicus
945 2862 1047 2885 clausus
1061 2865 1105 2886 est.
1126 2862 1179 2886 Vid.
1194 2862 1272 2894 infra.

430 2899 451 2919 3.
486 2898 613 2920 Johannis
625 2899 655 2921 de
668 2899 811 2926 Folleville,
823 2898 856 2921 ab
869 2906 912 2922 an.
928 2899 996 2926 1389,
1006 2898 1128 2921 Ianuarii
1142 2898 1179 2921 25.

434 2941 443 2954 st

431 2970 439 2980 Ρ

429 2934 436 2949 κ

448 2951 452 2955 .
487 2935 505 2956 Ι.
516 2942 535 2956 r.
549 2934 657 2963 collegii
670 2934 830 2957 Baiocensis.

429 2978 450 2991 υ.
487 2969 546 2991 Scit.
565 2969 724 2992 cardinalem
737 2970 841 2992 Petrum
854 2969 886 2992 de
904 2969 984 2997 Luna,
999 2968 1069 2992 card.
1082 2968 1148 2992 diac.
1165 2970 1190 2992 S.
1204 2968 1304 2992 Mariae

1374 714 1390 740 5

1357 960 1387 986 10

1353 1205 1386 1231 15

1352 1451 1385 1477 20

1350 1696 1383 1722 25

1346 1942 1381 1968 30

1346 2187 1379 2212 35

1346 2431 1379 2457 40

1345 2675 1378 2701 45

1430 514 1510 543 Delf.
1535 515 1636 554 Super
1654 516 1685 544 20
1704 515 1792 545 nacio
1812 516 1932 546 distulit
1953 524 2128 557 computum
2151 520 2336 559 receptoris.

1430 563 1532 603 Super
1548 565 1579 594 3⁰
1596 564 1699 594 nullus
1719 565 1914 605 supplicavit.

1470 612 1544 642 Item
1558 613 1634 643 sacta
1649 614 1895 654 congregacione
1910 615 2061 646 facultatis
2074 616 2180 645 ultima
2192 617 2242 646 die
2255 627 2338 647 men-

1429 661 1473 691 sis
1492 661 1576 691 Junii
1598 672 1693 702 super
1714 662 1814 692 tribus
1837 663 1984 693 articulis.
2007 664 2131 694 Primus
2157 666 2195 694 ad
2218 666 2338 706 eligen-

1428 711 1499 739 dum
1514 711 1675 747 intrantes,
1690 712 1743 751 qui
1754 722 1866 742 novum
1881 713 2030 743 haberent
2040 713 2157 754 eligere
2168 721 2336 752 rectorem;

1426 760 1473 788 2¹¹⁸
1486 770 1580 799 super
1593 760 1734 790 clausura
1746 762 1807 791 vici
1821 761 1985 791 Straminis
1996 761 2009 780 ²
2017 774 2024 798 ;
2042 763 2089 792 3¹¹-
2101 773 2196 802 super
2216 764 2338 804 suppli-

1427 809 1604 839 cacionibus
1620 816 1650 839 et
1666 809 1800 849 injuriis.
1820 810 1921 850 Super
1935 811 2036 850 primo
2054 822 2110 851 pro
2124 812 2256 842 intrante
2273 813 2337 843 ele-

1426 858 1472 897 git
1488 859 1577 888 nacio
1596 859 1769 898 predictum
1787 866 2031 899 procuratorem.
2054 861 2156 900 Super
2175 862 2206 891 2⁰
2223 862 2337 892 remis-

1426 918 1493 936 sum
1512 908 1566 937 suit
1585 908 1622 937 ad
1642 909 1816 947 deputatos.
1840 909 1942 949 Super
1958 910 1990 938 3⁰
2011 910 2114 939 nullus
2138 911 2333 951 supplicavit.

1466 957 1540 986 Item
1556 957 1634 986 sacta
1646 958 1891 997 congregacione
1911 958 2128 988 Universitatis
2144 961 2225 999 apud
2243 959 2336 990 Sanc—

1424 1011 1487 1034 tum
1503 1006 1688 1035 Maturinum
1703 1006 1808 1045 quinta
1821 1006 1871 1036 die
1882 1007 1954 1036 Julii
1966 1017 2060 1047 super
2073 1008 2172 1038 tribus
2183 1009 2333 1039 articulis.

1425 1054 1548 1084 Primus
1566 1065 1661 1094 super
1676 1055 1879 1084 renovacione
1892 1055 2058 1095 juramenti
2077 1058 2229 1097 prepositi
2246 1058 2335 1088 Pari-

1425 1103 1538 1133 siensis
1549 1103 1574 1139 ³,
1595 1105 1678 1143 quod
1706 1104 1793 1133 matri
1818 1111 1924 1134 nostre
1944 1105 2147 1135 Universitati
2164 1107 2335 1137 parisiensi

1424 1153 1462 1181 de
1484 1153 1609 1182 biennio
1630 1153 1662 1181 in
1682 1153 1839 1182 biennium
1859 1159 1982 1183 tenetur
1998 1164 2157 1184 renovare.
2176 1156 2222 1184 2⁰⁸
2240 1165 2335 1196 super

1423 1202 1646 1231 reformacione
1664 1202 1786 1241 collegii
1804 1203 1842 1231 de
1859 1202 1973 1232 Baioco
1985 1202 2008 1232 ⁴.
2036 1204 2082 1232 3¹¹⁸
2097 1214 2191 1243 super
2212 1205 2334 1245 suppli-

1424 1251 1613 1280 cacionibus.
1633 1251 1734 1290 Super
1750 1252 1850 1290 primo
1865 1252 1995 1281 articulo
2015 1252 2077 1281 dati
2098 1253 2220 1282 fuerunt
2235 1255 2334 1293 depu-

1424 1300 1488 1335 tati,
1504 1300 1555 1339 qui
1569 1300 1717 1328 haberent
1725 1301 1832 1329 audire
1843 1301 2078 1330 renovacionem
2088 1300 2254 1340 juramenti
2266 1313 2334 1342 pre-

1423 1349 1517 1389 positi
1534 1349 1735 1382 Parisiensis,
1751 1355 1808 1378 etc.
1823 1350 1925 1389 Super
1935 1351 1966 1378 2⁰
1983 1349 2126 1379 similiter
2140 1352 2334 1382 sueruntdati

1423 1398 1571 1437 deputati.
1591 1398 1692 1437 Super
1712 1399 1744 1427 30
1761 1398 2010 1438 supplicaciones
2030 1400 2151 1429 suerunt
2171 1410 2330 1431 concesse.

1464 1448 1536 1477 Item
1552 1448 1628 1476 sacta
1643 1448 1891 1487 congregacione
1907 1447 2125 1478 Universitatis
2139 1450 2220 1488 apud
2235 1449 2332 1480 Sanc-

1423 1503 1484 1526 tum
1499 1497 1685 1526 Maturinum
1699 1507 1794 1535 super
1810 1497 1910 1526 tribus
1927 1497 2076 1526 articulis.
2097 1498 2221 1527 Primus
2237 1509 2333 1538 super

1422 1546 1574 1575 audiendo
1600 1545 1785 1575 relacionem
1811 1546 2025 1584 deputatorum
2056 1547 2094 1575 de
2127 1547 2332 1577 renovacione

1417 1594 1583 1635 juramenti
1599 1594 1751 1634 prepositi
1770 1594 1969 1624 Parisiensis.
1985 1596 2031 1623 2¹¹⁸
2044 1605 2139 1634 super
2153 1597 2331 1625 dictionario

1421 1644 1527 1673 matris
1543 1650 1660 1679 nostre,
1678 1650 1749 1678 etc.,
1762 1644 1814 1683 qui
1825 1654 1883 1683 per
1898 1644 2014 1673 obitum
2030 1644 2122 1674 unius
2137 1645 2278 1685 magistri
2292 1647 2331 1675 ad

1421 1703 1528 1722 manus
1543 1693 1762 1722 Universitatis
1778 1693 1911 1727 devenit,
1930 1693 2074 1732 quoniam
2088 1694 2174 1723 multi
2190 1695 2330 1733 magistri

1421 1742 1675 1781 supplicaverunt
1712 1742 1856 1781 quatinus
1898 1742 2072 1782 predictum
2114 1743 2329 1773 dictionarium

1420 1798 1509 1830 pacto
1530 1791 1683 1820 consimili
1702 1791 1762 1820 sibi
1784 1791 1898 1820 habere
1920 1798 2061 1831 possent.
2081 1793 2127 1821 30·
2145 1802 2239 1831 super
2258 1802 2329 1832 sup-

1420 1840 1643 1879 plicacionibus
1659 1846 1689 1868 et
1703 1838 1836 1879 injuriis.

1460 1889 1560 1929 Super
1574 1889 1675 1928 primo
1691 1888 1850 1928 predictus
1863 1889 2043 1928 prepositus
2058 1890 2230 1929 respondit,
2246 1891 2329 1930 quod

1418 1939 1550 1968 libenter
1561 1937 1680 1978 juraret
1702 1938 1870 1967 secundum
1894 1939 1976 1977 quod
1992 1937 2104 1978 juravit
2123 1939 2154 1967 in
2174 1939 2222 1968 sui
2241 1949 2329 1969 crea-

1418 1988 1506 2017 cione
1526 1994 1556 2016 et
1578 1988 1745 2016 secundum
1766 1987 1849 2026 quod
1877 1987 1925 2016 sui
1944 1988 2187 2026 predecessores
2205 1987 2327 2027 jurave-

1417 2043 1506 2072 runt;
1527 2037 1581 2065 sed
1598 2037 1724 2065 formam
1735 2035 1902 2075 juramenti
1918 2036 1949 2065 in
1965 2037 2131 2076 privilegio
2149 2037 2240 2066 nobis
2257 2047 2327 2067 con—

1418 2096 1506 2115 cesso
1522 2091 1694 2114 contentam
1711 2084 1796 2114 nullo
1807 2085 1898 2114 modo
1913 2085 1972 2114 sibi
1983 2084 2089 2124 jurare
2102 2085 2209 2121 voluit,
2224 2096 2326 2125 ymmo

1416 2134 1505 2173 prius
1520 2133 1619 2163 officio
1635 2133 1666 2162 in
1683 2133 1824 2162 manibus
1837 2134 1922 2174 regis
1938 2134 2144 2163 renunciaret.

1458 2183 1558 2221 Super
1569 2184 1599 2211 2⁰
1610 2183 1698 2212 datus
1713 2182 1768 2211 suit
1778 2182 1980 2212 dictionarius
1996 2183 2027 2212 in
2043 2183 2183 2212 manibus
2194 2183 2326 2213 rectoris

1417 2233 1515 2261 donec
1538 2232 1574 2260 de
1593 2231 1734 2270 predicto
1758 2231 1941 2260 dictionario
1963 2242 2021 2271 per
2040 2238 2166 2261 matrem
2188 2239 2324 2262 nostram

1418 2281 1657 2310 Universitatem
1674 2280 1881 2309 Parisiensem
1898 2281 1972 2319 quid
1988 2281 2120 2310 fiendum
2136 2287 2220 2310 esset
2237 2281 2324 2310 ordi-

1417 2336 1552 2359 naretur.
1574 2329 1674 2368 Super
1693 2330 1724 2358 3⁰
1746 2328 1995 2368 supplicaciones
2019 2330 2141 2359 fuerunt
2162 2340 2322 2359 concesse.

1458 2379 1529 2418 (Fol.
1558 2378 1604 2418 10)
1632 2379 1706 2407 Item
1733 2379 1811 2407 facta
1836 2378 2081 2418 congregacione
2105 2378 2324 2409 Universitatis

1417 2428 1448 2457 in
1470 2428 1582 2457 Sancto
1604 2427 1770 2462 Maturino‚
1793 2427 1910 2456 decima
1927 2434 2034 2457 octava
2055 2427 2104 2456 die
2123 2427 2207 2462 Julii,
2230 2438 2325 2468 super

1416 2477 1516 2506 tribus
1534 2476 1683 2506 articulis.
1707 2476 1830 2505 Primus
1848 2476 1885 2504 de
1903 2477 1994 2505 modo
2009 2477 2198 2515 procedendi
2218 2484 2324 2507 contra

1416 2525 1608 2564 prepositum
1621 2525 1841 2559 parisiensem,
1852 2524 1904 2563 qui
1916 2524 2149 2554 renovacionem
2157 2524 2323 2564 juramenti

1417 2574 1505 2603 matri
1532 2580 1637 2603 nostre
1660 2573 1861 2603 Universitati
1886 2573 2058 2602 Parisiensi
2081 2574 2179 2602 faeere
2200 2574 2324 2604 nolebat

1417 2623 1584 2652 secundum
1596 2629 1732 2651 tenorem
1748 2621 1904 2661 privilegii
1920 2621 1978 2650 sibi
1990 2622 2142 2650 concessi.
2162 2622 2322 2652 Secundus

1417 2682 1512 2711 super
1526 2672 1666 2700 adeundo
1682 2670 1866 2700 cardinalem
1878 2669 1902 2705 ³,
1919 2670 1991 2709 quia
2012 2677 2043 2699 ut
2061 2670 2164 2710 tetigit
2180 2672 2322 2701 dominus

1416 2727 1529 2755 rector,
1545 2720 1671 2749 multum
1687 2719 1857 2759 expediret,
1882 2729 1949 2748 cum
1965 2719 2088 2748 diversa
2103 2720 2233 2759 collegia
2250 2730 2322 2760 pro-

1415 2827 1441 2850 in
1456 2826 1589 2850 Cosmedin
1607 2826 1639 2849 ab
1658 2834 1700 2849 an.
1715 2826 1784 2853 1375,
1797 2824 1912 2848 Decemb.
1926 2825 1964 2847 20.
1982 2826 2030 2848 An.
2049 2825 2119 2854 1393,
2132 2826 2204 2849 Febr.
2223 2828 2245 2854 1,
2262 2826 2321 2850 cte-

1414 2870 1483 2885 mens
1496 2862 1541 2885 Vll
1554 2864 1626 2885 Petro
1638 2862 1670 2884 de
1683 2863 1754 2884 Luna
1768 2859 1903 2893 legationis
1915 2860 2030 2890 officium
2041 2860 2066 2884 in
2078 2861 2188 2884 Francia
2201 2861 2234 2893 (et
2243 2861 2321 2885 etium

1415 2897 1440 2920 in
1458 2897 1562 2928 Anglia,
1580 2897 1710 2926 Hibernia,
1730 2896 1826 2924 Scotia,
1840 2894 1939 2927 Belgio)
1963 2895 2075 2927 injunxit
2095 2896 2167 2928 (Reg.
2183 2897 2240 2920 vat.
2260 2897 2320 2920 Cle-

1415 2936 1494 2956 ment.
1510 2933 1563 2960 VII,
1578 2937 1605 2955 n⁴·
1622 2934 1675 2960 305,
1688 2932 1734 2963 (ol.
1751 2932 1784 2963 9),
1798 2931 1844 2963 qui
1859 2931 1889 2954 26
1905 2931 2041 2955 Februarii
2051 2931 2204 2955 Avenionem
2217 2931 2321 2963 reliquit

1415 2968 1503 2999 (Arch.
1518 2969 1575 2991 Vnt.
1592 2968 1690 2999 Oblig.,
1706 2972 1733 2990 n⁰
1746 2968 1785 2996 49,
1803 2966 1848 2996 sol.
1863 2966 1893 2990 63
1908 2966 1931 2998 b)
1943 2969 1967 2990 et
1978 2967 2091 2991 Parisios
2099 2967 2230 2999 prosectu-5
2242 2970 2287 2991 est.

2624 1719 2632 1736 ’.·.
2626 1685 2632 1711 -ι
2621 1560 2632 1665 ...Δῆα-
2620 1330 2632 1553 ,Δμ--εὑ-α-ιριιιμ
2627 1308 2632 1322 „2
2630 1297 2632 1302 .

2619 2506 2632 2571 nh-
2624 2450 2632 2493 »9.
2624 2418 2632 2440 -ω-
2624 2302 2632 2404 ,ἳιηψμψ
2628 2278 2632 2284 ,
