2632 3464
433 445 485 470 379

433 528 489 555 ter,
515 519 722 548 tantummodo
744 518 880 558 quinque
906 515 1063 556 magistris
1084 515 1336 550 reclamantibus,

432 570 515 608 quod
543 569 689 608 magister
715 567 903 597 Wilhelmus
935 565 1035 594 Buser
1064 565 1191 593 deberet
1214 573 1337 592 manere

432 618 573 652 nuncius,
593 627 654 646 non
674 617 814 645 obstante
834 616 916 654 quod
937 625 954 643 a
974 613 1081 653 majori
1098 619 1185 652 parte
1198 612 1337 641 nacionis

431 667 462 695 in
474 666 613 695 facultate
629 671 694 694 erat
705 666 885 704 aprobatum
899 663 1112 692 deliberatum.
1130 661 1231 701 Super
1246 671 1336 700 quam

431 715 682 744 deliberationem
696 713 855 753 predictus
873 712 1020 751 magister
1034 710 1221 741 Wilhelmus
1237 710 1338 739 Buser

432 764 554 803 petebat
570 764 805 792 instrumentum
825 772 842 790 a
857 761 1006 800 magistro
1025 760 1164 789 Johanne
1181 759 1336 794 Ammers,

432 813 563 848 notario,
583 819 613 841 et
634 811 818 851 supplicavit
837 810 928 839 michi
949 809 1142 848 procuratori
1163 814 1196 837 ut
1214 808 1338 837 nomina

433 861 554 890 illorum
575 861 791 900 magistrorum
816 859 929 888 ibidem
949 857 1151 887 existencium
1168 857 1335 897 signarem,

433 921 563 950 quorum
579 909 701 938 nomina
720 919 780 937 non
796 909 954 937 recordor.

473 959 535 988 Et·
528 970 558 987 111
570 969 594 988 e·
595 960 673 987 idern
685 958 733 986 die
745 963 810 986 erat
820 956 1025 996 congregacio
1036 956 1074 985 ad
1087 927 1335 994 supplicandum,

432 1018 491 1047 que
509 1007 755 1047 supplicaciones
772 1012 859 1035 erant
874 1015 1026 1044 suspense
1045 1015 1143 1044 usque
1156 1005 1194 1033 ad
1208 1013 1336 1043 congre-

431 1057 590 1096 gacionem
606 1062 795 1095 sequentem,
812 1055 883 1094 quia
898 1061 963 1083 erat
978 1054 1069 1082 nimis
1082 1054 1179 1088 tarde,
1198 1053 1242 1082 sic
1254 1053 1336 1092 quod

431 1107 469 1135 de
487 1104 767 1144 supplicacionibus
784 1103 881 1133 nichil·
894 1109 959 1132 erat
976 1104 1097 1138 factum,
1115 1108 1172 1131 etc.

472 1154 542 1193 (Fal.
566 1154 612 1192 21)
636 1154 708 1182 Item
730 1154 863 1182 secunda
888 1152 938 1181 die
960 1152 1076 1181 mensis
1101 1151 1233 1191 predicti
1260 1152 1336 1180 sacta

431 1203 675 1242 congregacione
686 1202 822 1231 nacionis
837 1202 867 1230 in
879 1202 969 1230 nonis
983 1201 1096 1230 Nostre
1109 1200 1240 1229 Domine
1254 1201 1336 1239 apud

431 1252 574 1281 Sanctum
598 1251 783 1280 Maturinurn
803 1252 839 1279 ad
863 1250 1110 1289 supplicandum,
1138 1249 1335 1288 supplicave—

429 1307 500 1330 runt
528 1300 727 1339 quamplures
750 1300 901 1338 magistri,
926 1309 1057 1338 quorum
1084 1298 1333 1338 supplicaciones

429 1355 515 1378 erant
527 1349 661 1378 totaliter
678 1349 871 1388 interempte.

469 1398 543 1427 Item
573 1398 604 1427 in
623 1399 727 1426 eadem
753 1397 998 1437 congregacione
1027 1397 1214 1436 supplicavit
1236 1396 1334 1435 magi-

429 1454 492 1476 ster
518 1447 706 1476 Wilhelmus
733 1447 844 1481 Buser,
872 1446 1016 1485 quatinus
1042 1446 1129 1474 nacio
1157 1446 1250 1475 vellet
1274 1445 1334 1475 sibi

428 1497 597 1525 concedere
620 1496 737 1530 literas,
759 1496 790 1524 in
810 1496 922 1534 quibus
945 1495 1033 1524 nacio
1054 1495 1243 1524 consentiret
1265 1504 1333 1524 eum

428 1555 497 1574 esse
511 1555 616 1574 verum
633 1545 775 1573 nuncium
791 1544 931 1573 nacionis
949 1543 1130 1584 Anglicane,
1150 1543 1237 1583 cujus
1257 1554 1333 1583 sup-

427 1594 557 1633 plicacio
574 1600 638 1622 erat
659 1604 818 1628 concessa,
844 1593 949 1622 saltem
974 1593 1033 1622 1111
1056 1593 1104 1622 vel
1124 1593 1150 1621 V
1175 1593 1332 1632 magistris

428 1642 675 1677 reclamantibus,
689 1649 717 1671 et
732 1638 820 1671 nacio
837 1642 993 1671 concessit
1008 1643 1064 1671 sub
1077 1642 1136 1671 ista
1151 1642 1332 1671 condicione

427 1693 509 1730 quod
531 1692 688 1730 predictus
711 1692 857 1731 magister
875 1690 1063 1720 Wilhelmus
1086 1691 1213 1720 deberet
1234 1691 1332 1720 facere

427 1741 531 1769 literas
548 1746 576 1769 et
592 1740 694 1779 legere
707 1750 758 1769 eas
774 1741 804 1768 in
821 1740 910 1779 plena
926 1741 1182 1779 congregacione,
1196 1740 1236 1768 ita
1249 1741 1332 1779 quod

427 1789 514 1818 nacio
528 1790 620 1818 sciret
636 1789 709 1828 quid
725 1789 885 1828 sigillaret.

467 1838 541 1867 Item
553 1838 658 1877 quinta
666 1839 715 1867 die
729 1838 844 1867 mensis
857 1837 987 1877 predicti
1001 1838 1075 1866 facta
1085 1838 1331 1877 congregacione

427 1887 559 1916 nationis
577 1888 614 1915 ad
633 1887 866 1926 supplicandum
880 1888 961 1926 apud
980 1886 1123 1916 Sanctum
1144 1886 1331 1916 Maturinum

428 1936 457 1964 in
480 1936 588 1975 primis
604 1936 721 1971 Jacobi,
746 1936 931 1975 supplicavit
950 1936 1096 1975 magister
1115 1935 1271 1965 Johannes
1293 1937 1331 1965 de

428 1985 575 2014 Sacsonia
595 1995 651 2024 pro
674 1985 823 2024 magistro
845 1985 1004 2014 Everardo
1026 1986 1064 2013 de
1090 1985 1253 2020 Sacsonia,
1278 1985 1330 2024 qui

426 2034 522 2062 voluit
538 2033 642 2072 jurare
663 2040 806 2062 statutum
825 2034 1027 2073 paupertatis,
1051 2040 1083 2062 ut
1106 2034 1172 2072 ipse
1190 2034 1331 2073 impone-

426 2089 511 2111 retur
528 2083 627 2111 rotulo
647 2083 712 2111 sine
732 2083 873 2122 pecunia,
891 2083 963 2121 quia
984 2083 1039 2111 fuit
1054 2082 1084 2111 in
1103 2083 1203 2112 rotulo
1222 2093 1331 2122 prece-

426 2132 520 2166 denti,
539 2132 575 2160 de
594 2142 654 2170 quo
670 2131 785 2160 nullum
804 2132 932 2160 fructum
949 2131 1092 2170 optinuit,
1110 2130 1197 2171 cujus
1214 2132 1330 2171 suppli-

426 2181 509 2209 cacio
532 2186 596 2209 erat
620 2190 778 2215 concessa,
802 2181 967 2209 dummodo
989 2180 1079 2209 alicui
1107 2181 1244 2219 presenti
1269 2191 1331 2210 non

427 2229 538 2258 faceret
555 2228 768 2268 prejudicium.

467 2278 540 2306 Item
556 2278 587 2306 in
603 2279 706 2306 eadem
719 2278 965 2317 congregacione
983 2278 1167 2317 supplicavit
1184 2279 1331 2318 magister

426 2326 599 2365 Heynricus
622 2328 659 2355 dc
685 2327 860 2366 Angherem
881 2337 938 2366 pro
962 2327 1109 2366 magistro
1127 2328 1274 2356 Aelberto
1293 2329 1330 2357 de

427 2375 557 2414 Prusya,
589 2376 641 2414 qui
671 2375 746 2404 alias
776 2375 831 2404 fuit
850 2376 881 2404 in
907 2375 1019 2410 rotulo,
1045 2382 1077 2405 ut
1101 2383 1269 2415 poneretur
1293 2377 1330 2405 ad

426 2424 557 2453 rotulum
578 2425 735 2453 solvendis
756 2424 926 2459 solvendis,
950 2423 1036 2463 cujus
1051 2425 1243 2464 supplicacio
1266 2433 1331 2455 erat

426 2483 587 2507 concessa,
627 2480 656 2502 et
688 2473 739 2512 qui
770 2483 828 2512 pro
864 2474 992 2512 pecunia
1028 2474 1136 2508 rotuli,
1168 2480 1240 2513 puta
1272 2485 1330 2514 pro

426 2522 545 2550 duobus
566 2522 678 2550 francis
698 2522 802 2560 posuit
820 2522 962 2561 pignora,
984 2532 1042 2561 que
1064 2522 1155 2552 habet
1173 2523 1329 2552 Johannes

427 2577 531 2598 noster
548 2570 698 2604 bedellus,
718 2570 897 2599 defalcando
918 2577 1016 2600 tamen
1038 2571 1097 2600 sibi
1113 2572 1227 2600 dictum
1246 2573 1330 2601 sran-

427 2629 504 2653 cum,
516 2619 546 2647 in
559 2629 618 2657 quo
634 2619 721 2648 nacio
735 2619 790 2648 suit
805 2619 864 2648 sibi
879 2619 1014 2659 obligata
1027 2621 1064 2648 de
1084 2621 1161 2649 festo
1177 2621 1328 2656 nacionis,

427 2674 497 2705 puta
536 2668 688 2696 Etmundi.
734 2668 801 2697 Alie
843 2674 930 2697 erant
969 2669 1234 2708 supplicaciones,
1269 2681 1328 2709 que

427 2716 547 2744 suerunt
561 2716 752 2755 interempte.

466 2764 538 2793 Item
559 2765 588 2793 in
601 2766 705 2793 eadem
719 2765 769 2794 die
786 2766 862 2794 sacta
876 2766 1121 2805 congregacione
1135 2767 1274 2796 nacionis
1291 2769 1327 2796 ad

422 2813 587 2841 videndum
603 2820 823 2843 concurrentes
839 2814 870 2842 in
886 2814 987 2843 rotulo
1001 2814 1032 2843 in
1047 2814 1158 2844 Sancto
1173 2816 1327 2845 Maturino

456 2922 477 2944 1.
512 2924 559 2945 Ma.
573 2926 678 2946 statum.

455 2957 477 2980 2.
511 2959 557 2980 Ma.
573 2958 624 2981 ille.

971 439 1193 466 AUCTARIUM
1214 436 1474 464 CHARTULARII
1493 438 1667 465 UNIVERS.
1689 438 1808 465 PARIS.

1393 713 1409 740 5

1374 959 1408 985 10

1373 1203 1406 1229 15

1371 1448 1405 1474 20

1370 1694 1404 1719 25

1369 1940 1402 1966 30

1368 2185 1402 2211 35

1368 2430 1401 2456 40

1366 2674 1400 2700 45

2301 435 2355 466 38‘0

1446 514 1478 543 in
1493 514 1584 544 nonis
1606 514 1720 544 Nostre
1739 515 1881 550 Domine,
1903 515 2106 544 deliberatum
2126 521 2191 544 erat
2212 525 2230 545 a
2246 510 2361 556 majori*

1447 569 1534 602 parte
1549 564 1689 593 nacionis
1710 570 1840 604 propter
1864 564 2062 593 concordiam
2084 563 2253 594 habendam
2274 564 2356 594 inter

1447 606 1568 652 aliquos
1582 613 1761 652 magistros,
1779 613 1863 652 quod
1878 612 1946 642 dies
1961 606 2066 642 ultima
2083 612 2116 642 in
2133 607 2194 653 qua
2205 613 2356 643 deberent

1448 660 1568 701 porrigi
1579 661 1828 701 supplicaciones
1842 662 2059 702 magistrorum
2075 661 2353 698 inrotulandorum,

1446 720 1509 739 non
1527 711 1654 740 deberet
1667 710 1750 740 finiri
1763 716 1833 740 ante
1851 711 1981 740 mediam
1996 717 2129 741 noctem.

1487 759 1562 788 Item
1576 758 1609 788 in
1626 759 1731 789 eadem
1748 766 1838 789 nocte
1849 759 1965 799 juravit
1981 759 2129 799 magister
2145 759 2302 790 Johannes
2316 761 2355 790 de

1447 807 1596 837 Sacsonia
1624 807 1789 838 statutum¹
1813 808 2003 848 paupertatis
2023 819 2082 849 pro
2103 809 2251 849 magistro
2273 809 2356 839 Eve-

1446 857 1539 886 rardo
1554 857 1592 886 de
1604 856 1764 893 Saczonia,
1780 857 1833 897 qui
1844 858 1972 887 deberet
1982 857 2144 887 inrotulari
2155 863 2188 887 ut
2199 864 2265 888 erat
2278 868 2355 888 con-

1445 915 1567 935 cessum
1575 906 1606 934 in
1615 906 1744 935 nacione
1755 906 1786 935 in
1794 906 1932 946 predicta
1938 906 2186 947 congregacione
2195 917 2298 936 coram
2307 917 2356 936 me

1445 961 1647 995 procuratore
1662 961 1693 984 et
1704 954 1772 984 aliis
1783 955 1954 995 magistris,
1970 962 2044 995 puta
2058 956 2207 995 magistro
2221 956 2355 986 Rodolto

1445 1004 1483 1033 de
1498 1003 1717 1033 Doedenwerd
1735 1010 1765 1033 et
1781 1004 1931 1044 magistro
1946 1004 2085 1034 Johanne
2102 999 2222 1034 Bloem.

1481 1052 1556 1082 Item
1568 1059 1674 1082 octava
1684 1053 1734 1082 die
1745 1047 1861 1083 mensis
1873 1052 2009 1092 ejusdem
2022 1054 2098 1083 facta
2106 1054 2354 1094 congregacione

1444 1101 1583 1131 nacioni's
1602 1102 1683 1141 apud
1699 1101 1843 1132 Sanctum
1860 1102 2046 1132 Maturinum
2061 1103 2099 1132 ad
2116 1103 2353 1142 supplicandum

1445 1157 1475 1180 et
1490 1147 1698 1180 'ordinandum
1717 1151 1755 1180 de
1777 1150 1934 1191 aliquibus
1953 1152 2049 1181 rebus
2069 1151 2295 1191 pertinentibus
2315 1152 2354 1181 ad

1443 1200 1589 1235 rotulum,
1621 1199 1875 1239 supplicaverunt
1907 1200 2014 1240 plures
2041 1201 2193 1240 magistri,
2222 1211 2352 1240 quorum

1444 1249 1693 1289 supplicaciones
1709 1255 1797 1278 erant
1809 1249 2004 1289 interempte.

1484 1297 1559 1327 Item
1581 1298 1766 1337 supplicavit
1787 1298 1945 1327 Johannes
1965 1298 2105 1328 bedellus
2122 1308 2181 1338 pro
2202 1299 2353 1338 magistro

1444 1347 1609 1386 Rodolpho
1633 1348 1671 1376 de
1695 1347 1828 1382 Lubeec,
1858 1347 1910 1386 qui
1940 1347 1996 1377 fuit
2018 1357 2150 1387 presens
2179 1354 2351 1388 reputatus,

1443 1396 1514 1435 quia
1531 1396 1636 1425 habuit
1651 1397 1774 1425 domum
1787 1395 1939 1432 Parisius‚
1958 1402 1992 1426 ut
2006 1397 2107 1436 possit
2122 1397 2238 1436 imponi
2250 1397 2353 1426 rotulo

1442 1451 1596 1484 tamquam
1622 1455 1766 1484 presens,
1795 1444 1882 1485 cujus
1907 1445 2099 1485 supplicacio
2114 1445 2170 1475 fuit
2191 1455 2351 1483 concessa,

1442 1494 1514 1533 quia
1529 1494 1683 1534 rigorosa.

1483 1543 1558 1572 Item
1583 1544 1698 1582 incepit
1717 1543 1898 1573 domicellus
1924 1543 2104 1583 Reynaldus
2126 1545 2163 1573 de
2184 1543 2352 1584 Vyaennen

1442 1593 1499 1621 sub
1512 1593 1660 1632 magistro
1675 1592 1815 1622 Johanne
1829 1593 1867 1621 de
1885 1592 2019 1627 pavone,
2035 1591 2122 1633 cujus
2140 1594 2234 1622 bursa
2248 1593 2306 1622 XII
2322 1603 2348 1623 s.

1483 1642 1557 1671 ltem
1569 1642 1600 1670 in
1615 1641 1863 1682 congregacione·
1880 1642 2057 1680 precedenti
2069 1648 2135 1671 erat
2148 1642 2351 1672 deliberatum

1441 1691 1523 1730 quod
1542 1690 1630 1719 litera
1647 1690 1788 1730 magistri
1807 1690 1967 1720 Wilhelmi
1988 1690 2099 1725 Buser,
2122 1690 2154 1719 in
2174 1701 2234 1730 qua
2258 1691 2349 1720 habe-

1441 1740 1530 1768 batur
1561 1740 1643 1778 quod
1673 1746 1738 1768 erat
1770 1749 1864 1769 verus
1898 1740 2029 1769 nuncius
2062 1739 2202 1769 nacionis
2231 1747 2348 1776 nostre,

1441 1789 1568 1822 deberet
1587 1788 1729 1828 sigillari,
1754 1794 1784 1818 et
1803 1789 1864 1818 dati
1883 1795 1971 1818 erant
1989 1789 2126 1828 deputati
2147 1790 2184 1818 ad
2205 1799 2350 1828 procura-

1441 1844 1537 1867 torem
1558 1844 1588 1867 et
1607 1844 1799 1877 receptorem
1818 1837 1967 1877 magister
1985 1838 2159 1877 Heynricus
2181 1838 2348 1878 Langhals,

1441 1886 1589 1926 magister
1606 1886 1704 1916 Adam
1720 1892 1750 1916 et
1761 1886 1940 1916 Gherardus
1953 1887 1990 1916 de
2007 1887 2130 1922 Kalker,
2144 1893 2174 1916 et
2187 1894 2349 1927 postquam

1440 1935 1529 1965 litera
1544 1942 1609 1965 erat
1625 1935 1770 1976 sigillata,
1788 1936 1968 1965 intravimus
1986 1937 2155 1972 tabernam,
2171 1937 2224 1966 ubi
2239 1946 2351 1976 recep-

1440 1991 1488 2013 tor
1502 1985 1645 2015 solvebat
1659 1984 1699 2014 Vl
1717 1985 1846 2020 solidos,
1864 1991 1894 2014 et
1907 1995 1964 2024 ego
1976 1985 2160 2024 procurator
2175 1985 2203 2014 11
2218 1985 2348 2015 solidos.

1481 2034 1556 2063 Item
1578 2035 1683 2064 eadem
1704 2034 1752 2063 die
1773 2034 1904 2063 redemit
1922 2034 2071 2073 magister
2093 2034 2288 2064 Hermannus
2310 2036 2350 2064 de

1439 2083 1578 2112 Wasalia
1592 2083 1697 2112 literas
1714 2084 1751 2112 de
1767 2083 1859 2112 archa
1874 2083 2026 2119 nacionis,
2045 2084 2082 2112 de
2099 2083 2210 2123 quibus
2223 2084 2350 2123 predic-

1440 2138 1488 2161 tus
1506 2133 1655 2171 magister
1671 2132 1866 2161 Hermannus
1878 2132 1964 2161 dedit
1973 2132 2127 2171 receptori
2143 2143 2236 2162 unum
2247 2139 2348 2162 muto-

1439 2191 1508 2210 nem
1535 2181 1693 2220 antiquum
1714 2182 1751 2210 de
1771 2181 1911 2217 Francia,
1929 2187 1958 2210 et
1974 2181 2116 2220 promisit
2129 2181 2243 2211 ibidem
2264 2182 2347 2221 quod

1441 2230 1466 2259 si
1494 2230 1688 2270 contingeret
1709 2231 1792 2270 quod
1813 2230 1920 2270 plures
1943 2230 2032 2259 litere
2051 2230 2183 2269 predicti
2206 2230 2347 2270 magistri

1440 2279 1663 2314 invenirentur,
1692 2279 1824 2308 libenter
1851 2279 2004 2308 redimere
2031 2278 2140 2315 vellet;
2170 2280 2225 2309 sed
2260 2279 2322 2309 illis
2334 2279 2348 2298 ²

1440 2328 1546 2367 plures
1558 2338 1620 2357 non
1638 2328 1821 2357 invenimus.

1480 2377 1555 2406 Item
1572 2377 1610 2405 Χεὶ
1626 2377 1675 2405 die
1692 2377 1808 2406 mensis
1831 2377 1970 2406 Januarii
1987 2376 2168 2406 intravimus
2189 2378 2345 2406 tabernam

1438 2427 1482 2454 ad
1498 2426 1616 2454 Ιιᾶεἱαηι
1636 2427 1735 2465 Egidii
1754 2426 1786 2454 in
1808 2426 1876 2455 vico
1895 2425 2019 2464 Cytare,
2038 2425 2090 2454 ubi
2111 2425 2292 2455 domicellus
2310 2436 2346 2455 ac

1439 2476 1586 2514 magister
1601 2475 1781 2514 Reynoldus
1801 2475 1838 2504 de
1855 2474 1973 2504 Vianen
1992 2474 2084 2503 solvit
2101 2485 2193 2503 unum
2209 2475 2346 2504 francum

1438 2525 1476 2553 de
1487 2523 1622 2563 jocundo
1639 2524 1767 2553 introitu
1783 2533 1839 2553 suo
1857 2533 1925 2553 cum
1945 2523 2014 2552 istis
2032 2523 2233 2562 sequentibus
2245 2523 2268 2552 ³.

1479 2573 1554 2602 Item
1575 2573 1606 2601 in
1623 2573 1728 2602 eadem
1746 2573 1796 2601 die
1811 2579 1877 2602 erat
1891 2572 2096 2611 congregacio
2112 2573 2150 2601 ad
2165 2573 2346 2612 supplican-

1438 2622 1520 2657 dum,
1549 2622 1602 2651 ubi
1631 2631 1738 2651 omnes
1763 2621 2009 2661 supplicaciones
2035 2627 2122 2650 erant
2143 2621 2342 2661 interempte‚

1439 2677 1566 2710 excepta
1580 2670 1811 2710 supplicacione
1827 2670 1966 2710 magistri
1983 2669 2135 2708 H[enrici]
2147 2670 2184 2699 de
2203 2670 2342 2710 Kempis,

1438 2720 1520 2758 quod
1537 2730 1594 2759 pro
1612 2730 1672 2748 uno
1695 2719 1799 2748 franco
1817 2720 1944 2748 deberet
1959 2719 2032 2758 poni
2052 2719 2089 2747 ad
2108 2719 2252 2754 rotulum,
2273 2719 2344 2759 quia

1440 2768 1495 2797 suit
1510 2768 1541 2797 in
1554 2769 1614 2797 alio
1633 2768 1744 2797 rotulo.

1478 2817 1552 2846 Item
1566 2819 1608 2846 Χει
1619 2817 1668 2846 die
1680 2817 1796 2846 mensis
1808 2817 1956 2852 Januarii,
1966 2827 2045 2846 anno
2062 2827 2123 2856 quo
2135 2827 2240 2856 supra,
2249 2817 2344 2846 intra-

1466 2928 1490 2951 3.
1523 2929 1579 2951 Non
1593 2929 1743 2958 sequuntur.
