2632 3464
314 452 369 479 ⁶77
815 450 930 476 LIBER
956 448 1270 476 PROCURATORUM
1296 447 1476 474 NATIONIS
1495 448 1739 474 ANGLICANAE
2185 450 2238 475 678

720 525 818 556 1393
1332 523 1476 553 Sanctum
1511 524 1697 553 Maturinum
1735 535 1814 554 anno
1849 526 1971 555 Domini
2007 527 2149 557 M⁰CCC⁰
2173 529 2235 563 93⁰,

499 598 514 618 b
623 604 625 606 ,
650 598 657 605 ,
933 596 939 603 .
1029 596 1048 625 h
1131 596 1138 602 .
1331 573 1438 613 quinta
1452 573 1503 602 die
1521 574 1636 602 mensis
1652 573 1736 608 Maii,
1754 584 1848 614 super
1863 575 1984 604 duobus
2000 577 2148 607 articulis.
2167 577 2238 607 Pri-

377 598 450 638 (μοι’
473 601 492 629 8
521 598 636 639 lAcm
648 603 964 676 mdte'reyzgzatoma
980 596 1022 626 ’,ο
1055 606 1162 626 amns
1331 631 1399 651 mus
1414 628 1480 651 erat
1499 622 1536 651 ad
1555 622 1730 662 eligendum
1748 633 1860 652 novum
1881 631 2110 662 procuratorem
2128 626 2176 655 vel
2199 628 2237 655 ad

356 724 447 754 Facta
454 723 701 764 congregacione
709 722 849 752 nacionis
859 721 1030 762 Anglicane
1038 721 1121 760 apud
1128 721 1221 750 Sanc-

313 779 378 803 tum
388 773 542 803 Julianum
555 773 587 802 in
599 772 713 812 primis
721 771 826 801 Sancti
836 771 941 801 Jacobi
951 780 1008 810 per
1014 770 1220 810 juramentum

315 821 447 862 septima
466 822 517 851 die
536 821 653 851 mensis
673 820 792 860 Aprilis
814 830 910 860 super
926 820 1048 849 duobus
1068 819 1219 848 articulis.

315 870 439 900 Primus
447 875 513 900 erat
521 870 560 900 ad
570 869 746 910 eligendum
757 878 869 898 novum
880 875 1116 908 procuratorem
1123 868 1171 897 vel
1183 868 1220 896 ad

313 919 473 959 antiquum
488 918 739 952 continuandum,
753 918 799 947 2¹¹·
810 923 876 947 erat
891 918 928 946 ad
941 917 1125 946 audiendum
1139 927 1219 945 com-

312 974 421 1009 putum
437 967 622 1007 receptoris.
642 967 744 1007 Super
765 966 866 1006 primo
883 966 1013 996 articulo
1028 966 1144 995 electus
1165 965 1221 995 suit

313 1017 512 1047 concorditer
525 1017 564 1046 ab
578 1016 722 1046 omnibus
733 1015 891 1046 Johannes
906 1016 944 1044 de
960 1014 1056 1044 Veen.
1074 1015 1176 1054 Super
1188 1015 1220 1044 2⁰

311 1065 442 1096 articulo
453 1065 631 1096 conclusum
645 1065 701 1094 suit
710 1064 908 1094 concorditer
922 1064 1007 1093 nullo
1020 1063 1218 1099 reclamante,

312 1115 396 1155 quod
406 1121 570 1154 computus
584 1113 758 1154 recepturis
774 1123 812 1143 ex
822 1119 894 1143 tunc
908 1123 970 1142 non
981 1113 1150 1148 audiretur,
1163 1113 1219 1142 sed

312 1163 535 1204 expectandum
545 1169 630 1193 esset
639 1172 802 1202 usquequo
817 1162 962 1192 dominus
977 1167 1121 1201 receptor
1135 1167 1219 1191 esset

314 1212 478 1252 expeditus
491 1212 530 1242 de
545 1211 680 1242 dominis
690 1211 892 1241 licenciandis
903 1217 933 1240 et
945 1210 1176 1250 magistrandis.

336 1274 338 1277 ’
351 1261 471 1301 incepit
482 1260 626 1290 dominus
637 1260 822 1290 Laurentius
834 1261 872 1289 de
886 1259 1040 1290 Londoris
1054 1260 1113 1289 sub
1122 1259 1219 1299 magi-

310 1316 378 1340 stro
392 1309 508 1350 Egidio
521 1310 640 1340 Jutt'aes
655 1307 742 1349 cujus
757 1310 889 1338 bursa...

350 1359 426 1389 ltem
451 1359 528 1388 facta
548 1358 795 1398 congregacione
818 1357 958 1387 nacionis
979 1357 1151 1398 Anglicane
1167 1356 1218 1387 die

309 1408 351 1438 Χ·
373 1407 490 1438 mensis
513 1406 634 1448 Aprilis
658 1407 690 1436 in
715 1407 806 1436 nonis
830 1407 944 1436 Nostre
967 1406 1099 1436 Domine
1123 1416 1219 1446 super

309 1457 432 1487 duobus
463 1456 614 1486 articulis.
645 1456 769 1486 Primus
799 1462 864 1485 erat
894 1456 932 1485 de
961 1456 1053 1485 modo
1085 1455 1218 1485 adeundi

1277 725 1294 751 5

1257 970 1291 997 10

1256 1215 1290 1242 15

1255 1461 1290 1488 20

308 1506 490 1546 angistrum
518 1505 694 1545 Gyrardum
721 1505 760 1534 de
788 1504 920 1544 collegio
950 1504 1148 1534 Laudunensi
1180 1505 1218 1534 ad
1261 1527 1263 1530 Α

308 1555 493 1585 audiendum
515 1560 692 1594 computum
718 1552 789 1594 ejus·
813 1563 909 1593 super
933 1554 1024 1583 domo
1050 1553 1160 1589 Dacie,
1189 1560 1220 1584 et

308 1604 404 1634 eciam
421 1604 460 1633 ad
473 1603 640 1633 videndum
658 1593 872 1642 reparationes
890 1612 945 1642 per
962 1603 1102 1632 eumdem
1119 1602 1218 1643 magi-

308 1659 405 1682 strum
422 1651 598 1692 Gyrardum
613 1652 708 1681 saetas
722 1651 754 1680 in
769 1652 861 1680 domo
876 1651 1062 1691 prescripta.

347 1702 394 1731 2²·
407 1700 556 1730 articulus
572 1706 638 1730 erat
653 1710 749 1740 super
767 1700 1064 1740 supplicacionibus‚
1077 1706 1135 1730 etc.

348 1749 451 1790 Super
467 1749 568 1789 primo
586 1748 716 1779 articulo
731 1749 910 1778 conclusum
929 1748 985 1778 fuit
1001 1749 1086 1788 quod
1108 1749 1218 1779 bodel-

306 1798 356 1829 lus
368 1803 476 1828 noster
485 1808 615 1838 magnus
630 1798 729 1828 adiret
741 1797 912 1838 predictum
926 1797 1107 1838 magistrum
1116 1798 1217 1838 inqui·

307 1848 406 1878 rendo
426 1848 464 1877 ab
484 1847 554 1887 ipso
573 1857 612 1876 ex
631 1853 719 1887 parte
739 1846 879 1876 nacionis
902 1847 983 1876 diem
1005 1847 1036 1876 in
1068 1857 1129 1887 quo
1148 1847 1217 1887 ipse

306 1896 400 1926 vellet
425 1905 494 1926 cum
520 1895 676 1936 deputatis
704 1895 844 1925 nacionis
869 1901 1062 1935 computare,
1088 1896 1161 1936 quia
1184 1902 1218 1926 ut

307 1945 467 1975 dicebatur
482 1944 514 1974 in
532 1945 708 1984 prescripta
724 1945 971 1984 congregacione
984 1945 1134 1980 nacionis,
1148 1945 1217 1985 ipse

307 2003 342 2024 se
356 1993 435 2024 dixit
448 1999 542 2023 totam
557 2003 705 2023 summam
715 1993 885 2033 expositam
899 1993 982 2023 circa
998 1994 1216 2033 reparaciones

306 2043 424 2083 prefate
445 2043 555 2072 domus
583 2042 746 2082 copiasse‚.
766 2048 797 2072 et
823 2052 856 2072 se
885 2052 955 2072 esse
983 2049 1123 2082 paratum
1147 2053 1215 2072 cum

305 2091 462 2131 deputatis
476 2091 617 2121 nacionis
634 2090 940 2131 computare.·Super
953 2091 986 2120 2⁰
999 2091 1130 2121 articulo
1143 2102 1215 2132 sup-

305 2140 501 2181 plicaverunt
514 2140 639 2180 quidam
654 2139 771 2169 domini
787 2149 882 2180 super
898 2139 1050 2170 dilacione
1066 2141 1215 2180 pecunia-

305 2199 386 2225 rum,
404 2199 481 2229 quas
497 2190 571 2219 dare
584 2189 738 2218 debebant
750 2189 905 2229 receptori
920 2198 958 2218 ex
973 2195 1060 2229 parte
1075 2189 1214 2219 nacionis

304 2244 411 2268 nostre
426 2238 458 2267 in
476 2238 575 2278 gradu
594 2237 734 2268 licencia.
758 2237 798 2267 Et
819 2237 909 2267 datus
925 2238 982 2267 suit
998 2238 1044 2268 eis
1064 2238 1214 2268 terminus

305 2286 476 2317 solucionis
496 2296 595 2326 usque
617 2287 654 2316 ad
672 2286 783 2316 festum
800 2286 1001 2316 Pentecostes
1023 2287 1081 2317 sub
1105 2287 1214 2317 condi-

305 2335 393 2365 cione
408 2336 491 2375 quod
506 2335 629 2365 vadium
643 2340 797 2375 ponerent
811 2335 979 2365 secundum
997 2336 1120 2366 modum
1138 2346 1214 2365 con-

305 2390 436 2414 swetum
451 2384 590 2414 nacionis
603 2383 829 2423 prescriptum'
846 2390 877 2415 et
893 2383 960 2424 ejus
975 2390 1131 2415 statutum.

344 2433 419 2463 ltem
441 2433 557 2473 incepit
573 2433 716 2462 dominus
735 2433 878 2462 Andreas
900 2433 938 2462 de
960 2432 1092 2463 Bavaria
1113 2434 1214 2464 dictus

305 2481 423 2511 Heckel
433 2482 492 2511 sub
502 2482 651 2522 magistro
663 2481 913 2521 EgidioJutfaes‚
926 2481 1013 2522 cujus
1022 2482 1117 2512 bursa
1126 2482 1169 2512 111
1184 2491 1210 2512 s.

344 2530 419 2560 ltem
435 2530 551 2571 incepit
569 2530 713 2560 dominus
730 2530 896 2560 Heinricus
913 2531 951 2560 de
970 2530 1066 2560 Fulda
1083 2532 1141 2561 sub
1158 2541 1213 2561 eo-

301 2579 386 2615 dem.
404 2578 491 2620 cujus
502 2581 597 2610 bursa
616 2578 660 2609 111
677 2578 781 2609 solidi.

713 2671 810 2703 1³93

453 2742 545 2773 Acta
562 2743 598 2773 in
615 2744 878 2784 procuratoris
893 2744 1064 2784 magistri

543 2792 706 2833 Nycolay
721 2793 763 2823 de
780 2793 968 2823 Gameren.

344 2870 436 2901 Facta
469 2872 714 2913 congregacione
748 2872 889 2903 nacionis
923 2872 1093 2914 Anglicane
1130 2874 1212 2914 apud

335 2976 359 3000 1.
393 2977 441 3000 Μι.
455 2977 610 3009 pre-cripte.

1255 1707 1289 1734 25

1254 1953 1288 1980 30

1252 2198 1286 2225 ³5

1251 2442 1285 2469 40

1249 2687 1283 2714 45

1331 671 1570 700 continuandum
1577 671 1734 711 antiquum
1745 672 1807 707 32¹¹·
1815 683 1910 711 super
1917 674 2201 712 supplicacionibus
2209 683 2238 704 et

1330 718 1463 759 injuriis.
1482 719 1583 759 Super
1597 721 1698 760 primo
1715 721 1801 750 nacio
1817 722 2013 751 concorditer
2030 722 2124 762 elegit
2141 725 2238 763 magi-

1331 774 1428 798 strum
1455 768 1670 804 Laurencium,
1695 769 1748 808 qui
1775 776 1906 808 protunc
1930 770 2065 810 legitima
2087 773 2124 800 de
2147 783 2238 802 causa

1330 823 1364 846 ut
1383 817 1505 847 dicebat
1527 817 1658 846 officium
1685 819 1897 857 procuratorie
1922 819 2095 850 nullatenus
2118 828 2238 861 poterat

1329 873 1500 906 acceptare.
1518 866 1716 906 Quapropter
1733 867 1822 897 nacio
1838 878 1906 897 eum
1922 868 2052 899 habebat
2072 877 2238 910 supporta-

1329 921 1392 945 tum
1414 922 1445 945 et
1459 922 1646 950 excusatum,
1664 922 1694 945 et
1716 917 1872 956 processit
1890 917 1978 946 nacio
1998 919 2035 947 ad
2058 918 2237 949 electionem

1327 964 1397 1000 2¹⁰²,
1429 975 1490 1004 qua
1519 965 1716 994 concorditer
1745 965 1917 1005 eligebatur
1947 967 1978 996 in
2008 975 2238 1006 procuratorem

1328 1013 1476 1054 magister
1490 1014 1645 1053 Nycolaus
1660 1015 1698 1043 de
1713 1014 1876 1044 Gameren.

1368 1062 1471 1102 Super
1491 1063 1522 1091 2⁰
1549 1063 1678 1092 articulo
1706 1063 1892 1103 supplicavit
1915 1065 2058 1095 dominus
2084 1066 2236 1096 Martinus

1327 1111 1507 1141 licenciatus
1532 1121 1589 1151 pro
1609 1111 1761 1143 dilacione
1787 1122 1910 1142 suarum
1934 1115 2094 1144 bursarum
2117 1117 2156 1144 ad
2181 1117 2238 1145 ali-

1327 1160 1508 1200 quantulum
1523 1167 1644 1200 tempus
1658 1171 1716 1200 pro
1727 1161 1908 1201 incepcione
1924 1163 1954 1191 in
1968 1164 2097 1193 artibus.
2112 1164 2151 1194 Et
2166 1175 2238 1194 con-

1327 1209 1424 1239 cessit
1449 1210 1510 1239 sibi
1534 1210 1622 1239 nacio
1647 1210 1783 1250 spacium
1809 1211 1971 1241 dilacionis
1993 1213 2123 1243 duorum
2151 1224 2238 1243 men·-

1327 1259 1419 1294 sium,
1447 1259 1519 1289 dum
1547 1265 1648 1289 tamen
1675 1266 1807 1300 poneret
1831 1260 1862 1289 in
1895 1261 2034 1292 manibus
2063 1264 2235 1302 receptoris

1326 1308 1458 1348 pignera
1484 1318 1538 1338 seu
1567 1309 1657 1338 vadia
1674 1308 1764 1348 juxta
1785 1315 1930 1339 statutum
1955 1317 1984 1339 et
2007 1311 2237 1342 ordinacionem

1326 1357 1466 1387 nacionis
1481 1357 1513 1386 in
1527 1357 1736 1397 proporcione
1755 1358 1972 1398 sexquialtera.

1368 1405 1440 1446 (Fal.
1463 1406 1491 1446 9)
1515 1406 1607 1436 Facta
1631 1408 1878 1447 congregacione
1903 1408 2042 1438 nacionis
2066 1409 2236 1450 Anglicane

1326 1456 1409 1495 apud
1424 1454 1568 1485 Sanctum
1582 1455 1770 1486 Maturinum
1783 1467 1864 1485 anno
1880 1467 1941 1496 quo
1957 1467 2062 1497 supra,
2082 1466 2168 1488 sexto
2186 1460 2236 1489 die

1326 1504 1444 1534 mensis
1456 1504 1530 1534 Maii
1545 1514 1640 1544 super
1655 1505 1716 1535 1111
1731 1505 1879 1535 articulis.
1898 1506 2021 1536 Primus
2038 1508 2075 1536 ad
2089 1509 2237 1538 ordinan-

1327 1553 1399 1583 dum
1416 1559 1447 1583 et
1459 1554 1686 1593 providendum
1701 1555 1739 1583 de
1753 1555 1895 1584 domibus
1913 1557 1951 1585 ad
1966 1557 2125 1592 nacionem
2146 1568 2236 1597 spec-

1327 1601 1475 1638 tantibus,
1492 1603 1612 1633 scilicet
1633 1604 1670 1633 de
1693 1604 1784 1633 domo
1802 1604 1938 1644 Dachye,
1957 1606 1994 1635 ad
2016 1606 2182 1636 videndum
2207 1614 2237 1637 et

1327 1651 1507 1681 avisandum
1524 1653 1562 1681 de
1575 1659 1719 1692 computo
1734 1654 1874 1692 magistri
1887 1653 2039 1684 Gherardi
2053 1656 2090 1684 de
2103 1656 2235 1696 collegio

1327 1700 1527 1730 Laudunensi
1540 1701 1662 1731 nacioni
1677 1702 1796 1731 directo
1810 1712 1904 1742 super
1917 1703 2050 1733 diversis
2064 1706 2236 1744 reparacio-

1326 1749 1419 1779 nibus
1431 1760 1489 1790 per
1504 1750 1605 1790 ipsum
1618 1751 1650 1780 in
1662 1751 1801 1790 predicta
1818 1752 1909 1781 domo
1924 1753 2021 1787 factis.
2036 1755 2190 1792 quomodo
2206 1762 2236 1785 et

1326 1797 1459 1838 qualiter
1480 1798 1562 1829 circa
1583 1799 1641 1829 hoc
1664 1810 1767 1829 secum
1793 1807 1877 1830 esset
1900 1802 2063 1841 agendum.
2087 1802 2235 1833 Similiter

1326 1847 1421 1876 eciam
1439 1853 1469 1877 et
1484 1848 1522 1877 de
1537 1849 1629 1877 domo
1641 1850 1793 1888 ymaginis
1807 1849 1892 1878 beate
1903 1852 2004 1879 Mat-ie
2022 1851 2136 1880 invico
2153 1852 2234 1882 Bru-

1326 1895 1400 1925 nelli
1426 1897 1527 1936 quoad
1551 1898 1768 1936 reparaciones
1793 1898 1942 1938 aliquales
1966 1906 2057 1938 prout
2077 1900 2235 1930 videretur

1325 1945 1447 1975 nacioni
1461 1946 1510 1976 vel
1525 1947 1563 1975 ad
1574 1946 1633 1976 hoc
1647 1947 1802 1987 deputatis
1813 1948 1971 1987 expedire.
1986 1950 2042 1978 Est
2054 1949 2148 1978 eciam
2161 1960 2233 1989 que-

1325 1994 1394 2023 dam
1411 1994 1471 2024 alia
1493 1996 1603 2024 domus
1627 1996 1658 2024 in
1677 1996 1746 2025 vico
1767 1996 1845 2026 Jude
1868 1997 1911 2025 ad
1930 2008 2019 2026 cor-nu
2041 2000 2130 2032 cervi,
2152 1999 2232 2028 circa

1325 2053 1415 2083 quam
1433 2043 1529 2074 eciam
1546 2044 1712 2074 videndum
1728 2045 1802 2084 quid
1819 2045 1859 2075 sit
1871 2047 2035 2085 agendum.
2056 2048 2101 2075 2⁸·-
2118 2047 2232 2078 articu-

1324 2092 1372 2122 lus
1385 2093 1423 2122 ad
1436 2093 1622 2123 audiendum
1635 2101 1810 2134 computum
1828 2095 2011 2134 recepturis.
2026 2096 2071 2125 3¹¹⁵
2086 2096 2232 2126 articulus

1323 2142 1362 2170 ad
1381 2141 1546 2171 videndum
1567 2149 1668 2172 utrum
1690 2143 1741 2172 illa
1759 2143 1874 2173 minuta
1892 2154 1947 2183 per
1971 2146 2174 2174 reverendum
2201 2146 2230 2175 in

1324 2189 1451 2220 Christo
1484 2197 1602 2231 patrem
1634 2192 1814 2231 episcopum
1847 2192 2078 2232 Bayochensem
2110 2194 2230 2223 nacioni

1323 2239 1440 2269 directa
1463 2239 1503 2269 sit
1524 2240 1555 2269 in
1581 2241 1678 2270 forma
1701 2241 1863 2270 sufficienti
1889 2248 1918 2271 et
1940 2242 2054 2277 debita,
2078 2243 2123 2272 sic
2147 2244 2229 2283 quod

1323 2288 1391 2318 sine
1412 2287 1584 2328 prejudicio
1609 2289 1748 2319 nacionis
1773 2297 1880 2329 posset
1904 2290 2075 2330 ingrossari
2102 2298 2131 2321 et
2154 2303 2230 2321 con-

1323 2343 1490 2376 sequenter
1514 2337 1662 2377 sigillari,
1686 2344 1719 2368 ut
1745 2338 1806 2368 illis
1834 2339 1967 2378 peractis
1997 2340 2085 2369 nacio
2112 2351 2128 2369 a
2158 2351 2230 2380 pre-

1322 2385 1406 2415 dicto
1419 2386 1568 2426 episcopo
1586 2387 1687 2426 possit
1706 2387 1845 2427 recipere
1864 2388 2008 2427 pecunias
2025 2389 2062 2417 de
2081 2389 2132 2418 illo
2148 2396 2228 2423 orto,

1322 2435 1360 2464 de
1377 2445 1439 2474 quo
1455 2435 1574 2474 pluries
1593 2436 1737 2475 superius
1754 2437 1849 2466 sactus
1865 2443 1912 2466 est
1925 2447 2037 2466 sermo.
2053 2438 2098 2466 4¹·-
2115 2438 2230 2467 articu-

1322 2483 1381 2519 lus,
1396 2494 1465 2513 nam
1479 2494 1515 2513 ex
1526 2491 1670 2524 requesta
1683 2485 1773 2515 michi
1784 2486 1859 2515 sacta
1872 2495 1929 2525 per
1941 2486 2131 2525 m[agistros]
2145 2497 2229 2516 meos

1321 2532 1352 2562 in
1375 2533 1620 2574 congregacione
1654 2533 1798 2564 hesterna
1824 2534 1881 2564 feci
1914 2535 2075 2564 convocari
2109 2535 2228 2575 aliquos

1321 2582 1488 2621 magistros
1504 2592 1600 2617 meos,
1611 2593 1741 2622 quorum
1753 2583 1882 2623 quilibet
1893 2590 1925 2613 ut
1940 2584 2034 2613 moris
2046 2590 2093 2614 est
2107 2584 2228 2614 solvere

1321 2630 1413 2660 habet
1434 2641 1526 2660 unum
1549 2632 1684 2661 francum
1704 2642 1762 2671 pro
1784 2632 1880 2671 prima
1902 2633 2126 2672 procuratoria,
2149 2644 2228 2673 quo-

1321 2679 1402 2709 niam
1422 2680 1560 2719 ipsorum
1580 2680 1685 2719 plures
1706 2680 1847 2710 hesterna
1873 2682 1921 2710 dic
1942 2681 1973 2710 in
1997 2688 2226 2721 procuratorem

1321 2728 1443 2759 suerunt
1453 2728 1553 2764 electi,
1563 2728 1632 2758 licet
1644 2735 1743 2759 tamen
1753 2729 1854 2759 nullus
1864 2729 2001 2769 ipsorum
2011 2731 2225 2770 acceptaverit.

1361 2777 1463 2817 Super
1482 2778 1582 2817 primo
1600 2778 1728 2808 articulo
1746 2778 1808 2807 dati
1825 2779 1947 2808 suerunt
1967 2779 2058 2808 michi
2079 2789 2228 2819 procura-

1320 2826 1380 2856 tori
1395 2826 1544 2866 deputati,
1563 2827 1615 2866 qui
1631 2837 1688 2867 ego
1702 2837 1760 2856 una
1776 2837 1843 2856 cum
1858 2827 1936 2866 ipsis
1953 2828 2135 2858 deberemus
2151 2829 2228 2858 visi-

1321 2880 1386 2905 tare
1404 2876 1527 2905 domum
1552 2875 1666 2905 Dachie
1691 2882 1720 2906 et
1742 2876 1847 2905 videre
1870 2877 2087 2916 reparacioncs
2114 2877 2226 2907 ibidem

2408 0 2434 10 vr
2446 0 2460 13 b·
2470 0 2627 20 γῲῑΜΙ-εμε-,ι
