2632 3464
545 751 886 816 LIBER
969 748 1931 820 PROCURATORUM

822 905 1136 945 NATIONIS
1197 905 1620 945 ANGLICANAE
1641 906 1651 926 ¹

678 1294 776 1324 1333

270 1366 343 1407 (ubl.
385 1365 439 1407 15)
475 1366 634 1406 Tempus
672 1365 964 1406 procuracionis
1012 1364 1181 1404 magistri

366 1415 550 1445 Johannis
581 1416 623 1444 de
659 1414 870 1454 Scenighen
902 1413 1107 1443 Alemanni.

310 1490 403 1520 Anno
425 1490 549 1520 Domini
567 1490 867 1520 M⁰C⁰C⁰C⁰XXXIII
888 1489 1065 1519 convocatis
1082 1490 1183 1518 omni-

270 1540 329 1569 bus
350 1539 510 1579 magistris
530 1546 598 1569 actu
617 1540 798 1579 regentibus
818 1539 848 1568 in
867 1539 995 1568 nacione
1012 1538 1183 1578 Anglicana

270 1588 386 1618 electus
403 1588 459 1618 suit
473 1588 503 1617 in
518 1594 751 1628 procuratorem
770 1587 907 1628 ejusdem
924 1587 1064 1617 nacionis
1084 1588 1183 1627 magi-

272 1643 336 1667 ster
344 1637 359 1666 J
363 1637 502 1667 ohannes
513 1638 551 1666 de
563 1636 739 1677 Scenighen
747 1637 936 1666 Alemannus
948 1637 1028 1676 apud
1039 1637 1183 1666 Sanctum

269 1685 424 1716 Julianum
447 1696 615 1726 pauperem
637 1686 687 1715 die
715 1685 844 1715 martis²
871 1692 944 1725 post
969 1686 1182 1726 Epyphaniam

270 1734 408 1771 Domini,
420 1741 560 1774 tempore
569 1734 658 1774 cujus
671 1735 851 1775 conputavit
866 1735 1013 1775 magister
1027 1735 1183 1764 Robertus

271 1784 372 1814 dictus
393 1784 487 1813 Liber
497 1783 522 1820 ³,
542 1783 683 1814 nacionis
705 1784 968 1820 Normannorum,
988 1785 1025 1814 de
1046 1791 1183 1824 tempore

270 1833 402 1863 rectorie
422 1843 487 1863 sue.

680 1881 777 1912 1333

274 1957 432 1997 Tempus
466 1957 759 1997 procuracionis
795 1959 968 1998 magistri
1004 1959 1185 1988 Johannis

490 2007 533 2036 de
566 2006 817 2038 WaItirstona
851 2008 967 2037 Scoti.

312 2077 404 2107 Anno
439 2078 564 2107 Domini
593 2078 850 2109 M⁰CCC⁰XXXII
880 2080 1057 2109 convocatis
1087 2081 1187 2109 omni-

275 2127 333 2156 bus
351 2127 511 2167 magistris
528 2134 597 2157 actu
617 2129 796 2168 regentibus
819 2129 850 2158 in
870 2129 998 2158 nacione
1017 2129 1188 2169 Anglicana

277 2175 394 2206 electus
409 2176 467 2206 suit
483 2176 515 2205 in
532 2183 765 2216 procuratorem
781 2176 918 2217 ejusdem
934 2178 1074 2207 nacionis
1090 2179 1188 2218 magi-

276 2231 341 2254 ster
365 2224 523 2254 Johannes
552 2226 590 2254 de
618 2226 824 2256 WaItirstona
851 2226 962 2256 Scotus
985 2228 1064 2266 apud
1091 2227 1187 2256 Sanc-

283 2283 334 2303 um
351 2274 507 2304 Julianum
531 2285 697 2314 pauperem
720 2275 770 2304 die
789 2275 932 2305 veneris⁴
955 2276 1095 2315 proxima
1116 2283 1188 2316 post

274 2323 387 2352 festum
405 2322 641 2352 Purificacionis
662 2324 748 2353 beate
766 2324 864 2354 Marie
881 2325 1029 2364 virginis,
1049 2331 1188 2365 tempore

273 2370 362 2411 eujus
380 2372 568 2411 computavit
588 2373 737 2412 magister
754 2373 866 2402 Petrus
885 2374 922 2403 de
938 2373 1040 2403 Veteri
1057 2375 1185 2414 Campo,

273 2421 325 2461 qui
350 2430 410 2460 pro
438 2431 519 2451 anno
546 2422 732 2460 precedente
757 2422 857 2452 extitit
878 2429 1022 2462 receptor
1048 2423 1186 2462 predicte

272 2469 425 2505 nacionis,
450 2476 480 2500 et
501 2471 647 2500 omnibus
667 2471 850 2501 defalcatis³
867 2473 1028 2502 tenebatur
1048 2473 1186 2512 predicte

271 2518 394 2548 nacioni
412 2519 444 2548 in
462 2518 622 2549 XXXVIII
644 2520 754 2549 solidis
774 2520 939 2559 parisienS.
957 2527 986 2550 et
1002 2521 1074 2550 VIII
1091 2523 1187 2551 dena-

271 2567 329 2597 riis
349 2577 417 2597 cum
432 2567 536 2603 obolo,
552 2569 654 2598 tribus
668 2575 769 2598 tamen
789 2569 890 2599 obolis
908 2569 987 2599 albis
1002 2570 1074 2600 inde.
1089 2570 1186 2600 defal-

270 2616 389 2646 candis.
417 2615 492 2646 Item
517 2618 706 2657 computavit
733 2618 812 2647 idem
843 2619 991 2658 magister
1014 2619 1126 2649 Petrus
1148 2620 1185 2649 de

270 2665 413 2694 luminari
436 2666 528 2695 Beate
552 2666 709 2706 Virginis,
733 2666 819 2706 cujus
840 2667 940 2698 extitit
959 2675 1105 2708 receptor
1128 2679 1186 2708 pro

271 2723 352 2743 anno
370 2713 423 2743 illo
443 2715 645 2754 precedente,
667 2722 697 2746 et
716 2717 864 2746 remansit
885 2717 1006 2746 nacioni
1029 2717 1185 2758 obligatus

272 2762 302 2791 in
320 2762 450 2793 XXXIII
468 2764 577 2794 solidis
594 2764 760 2804 parisiens.
779 2771 809 2795 et
828 2765 868 2795 IX
884 2765 1031 2796 denariis.

304 2858 326 2882 1.
361 2859 438 2899 τίνι-Ι..
454 2860 567 2884 υηίνεη.
580 2861 674 2889 Pario..
694 2862 755 2894 Reg.
768 2862 801 2886 do
814 2862 986 2892 I'Uniuereite,
1007 2868 1035 2887 n·
1051 2865 1075 2888 2.
1090 2865 1186 2888 Desunt

276 2893 393 2954 ηΞζοὺῙαά
405 2931 534 2955 Ianuarii.

302 2966 324 2988 ³.
359 2967 411 2989 Seu
424 2966 552 2990 noberta·
567 2967 675 2992 Liberti.

1221 1740 1255 1765 10

1224 1987 1257 2012 15

1225 2237 1259 2263 20

1224 2483 1258 2508 25

1223 2728 1256 2754 30

1332 1293 1407 1322 Item
1425 1294 1640 1324 determinavit
1659 1296 1717 1324 sub
1737 1295 1878 1335 predicto
1898 1296 2047 1336 magistro
2065 1296 2206 1326 Iohanne

1295 1342 1332 1371 de
1359 1342 1566 1372 WaItirstona
1594 1345 1737 1374 dominus
1771 1344 1938 1384 Philippus
1968 1346 2006 1374 de
2041 1345 2206 1385 Brechyno

1295 1390 1419 1427 Scotus,
1433 1391 1521 1431 cujus
1538 1393 1632 1422 bursa
1647 1393 1754 1422 nichil.

1334 1440 1409 1470 Item
1439 1442 1497 1470 sub
1525 1443 1632 1471 eodem
1657 1443 1806 1482 magistro
1827 1442 1966 1472 Johunne
1991 1444 2207 1474 determinavit

1294 1490 1437 1520 dominus
1454 1490 1596 1520 Andreas
1615 1492 1653 1520 de
1669 1492 1765 1531 Kalys
1780 1492 1993 1528 Allemannus,
2011 1492 2098 1532 cujus
2113 1495 2205 1523 bursa

1293 1539 1398 1568 nichil.

1335 1587 1410 1618 Item
1436 1590 1494 1618 sub
1523 1590 1631 1619 eodem
1655 1590 1805 1630 magistro
1828 1590 1968 1620 Johanne
1993 1592 2207 1622 determinavit

1293 1637 1437 1666 dominus
1454 1637 1633 1667 Willelmus
1653 1639 1691 1668 de
1707 1639 1915 1678 Ramyslande
1933 1640 2101 1680 Anglicus,
2119 1640 2206 1680 cujus

1291 1687 1386 1715 bursa
1402 1686 1445 1715 III
1462 1686 1566 1716 solidi.
1803 1715 1815 1731 ο

1334 1735 1410 1764 Item
1439 1736 1496 1765 sub
1521 1736 1628 1765 eodem
1653 1737 1802 1776 magistro
1824 1737 1963 1767 Johanne
1992 1739 2207 1769 determinavit

1294 1784 1438 1813 dominus
1457 1784 1599 1814 Andreas
1617 1786 1655 1814 de
1674 1785 1844 1826 Buyirgast
1862 1786 1988 1823 Scotus,
2008 1786 2095 1827 cujus
2113 1789 2207 1818 bursa

1295 1833 1354 1862 1111
1371 1833 1474 1862 solidi.

1334 1882 1410 1912 Item
1435 1883 1492 1912 sub
1517 1883 1625 1912 eodem
1653 1884 1803 1924 magistro
1829 1885 1968 1915 Johanne
1993 1886 2208 1916 determinavit

1294 1931 1437 1961 dominus
1452 1931 1630 1962 Willelmus
1643 1934 1681 1962 de
1695 1933 1861 1963 Grenelaw
1875 1934 1998 1970 Scotus‚
2013 1934 2100 1974 cujus
2114 1936 2208 1965 bursa

1295 1981 1355 2010 1111
1373 1981 1477 2010 solidi.

1336 2030 1411 2059 Item
1430 2031 1488 2060 sub
1507 2031 1649 2070 predicto
1669 2032 1819 2072 magistro
1834 2033 2050 2063 determinavit
2064 2035 2207 2063 dominus

1296 2079 1472 2109 Cristianus
1485 2080 1523 2108 de
1539 2080 1612 2109 Else
1621 2080 1644 2116 ⁶,
1659 2079 1746 2120 cujus
1762 2082 1856 2111 bursa
1873 2082 1932 2111 IIII
1950 2082 2052 2111 solidi.

1336 2129 1410 2158 Item
1436 2130 1494 2158 sub
1517 2130 1625 2158 eodem
1652 2130 1801 2170 magistro
1826 2132 2040 2161 determinavit
2064 2133 2207 2162 dominus

1295 2177 1474 2207 VVillelmus
1492 2179 1530 2208 de
1550 2179 1754 2219 Edenburgh‚
1773 2179 1858 2219 cujus
1872 2181 1965 2210 bursa
1980 2181 2039 2211 IIII
2057 2182 2160 2211 solidi.

1338 2227 1411 2256 Item
1436 2228 1494 2256 sub
1517 2229 1625 2257 eodem
1652 2229 1802 2268 magistro
1827 2230 2043 2260 determinavit
2064 2231 2207 2260 dominus

1297 2275 1441 2306 Galterus
1457 2277 1495 2306 de
1510 2276 1676 2312 Coventre‚
1693 2277 1781 2316 cujus
1796 2279 1891 2308 bursa
1909 2279 1953 2308 III
1969 2280 2072 2308 solidi.

1337 2325 1412 2354 Item
1433 2326 1490 2355 sub
1511 2327 1618 2355 eodem
1639 2327 1788 2366 magistro
1805 2328 1948 2357 dominus
1970 2329 2151 2368 Radulphus
2169 2330 2206 2358 de

1297 2374 1438 2409 Colonia,
1456 2373 1542 2413 cujus
1557 2375 1652 2404 bursa
1670 2375 1776 2405 nichil.

1338 2423 1412 2452 Item
1428 2424 1485 2453 sub
1501 2424 1651 2463 magistro
1665 2424 1805 2454 Johanne
1821 2426 1858 2454 de
1876 2426 2051 2465 Scenighen
2064 2427 2206 2456 determi-

1295 2472 1379 2502 navit
1395 2473 1539 2502 dominus
1555 2474 1718 2512 Reynerus
1734 2475 1772 2503 de
1788 2474 1995 2514 Aquisgrana,
2013 2475 2099 2515 eujus
2114 2477 2207 2505 bursa

1296 2521 1355 2550 1111
1371 2522 1475 2550 solidi.

1336 2570 1410 2600 Item
1437 2571 1494 2600 sub
1519 2572 1626 2600 eodem
1655 2573 1803 2611 magistro
1829 2573 1968 2602 Johanne
1993 2574 2207 2604 determinavit

1295 2619 1438 2649 dominus
1459 2620 1654 2650 Hermannus
1673 2622 1710 2650 de
1727 2621 1904 2656 Gestandia,
1925 2622 2012 2662 cujus
2032 2623 2126 2652 bursa
2147 2623 2204 2652 IllI

1295 2668 1398 2697 solidi.

1336 2718 1410 2747 Item
1431 2719 1489 2747 sub
1513 2718 1662 2758 magistro
1684 2719 1823 2748 ²iohanne
1845 2720 1975 2749 Consilii
1994 2721 2207 2751 determinavit

1295 2767 1439 2796 dominus
1452 2767 1631 2807 Hartmigus
1645 2769 1683 2797 de
1695 2768 1773 2797 Alba
1786 2768 1890 2804 Curia,
1904 2768 1990 2809 cujus
2007 2771 2100 2799 bursa
2119 2770 2162 2800 111
2178 2782 2204 2799 s.

1325 2867 1348 2889 [Α.
1382 2869 1395 2889 5
1410 2866 1552 2890 Februarii.

1325 2903 1348 2925 5.
1385 2902 1423 2933 Cfi
1440 2902 1479 2925 Du
1493 2902 1595 2930 Cuma,
1609 2902 1650 2925 ed.
1665 2902 1818 2931 naucum„
1833 2912 1853 2927 a.
1866 2913 1888 2927 ν.
1903 2904 2042 2929 desulcure.

1326 2939 1350 2960 6.
1384 2939 1403 2961 1.
1418 2946 1439 2960 e.
1457 2937 1522 2961 Elst.
