2632 3464
448 432 483 458 39

448 518 512 537 rem
534 506 682 546 magister
700 506 826 535 Ulricus
849 505 886 533 de
906 503 1047 544 Augusta
1065 504 1114 533 die
1136 503 1227 533 lune⁴
1251 504 1282 532 in
1309 504 1359 533 die

447 556 668 596 Rogationum‚
692 555 724 584 in
748 553 834 594 cujus
857 553 1080 594 procuracione
1099 554 1175 582 facta
1195 560 1277 588 sunt,
1300 563 1359 592 que

447 612 604 635 secuntur.

489 655 563 684 Item
585 654 727 683 dominus
750 653 834 682 Suno
861 652 967 682 Karoli
989 653 1026 681 de
1050 651 1160 681 Svecia
1180 651 1359 680 licenciatus

446 704 503 734 suit
516 704 598 743 apud
611 703 755 732 Nostram
770 701 932 731 Dominam
951 701 1008 730 sub
1027 700 1176 740 magistro
1193 700 1359 729 Chonrado

446 754 484 782 de
509 753 614 782 Monte
641 752 834 786 Puellarum,
858 749 944 790 cujus
972 751 1067 779 bursa
1091 749 1147 778 IIIl
1172 749 1264 778 solidi
1290 758 1358 778 cum

445 802 586 831 dimidio.

487 852 561 881 Item
575 851 682 880 eodem
697 857 836 889 tempore
850 849 1030 878 licenciatus
1047 847 1102 877 fuit
1116 848 1198 886 apud
1213 847 1358 876 Nostram

447 901 634 940 [Dominam]
661 899 827 928 Galtherus
858 899 895 927 de
921 897 1091 927 Wardlach
1121 897 1178 926 sub
1208 896 1358 935 magistro

443 950 584 979 Johanne
598 950 635 978 de
651 948 750 978 Rathe
765 948 868 983 Scoto,
886 946 973 986 cujus
989 947 1084 975 bursa
1099 945 1227 975 nichil?

854 1042 872 1069 1
877 1040 951 1069 340

445 1114 687 1154 [Procuratio
728 1113 905 1152 magistri
945 1111 1108 1141 Conradi
1149 1112 1191 1140 de
1233 1110 1357 1140 Monte

776 1161 1023 1199 Puellarum.]

486 1245 577 1274 Anno
599 1243 724 1273 Domini
744 1243 790 1271 ΜΟ
811 1249 869 1272 etc.
888 1242 970 1271 sicut
986 1241 1083 1281 prius,
1099 1241 1130 1270 in
1145 1241 1204 1270 fine
1218 1238 1357 1269 mensis³

441 1293 677 1334 procuracionis
704 1292 846 1332 magistri
872 1291 1003 1331 predicti
1028 1290 1169 1330 magistri
1193 1289 1292 1319 Ulrici
1319 1289 1357 1318 de

441 1346 582 1383 Augusta
601 1342 717 1371 electus
745 1342 801 1371 fuit
826 1342 935 1370 iterato
956 1339 1105 1380 magister
1127 1340 1290 1369 Conradus
1319 1339 1356 1369 de

440 1393 546 1422 Monte
568 1391 743 1420 Puellarum
769 1391 801 1419 in
824 1396 1055 1430 procuratorem
1081 1388 1221 1418 nacionis
1243 1388 1356 1428 Angli-

440 1452 526 1477 cane,
545 1442 576 1470 in
592 1440 678 1481 eujus
694 1447 833 1479 tempore
849 1445 920 1469 sunt
935 1445 1000 1468 acta
1017 1449 1076 1478 que
1091 1445 1248 1467 secuntur.

482 1491 516 1520 In
535 1490 645 1530 primis
664 1489 844 1518 licenciatus
864 1489 918 1518 fuit
936 1488 1080 1517 dominus
1100 1487 1294 1517 Gwillelmus
1318 1488 1355 1517 de

440 1539 539 1579 Cupir
563 1539 594 1568 in
621 1539 684 1568 Fsif
708 1539 820 1567 Scotus
845 1544 919 1577 aput
943 1537 1088 1567 Nostram
1112 1537 1273 1566 Dominam
1298 1538 1355 1566 sub

441 1589 589 1629 magistro
606 1588 746 1617 Johanne
760 1588 798 1616 de
814 1587 912 1616 Rathe
927 1586 1031 1621 Scoto‚
1047 1585 1134 1626 cujus
1150 1587 1245 1615 bursa
1260 1587 1278 1614 3
1295 1586 1352 1615 sol.

481 1638 556 1667 Item
588 1637 767 1666 licenciatus
801 1636 856 1665 fuit
890 1636 1002 1665 ibidem
1032 1636 1174 1664 dominus
1206 1635 1287 1664 Bero
1317 1637 1354 1664 de

440 1688 579 1717 Trinello
604 1687 733 1716 Swecus
756 1687 813 1715 sub
838 1685 987 1725 magistro
1008 1684 1133 1724 Mathya
1158 1685 1195 1713 de
1221 1685 1351 1720 Swecia,

439 1736 526 1776 cujus
542 1738 636 1765 burse
652 1735 757 1764 nichil.

481 1786 555 1815 Item
588 1791 795 1824 computatum
832 1784 887 1813 fuit
920 1793 976 1823 per
1011 1784 1141 1812 eundem
1171 1783 1352 1822 magistrum

439 1836 616 1865 Com-adum
641 1835 679 1863 de
704 1833 838 1873 receptis
863 1843 920 1872 per
947 1843 1014 1862 eum
1040 1843 1077 1861 ex
1102 1839 1188 1871 parte
1213 1832 1352 1861 nacionis

438 1884 575 1924 ejusdem
592 1884 662 1913 anni
679 1883 819 1922 proxima
832 1882 881 1911 die
898 1882 1050 1911 dominica
1063 1881 1074 1899 ⁴
1089 1888 1161 1921 post
1173 1881 1351 1910 translacio-

439 1944 507 1963 nem
524 1934 604 1962 beati
622 1933 764 1967 Martini,
781 1938 811 1961 et
829 1932 884 1961 fuit
902 1942 1019 1961 summa
1038 1941 1093 1970 per
1114 1931 1214 1970 ipsum
1228 1937 1352 1970 recepta

438 1985 474 2012 21
492 1983 570 2012 libre
583 1993 651 2011 cum
670 1983 705 2011 16
719 1981 828 2011 solidis
842 1988 872 2010 et
885 1982 902 2010 3
916 1981 1064 2016 denariis,
1080 1987 1207 2019 excepta
1221 1980 1353 2020 pecunia

437 2031 595 2071 cujusdam
609 2031 785 2066 baccalarii,
803 2031 922 2060 scilicet
940 2030 1056 2059 domini
1074 2030 1190 2069 Roryci
1207 2029 1351 2069 superius

438 2082 558 2121 scripti.

479 2131 553 2159 Item
568 2130 678 2159 solutis
693 2129 824 2158 bedellis
839 2129 980 2158 nacionis
999 2135 1028 2158 et
1043 2129 1157 2158 Nostra
1175 2128 1306 2157 Domina
1319 2134 1351 2157 ut

439 2180 533 2209 moris
550 2186 597 2208 est
610 2185 638 2208 et
652 2179 732 2207 datis
747 2180 784 2207 de
800 2179 904 2218 gracia
917 2178 1057 2207 nacionis
1075 2178 1196 2217 utrique
1212 2177 1350 2206 bedello-

438 2239 503 2258 rum
540 2229 566 2257 X
599 2229 724 2262 solid1s,
759 2228 902 2257 similiter
934 2227 1044 2256 solutis
1088 2227 1198 2261 scolis,
1232 2227 1351 2256 scilicet

437 2278 521 2307 scola
549 2279 591 2306 acl
612 2285 723 2316 septem
750 2285 829 2305 artes
858 2287 953 2316 super
978 2276 1114 2305 terram5
1135 2283 1282 2315 quantum
1312 2276 1349 2304 ad

436 2328 474 2356 50
501 2327 629 2361 solidos,
659 2333 689 2355 et
718 2328 836 2355 duabus
866 2326 960 2355 scolis
986 2327 1028 2354 ad
1054 2328 1171 2364 longum
1199 2327 1349 2353 introitum

436 2383 582 2415 quantum
605 2377 642 2405 ad
663 2376 702 2405 40
727 2376 856 2410 solidos,
879 2382 909 2404 et
931 2374 1089 2404 desalcatis
1110 2374 1179 2403 aliis
1202 2385 1257 2414 per
1278 2385 1349 2414 pre-

436 2427 550 2455 dictum
572 2432 765 2465 receptorem
787 2425 897 2454 solutis
915 2435 1033 2453 summa
1051 2424 1159 2452 relicta
1177 2424 1232 2453 suit
1251 2425 1349 2453 unde-

435 2476 493 2504 cim
522 2475 600 2503 libre
634 2481 664 2503 et
693 2476 711 2503 3
742 2474 877 2509 denarii,
907 2480 1033 2513 excepta
1066 2483 1188 2512 semper
1220 2474 1349 2512 pecunia

434 2524 550 2553 domini
568 2524 695 2563 Roryci.

476 2573 551 2602 Item
565 2574 595 2602 in
610 2573 658 2601 die
674 2572 754 2601 beati
770 2572 909 2601 oswaldi
926 2572 1009 2611 regis
1021 2571 1045 2606 ⁶,
1061 2572 1091 2600 id
1108 2579 1154 2601 est
1171 2572 1201 2600 in
1215 2572 1264 2601 die
1281 2572 1347 2600 sab-

435 2622 496 2651 bati
510 2628 582 2661 post
598 2622 731 2660 [festum]
746 2621 831 2650 Petri
845 2622 882 2650 ad
896 2620 1040 2656 Vincula,
1056 2621 1199 2650 dominus
1214 2616 1347 2650 Rtiricus

435 2671 593 2711 predictus
613 2671 706 2700 solvit
721 2671 855 2706 nacioni,
870 2669 957 2709 cujus
973 2671 1066 2699 burse
1083 2677 1151 2699 octo
1168 2670 1270 2699 solidi.
1287 2671 1347 2707 Qui

435 2721 578 2749 dominus
605 2719 740 2749 Rssricus
765 2720 939 2759 impetravit
965 2720 1072 2748 eodem
1102 2719 1151 2748 die
1178 2729 1195 2748 a
1219 2720 1347 2749 nacione

465 2800 488 2823 1.
523 2800 551 2823 22
566 2799 639 2823 Maii.

465 2836 488 2858 2.
523 2835 608 2858 Nicbil
621 2835 731 2858 deletum
743 2837 788 2858 eat.

465 2872 487 2894 3.
524 2871 598 2894 Circa
610 2872 640 2894 30
652 2870 731 2894 lunii.

465 2907 488 2929 Ιι.
522 2908 537 2930 9
551 2906 621 2929 Iulii.

465 2944 488 2965 5.
522 2943 574 2965 Has
595 2942 696 2965 scholas
713 2942 784 2965 natio
811 2942 970 2973 Anglicamz,
997 2944 1023 2965 ut
1048 2941 1118 2973 infra
1144 2941 1181 2965 ad
1204 2950 1247 2965 an,
1278 2942 1344 2970 1370,

435 2978 463 3000 14
479 2978 599 3010 septemb.
619 2981 750 3009 narratur,
774 2987 785 3000 «
804 2987 819 3001 a
837 2978 920 3010 longia
935 2980 959 3001 et
975 2977 1076 3009 magnis
1094 2977 1228 3002 retroactis
1248 2980 1345 3009 tempo-

1396 955 1430 981 10

1396 1202 1429 1227 15

1394 1448 1428 1474 20

1392 1694 1425 1720 25

1390 1940 1424 1966 30

1388 2187 1422 2212 35

1387 2434 1421 2460 40

1385 2680 1418 2706 45

991 427 1216 454 AUCTARIUM
1237 427 1497 454 CHARTULARII
1518 429 1692 456 UNIVERS.
1715 430 1834 456 PARIS.
2347 433 2381 460 40

1470 504 1589 534 litteras
1612 506 1835 536 testimoniales
1857 507 1895 536 de
1922 507 2027 547 gracia
2049 507 2109 536 sibi
2134 507 2211 537 facta
2234 515 2380 548 quantum

1468 555 1507 583 ad
1520 561 1619 584 actum
1634 555 1905 585 determinacionis
1919 566 1984 591 sue,
1995 562 2028 585 ut
2041 556 2185 596 superius
2197 564 2244 587 est
2256 567 2381 597 expres-

1470 613 1548 638 sum,
1562 610 1593 632 et
1605 614 1753 634 concesse
1767 611 1840 634 sunt
1851 605 1878 634 ei
1890 606 1967 634 facta
1980 606 2227 646 congregacione
2240 607 2380 637 nacionis

1469 652 1507 680 ad
1526 652 1668 682 Sanctam
1685 652 1883 684 Genovefam.

1510 701 1585 730 Item
1601 702 1632 730 in
1648 708 1787 742 tempore
1800 703 2035 742 procuracionis
2053 703 2193 743 predicte
2206 705 2380 734 ordinatum

1469 750 1526 779 fuit
1540 760 1597 789 per
1612 751 1783 781 facultatem
1796 752 1923 788 arcium,
1938 759 1971 782 ut
1986 753 2200 792 unusquisque
2213 753 2380 794 magistro-

1468 808 1535 828 rum
1560 806 1629 829 actu
1651 801 1829 840 regencium
1851 801 1883 830 in
1908 801 2048 831 facultate
2074 802 2189 831 arcium
2209 802 2241 831 in
2261 803 2379 833 actibus

1467 847 1602 886 publicis
1626 855 1766 889 portaret
1784 851 1930 880 bonetum
1955 850 2021 880 sive
2044 851 2204 890 byrretum
2226 851 2258 880 in
2279 852 2379 891 capite

1468 906 1535 926 suo,

1508 946 1583 976 Item
1606 948 1690 986 quod
1713 947 1900 978 haberentur
1922 959 2068 989 scampna
2087 949 2119 978 in
2140 950 2234 979 scolis
2254 949 2379 979 artista-

1467 1005 1545 1025 rum.

1508 1045 1631 1074 Summa
1650 1056 1708 1085 per
1728 1046 1864 1076 scolares
1880 1046 2120 1077 determinantes
2138 1054 2262 1087 recepta
2279 1060 2285 1077 ε
2304 1058 2378 1078 cen-

1466 1100 1529 1123 tum
1547 1094 1650 1124 solidi.

1508 1143 1582 1172 Item
1600 1143 1684 1173 XXV
1701 1144 1793 1174 solidi
1813 1155 1831 1174 a
1850 1145 2000 1185 magistro
2019 1144 2144 1175 sunone
2163 1146 2201 1175 de
2218 1145 2327 1175 Svecia
2346 1146 2378 1175 in

1466 1202 1522 1221 sua
1536 1203 1728 1232 incepclone.

1508 1241 1582 1270 Item
1597 1242 1667 1271 XVI
1681 1242 1774 1272 solidi
1787 1243 1825 1272 de
1840 1243 1990 1283 magistro
2003 1243 2118 1272 Mathia
2135 1244 2167 1272 in
2181 1254 2241 1284 quo
2255 1244 2378 1273 teneba—

1465 1296 1516 1320 tur
1539 1291 1661 1321 nacioni
1689 1302 1747 1331 pro
1777 1292 1923 1321 luminari
1957 1292 2070 1322 Nostre
2098 1293 2240 1322 Domine.
2268 1293 2309 1323 Et
2332 1293 2377 1323 sic

1467 1350 1583 1369 summa
1599 1341 1709 1380 prima,
1724 1341 1844 1371 scilicet
1861 1342 2003 1371 undecim
2022 1341 2101 1371 libre
2117 1348 2147 1371 et
2163 1348 2227 1371 tres
2243 1342 2374 1378 denarii,

1466 1399 1534 1418 cum
1550 1389 1619 1419 istis
1641 1390 1801 1429 particulis
1818 1400 1935 1420 summa
1950 1390 2053 1420 totalis
2072 1397 2120 1420 est
2135 1391 2237 1421 XVIII
2253 1391 2331 1421 libre
2347 1398 2378 1421 et

1465 1437 1521 1467 XV
1535 1439 1665 1468 denarii.

1507 1488 1553 1517 De
1569 1499 1628 1527 qua
1645 1499 1761 1517 summa
1779 1488 1865 1518 totali
1881 1488 2060 1518 defalcanda
2078 1495 2160 1524 sunt,
2181 1499 2241 1529 que
2259 1499 2376 1529 sequn—

1465 1543 1515 1566 tur·
1532 1550 1537 1566 :

1505 1586 1611 1615 Primo
1628 1586 1740 1616 XLVII
1760 1586 1851 1616 solidi
1866 1597 1924 1626 pro
1941 1587 2085 1616 scamnis.

1505 1636 1579 1665 Item
1596 1636 1709 1666 ballivo
1724 1636 1793 1665 XVI
1809 1636 1902 1666 solidi
1917 1646 1985 1665 cum
2004 1636 2144 1666 dimidio.

1505 1685 1539 1714 In
1556 1686 1683 1715 taberna
1699 1685 1743 1715 III
1763 1685 1855 1715 solidi
1872 1696 1940 1715 cum
1956 1685 2094 1714 dimidio.

1504 1734 1579 1764 Item
1591 1734 1661 1764 XVI
1677 1735 1796 1764 denarii
1808 1741 1880 1774 post
1892 1734 2068 1773 fu[sionem]
2085 1734 2201 1764 domini
2214 1734 2331 1764 Rorici.

1504 1784 1578 1813 Item
1596 1784 1655 1813 IIII
1674 1784 1766 1813 solidi
1782 1784 1814 1813 in
1831 1783 1989 1823 presentia
2004 1784 2144 1823 magistri
2161 1783 2311 1824 Philippi.

1504 1833 1579 1862 Item
1595 1843 1652 1873 pro
1669 1833 1828 1863 refusione
1843 1833 1870 1862 V
1885 1833 1988 1862 solidi.

1503 1882 1578 1912 Item
1604 1882 1732 1912 Gilkino
1755 1882 1815 1912 IIII
1839 1882 1943 1917 solidi,
1961 1882 2079 1911 scilicet
2097 1882 2256 1911 dimidium
2278 1883 2373 1912 but-se

1462 1930 1578 1958 domini
1594 1929 1711 1959 Rorici.

1502 1979 1577 2008 Item
1597 1979 1743 2008 Cunrado
1761 1978 1883 2007 bedello
1900 1977 1988 2007 VIIII
2005 1978 2109 2007 solidi.

1502 2029 1577 2057 Item
1597 2028 1657 2058 1111
1677 2027 1768 2057 solidi
1783 2038 1842 2068 pro
1860 2027 2003 2057 luminari
2020 2027 2132 2057 Nostre
2152 2027 2294 2056 Domine.

1502 2078 1577 2107 Item
1601 2078 1628 2107 II
1656 2077 1749 2106 solidi
1775 2087 1843 2106 cum
1872 2076 2001 2106 dimidio
2028 2076 2155 2106 Gilkino
2185 2086 2243 2116 pro
2267 2077 2372 2106 bursis

1461 2126 1766 2166 magistri‘Sunonis.

1500 2176 1600 2205 Alteri
1618 2175 1739 2205 bedello
1754 2175 1781 2205 V
1796 2175 1900 2205 solidi.

1502 2225 1578 2254 Item
1594 2225 1737 2254 luminari
1757 2224 1784 2254 II
1801 2224 1893 2254 solidi
1909 2234 1977 2254 cum
1993 2224 2122 2254 dimidio
2135 2223 2158 2254 ⁷.

1502 2274 1573 2314 (Fol.
1594 2274 1641 2314 40)
1658 2274 1747 2304 Unde
1771 2274 1850 2303 facto
1868 2280 2010 2312 compoto
2028 2273 2110 2302 finali
2132 2283 2200 2303 cum
2221 2273 2370 2313 magistro

1460 2324 1606 2353 Cunrado
1637 2329 1798 2362 receptore
1829 2322 1969 2352 nacionis
2002 2322 2173 2362 Anglicane
2205 2322 2276 2351 anni
2309 2328 2367 2352 etc.

1459 2371 1554 2408 XL¹¹¹¹‚
1573 2372 1756 2412 computafis
1772 2372 1916 2401 omnibus
1934 2371 2149 2411 computandis
2167 2378 2198 2401 et
2214 2371 2369 2401 defalcan-

1459 2422 1507 2451 dis
1526 2421 1685 2451 defalcatis
1703 2421 1735 2450 in
1753 2421 1917 2460 presencia
1933 2421 2028 2450 totius
2048 2420 2205 2456 nacionis,
2226 2420 2370 2450 videlicet

1459 2471 1679 2511 magistrorum
1707 2470 1887 2510 regencium
1915 2471 1953 2499 ad
1983 2470 2219 2509 computandum
2243 2476 2368 2499 vocato-

1459 2531 1537 2555 rum,
1561 2520 1720 2560 predictus
1745 2519 1893 2559 magister
1915 2520 2079 2549 Cunradus
2104 2519 2265 2548 tenebatur
2287 2519 2367 2548 dicte

1459 2569 1581 2598 nacioni
1600 2569 1631 2597 in
1647 2568 1704 2598 XII
1722 2569 1823 2604 libris,
1840 2568 1925 2598 XVII
1945 2568 2053 2597 solidis
2067 2574 2097 2597 et
2111 2568 2153 2597 XI
2168 2568 2316 2597 denariis.

1499 2618 1574 2648 Item
1598 2618 1679 2647 idem
1698 2618 1846 2657 magister
1865 2618 2028 2647 Cunradus
2050 2623 2172 2646 tenetur
2193 2617 2315 2646 nacioni
2335 2617 2366 2646 in

1457 2668 1500 2696 4⁰r
1526 2667 1636 2696 solidis
1661 2673 1691 2696 et
1720 2666 1793 2696 VIII
1821 2666 1956 2695 denariis
1975 2676 2040 2706 ,pro
2069 2666 2215 2696 Cunrado
2244 2665 2366 2695 bedello

1458 2716 1633 2756 principali.

1455 2801 1535 2828 ribus,
1554 2801 1624 2831 ipsas
1642 2799 1760 2828 locando,
1776 2801 1956 2830 competentem
1966 2798 2116 2830 penaionem
2130 2801 2155 2821 et
2168 2797 2304 2822 sallat-ium
2318 2798 2367 2822 sol-

1456 2836 1535 2860 vendo
1543 2845 1593 2868 pro
1607 2836 1701 2859 eisdem
1712 2843 1724 2858 ι)
1735 2834 1894 2867 possidebat.
1909 2835 1957 2858 An.
1972 2834 2033 2857 1370
2046 2833 2188 2857 venditioni
2197 2836 2271 2857 erant
2285 2842 2364 2866 expo-

1455 2868 1530 2891 ¹sitae.
1550 2867 1603 2890 Vid.
1618 2867 1696 2898 infra.

1485 2904 1507 2926 6.
1543 2905 1557 2926 5
1571 2902 1690 2934 Augusti.

1486 2942 1508 2964 7.
1543 2942 1633 2963 Postea
1651 2939 1765 2971 =wqut'tur
1777 2947 1786 2963 .·
1800 2938 2022 2962 Transferendum
2034 2946 2116 2970 usque
2127 2938 2163 2961 ibi
2178 2938 2211 2966 Θ.
2228 2939 2325 2962 Revera
2338 2937 2363 2962 in

1453 2976 1580 3009 principio
1593 2976 1638 3007 sot.
1652 2977 1682 2999 40
1693 2975 1804 2999 occurrit
1816 2974 1863 2998 hoc
1875 2974 1974 3006 signum
1987 2983 2043 2997 cum
2056 2974 2095 2998 his
2106 2982 2172 3006 quae
2182 2977 2331 3006 sequuntur.
