2632 3464
419 400 452 426 95
962 401 1185 427 AUCTARIUM
1210 401 1470 428 CHARTULARII
1496 403 1670 430 UNIVERS.
1692 403 1811 430 PARIS.

418 476 562 505 dominus
578 476 791 505 Theodoricus
810 477 848 506 de
865 476 996 506 Olandia
1011 478 1069 506 sub
1088 477 1237 517 magistro
1254 476 1329 507 Gal-

417 530 484 554 tero
500 525 537 553 de
555 525 718 560 Wardlau,
736 524 824 565 cujus
841 526 937 555 bursa
955 526 1061 555 nichil.

458 573 532 602 Item
559 573 654 602 XVlI²
675 574 724 603 die
736 573 869 614 Aprilis,
887 574 1007 604 scilicet
1019 575 1050 604 in
1069 575 1206 604 crastino
1217 575 1328 610 Pasce,

416 628 582 651 convocata
599 622 729 652 nacione
753 624 835 662 apud
857 623 1002 652 Sanctum
1025 624 1228 659 Maturinum,
1249 623 1328 653 deli-

415 672 553 699 beratum
576 671 632 700 fuit
655 678 685 701 et
706 682 763 711 per
781 678 1031 711 procuratorem,
1050 672 1102 712 qui
1121 672 1152 701 in
1173 672 1328 701 delibera-

414 719 503 749 cione
522 719 579 748 hoc
598 721 721 760 posuit,
737 721 915 750 conclusum
932 721 1015 760 quod
1031 721 1162 760 quilibet
1176 721 1328 750 inrotula-

413 774 463 798 tus
477 769 611 799 mitteret
628 769 742 799 nuncio
757 780 851 799 unum
867 776 987 799 scutum
1005 770 1036 798 in
1052 770 1192 799 subsidio
1209 780 1327 809 expen-

414 827 517 847 sarum
533 829 658 848 suarum
675 820 714 847 ad
729 818 844 848 curiam
860 818 1045 854 Romanam,
1064 819 1117 858 qui
1136 818 1168 847 in
1186 819 1327 858 predicta

413 867 499 896 curia
518 869 618 897 stabat
637 878 695 907 pro
718 867 858 907 negociis
879 867 1099 897 Universitatis
1120 874 1150 897 et
1171 868 1323 898 nacionis.

453 916 528 946 Item
542 917 648 946 eadem
664 917 713 945 die
732 916 919 956 supplicavit
935 916 1115 956 Ing-eramus
1132 918 1169 946 de
1186 916 1325 957 Ketenys

412 967 495 1004 quod
513 966 752 1005 prolongaretur
765 966 916 995 terminus
932 966 1096 995 solutionis
1113 966 1137 995 L
1153 966 1323 995 solidorum

410 1015 590 1053 parisiens.‚
609 1015 639 1043 in
658 1015 771 1054 quibus
788 1015 948 1054 predictus
964 1015 1146 1055 Ingeramus
1161 1015 1210 1045 vel
1230 1015 1324 1045 frater

410 1073 485 1093 suus
499 1064 642 1093 dominus
657 1064 814 1093 Johannes
828 1065 866 1093 de
883 1064 1011 1094 Ketenis
1024 1066 1186 1093 tenebatur
1199 1065 1323 1094 nacioni

409 1112 468 1141 fide
486 1113 586 1141 media
608 1123 664 1152 pro
687 1113 812 1142 domino
830 1113 970 1142 Johanne
991 1114 1028 1142 de
1050 1114 1144 1143 Rossi
1165 1124 1263 1153 usque
1284 1114 1323 1142 ad

410 1162 519 1190 festum
545 1162 758 1197 Pentecostes‚
783 1169 812 1191 et
838 1163 921 1201 quod
946 1162 1101 1202 integrum
1132 1162 1267 1192 solveret
1294 1162 1321 1192 si

408 1217 526 1249 posset.
546 1210 585 1240 Et
601 1211 660 1240 sibi
679 1221 828 1240 concessa
846 1211 902 1240 fuit
917 1211 976 1241 ista
992 1211 1197 1251 supplicacio.

449 1259 523 1289 Item
548 1260 728 1290 licenciatus
754 1261 810 1290 fuit
833 1261 977 1290 dominus
999 1260 1112 1290 Petrus
1135 1262 1172 1290 de
1191 1260 1320 1291 Brisaco

408 1309 465 1337 sub
490 1309 638 1349 magistro
661 1308 856 1338 Theodorico
880 1310 917 1338 de
943 1309 1089 1345 Saxonia,
1115 1309 1203 1350 cujus
1226 1310 1320 1339 bursa

406 1358 513 1387 nichil.

446 1407 579 1436 Ultimo⁴
601 1408 852 1447 computabamus
875 1414 905 1437 et
921 1409 1102 1437 tenebamur
1117 1408 1272 1447 receptori
1288 1408 1320 1437 in

404 1458 609 1497 quadraginta
626 1458 644 1486 3
663 1457 785 1486 solidis.

439 1506 509 1545 (Fal.
521 1507 568 1546 55)
578 1507 652 1535 Item
666 1507 766 1546 prima
774 1507 823 1535 die
837 1507 910 1536 Maii
920 1513 1087 1536 convocata
1096 1506 1225 1536 nacione
1236 1508 1318 1547 apud

404 1555 548 1584 Sanctum
573 1555 760 1584 Maturinum
782 1555 814 1584 in
831 1556 922 1584 nonis
941 1555 1054 1585 Nostre
1075 1556 1219 1591 Domine,
1241 1566 1318 1596 sup-

402 1604 528 1643 plicavit
543 1605 691 1644 magister
707 1604 866 1634 Johannes
883 1603 950 1645 [de]
966 1604 1119 1634 Elmstadt
1131 1603 1315 1640 Almannus‚

401 1664 469 1683 cum
487 1654 555 1693 ipse
572 1654 670 1683 fuerat
686 1664 870 1683 recessurus
885 1655 922 1682 ad
939 1660 1059 1693 partes,
1078 1655 1162 1693 quod
1180 1654 1318 1694 placeret

401 1703 523 1731 nacioni
553 1703 584 1731 in
606 1713 679 1731 casu
707 1713 767 1741 quo
794 1703 969 1732 mitteretur
992 1703 1112 1732 rotulus
1138 1704 1176 1732 ad
1200 1703 1316 1732 curiam

400 1752 480 1781 infra
495 1758 616 1791 tempus
641 1762 702 1791 quo
726 1752 922 1791 contingeret
943 1752 1044 1791 ipsum
1065 1762 1134 1781 esse
1154 1753 1315 1781 absentem

401 1811 455 1830 seu
483 1808 613 1841 propter
640 1807 769 1830 mortem
797 1811 888 1840 pape,
914 1799 1001 1840 cujus
1029 1801 1123 1830 vitam
1151 1807 1316 1831 conservet

399 1849 591 1886 Ahissimus,
607 1861 661 1879 seu
676 1850 763 1885 alias,
781 1851 883 1890 ipsum
903 1850 1075 1879 inscribere
1095 1860 1154 1890 pro
1173 1857 1313 1890 regente,

399 1906 430 1929 et
445 1910 532 1929 suum
551 1906 784 1939 procuratorem
801 1899 961 1928 constituit
975 1899 1157 1939 magistrum
1174 1899 1314 1929 Theodo-

398 1948 495 1978 ricum
518 1949 556 1977 de
578 1949 658 1977 Foro
684 1949 722 1977 de
747 1948 900 1983 Sorbona,
922 1949 1005 1987 quod
1028 1949 1094 1988 ipse
1118 1949 1232 1978 faceret
1257 1958 1314 1987 pro

398 1998 468 2037 ipso
494 1998 633 2026 facienda
662 1997 796 2032 nacioni‚
824 2008 915 2037 quam
934 1997 1196 2037 supplicacionem
1223 1998 1312 2027 nacio

397 2047 482 2076 nullo
499 2047 729 2076 contradicente
746 2047 914 2076 concessit.

804 2141 821 2168 1
827 2140 901 2169 346

397 2214 552 2251 Tempus
588 2212 878 2251 procuracionis
918 2212 1089 2251 magistri
1128 2212 1310 2243 Johannis

718 2262 760 2289 de
799 2260 986 2290 Wesalia.

941 2321 953 2332 ο

436 2341 526 2370 Anno
548 2341 673 2370 Domini
695 2321 962 2376 M⁰.CC(‘}.XLV1‚
982 2342 1013 2369 6²
1024 2341 1074 2370 die
1086 2340 1175 2376 Maii,
1193 2351 1310 2371 convo-

395 2396 461 2419 cata
492 2390 621 2419 nacione
653 2389 827 2429 Anglicana
859 2391 941 2428 apud
979 2390 1123 2418 Sanctum
1155 2390 1309 2419 ,lulianum

395 2450 562 2479 pauperem
584 2440 622 2468 ad
645 2439 820 2478 eligendum
839 2445 1088 2478 procuratorem,
1111 2439 1192 2468 sicut
1212 2439 1308 2469 moris

395 2495 456 2523 est,
481 2489 596 2518 electus
620 2488 675 2517 suit
696 2488 844 2528 magister
863 2488 1020 2517 Johannes
1047 2489 1084 2516 de
1109 2487 1249 2517 Wesalia
1271 2499 1308 2518 ex

393 2538 529 2568 unanimi
548 2548 703 2567 consensu
720 2537 952 2577 magistrorum.

435 2587 469 2616 ln
512 2585 599 2626 cujus
635 2587 860 2626 procuracione
894 2593 959 2615 acta
997 2587 1121 2615 suerunt
1156 2586 1212 2615 hec
1248 2597 1307 2626 que

394 2643 577 2676 sequuntur.

434 2686 540 2715 Primo
563 2686 725 2715 undecima
749 2685 798 2714 die
824 2684 962 2724 ejusdem
987 2684 1103 2714 mensis
1124 2695 1306 2714 concessum

392 2735 448 2764 suit
461 2735 491 2764 in
508 2736 636 2764 nacione
653 2735 734 2774 apud
751 2734 896 2763 Sanctum
911 2733 1079 2769 sulianum,
1096 2734 1149 2763 ubi
1162 2744 1219 2773 pro
1233 2740 1306 2764 tunc

392 2785 490 2814 suerat
503 2784 710 2824 congregacio
726 2783 890 2819 facultatis,
905 2784 988 2822 quod
1006 2793 1113 2812 omnes
1129 2783 1306 2823 anglicandi

424 2874 446 2896 1.
479 2873 538 2896 Alio
551 2873 708 2897 charactere.

423 2910 446 2932 2.
480 2910 543 2932 Erat
557 2910 650 2940 festum
662 2908 833 2932 Ascensionis.

423 2945 446 2968 3,
480 2946 510 2967 26
525 2944 598 2967 Maii.

1383 678 1400 706 5

1362 925 1396 950 10

1360 1171 1393 1197 15

1357 1417 1391 1443 20

1355 1663 1389 1690 25

1352 1909 1386 1935 30

1349 2156 1383 2182 35

1347 2402 1381 2428 40

1344 2649 1378 2675 45

2313 408 2348 435 9⁶

1438 479 1538 508 vocati
1560 480 1707 509 cederent
1727 481 1876 521 magistro
1899 480 2079 511 Christiano
2102 482 2216 512 nuncio
2241 490 2350 513 nostro

1439 527 1583 557 existenti
1599 528 1631 558 in
1647 529 1732 558 curia
1747 539 1784 558 ex
1800 536 1888 569 parte
1907 536 2047 560 nostrum
2064 531 2096 560 in
2115 531 2302 571 profectum,
2321 532 2349 562 si

1438 576 1492 616 qui
1508 578 1716 617 procederent
1730 579 1768 608 ad
1784 578 1926 608 Sanctam
1943 578 2142 610 Genovefam.

1478 625 1554 655 Item
1586 626 1740 657 licenciati
1773 628 1896 657 fuerunt
1925 628 1956 657 in
1986 628 2087 668 prima
2121 628 2283 659 audicione
2310 631 2350 660 ad
2397 630 2400 631 ⁷

1437 674 1582 704 Nostram
1614 676 1777 706 Dominam
1806 677 1950 707 dominus
1977 677 2134 707 ,lohannes
2166 677 2283 708 Thome
2310 679 2349 709 de

1437 723 1586 753 Huesden
1609 731 1639 754 et
1665 725 1808 756 dominus
1835 725 1993 756 Arnoldus
2024 726 2109 756 Haec
2135 727 2174 756 de
2201 727 2349 758 Huesden

1436 773 1494 801 sub
1519 773 1668 813 magistro
1692 774 1834 804 Johanne
1858 775 1896 805 de
1919 774 2076 811 Wesalia‚
2100 785 2231 815 quorum
2253 777 2349 806 bursa

1436 819 1496 849 1111
1510 821 1614 850 solidi.
1627 821 1781 852 vicesima
1794 823 1901 862 quinta
1911 823 1960 853 die
1974 823 2049 853 Maii
2059 823 2083 859 ²,
2099 825 2197 854 sancti
2215 824 2345 855 Urbani.

1476 869 1551 898 Item
1581 869 1614 898 in
1647 870 1806 901 crastino³
1842 871 2047 902 Ascensionis
2081 873 2162 912 apud
2201 873 2346 903 Sanctum

1434 917 1622 948 Maturinum
1649 919 1837 959 computavit
1859 921 2003 951 dominus
2030 928 2175 962 receptor
2198 922 2348 963 magister

1434 966 1638 997 Gwilhelmus
1655 969 1692 998 de
1709 968 1850 1005 Grinlau,
1867 970 1917 999 cui
1931 972 2113 1000 tenebamur
2129 971 2206 1000 facta
2221 982 2345 1011 compu-

1433 1016 1552 1046 tacione
1569 1017 1600 1046 in
1618 1018 1654 1047 13
1670 1018 1792 1047 solidis.

1473 1066 1548 1095 ltem
1565 1066 1646 1095 idem
1661 1067 1811 1107 magister
1827 1067 2030 1098 Gwilhelmus
2047 1069 2079 1097 in
2094 1070 2199 1099 eadem
2215 1080 2344 1109 congre—

1430 1115 1560 1155 gacione
1579 1116 1766 1156 supplicavit
1783 1117 1921 1156 predicte
1939 1117 2079 1153 nacioni‚
2099 1119 2183 1158 quod
2202 1119 2233 1148 in
2253 1129 2342 1155 casu,

1430 1164 1484 1194 ubi
1496 1165 1584 1194 fieret
1598 1165 1783 1195 distribucio
1798 1166 1928 1206 pecunie
1945 1166 2165 1198 Universitatis
2181 1168 2343 1198 existentis

1429 1215 1512 1253 apud
1538 1214 1682 1244 Sanctum
1708 1215 1877 1251 Victorem,
1905 1226 1963 1255 pro
1989 1226 2050 1255 qua
2077 1216 2189 1247 multos
2219 1217 2343 1247 labores

1429 1262 1537 1293 habuit
1552 1270 1692 1303 tempore
1713 1275 1768 1294 sue
1793 1265 1926 1294 rectorie
1938 1264 1960 1300 ⁴,
1979 1266 2062 1305 quod
2080 1265 2206 1296 haberet
2223 1273 2342 1306 partem

1430 1321 1515 1341 suam
1529 1313 1567 1342 de
1581 1314 1697 1342 eadem.

1470 1361 1545 1390 Item
1566 1362 1753 1402 supplicavit
1767 1363 1851 1402 quod
1870 1362 1896 1392 si
1917 1363 2112 1403 contingeret
2126 1364 2193 1393 fieri
2207 1364 2341 1394 rotulum

1428 1411 1568 1440 nacionis
1586 1418 1725 1451 tempore
1746 1422 1807 1451 quo
1827 1411 1920 1442 fuerit
1935 1413 2065 1447 absens,
2085 1413 2169 1452 quod
2186 1412 2341 1442 inscriba-

1427 1465 1478 1488 tur
1490 1460 1602 1490 rotulo.
1619 1460 1659 1490 Et
1674 1461 1729 1490 has
1745 1460 1995 1501 supplicaciones
2009 1462 2100 1491 modo
2114 1467 2143 1490 et
2158 1461 2256 1491 forma
2269 1471 2340 1501 pro-

1427 1508 1546 1548 positas
1561 1510 1650 1539 nacio
1666 1510 1822 1539 concessit
1836 1510 1986 1550 gratiose.

1469 1558 1544 1588 Item
1559 1559 1702 1589 dominus
1716 1559 1893 1599 Nycholaus
1907 1559 2163 1589 Mortunowanus
2176 1559 2233 1590 fuit
2246 1560 2340 1590 licen-

1427 1607 1525 1637 ciatus
1562 1609 1644 1648 apud
1686 1608 1828 1638 Sanctam
1865 1608 2052 1638 Genovefam
2093 1610 2150 1638 sub
2190 1609 2339 1650 magistro

1426 1656 1565 1686 Johanne
1595 1658 1632 1686 de
1655 1657 1811 1693 Wesalia,
1834 1657 1922 1698 cujus
1947 1659 2043 1687 bursa
2068 1657 2174 1698 nichil.

1831 1752 1849 1779 1
1854 1751 1928 1780 346

1425 1826 1582 1863 Tempus
1624 1822 1912 1862 procuracionis
1957 1823 2130 1862 magistri
2169 1823 2365 1854 Gotfridi'

1586 1873 1629 1902 de
1663 1871 1844 1911 Parchym
1876 1872 2179 1911 Gripeswalden.

1988 1933 2001 1945 0

1463 1953 1554 1982 Anno
1580 1952 1803 1982 incarnationis
1832 1952 1950 1982 Christi
1977 1933 2206 1990 Mccffixmsl,
2234 1953 2336 1993 prima

1423 2003 1472 2032 die
1492 2002 1593 2038 Junii,
1615 2002 1801 2032 sufficienter
1817 2008 1984 2031 convocata
1998 2001 2146 2031 nascione
2162 2001 2335 2042 Anglicana

1421 2053 1460 2081 ad
1478 2052 1654 2092 eligendum
1670 2057 1903 2091 procuratorem
1922 2051 2003 2091 apud
2020 2051 2165 2081 Sanctum
2179 2051 2334 2082 sulianum

1422 2111 1600 2141 pauperem,
1631 2100 1716 2130 nullo
1746 2100 1931 2130 reclamante
1959 2100 2075 2130 electus
2099 2100 2155 2130 fuit
2184 2101 2332 2141 magister

1422 2150 1583 2180 Gotfridus
1599 2151 1637 2179 de
1651 2149 1804 2189 Parchym
1820 2149 2070 2189 Gripeswalden.
2084 2144 2088 2145 ⁷

1462 2200 1496 2229 ln
1512 2199 1598 2239 cujus
1617 2199 1840 2239 procuracione
1856 2205 1922 2228 acta
1939 2199 2062 2228 fuerunt
2074 2198 2131 2228 hec
2145 2209 2206 2238 que
2221 2200 2334 2228 subse-

1442 2254 1566 2276 uuntur.

1420 2258 1439 2287 q
1460 2296 1566 2325 Primo
1582 2294 1735 2325 celebrata
1754 2294 2001 2334 congregacione
2024 2294 2134 2333 prima,
2153 2300 2261 2334 quarta
2279 2294 2329 2324 die

1418 2345 1502 2374 Junii
1524 2345 1606 2384 apud
1629 2344 1773 2373 Sanctum
1796 2343 1983 2372 Maturinum
2004 2342 2194 2372 sufficienter
2211 2342 2332 2373 vocatis

1418 2395 1562 2424 omnibus
1575 2393 1733 2433 magistris
1746 2392 1948 2422 deliberatum
1962 2391 2158 2421 concorditer
2170 2392 2331 2422 exstiterat

1418 2444 1450 2473 in
1478 2444 1559 2473 hunc
1588 2443 1723 2478 modum,
1751 2443 1835 2482 quod
1859 2451 1953 2481 super
1981 2441 2090 2481 majori
2117 2441 2331 2471 declar-acione

1417 2491 1661 2532 computacionis
1673 2490 1846 2530 receptorie
1861 2490 2001 2530 magistri
2011 2489 2171 2519 Wilhelmi
2183 2490 2221 2518 de
2227 2488 2329 2519 Viridi

1417 2541 1522 2571 Monte
1538 2540 1640 2570 littera
1656 2541 1787 2579 quedam
1801 2539 1861 2569 sibi
1874 2539 2048 2569 mitteretur
2060 2538 2148 2578 juxta
2160 2539 2284 2568 modum
2299 2545 2330 2569 et

1417 2591 1543 2620 formam
1561 2588 1801 2619 deliberacionis
1819 2588 1958 2628 predicte
1981 2587 2155 2622 nascionis‚
2177 2597 2236 2627 que
2256 2587 2329 2617 dum

1415 2640 1586 2680 legebatur,
1609 2638 1798 2668 sufficienter
1816 2637 1965 2667 vocandis
1987 2636 2104 2666 vocatis
2126 2636 2242 2676 placuit
2262 2636 2329 2666 sin-

1415 2689 1508 2729 gulis,
1524 2688 1608 2718 nullo
1623 2687 1820 2717 reclamante.

1455 2738 1531 2768 Item
1548 2738 1654 2767 eadem
1667 2737 1717 2765 die
1729 2736 1813 2766 Junii
1826 2735 2004 2765 convocatis
2021 2734 2209 2764 sufficienter
2224 2734 2328 2764 omni-

1414 2788 1472 2816 bus
1486 2786 1644 2826 magistris
1658 2784 1815 2814 nascionis
1829 2783 2001 2824 Anglicane
2014 2784 2052 2813 ad
2065 2789 2258 2823 receptorem
2273 2783 2327 2812 eli·

1444 2872 1467 2894 4.
1507 2870 1560 2894 Vid.
1581 2870 1698 2894 inntrum.
1717 2877 1760 2893 an.
1781 2869 1852 2896 1345,
1869 2870 1929 2892 Iun.
1945 2868 1984 2897 22,
2003 2867 2028 2891 in
2047 2867 2168 2891 Chartul.
2190 2866 2281 2896 Univ„
2301 2867 2324 2891 n

1413 2911 1441 2930 πθ
1454 2907 1523 2930 1110.
