2632 3464
427 449 476 473 567

467 524 541 553 Item
563 533 642 551 anno
664 532 724 560 quo
750 530 842 559 supra
863 520 893 548 in
914 517 1040 557 vigilia'
1074 518 1159 546 beate
1184 517 1328 546 Katarine

428 584 485 613 ego
509 578 690 612 procurator
705 569 767 610 jam
790 570 890 598 dictus
910 579 976 597 cum
998 573 1158 606 receptore
1177 565 1328 595 adivimus

426 623 532 652 cistam
548 621 696 654 nacionis,
715 619 765 648 ubi
782 618 1011 657 reperiebamus
1027 616 1068 645 XI
1086 617 1207 644 francos
1223 621 1253 644 et
1268 616 1328 644 duo

427 678 512 701 scuta
533 670 658 709 antiqua
680 679 746 698 cum
769 668 809 696 VI
832 666 941 696 solidis
965 672 994 694 et
1015 665 1055 694 IX
1076 665 1225 699 denariis,
1250 674 1329 703 quos

427 720 544 759 recepit
561 725 703 758 receptor
715 718 751 746 ad
770 727 858 746 usum
871 715 1020 749 nacionis,
1040 720 1068 743 et
1082 714 1139 743 hoc
1153 724 1189 742 ex
1203 713 1329 742 ordina-

427 770 514 798 cione
528 768 664 797 nacionis
681 767 874 806 precedente.

468 819 542 848 Item
556 827 634 846 anno
650 826 711 856 quo
727 825 819 854 supra
838 815 913 843 facta
927 813 1173 853 congregacione
1191 811 1330 841 nacionis

428 868 508 907 apud
526 867 667 896 Sanctum
682 864 867 894 Maturinum
885 863 914 891 in
931 862 1066 891 crastino
1082 863 1169 890 beate
1185 860 1330 890 Katarine

428 917 503 946 liora
516 925 663 945 nonarum
677 913 788 942 Nostre
800 912 930 941 Domine
941 912 977 940 ad
990 911 1237 950 supplicandum,
1255 920 1331 949 sup-

429 965 554 1005 plicavit
570 964 715 1003 magister
734 961 887 990 Henricus
907 961 945 989 de
961 960 1157 994 Hosderden‚
1179 965 1331 998 quatenus

431 1015 457 1044 si
475 1014 618 1053 antiquus
636 1011 754 1042 rotulus
766 1010 778 1028 ²
799 1016 981 1043 remaneret,
999 1010 1081 1048 quod
1100 1019 1154 1038 sua
1174 1008 1331 1047 supplica-

431 1064 479 1093 cio
497 1074 557 1092 non
578 1068 755 1095 mutaretur,
779 1070 835 1088 nec
852 1059 1082 1088 interimeretur
1101 1068 1190 1097 quam
1206 1057 1282 1086 alias
1300 1057 1330 1085 in

431 1113 557 1141 nacione
578 1111 762 1150 optinuerat,
785 1120 852 1138 cum
872 1109 963 1137 fiebat
982 1107 1101 1136 rotulus
1118 1107 1274 1146 antiquus.
1293 1106 1332 1135 Et

431 1163 455 1191 si
472 1163 557 1190 fieret
568 1170 665 1189 novus
677 1159 806 1193 rotulus,
820 1164 971 1197 quatenus
987 1163 1094 1196 posset
1106 1156 1135 1185 in
1148 1156 1201 1184 illo
1214 1155 1332 1194 imponi

430 1212 545 1249 absque
574 1208 745 1249 prejudicio
774 1206 903 1247 alicujus
929 1206 1095 1246 presentiS.
1129 1206 1168 1235 Et
1194 1205 1249 1234 suit
1272 1205 1331 1234 sibi

431 1259 618 1299 supplicacio
637 1268 785 1287 concessa
804 1257 871 1286 sine
890 1255 1061 1296 prejudicio
1078 1255 1219 1289 aliorum,
1240 1260 1333 1293 prout

430 1309 590 1337 consuevit
610 1308 696 1336 nacio
718 1307 747 1335 in
768 1305 981 1335 consimilibus
1004 1305 1126 1334 casibus
1149 1305 1330 1333 concedere.

472 1358 545 1387 Item
564 1367 643 1386 anno
661 1366 722 1395 quo
739 1365 832 1395 supra
846 1356 921 1384 facta
937 1354 1182 1394 congregacione
1199 1352 1334 1382 Univer-

431 1407 529 1436 sitatis
553 1403 646 1445 su‘per
663 1405 757 1434 certis
775 1404 913 1434 articulis
935 1404 1015 1442 apud
1037 1403 1180 1432 Sanctum
1203 1401 1333 1430 Maturi-

431 1467 513 1490 num,
532 1457 608 1484 facta
627 1455 681 1484 suit
701 1454 794 1483 eciam
815 1453 1021 1492 congregacio
1043 1452 1182 1481 nacionis
1202 1452 1240 1480 ad
1258 1461 1334 1490 sup-

431 1506 606 1545 plicandum
622 1504 733 1532 ibidem
746 1502 812 1532 xva
823 1503 871 1531 die
889 1501 1087 1536 Decembris;
1104 1507 1133 1530 et
1147 1500 1334 1540 supplicavit

432 1555 553 1583 nacioni
590 1553 738 1592 magister
767 1552 914 1581 Albertus
950 1552 987 1580 de
1022 1550 1135 1585 Kalbe,
1166 1549 1334 1579 canonicus

434 1603 563 1632 ecclesie
582 1601 800 1636 Warmiensis,
820 1607 970 1640 quatenus
988 1606 1124 1628 maneret
1141 1599 1172 1628 in
1191 1599 1259 1627 loco
1278 1609 1334 1628 suo

435 1653 464 1681 in
483 1662 543 1692 quo
565 1652 686 1691 positus
709 1657 754 1679 est
775 1651 805 1679 in
828 1650 939 1684 rotulo,
962 1649 988 1678 si
1006 1649 1200 1688 contingeret
1220 1648 1334 1677 dictum

434 1701 565 1730 rotulum
582 1699 712 1729 rescribi
732 1699 781 1728 vel
796 1709 907 1728 novum
922 1698 988 1727 fieri
1004 1698 1034 1726 in
1053 1708 1107 1727 sua
1125 1697 1287 1733 absencia;
1306 1703 1335 1726 et

433 1751 487 1780 suit
502 1759 647 1779 concessa
663 1748 852 1788 supplicacio
868 1748 934 1777 sine
947 1746 1119 1787 prejudicio
1132 1746 1272 1786 alicujus.

474 1800 548 1828 Item
569 1798 683 1837 incepit
703 1798 845 1826 dominus
868 1797 1047 1836 prepositus
1064 1795 1335 1826 wormaciensis³

435 1849 609 1888 Currardus
624 1849 661 1876 de
674 1846 847 1881 Geilhusin,
863 1847 971 1875 doctor
986 1847 1180 1875 decretorum
1192 1845 1222 1874 in
1234 1845 1335 1874 Bono-

435 1898 496 1932 nia,
511 1899 567 1926 sub
580 1897 726 1936 magistro
741 1896 879 1925 Gerardo
893 1895 1014 1930 Kalcer,
1031 1894 1118 1934 cujus
1132 1895 1226 1924 bursa
1238 1894 1295 1923 XII
1308 1904 1333 1923 s.

435 1947 533 1976 Solvit
549 1953 577 1975 et
590 1945 702 1986 juravit
715 1945 736 1974 ⁴.

832 2038 930 2067 1378

509 2110 776 2140 Procuratoria
809 2110 978 2149 magistri
1009 2109 1187 2138 Johannis
1222 2109 1263 2137 de

729 2159 896 2198 Angusia
926 2159 1042 2187 Scoti.

475 2240 563 2269 Anno
577 2240 700 2269 Domini
712 2239 873 2268 millesimo
885 2239 1100 2268 trecentesimo
1110 2238 1338 2278 septuagesimo

436 2296 554 2324 octavm
570 2289 687 2318 decimo
706 2295 792 2317 sexto
813 2289 861 2317 die
881 2288 1072 2322 Decembris,
1093 2289 1169 2316 sacta
1190 2287 1245 2316 suit
1264 2297 1339 2315 con-

437 2339 582 2378 gregacio
604 2338 740 2367 nacionis
756 2337 927 2376 Anglicane
946 2337 1019 2365 bora
1035 2337 1133 2376 prime
1149 2337 1230 2375 apud
1247 2336 1339 2365 Sanc-

438 2395 500 2416 tum
512 2387 698 2416 Manui-inum
709 2388 746 2415 ad
757 2387 932 2425 eligendum
946 2397 1056 2415 novum
1068 2392 1299 2425 procuratorem
1311 2391 1341 2414 et

437 2438 474 2465 ad
502 2437 685 2465 audiendum
710 2442 884 2475 compotum
914 2436 1095 2474 receptoris.
1118 2435 1171 2463 Set
1198 2440 1339 2473 compoto

438 2486 607 2524 receptoris
639 2491 807 2524 prorogato
841 2491 968 2523 propter
1001 2484 1178 2513 electionem
1209 2483 1339 2512 rectoris

439 2534 716 2573 supervenientem,
734 2534 849 2562 electus
865 2534 962 2562 suerat
978 2533 1007 2561 in
1023 2539 1254 2572 procuratorem
1270 2542 1340 2561 con-

438 2584 573 2612 corditer
604 2584 640 2611 ab
667 2583 808 2611 omnibus
833 2582 989 2621 magistris
1014 2582 1161 2621 magister
1184 2581 1341 2610 Johannes

439 2633 476 2660 dc
501 2632 650 2671 Angusia,
677 2632 707 2660 in
733 2630 819 2671 cujus
842 2631 1054 2670 procuratoria
1081 2637 1145 2659 acta
1170 2636 1256 2659 erant
1282 2640 1341 2669 que

440 2687 593 2709 secuntur.

471 2760 492 2782 1.
528 2760 723 2783 Εἰλόνεηιῠνίε.

470 2796 492 2817 2.
528 2797 604 2826 Quem
616 2804 697 2818 mense
713 2795 788 2818 lunio
802 2794 906 2818 nuntius
920 2794 1049 2818 Get-ardue
1062 2793 1093 2816 de
1107 2794 1204 2817 Kalkar
1216 2802 1270 2816 curn
1284 2793 1343 2816 αΙιὶε

441 2830 591 2853 Avenionem
602 2834 757 2861 portaverat,

472 2867 493 2888 13.
528 2867 573 2889 Ms.
609 2866 817 2889 Wcrmociensis.
853 2865 944 2896 Agitur
975 2865 1007 2888 de
1039 2864 1132 2888 celebri
1164 2864 1284 2888 Conrado
1312 2865 1343 2888 dc

441 2900 615 2927 Gelnbauscn,
628 2901 671 2932 qui
679 2904 767 2932 postea
774 2901 871 2932 primus
882 2900 1050 2924 cancellarius
1063 2900 1238 2923 L‘nieersitatis
1248 2900 1345 2923 Heidel-

443 2936 569 2967 bergcnsis
585 2937 642 2967 suit.
660 2938 715 2959 Jam
733 2945 775 2959 an.
791 2937 850 2959 1344
867 2936 1045 2959 determinavit
1058 2938 1082 2958 et
1097 2935 1244 2959 licenciatus
1261 2939 1297 2959 est
1311 2937 1343 2967 (v.

443 2979 468 3002 p.
486 2973 523 3001 70,
540 2972 565 2999 7;
586 2973 623 2999 7⁶2,
642 2972 688 3001 15).
709 2972 812 2995 Interim
825 2972 956 2995 Bononiae
972 2972 1022 3002 suit
1039 2971 1070 3003 (ν.
1090 2971 1222 3002 Iudicem).
1243 2971 1345 2995 Minime

962 441 1183 468 AUCTARIUM
1205 440 1464 466 CHARTULARII
1483 441 1656 467 UNIVERS.
1679 442 1796 468 PARIS.

1369 962 1403 989 10

1370 1209 1403 1235 15

1372 1455 1405 1480 20

1373 1701 1406 1727 25

1374 1947 1408 1972 30

1376 2192 1409 2218 35

1380 2681 1413 2707 45

1704 0 1717 4 ¹⁷
1726 0 1732 3 ·
1741 0 1743 2 ·
1751 0 1785 23 5¹⁷,
1800 11 1802 14 ,
1821 0 1840 7 ·=·
1866 0 1877 4 ⁴
1934 0 1963 11 NJ„
1976 0 2109 15 mgvsneffirr
2120 0 2286 20 xvvfffflvpyffii

1844 541 1941 571 1379

1457 615 1554 644 ⁴Item
1579 625 1658 645 anno
1687 627 1748 656 quo
1778 627 1883 657 supra,
1907 617 2089 647 duodecimo
2117 617 2167 647 die
2195 617 2344 654 Januarii,

1440 664 1555 704 incepit
1568 665 1718 705 magister
1734 666 1890 696 Johannes
1906 666 2032 696 Murser
2050 666 2162 696 Scotus
2178 667 2236 696 sub
2251 666 2346 706 magi-

1439 719 1504 743 stro
1522 714 1661 743 Gerardo
1677 715 1800 751 Calkar‚
1818 714 1905 755 eujus
1925 716 2020 745 bursa
2034 715 2107 745 VIII
2124 714 2226 744 solidi.
2246 715 2347 745 Solvit
2378 742 2380 745 .

1440 768 1469 792 et
1486 761 1607 801 iuravit.

1480 812 1556 841 ltem
1571 823 1652 842 anno
1665 813 1854 853 supradicto,
1869 813 1957 843 X1112
1972 814 2022 843 die
2034 813 2184 848 Januarii,
2200 813 2279 843 sacta
2291 813 2348 843 fuit

1439 862 1646 901 congregacio
1670 863 1809 892 nacionis
1830 862 2002 902 Anglicane
2033 863 2110 892 hora
2137 863 2235 902 prime
2264 862 2345 903 apud

1441 909 1585 940 Sanctum
1603 911 1790 941 Maturinum
1800 912 1837 941 ad
1853 912 2038 942 audiendum
2052 918 2226 951 compotum
2240 921 2346 951 recep-

1440 960 1517 988 toris
1533 966 1563 988 et
1580 961 1618 989 ad
1636 959 1811 1000 eligendum
1831 971 1943 990 novum
1965 967 2210 1000 procuratorem,
2227 966 2257 990 et
2273 970 2347 1000 pro-

1441 1015 1568 1048 rogatus
1589 1009 1644 1038 suit
1665 1016 1827 1049 computus
1850 1010 2022 1049 receptoris
2042 1016 2072 1039 et
2093 1010 2271 1039 continuata
2293 1009 2348 1039 fuit

1440 1058 1653 1097 procuratoria
1670 1059 1799 1097 predicti
1814 1059 1955 1098 magistri
1969 1059 2119 1089 Johannis
2140 1060 2177 1088 de
2194 1058 2345 1099 Angusia.

1482 1106 1556 1135 Item
1571 1107 1638 1136 XV·
1650 1107 1700 1136 die
1715 1106 1851 1146 ejusdem
1865 1109 1981 1148 mensis
1996 1109 2077 1148 apud
2090 1110 2234 1138 Sanctum
2251 1107 2348 1137 Matu-

1441 1155 1541 1185 rinum
1570 1157 1659 1185 datus
1683 1156 1740 1185 fuit
1767 1163 1929 1196 compotus
1961 1157 2146 1197 recepturis,
2173 1163 2203 1187 et
2231 1167 2349 1186 summa

1441 1211 1565 1244 recepta
1585 1216 1618 1235 se
1639 1207 1822 1235 extendebat
1846 1207 1885 1235 ad
1903 1206 2018 1236 XXXII
2037 1206 2146 1241 libras,
2166 1206 2209 1236 XI
2229 1206 2349 1235 solidos

1442 1261 1471 1284 et
1488 1254 1530 1284 IX
1549 1255 1704 1290 denarios,
1724 1265 1841 1284 summa
1858 1265 1934 1285 vero
1953 1265 2158 1295 expensarum
2176 1256 2214 1284 ad
2233 1254 2348 1284 XXXII

1442 1304 1550 1339 libras,
1570 1305 1706 1343 quinque
1725 1304 1843 1334 solidos
1860 1311 1891 1334 et
1906 1304 1946 1334 VI
1964 1305 2121 1339 denarios,
2141 1311 2170 1334 et
2187 1304 2232 1333 sic
2248 1303 2350 1333 omni-

1442 1355 1500 1383 bus
1515 1354 1698 1393 computatis
1711 1359 1927 1383 remanserunt
1941 1354 1982 1383 VI
1999 1353 2092 1383 solidi
2107 1360 2137 1383 et
2157 1353 2201 1382 111
2218 1353 2348 1388 denarii,

1443 1404 1480 1432 de
1496 1403 1609 1442 quibus
1625 1413 1679 1432 sex
1700 1403 1791 1432 solidi
1807 1409 1894 1432 erant
1909 1403 1971 1432 dati
1986 1402 2117 1432 bedellis
2132 1413 2149 1432 a
2163 1403 2302 1437 nacione,
2320 1408 2350 1431 et

1444 1452 1488 1482 sic
1501 1458 1716 1481 remanserunt
1728 1458 1792 1481 tres
1810 1452 1930 1481 denarii
1943 1452 2076 1481 nacioni.

1485 1501 1559 1531 Item
1584 1501 1693 1540 quinto
1712 1501 1761 1530 die
1782 1501 1898 1530 mensis
1921 1501 2082 1530 Februarii
2102 1502 2178 1530 facta
2203 1500 2258 1530 suit
2278 1510 2350 1529 con-

1444 1550 1588 1590 gregacio
1605 1550 1745 1579 nacionis
1763 1551 1844 1589 apud
1860 1550 2005 1579 Sanctum
2023 1550 2212 1579 Maturinum
2234 1549 2274 1578 ad
2293 1548 2351 1578 eli-

1444 1601 1577 1639 gendum
1600 1600 1824 1629 examinatores
1842 1605 1947 1628 sancte
1967 1599 2124 1628 Genovefe
2144 1605 2174 1628 et
2193 1598 2351 1628 examina-

1444 1655 1528 1678 tores
1553 1648 1838 1684 determinancium‚
1862 1655 1892 1677 et
1917 1649 1955 1677 ad
1980 1648 2217 1688 supplicandum
2243 1647 2270 1676 si
2297 1647 2350 1687 qui

1444 1698 1600 1727 voluerint
1621 1697 1808 1737 supplicare,
1830 1704 1860 1727 et
1879 1697 1967 1727 electi
1986 1698 2110 1727 fuerunt
2127 1697 2351 1726 examinatores

1446 1754 1550 1776 sancte
1565 1746 1721 1776 Genovefe
1736 1746 1884 1786 magister
1900 1746 2056 1776 Johannes
2073 1747 2110 1775 de
2126 1745 2278 1775 Hokelem
2293 1755 2351 1784 pro

1446 1797 1545 1836 primo
1568 1806 1684 1831 mense,
1709 1795 1857 1835 magister
1876 1795 2043 1825 Nicholaus
2066 1796 2104 1824 de
2126 1794 2268 1824 Haerlem
2294 1804 2352 1834 pro

1446 1846 1582 1875 secundo
1609 1855 1725 1880 mense,
1756 1851 1786 1874 et
1814 1844 1944 1884 quilibet
1974 1844 2104 1874 istorum
2135 1843 2228 1873 solvit
2258 1853 2351 1873 unum

1446 1896 1581 1924 francum
1607 1895 1644 1924 ad
1666 1895 1844 1934 potandum,
1871 1900 1901 1923 et
1922 1893 2069 1933 magister
2090 1893 2271 1923 Com-ardus
2297 1892 2353 1922 suit

1446 1942 1561 1971 electus
1590 1951 1648 1981 pro
1675 1941 1773 1970 tercio
1795 1951 1911 1975 mense,
1939 1941 1993 1980 qui
2018 1940 2113 1969 eciam
2143 1939 2235 1969 solvit
2259 1949 2352 1969 unum

1446 1993 1600 2025 francum
1622 1990 1803 2019 restituetur
1820 1989 1880 2019 sibi
1901 1995 2000 2019 tamen
2020 1989 2180 2019 dimidium
2203 1989 2351 2024 francum,

1446 2041 1472 2070 si
1497 2050 1559 2069 non
1580 2039 1722 2068 habuerit
1739 2038 1800 2068 nisi
1823 2049 1913 2068 unam
1937 2038 2130 2068 audicionem
2152 2038 2183 2067 in
2211 2036 2353 2077 predicto

1447 2099 1569 2124 mense3
1592 2095 1621 2118 et
1639 2088 1666 2117 si
1684 2088 1799 2117 nullam
1819 2087 1971 2123 habuerit,
1993 2087 2172 2116 restituetur
2191 2086 2252 2116 sibi
2273 2086 2354 2115 inte-

1446 2148 1535 2178 grum
1558 2138 1704 2166 francum.
1731 2137 1806 2166 Item
1832 2136 2017 2176 supplicavit
2038 2136 2186 2175 magister
2209 2135 2354 2164 Galterus

1448 2186 1643 2227 Gayselberti
1665 2187 1772 2215 eodem
1790 2186 1851 2221 die,
1869 2186 1953 2225 quod
1970 2191 2078 2225 posset
2098 2191 2179 2215 stare
2202 2184 2233 2213 in
2253 2183 2354 2213 rotolo

1448 2237 1479 2266 in
1499 2237 1606 2265 eodem
1624 2236 1692 2265 loco
1711 2236 1742 2264 in
1760 2245 1821 2274 quo
1840 2235 1939 2264 stabat
1961 2234 1992 2263 in
2012 2234 2113 2264 rotolo
2130 2234 2256 2263 Urbano
2276 2233 2354 2262 diri-

1448 2286 1560 2325 gendo.
1582 2285 1621 2314 Et
1636 2294 1783 2314 concessa
1803 2284 1860 2313 suit
1877 2294 1932 2313 sua
1951 2282 2142 2323 supplicacio
2160 2282 2356 2312 concorditer

1449 2341 1478 2364 et
1513 2334 1706 2373 simpliciter.
1746 2333 1821 2363 Item
1854 2332 1943 2362 electi
1977 2333 2100 2362 fuerunt
2130 2331 2354 2360 examinatores

1449 2383 1721 2413 determinancium
1737 2382 1886 2421 magister
1899 2381 2053 2410 Jordanus
2071 2381 2108 2409 de
2127 2380 2236 2415 Clivis,
2256 2379 2356 2419 magi-

1450 2439 1513 2462 ster
1529 2433 1686 2461 Gerardus
1706 2431 1829 2466 Kalkar,
1849 2430 1996 2470 magister
2018 2430 2109 2469 Hugo
2131 2429 2169 2458 de
2190 2429 2353 2458 Her-vorst.

1873 2523 1969 2553 1379

1472 2599 1543 2637 (Fol.
1574 2600 1610 2628 20
1626 2597 1649 2637 ¹³)
1680 2595 1948 2626 Procuratoria
1975 2594 2144 2633 Philippi
2179 2592 2333 2633 Pingh5.

1491 2678 1581 2707 Anno
1599 2677 1722 2706 Domini
1738 2677 1768 2705 M
1785 2675 1865 2706 CCC
1883 2674 2020 2709 LXXIX,
2040 2674 2158 2703 decima
2175 2674 2225 2702 die
2241 2673 2357 2702 mensis

1451 2758 1558 2781 Parisiis
1569 2757 1594 2780 in
1602 2756 1678 2780 theol.
1690 2755 1836 2780 licentiatus
1848 2757 1893 2783 est,
1907 2754 1966 2778 licet
1977 2762 2021 2778 an.
2032 2754 2092 2777 1379
2107 2761 2162 2785 sqq.
2178 2752 2272 2776 ibidem
2288 2751 2356 2776 theo·

1452 2793 1536 2826 lagiae
1554 2793 1689 2816 studuerit.

1482 2831 1506 2852 [ι.
1538 2828 1605 2852 Add.
1619 2836 1666 2851 ms.
1683 2827 1709 2851 in
1724 2826 1839 2858 margine
1858 2834 1865 2848 .·
1880 2826 1947 2849 Nota
1961 2825 2031 2856 quod
2046 2824 2107 2847 licet
2117 2823 2247 2855 juraverit
2259 2830 2358 2854 procu-

1453 2864 1534 2888 ratori
1544 2867 1569 2887 et
1579 2863 1673 2887 rectori
1685 2862 1814 2886 etbursus
1826 2861 1934 2884 solverit
1943 2861 2081 2892 complete,
2094 2867 2144 2883 non
2152 2863 2238 2883 tumen
2250 2857 2356 2889 incepit,

1454 2903 1479 2923 ct
1491 2908 1539 2931 per
1552 2907 1714 2930 consequens
1726 2906 1777 2921 non
1790 2900 1830 2920 est.
1843 2896 1970 2927 magister
1984 2895 2011 2918 in
2025 2895 2136 2919 artibus.

1484 2937 1505 2959 5.
1542 2936 1610 2958 Haec
1627 2934 1730 2957 rubrica
1744 2941 1769 2956 m
1782 2932 1900 2964 margine
1913 2931 2040 2964 superiori
2050 2930 2096 2962 sol.
2109 2931 2136 2954 21
2153 2932 2177 2953 et
2190 2930 2219 2953 22
2226 2929 2355 2961 repetitur,

1453 2970 1544 2994 addito
1557 2970 1588 2993 de
1602 2978 1614 2993 «
1627 2969 1749 2992 Emhrica
1760 2976 1782 2991 i).
