2632 3464
302 441 358 468 557

305 516 511 558 prejudicium
533 517 579 547 eis
608 518 734 548 deberet
757 518 824 547 fleri
854 518 978 548 racione
1002 517 1212 547 distinctionis

305 566 480 602 nacionum,
508 567 592 606 quod
620 567 698 596 sorte
731 576 812 597 unus
841 567 989 607 magister
1018 567 1108 596 unius
1139 566 1211 595 anni

302 615 532 654 superveniens
545 621 576 645 et
595 616 712 645 beanus
725 615 764 644 de
783 615 911 645 nacione
934 615 1154 645 Piccardorum
1174 616 1212 644 de

302 664 411 704 gracia
425 670 532 694 nostra
553 665 591 693 ad
615 664 674 694 hoc
695 664 849 694 admissus
868 663 1077 704 prejudicaret
1095 663 1212 694 seniori

306 719 338 742 et
350 713 518 743 valenciori
533 713 682 754 magistro
696 719 803 743 nostre
816 713 955 743 nacionis
969 723 1072 743 secum
1085 723 1213 743 concur-

306 762 416 792 rendo.
430 761 504 792 lstis
519 762 690 801 propositis
702 771 772 792 cum
786 761 970 802 quibusdam
984 762 1053 791 aliis
1066 762 1214 802 magister

308 809 467 840 Arnoldus
480 811 518 840 de
527 810 683 840 'Emelisse
697 810 798 849 [dixit]
807 811 890 850 quod
905 811 942 840 ad
958 811 1017 840 hoc
1027 811 1138 841 sactum
1151 821 1213 840 non

307 860 453 900 tangebat
467 869 505 889 ex
521 866 609 900 parte
623 860 816 900 quorundam
826 859 1062 890 Selandinorum
1075 859 1083 878 ‘
1106 869 1213 900 super-

311 908 504 938 veniencium
530 908 784 939 concurrencium
810 919 877 938 cum
902 909 1087 949 quibusdam
1116 909 1214 950 magi-

314 957 390 987 stris
412 963 519 987 nostre
543 957 683 988 nacionis
704 958 850 997 dyocesis
867 957 1088 998 Trajectensis.

713 1049 811 1080 13⁷8
1204 1059 1219 1076 e

306 1119 398 1151 Acta
437 1127 522 1151 sunt
564 1120 628 1151 hec
668 1121 704 1150 in
742 1122 1006 1161 procuratoria
1044 1123 1215 1164 magistri

456 1169 556 1200 Petri
581 1170 806 1210 Engelhardi
833 1171 874 1200 de
898 1171 1066 1201 Austria.

347 1249 438 1280 Anno
457 1249 583 1279 Domini
597 1250 628 1279 M
649 1250 744 1281 CCC⁰
760 1250 928 1286 LXXVIII,
945 1252 1023 1281 facta
1042 1261 1217 1292 congrega-

305 1298 397 1328 cione
407 1298 626 1328 Universitatis
640 1299 679 1328 ad
693 1299 838 1330 Sanctum
847 1299 1046 1336 Maturinum‚
1056 1307 1128 1340 post
1138 1301 1217 1331 hanc

309 1347 423 1377 ibidem
439 1347 613 1377 immediate
632 1354 698 1378 erat
718 1349 925 1389 congregacio
943 1349 1082 1379 nacionis
1101 1351 1140 1379 ad
1160 1350 1218 1380 eli-

306 1397 443 1437 gendum
469 1402 714 1437 procuratorem.
738 1397 864 1427 Electus
887 1398 942 1428 suit
962 1399 1160 1428 concorditer
1185 1399 1217 1429 in

309 1451 540 1486 procuratorem
556 1445 704 1485 magister
718 1445 830 1476 Petrus
843 1446 1032 1487 Engelbardi
1043 1448 1080 1477 de
1092 1448 1219 1478 Austria

306 1504 346 1524 ex
361 1494 496 1525 unanimi
511 1504 666 1524 consensu
682 1495 900 1535 magIstrorum
919 1497 1059 1535 predicte
1078 1497 1217 1527 nacionis

309 1549 382 1573 tunc
395 1543 604 1583 presencium,
619 1543 651 1573 in
665 1542 753 1584 cujus
768 1545 980 1584 procuratoria
991 1552 1056 1575 acta
1072 1553 1143 1575 sunt
1158 1557 1218 1586 que

308 1592 553 1632 subsequuntur.
566 1592 606 1622 Et
617 1592 757 1632 predicta
769 1594 976 1634 congregacio
989 1601 1055 1624 erat
1066 1605 1146 1624 anno
1157 1606 1218 1635 quo

307 1650 415 1681 supra,
438 1640 480 1671 11·
501 1640 552 1670 die
572 1641 689 1671 mensis
710 1642 805 1678 Junii,
827 1652 887 1682 que
906 1649 972 1673 erat
988 1643 1129 1683 proxima
1144 1645 1219 1674 feria

305 1695 419 1730 quarta
432 1695 502 1719 ante
517 1690 626 1719 festum
642 1689 875 1721 penthecostes.

350 1738 456 1768 Primo
472 1739 549 1768 facta
563 1739 809 1779 congregacione
821 1741 860 1770 ad
874 1740 1018 1770 Sanctum
1031 1741 1218 1772 Maturinum

310 1787 451 1818 nacionis
468 1797 550 1817 anno
569 1797 631 1827 quo
649 1798 755 1828 supra,
775 1789 825 1819 die
846 1788 933 1819 VIII·
952 1790 1068 1820 mensis
1084 1790 1167 1820 Junii
1187 1791 1219 1821 in

308 1835 401 1866 nonis
420 1835 534 1866 Nostre
552 1836 684 1867 Domine
704 1837 743 1867 ad
762 1838 1010 1878 supplicandum,
1033 1840 1220 1880 supplicavit

311 1885 460 1926 magister
489 1884 670 1915 Gerbardus
697 1886 735 1916 de
770 1885 894 1923 Calear,
925 1894 1056 1928 protunc
1087 1890 1219 1920 nuncius

308 1933 404 1964 rotuli
422 1934 461 1964 ad
479 1934 594 1964 curiam
612 1934 791 1971 mittendus,
807 1946 875 1966 cum
891 1936 966 1966 alias
986 1937 1018 1966 in
1035 1938 1126 1977 plena
1143 1949 1220 1968 con-

308 1983 499 2024 gregacione
513 1983 652 2014 nacionis
669 1984 809 2024 predicte
825 1985 916 2015 suerit
931 1987 1127 2017 concorditer
1139 1988 1219 2018 deli-

311 2032 462 2068 beratum,
481 2032 565 2072 quod
582 2032 609 2062 si
626 2031 659 2062 in
675 2033 814 2073 negociis
828 2034 921 2064 rotuli
938 2036 1051 2066 faceret
1065 2046 1219 2076 expensas

311 2080 393 2111 ultra
403 2090 551 2111 summam
561 2091 579 2110 a
591 2081 719 2112 nacione
729 2082 790 2112 sibi
800 2083 1040 2124 traditam‚quod
1051 2085 1083 2115 in
1094 2085 1219 2116 redditu

312 2139 370 2160 suo
384 2130 516 2170 prestito
529 2136 673 2170 computo
689 2131 729 2161 de
745 2132 893 2171 expensis
907 2133 987 2163 ultra
1002 2134 1090 2164 factis
1107 2145 1220 2165 secun-

308 2179 385 2208 dum
409 2188 494 2208 suam
518 2178 743 2210 conscienciam
766 2180 855 2211 nscio
876 2180 946 2212 illas
970 2192 1121 2222 expensas
1139 2183 1220 2214 ultra

309 2236 460 2257 summam
488 2227 718 2258 racionabiliter
744 2230 839 2260 lactas
863 2240 922 2270 per
945 2241 1013 2261 eum
1039 2232 1099 2262 sibi
1128 2233 1219 2272 plene

309 2277 504 2312 refunderet,
532 2282 563 2306 et
591 2282 625 2307 ut
649 2277 879 2318 relinqueretur
905 2280 944 2309 de
972 2279 1031 2310 hoc
1054 2282 1218 2318 memoria,

310 2324 421 2365 petivit
445 2325 564 2355 literam
586 2325 736 2356 nacionis.
757 2326 854 2367 Cujus
875 2328 1067 2368 supplicacio
1087 2336 1220 2370 protunc

308 2373 453 2404 extiterat
474 2373 627 2404 exaudita.
657 2374 794 2416 Itemque
817 2376 976 2416 predictus
1009 2378 1156 2419 magister
1188 2379 1220 2409 in

314 2423 419 2453 eadem
442 2423 689 2464 congregacione
710 2424 880 2455 insinuavit
899 2426 1057 2466 magistris
1080 2428 1220 2458 nacionis

313 2471 464 2511 predicte,
476 2472 559 2512 quod
570 2472 598 2502 si
607 2472 724 2512 aliquid
732 2473 791 2503 sibi
803 2473 900 2504 velint
908 2474 1070 2516 injungere
1083 2486 1120 2506 ex
1134 2483 1220 2517 parte

311 2520 463 2557 nacionis,
480 2521 564 2561 quod
580 2521 612 2551 in
629 2522 715 2552 curia
730 2522 866 2553 Romana
881 2524 983 2563 possit
997 2525 1119 2565 exequi,
1134 2526 1220 2556 salvo

340 2610 364 2634 1.
398 2611 420 2634 1.
437 2618 459 2634 a.
470 2610 503 2634 de
518 2610 651 2640 Zelandia,
674 2612 830 2644 ijectem.
841 2613 922 2637 dioec.

342 2646 366 2669 2.
398 2645 438 2670 Ab
448 2654 491 2670 an.
506 2646 576 2677 1⁸77.
586 2654 670 2671 mense
679 2647 752 2677 Maii,
764 2648 897 2672 Manilius
909 2648 942 2673 de
950 2648 1045 2681 Inghen
1056 2649 1158 2680 absens,
1166 2653 1220 2675 tam

310 2680 449 2709 Auen-ione.
467 2689 544 2714 quam
560 2683 664 2711 Romae,
679 2691 728 2715 pro
743 2684 852 2715 κομιῶ
869 2684 1047 2709 enim-itacio
1064 2685 1125 2718 (oid.
1141 2693 1220 2718 supra

310 2724 338 2748 p.
354 2715 409 2745 ³17,
424 2717 480 2748 519)
493 2717 652 2747 morabatur,
665 2721 689 2742 et
701 2718 757 2751 «jue
769 2727 858 2743 nomen
872 2719 961 2744 ultimo
979 2720 1004 2744 ιἰι
1021 2720 1076 2745 Lib.
1087 2729 1160 2753 proc.
1174 2722 1218 2746 ad.

309 2758 356 2775 aa.
375 2751 445 2780 1³77,
461 2752 529 2785 Aug.
542 2753 566 2781 7,
583 2753 708 2785 reperitur
715 2754 778 2786 (vid.
794 2762 872 2786 supra
884 2763 910 2787 p.
923 2756 977 2784 52³,
986 2756 1035 2788 112),
1046 2764 1092 2780 nac
1107 2764 1220 2789 unquam

313 2785 361 2810 Ιιοι·
369 2788 480 2819 tempore
492 2789 520 2811 ut
526 2795 651 2820 praesens
664 2789 771 2813 Parisii·
784 2789 901 2822 affertur,
913 2799 969 2814 cum
981 2794 1066 2815 tamen
1078 2791 1178 2816 interim
1193 2792 1220 2816 in

312 2821 417 2845 naaion
429 2821 463 2846 de
475 2822 584 2855 negotiis
595 2823 719 2857 grauibus
737 2829 864 2858 ageretur,
882 2826 958 2850 immo
974 2827 1087 2851 ncne'oree
1102 2827 1222 2861 maginem*

310 2856 427 2881 nuto-is
443 2861 661 2889 enumerarentur,
679 2859 743 2892 ipso,
762 2868 813 2884 ωιο
833 2861 866 2885 de
883 2861 1049 2894 ζωοῖσι-ἰόν,
1067 2862 1220 2894 nestoriane,

315 2891 409 2916 ntalem
421 2891 483 2924 (vid.
497 2901 524 2925 p.
535 2894 590 2923 ⁶2⁶,
603 2895 647 2922 83:
661 2895 719 2925 Μῦς
732 2896 795 2928 589),
809 2898 865 2928 Quo
870 2899 949 2929 pacto
962 2897 1041 2930 igilur
1052 2906 1130 2930 supra
1143 2898 1222 2922 acribt'

310 2926 406 2959 potuit.
423 2928 557 2953 flurium
574 2929 754 2955 udan-elaea«
771 2931 820 2955 nub
842 2940 910 2965 mag.
934 2933 1052 2957 Maru'h'o
1069 2933 1102 2958 de
1123 2934 1220 2966 lugbe-

313 2962 508 2993 daeurmlnanu.
523 2972 578 2988 eum
589 2965 676 2990 atatim
685 2969 786 2999 potua,
799 2967 836 2991 sd
849 2969 908 2992 Jun.
923 2969 961 2998 12,
972 2969 1107 3000 reseratur,
1125 2969 1220 2994 Maru*—

1130 0 1356 23 ,V'r'yfl‘ssfiwfffflwj‘
1363 0 1519 19 mem-*maz*-
1531 0 1581 18 ‘see'
1600 0 1614 13 ν.
1627 0 1662 11 w<-

817 442 930 469 LIBER
953 441 1267 468 PROCURATORUM
1287 441 1467 468 NATIONIS
1485 442 1730 468 ANGLICANAE

1251 961 1286 987 10

1254 1206 1287 1232 ¹5

1255 1451 1289 1478 20

1256 1697 1289 1723 25

1256 1942 1290 1968 30

1257 2186 1290 2213 35

1257 2432 1291 2458 40

1662 0 1709 22 gw‘
1731 0 1822 17 l-,wrvzv
1845 0 1883 10 *rr-2
1906 0 1960 7 --”-
1975 0 2013 10 :ar
2027 0 2032 5 ⁷
2050 0 2082 5 ·-*·
2114 0 2139 4 ⁷⁷
2171 0 2179 6 ⁴
2224 0 2229 3 ·
2250 0 2254 4 '

2177 447 2229 471 558

1321 527 1377 547 suo
1386 517 1572 557 juramento,
1585 518 1653 557 Ipse
1667 519 1811 548 redderet
1826 530 1858 548 se
1870 527 2008 559 paratum
2025 522 2060 549 ad
2073 532 2230 561 exequen-

1322 567 1406 602 dum,
1429 572 1575 606 quantum
1599 567 1631 596 in
1658 578 1694 596 eo
1716 575 1800 597 esset
1825 569 1863 597 ad
1890 570 2121 608 suscipiendum
2151 582 2229 601 onus

1321 614 1487 655 cujuslibet
1499 615 1569 644 talis
1587 626 1603 644 a
1618 616 1745 645 nacione
1757 617 1815 646 sibi
1829 618 1996 647 commissi.
2010 618 2047 648 Et
2060 626 2131 648 tunc
2143 621 2229 649 nacio

1321 663 1408 693 dedit
1421 664 1596 703 deputatos,
1613 663 1665 703 qui
1677 663 1765 703 juxta
1781 671 1918 694 tenorem
1935 666 2017 695 bulle
2033 668 2231 706 conciperent

1323 712 1455 752 aliquem
1480 713 1603 742 modum
1623 711 1711 752 juxta
1734 723 1823 753 quem
1845 714 2035 744 scriberetur
2054 716 2090 744 ad
2116 717 2229 746 curiam

1323 761 1491 791 Romanam
1513 762 1551 791 ad
1573 761 1742 791 tollendum
1761 772 1939 802 gravamen,
1954 765 2036 803 quod
2052 764 2083 793 in
2101 771 2231 804 tempta-

1322 810 1403 839 mine
1439 810 1549 840 Sancte
1589 810 1735 840 Genefese
1768 812 1903 852 singulis
1942 813 2031 842 annis
2072 814 2230 843 nacionem

1322 865 1470 895 nostram,
1498 859 1571 888 licet
1592 860 1693 889 minus
1714 859 1810 900 juste,
1835 867 1941 890 contra
1970 861 2118 891 honorem
2144 873 2230 893 suum

1323 914 1516 948 aggravaret.
1531 909 1675 948 Deputati
1689 916 1775 939 erant
1793 910 1940 950 magister
1954 910 2095 941 Matheus
2108 912 2230 947 Scotus,

1323 957 1471 997 magister
1494 957 1587 997 Hugo
1609 959 1647 987 de
1670 958 1833 994 Hervorst,
1858 960 2004 1000 magister
2018 961 2175 990 Johannes
2195 963 2232 990 de

1325 1006 1469 1036 Saxonia.
1489 1006 1626 1046 Itemque
1641 1008 1781 1046 magistri
1791 1014 1862 1038 tunc
1876 1016 2038 1048 presentes
2051 1011 2089 1039 de
2106 1010 2231 1040 introitu

1323 1055 1450 1085 taberne
1469 1056 1704 1086 consencientes
1726 1056 1823 1086 XXVI
1842 1057 1960 1087 solidos
1983 1067 2230 1093 consumserunt.

1324 1114 1403 1144 quos
1420 1115 1479 1144 ego
1498 1111 1630 1144 protunc
1647 1112 1831 1144 procurator
1847 1107 2021 1137 nominatus
2036 1107 2168 1137 libenter
2181 1119 2233 1138 ex-

1324 1154 1416 1189 solvi,
1438 1164 1507 1183 cum
1531 1154 1586 1183 XX
1603 1155 1770 1184 eorundem
1793 1165 1809 1184 a
1829 1155 1954 1185 domino
1975 1164 2136 1196 receptore
2147 1156 2233 1196 juxta

1326 1213 1441 1232 morem
1467 1202 1550 1232 illius
1573 1203 1785 1242 procuratorie
1808 1205 1897 1234 datos
1922 1205 2079 1235 habuerim
2104 1216 2162 1246 pro
2189 1206 2233 1235 la—

1326 1253 1413 1281 bore.

1366 1300 1441 1330 Item
1455 1301 1496 1330 Χ·
1514 1301 1563 1330 die
1581 1302 1697 1331 mensis
1714 1302 1798 1332 Junii
1821 1303 1897 1332 sacta
1910 1303 1966 1333 suit
1978 1305 2184 1344 congregacio
2197 1306 2233 1334 ad

1326 1349 1471 1380 Sanctum
1495 1350 1682 1380 Maturinum
1702 1352 1740 1380 ad
1767 1351 2014 1391 supplicandum.
2043 1353 2235 1393 Supplicavit

1326 1399 1476 1439 magister
1511 1399 1669 1429 Iohannes
1707 1399 1855 1439 Stral[en]
1891 1411 1928 1430 ex
1969 1408 2054 1441 parte
2095 1403 2234 1442 magistri

1326 1447 1480 1477 Gerhardi
1506 1454 1639 1488 protunc
1658 1450 1763 1479 nuncii
1788 1460 1825 1479 ex
1847 1457 1935 1490 parte
1957 1451 2066 1486 rotuli,
2090 1452 2234 1491 quatinus

1327 1497 1415 1526 nacio
1437 1497 1618 1537 dignaretur
1634 1498 1695 1527 sibi
1714 1499 1884 1529 concedere
1903 1500 1960 1529 XII
1980 1501 2114 1535 francos,
2133 1508 2163 1530 et
2178 1511 2235 1540 pro

1327 1546 1390 1576 illis
1423 1557 1444 1575 a·
1478 1547 1662 1586 quibusdam
1696 1548 1870 1587 magistris,
1906 1549 2051 1579 videlicet
2086 1550 2234 1590 magistro

1326 1595 1466 1625 «Iohanne
1491 1596 1528 1625 de
1552 1596 1686 1626 Saxonia
1709 1603 1739 1626 et
1764 1598 1802 1626 de
1824 1598 1973 1637 magistro
1998 1599 2121 1630 Matheo
2143 1599 2235 1629 Scoto

1326 1644 1467 1684 accipere
1510 1645 1709 1675 sufficientem
1747 1646 1923 1676 caucionem
1961 1654 2012 1677 aut
2050 1647 2236 1677 sufficieneia

1327 1692 1463 1733 pignora
1484 1703 1541 1733 pro
1560 1695 1699 1733 predicta
1716 1705 1843 1730 summa,
1861 1697 1913 1735 qui
1932 1696 1963 1725 in
1985 1697 2089 1726 eadem
2110 1707 2147 1726 ex
2165 1698 2235 1737 qui-

1327 1742 1456 1771 busdam
1474 1743 1511 1772 ad
1531 1743 1664 1772 rotulum
1680 1743 1834 1783 impositis
1850 1744 1910 1774 sibi
1930 1745 2148 1785 obligabantur
2165 1747 2235 1785 qui-

1328 1790 1404 1820 libet
1426 1801 1532 1821 eorum
1559 1791 1590 1821 in
1615 1791 1655 1821 Vl
1678 1793 1802 1822 francis.
1830 1793 1869 1823 Et
1895 1800 1959 1824 erat
1983 1794 2173 1834 supplicacio
2197 1796 2234 1823 ab

1327 1841 1470 1870 omnibus
1497 1841 1695 1871 concorditer
1726 1852 1875 1872 concessa
1903 1844 2070 1872 secundum
2098 1850 2234 1873 tenorem

1330 1881 1524 1929 expressum,
1543 1890 1687 1920 videlicet
1708 1897 1740 1920 ut
1761 1891 1891 1930 quilibet
1910 1902 2015 1922 eorum
2036 1892 2234 1922 sufficientem

1327 1939 1498 1968 cautionem
1522 1939 1635 1969 faceret
1655 1946 1707 1969 aut
1728 1939 1914 1970 sufficiencia
1932 1941 2063 1981 pignora
2085 1941 2237 1981 obligaret

1328 1997 1387 2028 pro
1398 1987 1546 2027 porcione
1560 1988 1620 2018 sibi
1636 1989 1834 2029 contingente
1850 1989 1928 2019 infra
1943 1996 2059 2020 certum
2073 1991 2234 2020 terminum

1327 2037 1517 2066 redimenda.

1368 2085 1440 2126 (Ποῖ.
1471 2086 1519 2126 17)
1551 2086 1625 2116 Item
1655 2087 1871 2117 determinavit
1899 2088 2042 2117 dominus
2070 2088 2235 2118 Heinricus

1328 2134 1551 2165 Ludenschede
1577 2137 1635 2165 sub
1668 2136 1817 2176 magistro
1844 2136 1984 2166 Marsilio
2014 2138 2052 2167 de
2080 2137 2198 2177 lnghen
2210 2137 2233 2171 ²,

1329 2183 1416 2224 cujus
1434 2185 1527 2214 bursa
1542 2195 1596 2214 sex
1612 2184 1704 2214 solidi
1722 2196 1790 2215 cum
1803 2186 1942 2215 dimidio.
1958 2186 2057 2216 Solvit
2070 2188 2232 2226 receptori.

1369 2233 1444 2263 Item
1474 2233 1524 2263 12·
1540 2234 1590 2263 die
1618 2234 1734 2264 mensis
1762 2235 1845 2264 Junii
1875 2235 1930 2265 suit
1961 2236 2167 2275 congregacio
2198 2237 2234 2265 ad

1329 2282 1474 2312 Sanctum
1494 2282 1680 2312 Maturinum
1704 2294 1800 2324 super
1820 2284 1921 2314 tribus
1940 2285 2089 2314 articulis.
2113 2284 2235 2314 Primus

1328 2338 1395 2362 erat
1416 2331 1526 2361 iterum
1548 2332 1587 2361 ad
1609 2332 1776 2362 videndum
1798 2334 1835 2362 de
1853 2333 1990 2363 remedio
2013 2343 2107 2373 super
2126 2343 2236 2372 grava-

1328 2381 1426 2416 mine,
1453 2381 1535 2420 quod
1557 2381 1717 2410 nacionem
1739 2388 1830 2421 urget
1849 2382 1880 2411 in
1904 2383 2099 2421 temptamine
2125 2382 2235 2411 Sancte

1330 2428 1496 2466 Genosese;
1513 2429 1560 2458 2¹¹·
1573 2430 1612 2459 ad
1622 2430 1806 2460 audiendum
1817 2430 1918 2471 aliqua
1929 2441 1988 2471 que
2004 2431 2134 2460 nuncius
2146 2431 2235 2460 habe-

1329 2484 1377 2508 ret
1393 2478 1515 2508 nacioni
1532 2479 1664 2516 reserre;
1681 2479 1727 2508 3¹¹·
1743 2489 1782 2509 an
1797 2480 1914 2509 domini
1932 2479 2070 2509 rotularii
2088 2480 2235 2509 deberent

1329 2527 1443 2557 nuncio
1464 2527 1662 2558 contribuere
1684 2528 1764 2558 sicut
1782 2535 1811 2557 et
1835 2529 1944 2564 ceteri,
1968 2535 1998 2558 et
2018 2528 2145 2557 maxime
2168 2538 2235 2557 cum

1329 2614 1391 2639 lium
1404 2616 1430 2639 in
1446 2615 1518 2639 curia
1537 2616 1652 2640 ηιονανί)
1667 2617 1840 2641 Di'ueraeimode
1852 2616 1977 2649 explicari
1988 2619 2083 2648 potent.
2108 2616 2150 2640 Vc!
2164 2618 2236 2641 Mar-

1329 2650 1412 2680 n'lim,
1426 2659 1541 2683 quamvu
1553 2651 1654 2680 aboena,
1668 2654 1695 2675 ut
1703 2660 1824 2684 praecem
1837 2652 2012 2684 reputabatur,
2026 2652 2082 2676 licet
2094 2652 2119 2676 in
2133 2653 2236 2676 :cucutia

1329 2686 1425 2711 artium
1456 2694 1506 2711 mm
1529 2688 1721 2719 permitteretur
1751 2687 1922 2712 determinare
1952 2687 1999 2711 sub
2031 2687 2153 2721 magistro
2186 2695 2236 2711 non

1325 2724 1463 2754 prae-ento
1474 2721 1535 2754 (vid.
1552 2722 1680 2750 Cbartul..
1695 2723 1727 2751 II,
1745 2724 1800 2752 67³,
1814 2727 1841 2746 n·
1855 2723 1887 2755 3).
1903 2724 2020 2746 Fortuna
2039 2726 2099 2747 cunc
2118 2723 2237 2755 temporie

1329 2757 1356 2780 in
1367 2757 1462 2781 artium
1473 2757 1600 2789 facultate
1614 2757 1661 2781 Ιιοσ
1674 2757 1840 2786 tolerabatur,
1854 2758 1918 2781 sicut
1933 2758 1958 2781 in
1972 2757 2064 2789 facitu.
2079 2757 2154 2782 theol.
2174 2758 2235 2787 (vid.

1329 2792 1460 2821 Chnrtul..
1478 2793 1511 2822 II,
1531 2801 1558 2825 p.
1577 2794 1632 2822 699,
1648 2798 1676 2817 n·
1696 2794 1742 2822 245
1761 2795 1815 2822 700,
1834 2798 1860 2817 n·
1880 2794 1930 2825 31),
1949 2802 1961 2816 ιι
1978 2794 1998 2817 ui
2017 2793 2077 2817 talis
2094 2793 2171 2817 suerit
2191 2802 2238 2826 per

1331 2829 1483 2852 facultatem
1498 2836 1608 2860 presen-
1621 2832 1646 2853 et
1661 2837 1755 2861 regens
1769 2832 1912 2861 reputatus.
1931 2837 1943 2852 »›
1957 2829 1991 2852 Bt
2004 2837 2091 2853 revera
2106 2828 2237 2853 Manilius

1328 2863 1421 2888 calcem
1442 2863 1531 2896 quoad
1546 2864 1734 2888 inscribendum
1754 2864 1780 2888 in
1797 2863 1880 2887 rotulo
1893 2867 1920 2887 ut
1929 2872 2052 2895 praesent
2068 2864 2238 2896 ‚epulabatur

1329 2898 1392 2931 (vid.
1403 2907 1482 2931 supra
1493 2907 1520 2932 ρ.
1529 2900 1583 2928 529,
1595 2901 1626 2930 8).
1642 2900 1683 2923 Vel
1691 2908 1768 2931 snpra
1777 2907 1848 2923 error
1858 2899 1968 2931 irrep-11,
1977 2899 2014 2923 ica
2026 2902 2052 2923 ul
2060 2899 2139 2923 eeribi
2145 2899 2237 2924 debeat

1329 2943 1343 2957 «
1363 2934 1414 2958 sub
1432 2935 1561 2966 magistro
1582 2934 1702 2959 ‚Iohanne
1725 2935 1757 2959 de
1782 2934 1880 2966 Ingben
1899 2943 1921 2963 s,
1949 2934 1989 2958 νεΙ
2007 2935 2055 2959 sub
2074 2935 2163 2967 aliquo
2184 2935 2238 2959 alio

1329 2970 1462 3003 magistro.
