2632 3464
1094 455 1358 482 INTRODUCTIO
2164 468 2190 485 xi

310 532 422 569 Liber
437 534 706 582 procuratoris
721 545 836 582 quem
854 530 1046 568 edendum
1064 531 1320 581 judicavimus
1341 533 1506 581 primum
1523 534 1678 569 nomina
1698 533 2049 576 determinantium,
2069 535 2189 571 licen-

260 602 456 645 tiatorum,
482 603 751 652 incipientium
772 603 939 638 nationis
958 601 1195 650 Anglicanae
1215 603 1254 637 in
1270 601 1452 638 facultate
1472 604 1610 638 artium
1631 603 1836 639 parisiensi
1853 604 1917 652 qui
1934 603 2130 640 solverunt
2152 611 2190 641 et

259 672 498 720 juraverunt,
526 672 713 708 continet.
740 673 783 706 In
807 683 884 720 quo
909 670 1127 707 simillimus
1154 679 1214 707 est
1235 671 1348 707 Libro
1378 672 1518 707 decani
1530 672 1733 719 facultatis
1762 674 1905 708 arcium
1922 673 2127 723 Pragenst's
2154 681 2192 710 et

268 739 375 779 Actis
387 742 471 789 fac.
487 749 562 776 art.
595 739 893 778 Vindobonensis
913 739 1076 789 aliisque
1094 739 1250 776 talibus.
1270 740 1381 787 Quod
1402 740 1501 777 bene
1518 741 1728 777 notandum
1750 749 1822 784 est,
1841 755 1888 778 ne
1904 741 1968 778 ille
1990 742 2087 779 liber
2104 756 2190 779 cum

264 809 472 845 matricula
502 808 759 846 confundatur
785 810 824 845 in
851 822 926 859 qua
953 822 1086 846 omnes
1112 809 1361 846 advenientes
1386 809 1547 846 studiosi
1579 810 1901 853 inscribebantur,
1936 825 2049 861 quam
2081 813 2192 849 nobis

266 877 432 914 offerunt
455 878 733 914 Universitates
755 879 1023 920 Bononiensis,
1048 877 1401 927 Heidelbergensis,
1420 879 1675 922 Coloniensis,
1694 887 1768 915 etc.
1793 882 1992 917 Praeterea
2012 895 2029 915 ι(
2050 889 2134 917 acta
2155 891 2193 919 et

265 946 366 983 facta
388 961 406 981 »
427 947 594 986 nationis
609 947 846 997 Anglicanae
866 947 964 994 (496,
985 948 1056 994 38),
1080 955 1119 984 et
1139 961 1255 997 saepe
1276 950 1598 998 congregationes
1617 949 1810 986 facultatis
1833 951 1970 986 artium
1991 950 2049 986 vel
2074 952 2191 987 totius

263 1017 532 1053 Universitatis
562 1017 807 1059 Parisiensis,
839 1017 957 1053 immo
986 1024 1024 1053 et
1056 1030 1117 1053 res
1145 1025 1277 1067 gestas
1306 1030 1531 1054 communes
1565 1020 1742 1055 servavit.
1779 1020 1855 1055 Nec
1887 1018 2042 1056 modum
2075 1034 2191 1056 unum

263 1097 309 1121 ac
325 1092 568 1122 constantem
589 1087 628 1121 in
646 1085 761 1122 rebus
782 1086 982 1122 narrandis
1003 1094 1273 1136 procuratores
1294 1088 1416 1123 secuti
1437 1095 1539 1131 sunt,
1563 1101 1650 1124 cum
1673 1088 1770 1124 alius
1791 1088 1866 1124 alio
1892 1090 2049 1137 negotio
2071 1090 2190 1138 majus

261 1162 497 1192 momentum
512 1163 755 1205 agnosceret,
773 1156 835 1192 hic
857 1155 1029 1193 sedulius
1048 1156 1113 1193 ille
1138 1156 1398 1206 negligentius
1423 1170 1578 1194 munere
1598 1157 1834 1207 fungeretur.
1859 1160 2013 1195 Utinam
2035 1172 2188 1209 semper

261 1224 476 1275 diligentes
499 1227 538 1261 in
558 1225 830 1270 inscribendis‚
848 1233 888 1262 ut
908 1225 1081 1268 decebat,
1102 1226 1281 1263 omnihus
1298 1226 1497 1276 graduatis
1512 1227 1687 1269 fuissent,
1710 1240 1836 1276 neque
1855 1228 2042 1276 quosdam
2062 1228 2191 1265 deter-

262 1295 454 1332 minantes
480 1295 541 1332 vel
569 1295 788 1332 licentiatos
812 1296 872 1332 vel
899 1297 1128 1346 incipientes
1150 1297 1392 1332 omisissent!
1422 1296 1532 1344 Quod
1554 1298 1781 1346 praesertim
1802 1296 1850 1334 de
1866 1298 1957 1333 viris
1975 1298 2191 1347 insignibus

261 1363 457 1408 dolemus,
493 1364 612 1402 veluti
642 1365 691 1401 de
722 1365 890 1402 Gerardo
915 1366 1031 1402 Groet
1059 1365 1107 1402 de
1132 1367 1353 1409 Daventria,
1383 1367 1448 1416 qui
1472 1365 1767 1403 determinantia
1791 1368 1976 1416 inscripta
2003 1368 2100 1414 (207,
2130 1369 2191 1415 47)

262 1446 350 1470 mox
380 1442 422 1471 ut
450 1435 635 1484 magister
661 1443 895 1471 memoratur
917 1436 1018 1484 (230,
1051 1435 1124 1482 41),
1156 1435 1259 1471 nulla
1287 1435 1335 1471 de
1359 1436 1441 1484 ejus
1473 1435 1628 1472 licentia
1659 1437 1958 1486 magisterioque
1990 1439 2185 1474 mentione

260 1502 379 1546 facta,
408 1516 496 1540 cum
522 1511 652 1541 tamen
673 1505 773 1541 intra
797 1504 869 1541 hos
896 1518 1017 1542 annos
1047 1505 1151 1541 nulla
1183 1505 1361 1542 codicum
1384 1506 1534 1554 jactura
1563 1505 1775 1542 incusanda
1807 1508 1869 1543 sit.
1901 1508 1963 1543 Sic
1991 1507 2185 1544 Johannes

261 1573 364 1609 Petri
387 1572 435 1610 de
455 1574 586 1618 Dacia,
610 1575 675 1623 qui
696 1582 832 1623 postea
854 1575 973 1624 episc.
999 1574 1169 1611 Aboens.
1191 1574 1275 1619 fuit,
1299 1574 1542 1612 solummodo
1565 1583 1607 1612 ut
1628 1575 1889 1613 determinans
1910 1576 2066 1613 affertur
2081 1578 2184 1624 (115,

261 1641 334 1688 31),
355 1644 529 1692 quamvis
546 1656 606 1679 an.
632 1644 726 1680 1366
744 1650 870 1680 rector
884 1643 1107 1680 fuisset.'Et
1123 1645 1178 1680 sic
1201 1643 1250 1681 de
1271 1644 1368 1681 aliis.
1389 1647 1533 1682 Rursus
1549 1645 1780 1695 quandoque
1803 1645 1904 1682 idem
1925 1646 2188 1683 determinans

259 1709 319 1746 vel
343 1709 563 1748 licentiatus
583 1712 643 1748 bis
661 1713 870 1762 inscriptus
886 1720 964 1755 est,
986 1712 1107 1750 altero
1127 1722 1376 1763 procuratore
1391 1715 1469 1763 jam
1486 1722 1613 1751 actum
1634 1723 1793 1765 agente;
1813 1715 1944 1752 confer
1958 1716 2019 1758 44,
2038 1716 2085 1752 44
2099 1729 2186 1753 cum

259 1780 321 1820 46,
343 1780 409 1823 35;
430 1780 516 1822 923,
540 1782 656 1818 32-38
677 1795 764 1819 cum
786 1783 873 1826 925,
902 1783 1008 1826 9-13;
1043 1782 1158 1819 iidem
1184 1785 1413 1834 incipientes
1439 1786 1510 1821 425
1543 1792 1582 1821 et
1604 1785 1687 1821 426.
1721 1787 1839 1821 Immo
1861 1788 2186 1836 congregationes

260 1851 433 1899 integrae
449 1850 509 1887 bis
530 1859 705 1888 narratae
724 1859 834 1895 sunt;
857 1865 905 1888 ne
929 1853 967 1888 in
986 1853 1112 1902 parvis
1132 1866 1337 1894 moremur,
1358 1854 1435 1890 vid.
1458 1868 1495 1904 p.
1518 1855 1601 1891 925.

309 1919 427 1969 Atqui
448 1934 525 1957 non
541 1923 669 1958 omnia
685 1922 723 1958 in
739 1934 786 1958 eo
807 1921 905 1958 libro
928 1922 1175 1959 memoranda
1195 1931 1327 1967 erant3
1346 1937 1461 1974 saepe
1483 1925 1601 1961 multa
1621 1924 1775 1961 fuerunt
1794 1924 1912 1961 ardua
1932 1925 2030 1962 facta
2050 1933 2126 1962 tam
2149 1928 2187 1962 in

261 1989 519 2027 Universitate
544 2004 657 2040 quam
683 1992 721 2027 in
750 1991 934 2028 facultate
960 2006 977 2027 (ε
1001 2005 1100 2041 quae
1123 1992 1239 2028 scribi
1263 2006 1340 2029 non
1367 2001 1702 2036 consueverunt»,
1725 2001 1767 2030 ut
1794 1995 1846 2030 ait
1866 1994 2021 2044 quidam
2047 2008 2188 2044 procu-

261 2066 367 2095 rator
394 2060 494 2106 (618,
521 2061 568 2107 7).
600 2062 657 2097 De
685 2061 900 2099 rectoribus
928 2061 1110 2111 frequens
1142 2063 1178 2097 in
1209 2063 1412 2112 principio,
1443 2065 1635 2112 posterius
1665 2077 1748 2100 rara
1783 2065 1947 2107 mentio,
1984 2073 2188 2114 computus

260 2131 490 2178 receptoris,
531 2130 594 2166 alii
633 2138 788 2180 regesto
828 2131 1063 2174 destinatus,
1105 2131 1336 2181 quandoque
1374 2133 1412 2167 in
1454 2140 1588 2169 nostro
1626 2140 1828 2175 extensus,
1867 2133 1914 2169 ab
1954 2147 2054 2170 anno
2098 2135 2190 2170 1396

262 2199 433 2248 magistri
472 2199 544 2236 sub
578 2202 758 2250 expensis
787 2202 954 2238 nationis
981 2209 1159 2250 regentes
1183 2203 1459 2251 cujuscumque
1491 2203 1580 2238 anni
1613 2211 1902 2252 nuncupantur3
1931 2204 1968 2239 in
1997 2204 2189 2253 prioribus

262 2270 372 2304 annis
404 2270 561 2306 nomina
593 2272 863 2321 magistrorum
907 2273 1033 2321 primo
1076 2273 1114 2308 in
1151 2273 1491 2321 congregationem
1531 2274 1752 2308 intrantium
1790 2272 2017 2317 afferuntur,
2058 2282 2191 2323 postea

261 2339 403 2375 omissa
420 2347 522 2377 sunt.

311 2410 462 2446 Statuta
488 2409 598 2460 plura
623 2418 897 2453 memorantur,
927 2411 995 2448 sed
1024 2424 1108 2447 raro
1136 2410 1183 2447 ad
1213 2410 1391 2450 verbum.
1422 2411 1525 2460 quod
1552 2424 1776 2460 comparare
1805 2425 2009 2461 possumus
2037 2413 2190 2463 quando

262 2479 559 2516 instrumentum
586 2480 774 2530 originale
799 2480 846 2517 ad
875 2494 945 2518 nos
970 2483 1084 2517 etiam
1112 2483 1287 2530 pervenit
1302 2484 1372 2527 (ex,
1393 2494 1451 2529 gr.
1470 2495 1506 2517 v.
1533 2483 1614 2524 188,
1632 2483 1680 2528 6).
1703 2482 1947 2531 privilegium
1968 2483 2190 2520 Alemannis

263 2548 300 2583 in
321 2549 476 2585 natione
491 2549 704 2599 Anglicana
727 2563 746 2586 a
768 2563 858 2600 rege
876 2552 1056 2587 Franciae
1078 2564 1306 2587 concessum
1326 2552 1424 2597 (857,
1443 2552 1516 2597 36),
1539 2552 1648 2600 cujus
1664 2559 1791 2588 textus
1812 2553 1986 2602 perditus
2011 2561 2082 2596 est,
2112 2554 2188 2590 sal-

261 2626 339 2655 tem
360 2618 533 2655 refertur.

312 2688 470 2724 Fontem
490 2689 646 2725 minime
659 2689 921 2739 spernendum
937 2689 982 2726 ad
999 2689 1198 2727 historiam
1214 2691 1482 2727 Universitatis
1498 2692 1613 2727 Paris.
1632 2691 1908 2727 enucleandam
1927 2693 1963 2727 in
1985 2692 2082 2729 libro
2099 2706 2190 2743 pro-

262 2759 450 2794 curatoris
471 2771 683 2808 agnoscere
707 2759 917 2802 debemus3
947 2773 1035 2796 nam
1066 2761 1088 2796 ii
1119 2767 1400 2809 procuratores,
1427 2773 1554 2796 rerum
1580 2761 1722 2796 oculati
1749 2768 1883 2803 testes,
1913 2769 1997 2798 acta
2019 2763 2188 2811 cujusvis

264 2829 578 2877 congregationis
611 2830 739 2866 statim
775 2829 1009 2871 scribentes,
1045 2829 1162 2866 multa
1190 2829 1302 2866 nobis
1336 2829 1523 2878 praebent
1554 2828 1602 2866 de
1638 2831 1811 2872 statutis,
1851 2830 1984 2872 rebus,
2016 2832 2186 2869 moribus

261 2895 473 2946 usibusque
499 2898 666 2935 nationis
695 2898 932 2948 Anglicanae
957 2899 1016 2936 vel
1045 2899 1252 2936 Facultatis
1278 2900 1415 2936 artium
1442 2899 1501 2935 vel
1526 2900 1644 2935 totius
1669 2901 1949 2936 Universitatis.
1979 2902 2032 2937 Eo
2061 2909 2186 2938 autem

264 2965 384 3014 pluris
403 2966 664 3003 aestimandus
683 2981 726 3003 ac
743 2967 931 3017 religione
955 2970 1097 3017 majore
1118 2968 1383 3005 observandus
1403 2968 1487 3005 fons
1511 2969 1588 3012 ille,
1609 2969 1711 3018 quod
1732 2977 1965 3006 caeterarum
1990 2972 2185 3007 nationum

2265 539 2354 566 Liber

2211 584 2408 619 procuratoris

2213 2703 2337 2729 Pretium
2352 2702 2419 2729 libri
