2632 3464
338 770 407 796 1380

235 1261 302 1287 1381

137 1305 179 1332 Dc
194 1306 323 1333 Concilio
336 1316 398 1342 gen.

232 2241 299 2266 1382

133 2286 241 2312 Contra
266 2287 397 2312 Clemen-

240 2336 294 2357 tem

430 420 481 437 mxx
1268 415 1532 442 INTRODUCTIO

480 488 692 536 Aspectum
704 501 818 537 quem
831 502 891 524 an.
916 490 1021 532 1379,
1043 490 1240 526 mensibus
1260 491 1617 540 Septemb.-Octob.
1636 492 1861 541 praebebat,
1880 506 1948 530 seu
1965 495 2093 543 potius
2109 496 2358 541 scissionem,

430 558 534 592 natio
563 557 777 606 Anglicana
806 571 929 608 usque
955 558 1002 595 ad
1034 559 1240 595 concilium
1271 560 1568 596 Constantiense
1596 560 1683 610 plus
1716 563 1890 599 minusve
1922 564 2091 600 retinuit.
2127 566 2228 601 Istae
2256 565 2360 602 duae

428 639 590 675 magnae
609 627 733 663 tribus
754 628 792 663 in
806 629 976 672 natione,
996 629 1099 664 Scoti
1117 635 1156 664 et
1174 628 1390 671 Alemanni,
1409 637 1594 678 quantum
1612 629 1660 666 ad
1678 643 1798 680 papas
1819 631 1964 668 divisae
1980 640 2090 669 erant
2106 641 2145 670 et
2165 646 2362 672 remanse⁶

428 703 530 734 runt.
552 697 686 745 paucis
706 698 912 733 momentis
932 698 1116 746 exceptis.
1835 701 1837 704 '

476 765 549 800 An.
569 766 662 801 1380
679 767 805 814 agitur
820 765 964 814 pluries
981 765 1029 802 de
1046 766 1427 802 recommendatoriis
1442 767 1619 816 epistolis
1643 782 1660 804 t(
1674 767 1723 804 ad
1739 767 1930 805 summum
1944 770 2168 820 pontificem
2188 771 2249 808 vel
2270 785 2360 808 car-

427 833 575 870 dinales
594 849 611 868 ι)
630 834 800 884 (583,34;
825 835 978 878 585,43;
998 835 1162 883 593,4Ο),
1185 835 1233 872 de
1253 837 1358 872 curia
1377 837 1547 872 Romana
1565 837 1805 885 (594,38‚42)‚
1828 838 1896 875 sed
1912 853 1990 876 non
2007 848 2173 884 notatur,
2193 841 2241 878 ad
2260 855 2360 891 qua-

426 903 501 940 lem
527 903 762 953 pontificem.
789 905 901 940 Natio
924 917 1002 941 non
1027 917 1180 954 semper
1202 907 1347 941 annuit.
1375 906 1499 941 Martii
1525 906 1547 942 4
1575 907 1710 943 Petrus
1733 906 1781 944 de
1807 908 1961 944 Austria
1986 922 2209 947 recessurus
2239 913 2350 960 petit,

428 988 445 1008 «
464 973 567 1022 quod
584 974 613 1009 si
630 980 804 1022 tempore
817 974 899 1023 ejus
921 974 1096 1011 absentie
1113 974 1207 1010 illud
1227 975 1400 1011 Schisma
1412 988 1595 1024 paparum
1609 975 1933 1014 determinaretur
1948 986 1991 1014 et·
2007 978 2088 1015 fieri
2110 981 2359 1030 contingeret

425 1042 592 1079 rotulum
610 1044 778 1079 nationis
795 1043 842 1079 ad
866 1056 1057 1079 summum
1080 1043 1315 1093 pontificem,
1335 1044 1437 1093 quod
1454 1052 1546 1080 tunc
1567 1053 1700 1094 posset
1721 1047 1866 1095 imponi
1885 1061 1902 1081 ³>
1922 1048 2097 1095 (58527).
2118 1048 2223 1085 Idem
2239 1051 2354 1099 petiit

425 1113 563 1148 Scotus
590 1112 744 1162 quidam
765 1125 825 1148 an.
854 1113 944 1148 1381
973 1113 1147 1160 (607‚21).
1175 1115 1221 1149 Et
1254 1115 1309 1149 sic
1339 1114 1473 1163 utique
1501 1113 1805 1163 supplicationes
1836 1115 1981 1152 similes
2015 1117 2179 1167 intelligi
2207 1117 2356 1156 debent.

425 1182 592 1227 (598‚17;
614 1181 754 1228 607‚9).

473 1253 515 1286 In
548 1252 707 1300 ancipiti
739 1251 810 1287 fuit
842 1251 1019 1288 Clemens
1052 1253 1120 1288 V11
1153 1265 1253 1289 anno
1289 1253 1395 1288 1381.
1435 1253 1671 1289 Universitas
1710 1254 1937 1290 Parisiensis
1974 1255 2263 1300 determinavit,
2304 1257 2352 1294 ad

423 1320 598 1356 Schisma
619 1320 851 1356 abolendum
871 1322 970 1356 viam
987 1321 1148 1357 Concilii
1168 1322 1360 1371 generalis
1381 1334 1468 1358 esse
1488 1322 1694 1358 tenendam
1714 1323 1736 1358 ¹.
1764 1324 1875 1360 Natio
1898 1324 2112 1373 Anglicana
2134 1326 2348 1375 respondit,

421 1390 519 1425 hanc
535 1391 634 1426 viam
655 1403 742 1426 esse
766 1397 887 1426 tutam
908 1392 947 1425 in
964 1403 1126 1440 eamque
1147 1392 1379 1434 consentire,
1403 1405 1420 1426 «
1438 1391 1691 1440 protestando
1707 1392 1811 1441 quod
1829 1405 1905 1429 non
1931 1393 2150 1431 intenderet
2168 1395 2353 1433 recedere

421 1472 441 1495 a
458 1459 662 1503 mandatis,
683 1459 922 1509 jussionibus
943 1467 982 1496 et
998 1459 1219 1496 obedientia
1234 1461 1475 1510 superiorum
1497 1473 1654 1496 suorum
1672 1475 1689 1495 1>
1709 1462 1833 1507 (608,πὸ
1851 1465 1966 1512 sqq.).
1992 1463 2206 1501 Prudenter
2219 1466 2259 1500 in
2276 1465 2355 1502 hoe

420 1530 512 1577 egit.
533 1531 604 1565 Pro
622 1529 725 1565 bono
739 1530 846 1578 pacis
864 1537 903 1565 et
919 1542 967 1566 ne
981 1529 1178 1566 videretur
1192 1538 1340 1579 partem
1354 1529 1479 1567 facere
1494 1539 1629 1568 contra
1651 1533 1962 1577 Universitatem,
1982 1536 2180 1572 consensit
2195 1536 2353 1585 quidem.

421 1600 459 1634 in
474 1600 535 1635 via
558 1600 844 1642 Universitatis;
871 1599 939 1635 sed
964 1598 1066 1635 haud
1089 1599 1284 1643 absolute,
1307 1613 1395 1636 cum
1414 1601 1475 1636 via
1497 1601 1657 1637 Concilii
1678 1602 1871 1652 generalis
1885 1604 1947 1652 jus
1972 1616 2050 1640 non
2068 1604 2196 1641 solum
2216 1607 2348 1651 unius,

421 1668 489 1704 sed
515 1675 553 1704 et
582 1668 740 1705 alterius
769 1668 964 1718 pontificis
989 1670 1028 1704 in
1049 1668 1209 1705 dubium
1231 1682 1411 1706 revocare
1438 1677 1584 1719 posset.
1607 1673 1700 1707 Tam
1724 1671 1924 1708 Alemanni
1951 1685 1997 1710 ex
2026 1681 2135 1723 parte
2154 1674 2355 1724 pontificis

421 1740 595 1782 Romani,
625 1753 738 1789 quam
765 1741 883 1783 Scoti,
912 1753 957 1776 ex
982 1747 1091 1790 parte
1119 1740 1312 1790 pontificis
1337 1742 1635 1783 Avenionensis,
1666 1741 1794 1790 potius
1815 1743 1915 1778 viam
1932 1755 2089 1779 suorum
2109 1745 2350 1792 superiorum

421 1810 530 1858 sequi
554 1809 771 1846 voluerunt.
800 1812 882 1846 Jam
912 1810 1064 1847 duobus
1095 1810 1293 1847 mensibus
1325 1818 1437 1847 antea
1454 1811 1649 1848 Johannes
1681 1812 2047 1849 Muntschemannus
2078 1813 2126 1850 de
2154 1816 2350 1864 Magantia

420 1880 614 1915 accusavit
634 1887 838 1922 rectorem,
857 1879 961 1929 quod
980 1893 1119 1929 magno
1136 1881 1406 1917 Universitatis
1422 1880 1550 1930 sigillo
1565 1888 1699 1917 contra
1719 1880 2038 1919 deliberationem
2058 1883 2173 1919 trium
2193 1883 2355 1921 faculta-

418 1955 499 1984 tum
519 1949 817 1985 instrumentum
836 1948 1029 1998 quoddam
1047 1949 1295 1997 sigillaverat,
1313 1950 1352 1984 in
1363 1963 1439 1998 quo
1456 1950 1727 1987 nominabatur
1742 1950 1919 1987 Clemens
1935 1952 2017 1994 VII,
2036 1966 2053 1987 «
2070 1953 2102 1988 si
2118 1952 2194 1989 dici
2210 1953 2350 1990 debeat

420 2017 597 2054 Clemens
613 2032 630 2052 ³>
659 2019 783 2063 (603,8
807 2021 907 2068 sqq.)
932 2018 1041 2054 Haud
1067 2019 1182 2054 etiam
1208 2018 1320 2055 alieni
1339 2018 1518 2055 videntur
1538 2019 1657 2056 fuisse
1688 2019 1889 2056 Alemanni
1913 2020 1960 2056 ab
1989 2022 2097 2070 gravi
2129 2021 2354 2060 turbatione

419 2089 705 2130 Universitatis,
737 2087 872 2124 eodem
899 2101 999 2124 anno
1025 2094 1156 2124 secuta
1181 2101 1227 2124 ex
1257 2089 1441 2125 violentia
1468 2088 1649 2125 Ludovici
1672 2089 1781 2125 ducis
1805 2089 2115 2139 Andegavensis,
2142 2090 2191 2128 de
2212 2105 2286 2141 qua
2311 2093 2351 2128 in

421 2157 610 2200 Clzartul.‚
634 2159 697 2199 ΙΙΙ,
719 2162 758 2192 n⁰
779 2158 885 2193 1640.
907 2157 1060 2194 Nullum
1077 2165 1206 2194 tamen
1229 2157 1402 2207 ejusdem
1420 2159 1626 2208 vestigium
1643 2159 1682 2193 in
1698 2157 1812 2194 Libro
1828 2160 2102 2207 procuratoris.

467 2227 633 2263 Omnino
667 2227 847 2263 hostilem
879 2228 985 2263 natio
1016 2239 1057 2264 se
1085 2229 1207 2277 gessit
1234 2241 1294 2264 an.
1330 2229 1436 2271 1382,
1464 2236 1504 2265 et
1530 2229 1686 2278 quidem
1711 2237 1870 2279 propter
1898 2230 1993 2266 duas
2032 2243 2180 2268 causas.
2212 2231 2350 2268 Adhuc

418 2296 668 2332 cancellarius
694 2298 965 2334 Universitatis
992 2298 1111 2333 Paris.
1143 2296 1214 2333 fuit
1234 2298 1428 2334 Johannes
1452 2298 1501 2334 de
1524 2298 1673 2342 Calore,
1703 2312 1723 2335 a
1741 2300 1925 2349 Gregorio
1947 2300 1998 2336 XI
2023 2301 2235 2337 institutus.
2271 2301 2343 2337 An.

421 2367 509 2402 1381
526 2366 720 2402 Johannes
738 2366 943 2402 Blanchart
960 2379 979 2402 a
996 2366 1195 2403 Clemente
1209 2367 1277 2404 Vll
1299 2369 1517 2404 nominatus
1534 2376 1574 2404 et
1594 2370 1633 2404 in
1653 2368 1770 2405 choro
1787 2370 1948 2405 Nostrae
1967 2370 2153 2406 Dominae
2173 2370 2351 2406 installa-

416 2443 478 2472 tus
505 2443 564 2472 est
580 2437 606 2471 2.
639 2437 692 2471 Ex
721 2449 767 2472 eo
788 2443 826 2472 et
854 2443 1036 2485 quattuor
1059 2436 1105 2472 ab
1127 2449 1172 2472 eo
1193 2436 1328 2472 electis
1349 2438 1674 2474 examinatoribus
1702 2451 1861 2474 examen
1891 2438 1938 2474 ad
1966 2438 2160 2475 licentiam
2189 2440 2229 2474 in
2261 2441 2351 2475 arti-

417 2505 490 2540 bus
506 2504 700 2554 pendebat
717 2505 805 2551 (vid.
825 2518 939 2554 supra
959 2519 1040 2555 cap.
1064 2507 1112 2552 7),
1131 2507 1292 2555 ipseque
1308 2506 1503 2542 licentiam
1519 2506 1639 2544 dedit.
1658 2508 1788 2544 Potior
1802 2519 1892 2557 pars
1908 2508 2074 2544 nationis
2091 2509 2129 2543 in
2145 2509 2345 2557 angustias

417 2574 582 2610 adducta
601 2582 672 2611 est.
690 2576 760 2611 An.
785 2576 891 2618 1382,
909 2575 1030 2624 April.
1054 2576 1086 2619 1,
1107 2575 1179 2611 sub
1194 2583 1443 2625 procuratore
1459 2576 1674 2620 alemanno,
1693 2577 1798 2613 natio
1814 2576 2053 2621 deliberavit,
2073 2576 2175 2626 quod
2191 2577 2345 2613 sodales

418 2645 597 2685 nationis,
623 2645 687 2693 qui
711 2645 749 2679 in
772 2646 910 2680 Nostra
938 2646 1100 2680 Domina
1130 2658 1199 2694 per
1224 2645 1493 2681 cancellarium
1515 2647 1742 2682 auctoritate
1770 2646 1978 2682 Clementis
2003 2647 2069 2683 Vll
2096 2646 2279 2682 licentiati
2307 2653 2350 2683 et.

418 2715 630 2763 magistrati
651 2721 794 2755 essent,
819 2713 865 2749 ad
889 2715 1083 2749 nationem
1105 2727 1181 2749 non
1202 2715 1481 2763 reciperentur;
1510 2722 1686 2764 receptor
1708 2715 1755 2751 ab
1778 2714 1852 2751 illis
1876 2715 2010 2751 bursas
2039 2722 2240 2764 acceptare
2266 2728 2342 2751 non

417 2791 561 2832 posset.
576 2783 696 2832 April.
716 2784 751 2826 7,
769 2783 839 2819 sub
857 2782 931 2819 alio
942 2791 1191 2832 procuratore
1206 2782 1407 2819 alemanno
1421 2785 1533 2820 Petro
1547 2784 1595 2820 de
1607 2785 1778 2828 Catwiic,
1795 2792 2042 2834 praeceptum
2059 2791 2130 2826 est,
2150 2792 2191 2820 ut
2209 2797 2348 2833 procu-

459 2949 486 2977 1.
534 2948 682 2983 Chartul„
697 2947 753 2982 ΙΙΙ,
772 2952 804 2976 n⁰
822 2948 909 2978 1637.
1480 2949 1508 2978 2.
1554 2948 1647 2985 mid„
1666 2951 1710 2976 n⁰¹
1728 2948 1801 2977 1461
1822 2954 1852 2978 et
1873 2949 1960 2978 1641.
2007 2982 2011 2986 ¹

2615 910 2632 1149 ->..»..-...ἑ“....»-ι.ῥ..;;;,
2616 861 2632 902 ³234
2612 791 2632 850 ἕψῃ-Ἰ,
2619 703 2632 782 „mc-a
2614 578 2632 695 ..s-tnm„
2629 547 2632 566 .-
2628 523 2632 532 .,
2628 495 2632 498 .
2630 477 2632 484 ..
2629 447 2632 458 .,
2628 419 2632 433 ..
