2632 3464
332 449 386 477 773

326 524 552 565 procuratoris.
572 524 613 554 Et
633 522 824 563 supplicacio
843 532 899 552 sua
915 522 972 551 suit
989 521 1136 551 admissa.
1155 521 1238 560 Sup-

324 574 521 614 plicaverunt
541 573 637 603 eciam
661 572 807 602 dominus
830 570 1007 611 Heynricus
1031 571 1069 600 de
1094 570 1184 600 Ulma
1208 576 1238 599 et

323 622 470 653 dominus
487 622 664 662 Heynricus
680 621 805 651 Andree
820 621 915 660 quod,
933 630 1000 650 cum
1021 629 1078 659 pro
1099 620 1237 659 presenti

323 682 387 702 non
405 672 554 702 haberent
568 671 728 711 pecunias,
749 670 834 710 quod
853 669 942 699 nacio
963 668 1056 698 vellet
1073 674 1236 708 expectare

323 731 424 761 usque
445 721 484 750 ad
502 721 613 751 festum
631 719 856 750 penthecostes
873 719 911 748 de
926 718 1044 748 bursis.
1062 717 1102 747 Et
1116 717 1237 747 delibe-

322 770 402 800 ravit
417 769 507 800 nacio
522 770 560 799 de
586 768 744 808 Heynrico
760 769 799 798 de
818 767 906 798 Ulma
926 768 1010 807 quod
1025 777 1062 796 ex
1079 777 1142 807 quo
1159 766 1235 796 alias

323 819 479 849 admissus
491 818 533 848 sit
543 825 688 858 tanquam
699 817 894 847 bachalarius
907 815 930 852 ¹,
943 817 1027 856 quod
1044 816 1236 846 satisfaceret

321 869 362 898 de
375 868 482 898 bursis
496 866 720 897 bachalariatus
743 872 774 896 et
789 865 930 900 licencie,
947 872 977 895 et
987 864 1107 905 juraret
1123 870 1234 894 statuta

321 923 354 948 et
374 922 507 957 poneret
526 916 616 946 vadia
631 915 664 945 in
680 915 845 956 presencia
865 914 1015 944 nacionis.
1035 914 1075 944 Et
1093 914 1136 943 ita
1151 914 1232 944 fecit.

323 965 371 995 De
387 966 514 996 domino
530 965 690 1004 Heynric'o
701 964 840 999 Andree,
857 964 930 1003 quia
945 973 1007 993 non
1020 964 1181 993 constabat
1195 963 1234 992 de

321 1014 529 1044 bachalariatu
552 1014 626 1044 alibi
647 1024 704 1044 nec
733 1013 886 1048 Parisins,
912 1013 1000 1042 nacio
1031 1012 1134 1052 ipsum
1161 1019 1233 1042 tunc

319 1063 446 1093 admisit
472 1070 617 1102 tanquam
646 1062 873 1095 bachalarium,
898 1061 1032 1101 prestito
1057 1060 1234 1101 juramento

320 1121 417 1152 super
440 1111 511 1147 hoc,
534 1112 620 1152 quod
639 1111 714 1141 alibi
737 1111 793 1141 fuit
815 1109 1046 1140 bachalarius².
1067 1109 1106 1140 Et
1126 1116 1232 1150 postea

318 1160 512 1200 supplicacio
530 1170 586 1190 sua
603 1166 669 1190 erat
682 1170 843 1195 concessa,
859 1160 940 1189 sicut
952 1159 1146 1199 supplicacio
1161 1159 1233 1188 altc-

320 1210 397 1240 rius.

326 1311 400 1352 (mol.
427 1312 510 1352 139¹»)
543 1311 611 1342 Isti
646 1318 732 1341 sunt
763 1311 826 1351 qui
856 1312 1005 1341 fuerunt
1040 1310 1231 1340 licenciati

500 1371 596 1390 anno
624 1361 868 1401 nonagesimo
902 1366 1049 1390 octavo.

361 1455 396 1485 ln
411 1454 512 1495 primo
527 1454 708 1484 licenciatus
716 1461 764 1484 est
775 1454 919 1484 dominus
936 1453 1052 1493 Helyas
1065 1454 1103 1484 de
1119 1454 1231 1484 Culen-

317 1503 416 1534 burch
443 1504 502 1533 sub
529 1504 680 1543 magistro
709 1503 848 1543 Nycolao
872 1504 910 1532 de
931 1502 1117 1538 Ghameren,
1143 1502 1231 1543 cujus

317 1554 413 1583 bursa
428 1552 457 1582 Π
472 1553 578 1587 solidi.
596 1552 669 1582 Vlll
686 1553 794 1582 denar.

360 1602 436 1632 Item
454 1602 636 1632 licenciatus
657 1607 706 1631 est
722 1601 866 1646 dominus
892 1601 1072 1632 Bernardus
1096 1601 1231 1642 Floghe-

316 1650 385 1691 ling
397 1651 456 1681 sub
469 1651 619 1691 magistro
634 1650 775 1681 ,Iohanne
791 1651 944 1687 Bouburt,
961 1650 1048 1691 cujus
1065 1651 1159 1680 bursa
1172 1651 1229 1681 ΥΠ

315 1699 421 1731 solidi.

355 1748 431 1779 ltem
454 1749 598 1779 dominus
615 1749 792 1788 Heynricus
813 1749 852 1778 de
873 1748 1061 1779 Ghorickem
1082 1749 1229 1779 licencia-

313 1803 364 1828 ωε
385 1804 434 1828 est
455 1798 514 1828 sub
535 1797 686 1838 magistro
709 1798 847 1837 Nycolao
871 1798 910 1828 de
937 1797 1122 1833 Ghameren,
1142 1797 1228 1838 cujus

313 1847 409 1877 bursa
423 1846 532 1883 nichil,
552 1847 625 1887 quia
633 1846 751 1887 juravit
767 1853 914 1877 statutum
932 1847 1162 1887 [paupertatis]

355 1896 431 1926 Item
454 1895 636 1926 licenciatus
658 1902 707 1926 est
725 1896 870 1926 dominus
896 1896 1075 1936 Heynricus
1102 1897 1228 1926 Andree

315 1944 380 1986 [de]
395 1945 594 1985 Ghiislingen
609 1946 668 1976 sub
686 1945 836 1986 magistro
853 1945 1012 1985 lleynrico
1025 1946 1063 1975 de
1079 1945 1225 1982 Aer-nem,

312 1993 400 2034 cujus
415 1994 511 2024 bursa
529 1993 586 2024 Vll
607 1994 700 2025 solid.
718 1994 758 2024 Et
779 1995 836 2024 iste
855 1995 1011 2024 admissus
1026 1994 1083 2024 suit
1100 1995 1132 2024 in
1151 2005 1227 2025 con-

311 2043 501 2084 gregacione
518 2049 663 2084 tanquam
684 2043 895 2079 hachelai-ium
913 2043 1014 2074 solvet
1032 2050 1148 2074 tantum
1169 2054 1227 2084 pro

312 2092 524 2123 bachalariatu
536 2099 567 2122 et
584 2092 900 2133 proporcionabiliter
916 2103 972 2132 pro
988 2093 1094 2123 scolis.

353 2141 429 2171 Item
443 2140 624 2171 licenciatue
637 2147 685 2172 est
699 2141 844 2172 dominus
859 2141 1017 2172 Johannes
1029 2143 1068 2172 de
1083 2141 1226 2182 Asperen

311 2191 370 2220 sub
388 2190 538 2230 magistro
556 2190 694 2229 Nycolao
707 2191 746 2220 de
764 2190 951 2226 Ghameren,
968 2190 1056 2231 cujus
1070 2191 1165 2221 bursa
1181 2191 1225 2221 111

311 2238 417 2274 solidi,
430 2238 471 2269 Vl
486 2238 619 2269 denarii.

352 2287 427 2318 Item
447 2287 628 2318 licenciatus
653 2294 701 2318 est
724 2288 869 2318 dominus
893 2288 1094 2319 Gheraerdus
1115 2289 1223 2325 Erant,

310 2336 388 2366 alias
402 2337 441 2366 de
460 2336 641 2372 Donati-ia,
657 2337 714 2367 sub
731 2338 852 2372 eodem.
866 2337 954 2378 cujus
968 2338 1063 2368 bursa
1078 2337 1133 2368 VH
1150 2338 1223 2374 sol..

310 2391 342 2415 et
355 2391 471 2416 tantum
486 2386 517 2415 in
529 2385 738 2415 bachalariatu
751 2392 857 2426 preter
871 2386 983 2416 scolas.

352 2434 428 2465 Item
446 2434 627 2465 licenciatus
647 2441 696 2465 cst
714 2435 860 2465 dominus
879 2435 1057 2476 Heynricus
1079 2437 1117 2466 de
1136 2436 1225 2466 Ulma

311 2484 370 2514 sub
389 2484 540 2524 magistro
561 2483 719 2524 Heynrico
741 2484 779 2514 de
799 2483 946 2520 Aernem,
969 2483 1057 2524 cujus
1081 2486 1176 2515 bursa
1198 2485 1224 2515 V

311 2532 417 2568 solidi,
437 2532 478 2562 vl
502 2533 632 2562 denarii.
656 2532 696 2563 Et
715 2533 787 2572 quia
807 2533 866 2563 iste
885 2533 965 2563 idem
989 2527 1146 2564 admissus
1168 2534 1224 2564 suit

309 2580 387 2612 alias
403 2587 547 2621 tanquam
563 2581 770 2617 bachalarius,
787 2582 883 2612 eciam
899 2582 1000 2612 solvet
1016 2581 1042 2612 V
1057 2582 1177 2614 solidos
1194 2590 1224 2613 et

310 2629 351 2660 vl
369 2630 515 2661 denarios
530 2640 587 2671 pro
604 2632 709 2667 bursa,
729 2637 760 2661 et
775 2641 832 2671 pro
848 2631 944 2661 scolis
961 2632 1223 2671 proporcionabi-

312 2677 394 2709 liter.

351 2727 426 2758 ltem
442 2727 620 2758 licenciatus
636 2734 684 2759 est
694 2728 838 2758 dominus
854 2729 1009 2769 Nycolaus
1021 2728 1033 2747 ³
1049 2730 1087 2759 de
1101 2729 1222 2770 Argen-

308 2775 372 2806 tina
385 2777 443 2807 sub
460 2777 610 2818 magistro
626 2777 784 2818 Heynrico
804 2778 842 2808 de
861 2778 1007 2814 Aeruem,
1024 2777 1112 2818 cujus
1128 2779 1221 2809 bursa

308 2824 336 2854 V
347 2824 453 2861 solidi,
470 2824 511 2855 Vl
527 2826 656 2856 denarii.

341 2904 366 2928 1.
404 2903 460 2928 rid.
472 2912 560 2937 cupra.
573 2913 600 2937 p.
616 2905 671 2933 7⁶1.
684 2906 708 2931 ³.

339 2941 363 2964 2.
396 2941 425 2963 Ιιι
442 2940 611 2965 Πηίνονιίωἱο
628 2941 753 2973 Fregenae*
766 2941 895 2966 inveniun-
911 2942 944 2966 ad
955 2950 998 2967 an.
1016 2942 1077 2966 1³85
1092 2942 1220 2967 lieni-iou·

306 2974 409 2999 Andre·
423 2974 455 2999 de
468 2975 561 3000 Sneein
574 2975 654 3009 (lion.
670 2976 732 3001 hint-
751 2977 873 3002 Univern.
892 2977 980 3009 Prug..
998 2977 1019 3006 1,
1038 2978 1103 3010 2³³).
1117 2978 1164 3002 nd
1174 2986 1220 3002 nn.

840 445 953 477 LIBER
975 444 1288 477 PROCURATORUM
1309 444 1489 471 NATIONIS
1509 445 1754 472 ANGLICANAE

1273 966 1305 991 10

1271 1211 1304 1237 15

1269 1456 1303 1482 20

1266 1701 1301 1728 25

1265 1947 1300 1974 30

1263 2192 1298 2218 35

1262 2437 1296 2463 40

1261 2682 1294 2709 45

2206 447 2257 474 772

1389 521 1464 550 Item
1488 521 1669 552 licenciatus
1693 529 1740 552 est
1762 523 1905 552 dominus
1930 523 2063 553 Thomas
2089 525 2127 553 de
2155 524 2256 554 Rinde

1347 570 1405 599 sub
1421 571 1540 605 eodem,
1558 570 1645 610 cujus
1661 572 1755 600 bursa
1771 571 1795 599 V
1814 571 1918 605 solidi,
1938 572 1977 601 Vl
1994 573 2123 602 denarii.

1387 619 1462 648 Item
1481 619 1661 649 licenciatus
1679 627 1726 649 est
1743 621 1886 649 dominus
1905 621 2065 651 Ortwinus
2082 623 2119 651 dc
2139 622 2255 651 Franc-

1346 668 1445 697 sordia
1471 669 1528 698 sub
1555 669 1705 708 magistro
1730 669 1867 708 Nycolao
1892 671 1930 698 de
1953 670 2139 705 Ghamerem
2167 671 2254 711 cujus

1346 718 1442 746 bursa
1455 717 1511 747 ΥΠ
1529 718 1633 747 solidi.

1385 766 1460 796 Item
1481 766 1661 796 licenciatus
1681 774 1728 797 est
1748 768 1891 797 dominus
1907 768 2063 807 Nycolaus
2079 769 2116 798 de
2137 769 2255 799 Scoen-

1343 815 1436 845 hovia
1453 817 1511 845 sub
1527 817 1647 846 eodem.
1660 815 1747 856 cujus
1766 818 1859 846 bursa
1874 817 1930 846 ΥΠ
1949 817 2054 846 solidi.

1385 864 1459 894 Item
1479 865 1659 894 licenciatus
1681 872 1729 895 est
1750 866 1894 895 dominus
1919 866 2130 896 Theodericus
2153 868 2255 897 Theo·

1343 914 1440 943 derici
1470 914 1633 949 Poelman,
1661 914 1737 943 alias
1765 916 1803 944 de
1834 915 1984 950 Aernem,
2015 917 2073 945 sub
2105 917 2254 956 magistro

1344 963 1503 1002 Heynrico
1521 964 1558 992 de
1576 963 1703 998 Arnem,
1724 963 1810 1003 cujus
1825 964 1920 994 bursa
1936 964 1979 994 111
1998 965 2102 994 solidi.

1385 1012 1459 1041 Item
1475 1011 1655 1042 licenciatus
1676 1019 1723 1042 est
1740 1013 1883 1042 dominus
1900 1013 2058 1043 Johannes
2078 1015 2116 1043 de
2141 1014 2253 1045 Hassia

1343 1062 1401 1091 sub
1415 1061 1565 1102 magistro
1580 1061 1718 1101 Nycolao
1736 1063 1773 1092 de
1789 1062 1974 1099 Glanum-en,
1992 1062 2079 1103 cujus
2097 1065 2191 1094 bursa
2209 1065 2251 1094 111

1343 1109 1448 1140 solidi.

1384 1160 1459 1190 item
1475 1159 1656 1190 licenciatus
1669 1166 1716 1190 est
1728 1161 1872 1190 dominus
1886 1161 2043 1191 Johannes
2059 1162 2096 1191 de
2113 1163 2252 1202 Egmon-

1342 1209 1392 1244 de,
1407 1210 1555 1248 provisor
1568 1210 1728 1249 provincie
1748 1209 1910 1240 Almannie
1927 1217 1999 1240 tunc
2018 1212 2178 1251 temporis,
2194 1214 2252 1242 sub

1342 1258 1492 1298 magistro
1510 1258 1647 1298 Nycolao
1666 1259 1703 1288 de
1719 1258 1904 1294 Ghameren,
1920 1259 2007 1299 cujus
2023 1261 2116 1290 bursa
2134 1261 2174 1290 lx
2189 1262 2247 1292 sol.

1382 1307 1457 1337 Item
1476 1307 1656 1337 licenciatus
1680 1314 1728 1337 est
1749 1309 1891 1338 dominus
1912 1308 2024 1338 Petrus
2051 1310 2088 1339 de
2113 1310 2250 1340 Ghiesen

1341 1357 1400 1386 sub
1412 1356 1562 1397 magistro
1577 1357 1704 1387 Nicolao
1719 1358 1757 1387 de
1771 1357 1956 1393 Ghameren,
1969 1357 2056 1398 cujus
2071 1360 2166 1388 bursa
2180 1370 2249 1399 sep-

1340 1411 1401 1435 tem
1415 1405 1519 1435 solidi.

1382 1454 1456 1484 ltem
1480 1454 1659 1485 licenciatus
1684 1462 1732 1486 est
1754 1456 1898 1486 dominus
1924 1457 2086 1496 Reynerus
2118 1459 2155 1487 de
2180 1458 2252 1487 Delr

1341 1505 1398 1534 sub
1425 1505 1575 1544 magistro
1599 1505 1726 1534 Nicolao
1754 1506 1791 1534 de
1819 1505 2010 1541 Ghameren,
2041 1505 2128 1546 cujus
2155 1508 2249 1537 bursa

1339 1553 1478 1593 quinque
1493 1554 1598 1583 solidi.

1381 1603 1455 1632 Item
1467 1602 1647 1633 licenciatus
1663 1609 1711 1633 est
1723 1604 1866 1634 dominus
1881 1604 2038 1634 Johannes
2052 1604 2176 1634 Pender
2191 1607 2248 1635 sub

1337 1652 1488 1692 magistro
1505 1652 1645 1682 Johanne
1665 1653 1703 1682 de
1725 1652 1908 1692 Zutphania,
1925 1652 2012 1693 cujus
2026 1654 2119 1683 bursa
2138 1654 2246 1690 nichil,

1338 1701 1411 1741 quia
1420 1699 1537 1741 juravit
1550 1708 1696 1732 statutum
1713 1702 1913 1742 paupertatis.

1380 1750 1453 1780 ltem
1469 1750 1650 1780 licenciatus
1661 1757 1709 1781 est
1718 1751 1862 1781 dominus
1875 1751 1990 1781 Paulus
2003 1753 2041 1781 de
2053 1752 2178 1782 Harlem
2190 1754 2248 1782 sub

1338 1799 1487 1839 magistro
1498 1799 1627 1830 Nicolao
1639 1801 1677 1830 de
1691 1800 1887 1835 Monkedam‚
1898 1800 1984 1840 cujus
1998 1802 2091 1830 bursa
2104 1801 2131 1831 Π
2142 1802 2246 1831 solidi.

1379 1848 1453 1878 liem
1471 1848 1652 1879 licenciatus
1668 1856 1715 1879 est
1730 1850 1872 1879 dominus
1887 1849 2042 1879 Jordanus
2060 1851 2097 1879 de
2112 1851 2247 1880 Derthe-

1338 1907 1393 1927 sen
1413 1899 1471 1927 sub
1493 1898 1641 1938 magistro
1661 1898 1789 1929 Nicolao
1807 1899 1844 1928 de
1865 1898 2029 1935 Gameoen,
2049 1899 2135 1939 cujus
2153 1900 2247 1929 bursa

1337 1953 1456 1987 septem
1470 1947 1574 1977 solidi.

1337 2049 1409 2090 (Fal.
1430 2049 1563 2090 4o)1sti
1594 2056 1680 2079 sunt
1705 2050 1767 2089 qui
1789 2050 2011 2089 inceperunt
2040 2050 2075 2079 in
2095 2050 2245 2080 artibus

1521 2109 1615 2128 anno
1644 2099 1885 2139 nonagesimo
1916 2105 2064 2128 octavo.

1377 2189 1411 2219 ln
1428 2188 1538 2228 primis
1556 2188 1672 2228 incepit
1691 2188 1835 2218 dominus
1854 2188 1969 2228 Helyas
1989 2189 2026 2218 dc
2045 2188 2243 2219 Culcnburch

1335 2238 1393 2268 sub
1410 2238 1560 2278 magistro
1578 2237 1715 2277 Nycolao
1737 2238 1774 2267 de
1795 2237 1980 2273 Ghameren,
1997 2236 2084 2277 cujus
2106 2239 2199 2268 bursa
2216 2239 2242 2268 ll

1335 2287 1440 2322 solidi,
1456 2285 1528 2317 Vlll
1543 2286 1674 2316 denarii.

1376 2335 1450 2366 Item
1473 2335 1588 2375 incepit
1610 2335 1753 2365 dominus
1776 2335 1954 2365 Bernurdus
1976 2335 2162 2375 Flogheling
2185 2337 2243 2366 sub

1334 2385 1483 2424 magistro
1506 2384 1646 2414 Johanne
1670 2385 1820 2418 Bouburt.
1840 2383 1927 2423 cujus
1947 2385 2039 2413 bursa
2063 2384 2118 2414 ΥΠ
2137 2385 2239 2414 solidi.

1375 2433 1450 2464 Item
1461 2433 1577 2473 incepit
1587 2433 1731 2463 dominus
1743 2433 1918 2472 Heynricus
1931 2434 1968 2462 dc
1983 2433 2169 2462 Ghorichem
2183 2435 2241 2463 sub

1334 2483 1483 2523 magistro
1501 2482 1638 2522 Nycolao
1654 2483 1692 2511 de
1710 2482 1895 2516 Ghameren.
1914 2481 2001 2522 cujus
2022 2482 2114 2511 bursa
2133 2482 2240 2518 nichil,

1333 2532 1405 2572 quia
1417 2531 1534 2572 juravit
1551 2537 1696 2562 statutum
1717 2531 1944 2571 [paupertatis].

1373 2581 1448 2611 item
1474 2580 1590 2621 incepit
1606 2580 1749 2610 dominus
1774 2580 1954 2609 Gherardus
1979 2580 2083 2614 Brant,
2106 2580 2180 2610 alias
2203 2581 2241 2610 dc

1334 2630 1512 2666 Devantria,
1525 2630 1583 2660 sub
1599 2629 1747 2669 magistro
1759 2629 1894 2668 Nycolao
1905 2629 1943 2658 de
1955 2628 2139 2665 Ghameren‚
2153 2628 2241 2669 cujus

1331 2680 1427 2709 bursa
1443 2678 1500 2709 ΥΠ
1519 2678 1623 2709 solidi.

1372 2729 1447 2758 ltem
1471 2728 1588 2768 incepit
1611 2727 1754 2757 dominus
1774 2727 1931 2757 Johannes
1953 2728 1991 2756 de
2014 2726 2156 2767 Asperen
2181 2728 2240 2758 sub

1330 2778 1449 2813 eodem,
1465 2776 1552 2818 cujus
1568 2778 1661 2806 bursa
1678 2776 1719 2806 ΠΙ
1737 2776 1841 2810 solidi,
1854 2775 1893 2805 Vl
1907 2776 2037 2805 denarii.

1370 2826 1445 2856 ltem
1461 2826 1575 2866 incepit
1592 2825 1735 2855 dominus
1755 2825 1909 2864 Nycolaus
1931 2825 1970 2854 de
1990 2824 2161 2865 Argentina
2179 2826 2237 2855 sub

1329 2906 1389 2931 ¹³87
1398 2906 1480 2938 (1388)
1502 2906 1564 2930 ibid,
1579 2905 1706 2929 admistus
1723 2905 1760 2928 ad
1778 2904 1951 2937 magisterium
1969 2904 2006 2935 (p.
2021 2905 2085 2937 257).
2104 2906 2137 2929 Bt
2153 2907 2239 2929 noster

1328 2950 1378 2966 non
1389 2942 1440 2974 suit
1449 2943 1559 2970 Suecun,
1572 2941 1618 2965 sed
1628 2943 1739 2968 Saevus.
1754 2940 1785 2964 de
1795 2940 1956 2972 Cei-lingen.

1359 2980 1382 3002 ³.
1416 2979 1436 3002 Ι.
1449 2986 1471 3002 e.
1484 2977 1625 3002 Nieholnu·
1639 2977 1774 3001 Bechcrer.
