2632 3464
31 1760 106 1788 *3³¹3*

34 1785 106 1804 “¹2³2-

307 464 360 492 725
823 461 937 489 LIBER
956 459 1271 488 PROCURATORUM
1291 460 1471 487 NATIONIS
1489 461 1737 488 ANGLICANAE
2186 463 2238 489 726

306 546 371 572 tum
383 541 422 570 de
436 540 588 580 expositis
603 540 641 570 ad
655 540 780 570 domum
793 549 885 568 eor-nu
897 539 986 573 cervi,
999 538 1052 577 qui
1065 537 1121 567 fuit
1132 536 1218 567 audi-

306 592 368 620 tus.
386 589 427 620 Et
445 594 484 620 'eo
506 590 585 619 facto
605 595 636 619 et
648 588 728 619 visis
744 587 896 628 expositis
916 587 947 618 in
965 587 1057 616 domo
1071 587 1110 616 ad
1126 597 1218 615 cor-nu

306 640 387 669 cer-oi
415 649 511 678 super
536 637 791 678 reparacionibus
820 636 908 666 sactis
937 642 967 666 et
992 635 1173 666 examinatis
1202 645 1219 664 a

306 698 412 718 mense
432 687 541 717 Marcii
560 686 669 718 ultimo
687 685 835 717 transacti
855 695 955 725 usque
974 685 1013 714 ad
1034 685 1115 714 diem
1133 694 1218 714 com-

305 737 383 778 poti,
413 742 536 777 reperte
569 737 692 766 fuerunt
721 734 886 775 expendite
910 734 934 764 C
965 734 1161 774 septuaginta
1189 739 1219 763 et

305 794 386 816 unus
400 785 508 821 franci,
523 785 552 815 X
567 785 662 815 solidi
683 790 714 814 et
727 783 773 813 'vl-
789 783 908 813 denarii
924 783 1074 823 parisien.
1094 782 1132 812 Et
1151 783 1218 812 fue-

304 841 377 865 runt
393 835 483 875 prius
495 835 572 864 facte
589 843 724 874 expense
744 843 804 872 que
825 833 1032 862 ascenderunt
1046 832 1083 861 ad
1099 831 1123 862 C
1140 841 1218 872 qua-

304 884 448 924 draginta
463 878 596 923 quatuor
611 883 734 912 stancos
751 888 782 912 et
802 881 830 910 V
849 881 994 910 denarios
1010 880 1176 920 parisiens.
1191 880 1214 910 ⁴.

304 933 479 964 Notandum
497 932 582 962 circa·
604 932 716 961 factum
734 931 873 971 predicte
897 931 1020 967 domus,
1041 930 1125 970 quod
1146 930 1214 969 ipsa

304 982 403 1012 fuerat
422 982 522 1012 locata
548 981 669 1012 cuidam
690 980 793 1010 abbati
819 990 837 1009 a
859 980 937 1009 sesto
959 979 1041 1008 beati
1065 978 1216 1008 Iohannis

303 1031 446 1071 Baptiste
470 1029 541 1060 anni
569 1031 628 1060 95¹³
656 1039 756 1069 usque
787 1029 898 1058 festum
930 1028 1049 1058 Pasche
1080 1038 1215 1068 sequens

302 1080 444 1120 proxime
457 1089 516 1119 pro
529 1078 585 1109 XV
599 1078 724 1113 francis,
736 1078 789 1118 qui
804 1079 899 1107 abbas
913 1077 1057 1117 exposuit
1071 1077 1103 1106 in
1118 1077 1215 1107 minu-

302 1129 344 1159 tis
367 1128 622 1169 reparacionibus
638 1127 740 1157 XXIII
763 1127 893 1161 solidos,
917 1133 948 1156 et
968 1136 1027 1166 pro
1044 1136 1140 1156 censu
1158 1136 1215 1156 an-

301 1188 363 1208 nuo
378 1178 484 1208 debito
497 1177 628 1207 ecclesie
641 1177 745 1206 Sancti
758 1176 868 1206 Hilarii
879 1175 905 1205 V
920 1175 1040 1205 solidos
1054 1175 1114 1205 IIlI
1123 1176 1214 1205 dena-

302 1226 368 1257 rios
394 1237 451 1267 pro
475 1226 529 1256 illo
552 1235 644 1261 anno,
664 1225 716 1266 qui
737 1225 792 1255 fuit
814 1225 942 1255 solutus·
958 1225 989 1254 in
1011 1225 1089 1255 festo
1116 1225 1213 1254 sancti

301 1275 449 1316 Remigii,
468 1281 561 1315 prout
573 1275 713 1315 quolibet
726 1283 806 1304 anno
826 1274 998 1309 consuevit,
1018 1280 1048 1303 et
1069 1273 1114 1303 sic
1129 1283 1213 1303 rece-

300 1324 348 1366 pit
360 1325 435 1355 XIII
451 1325 586 1360 francos,
599 1323 643 1354 III
659 1323 788 1358 solidos,
803 1322 876 1352 VIII
894 1323 1050 1352 denarios.

342 1373 419 1404 Item
442 1374 474 1403 in
495 1374 574 1403 festo
595 1372 716 1403 Pasche
739 1372 865 1402 intravit
886 1372 1034 1412 magister
1054 1371 1212 1401 Iohannes

301 1422 457 1453 Bomrode
471 1422 642 1462 predictam
657 1422 780 1451 domum
791 1420 804 1440 ²
824 1421 973 1451 solvendo
988 1430 1087 1460 usque
1103 1422 1212 1450 festum

301 1471 421 1502 Pasche
434 1471 574 1511 proxime
589 1481 724 1511 sequens
737 1480 796 1511 pro
811 1470 932 1510 locagio
949 1470 1086 1509 predicte
1101 1470 1211 1500 domus

300 1519 384 1550 XXV
401 1521 534 1555 francos,
553 1529 632 1560 quos
647 1519 745 1549 solvit
759 1529 816 1559 pre
830 1519 972 1548 manibus
990 1519 1155 1558 receptori.
1174 1519 1214 1548 Et

300 1569 345 1599 sic
366 1575 510 1609 receptor
535 1568 654 1609 recepit
675 1567 834 1598 XXXVIII
854 1568 990 1603 francos,
1012 1567 1056 1597 111
1080 1567 1210 1602 solidos,

298 1618 372 1648 VIII
388 1618 534 1648 denarios
549 1618 580 1647 in
596 1617 834 1647 defalcacionem
851 1616 1061 1657 expositarum
1079 1627 1213 1646 summa-

299 1677 379 1698 rum.
409 1667 447 1697 Et
475 1667 521 1697 sic
539 1666 600 1696 illis
631 1666 790 1696 defalcatis
812 1666 964 1695 debentur
988 1666 1142 1706 receptori
1171 1665 1212 1695 110

299 1716 396 1746 franci
411 1722 441 1746 et
454 1714 594 1746 LXXVII
608 1715 716 1751 franci,
733 1714 790 1744 vu
809 1714 912 1750 solidi,
930 1714 974 1744 111
990 1715 1110 1744 denarii
1127 1714 1212 1754 pari-

300 1765 397 1796 siens.

307 1821 313 1826 ⁴
341 1814 381 1844 Et
403 1814 559 1844 secundus
583 1813 732 1843 articulus
757 1813 847 1842 istius
873 1813 1130 1853 congregacionis
1155 1813 1212 1843 fuit

299 1867 333 1894 ut
358 1863 431 1893 novi
455 1863 596 1903 magistri
619 1862 776 1892 solverent
805 1863 927 1892 francos
953 1871 1028 1891 suos
1050 1872 1109 1902 pro
1133 1872 1212 1892 nova

299 1912 523 1953 procurator-ia.
549 1911 590 1941 Et
613 1912 773 1941 solverunt
794 1911 895 1940 VIIW'
922 1910 972 1940 illa
1000 1911 1050 1940 die
1081 1911 1212 1951 quilibet

299 1962 448 1996 francum,
465 1970 544 2000 quos
559 1961 648 1990 nacio
663 1960 808 2000 exposuit
819 1960 850 1990 in
866 1961 1002 1990 taberna.

338 2011 386 2040 3·-
399 2009 455 2039 fuit
471 2019 568 2049 super
587 2009 872 2050 supplicacionibus
893 2014 922 2038 et
938 2007 1071 2050 injuriis,
1089 2016 1118 2039 et
1134 2009 1211 2040 nulli

298 2058 562 2099 supplicaverunt.

340 2107 459 2147 incepit
493 2106 676 2137 Gotscalcus
711 2108 770 2137 sub
809 2107 958 2147 magistro
995 2107 1131 2138 ilenrico
1171 2109 1210 2138 de

297 2156 447 2192 Arnhem,
465 2154 552 2195 cujus
566 2156 661 2186 bursa
677 2156 721 2186 III
736 2156 840 2191 solidi,
861 2156 920 2186 IIII
937 2157 1067 2186 denarii.

340 2205 459 2245 lncepit
478 2204 683 2235 Ghisebertus
699 2205 780 2245 Scay
797 2206 855 2235 sub
874 2205 994 2241 eodem,
1011 2205 1098 2246 cujus
1115 2207 1210 2236 bursa

298 2253 339 2284 vl
355 2254 459 2284 solidi.

338 2302 457 2343 Incepit
478 2303 683 2333 Ghisebertus
704 2303 743 2332 de
765 2301 958 2332 Amsterdam
980 2304 1038 2333 sub
1060 2305 1208 2344 magistro

297 2351 434 2391 Nycolao
449 2353 488 2382 de
505 2352 724 2387 Monkendam,
743 2350 830 2391 cujus
845 2353 939 2382 bursa
953 2351 1010 2382 VII
1027 2352 1131 2389 solidi,
1147 2353 1207 2383 IIII

297 2400 426 2431 denarii.

306 2454 309 2458 ’
339 2449 458 2490 Incepit
482 2449 627 2480 dominus
650 2449 762 2479 Petrus
783 2450 822 2479 de
850 2449 956 2479 Bomel
978 2451 1036 2480 sub
1061 2451 1208 2491 magistro

298 2497 434 2529 Hem-ico
446 2498 596 2534 Arnbem,
613 2497 700 2538 cujus
715 2499 813 2529 bursa⁴
825 2498 852 2528 II
869 2498 973 2528 solidi.

706 2592 804 2622 1308

317 2661 392 2701 (rol.
418 2662 466 2703 26)
496 2661 599 2702 [Acta
632 2663 667 2692 in
693 2663 954 2703 procuratoris
986 2662 1176 2694 Friderici

593 2712 637 2741 de
658 2711 897 2751 Pritzwalk.]

338 2789 429 2820 Facta
445 2790 690 2831 congregacione
706 2791 844 2821 nacionis
861 2797 935 2832 aput
950 2790 1095 2822 Sanctum
1109 2793 1206 2823 Matu-

328 2911 351 2936 1.
384 2913 413 2936 In
423 2912 553 2946 margin:
565 2913 674 2938 Summa
683 2914 773 2939 tot-11·
784 2915 831 2940 nt·
838 2915 881 2939 XV
892 2915 984 2945 tranet,
996 2916 1017 2940 Χ
1028 2915 1088 2945 ¹01..
1099 2916 1131 2941 xl
1142 2916 1200 2941 den.

296 2946 381 2980 paris.

329 2982 352 3007 2.
393 2982 449 3007 rid.
464 2991 545 3015 cupra
558 2991 585 3016 p.
599 2984 654 3015 ⁷¹7,
669 2985 709 3010 ⁴⁶.

1272 737 1289 763 5

1254 982 1288 1008 10

1252 1227 1285 1254 15

1250 1473 1284 1500 20

1249 1718 1283 1744 25

1248 1963 1283 1991 30

1247 2210 1281 2236 35

1245 2455 1279 2482 40

1244 2700 1278 2727 45

1326 537 1427 566 riuum
1446 537 1496 566 die
1516 537 1628 567 XXV1=
1645 538 1760 567 mensis
1777 538 1910 577 Augusti
1929 548 2010 567 anno
2032 538 2155 567 Domini
2175 550 2236 578 quo

1327 596 1421 625 supra
1436 596 1531 625 super
1543 587 1664 616 duobus
1677 587 1827 616 articulis.
1846 587 1970 616 Primus
1985 594 2050 616 erat
2064 588 2102 616 ad
2117 588 2236 627 eligen-

1326 635 1397 664 dum
1413 645 1526 664 novum
1543 642 1772 675 procuratorem
1787 635 1837 665 vel
1852 637 1887 664 ad
1906 636 2144 665 continuandum
2157 638 2237 666 anti-

1326 694 1430 723 quum.
1451 684 1491 713 Et
1507 685 1579 724 quia
1594 684 1739 724 antiquus
1754 691 1938 724 procurator
1955 685 2052 714 noluit
2064 686 2236 715 continuari

1326 733 1419 762 certis
1440 734 1478 762 de
1498 733 1599 763 causis
1611 732 1635 768 ³,
1662 733 1777 763 electus
1800 733 1855 762 fuit
1874 734 2069 763 concorditer
2091 735 2237 774 magister

1327 781 1507 812 Fridericus
1531 783 1569 811 de
1594 783 1773 812 Pritzwalk.
1802 783 1847 811 2⁰¹
1875 782 2022 812 articulus
2049 790 2113 813 erat
2139 794 2235 823 super

1326 831 1622 870 supplicacionibus.
1658 831 1696 861 Et
1726 831 1912 871 supplicavit
1940 831 2087 871 magister
2116 831 2235 862 Franco

1325 880 1425 910 locum
1441 887 1550 910 tenens
1565 881 1790 920 procuratoris,
1805 881 1857 920 qui
1870 882 1982 910 absens
1998 887 2063 910 erat
2078 891 2134 920 pro
2149 882 2235 910 sactis

1325 928 1584 964 Universitatis⁴,
1619 931 1703 969 quod
1733 929 1835 959 dictus
1861 936 2045 969 procurator
2073 930 2236 960 haberetur

1324 984 1486 1008 excusatus
1511 985 1541 1008 et
1562 979 1592 1008 in
1613 979 1700 1008 factis
1717 988 1772 1018 per
1789 989 1857 1008 eum
1876 985 2016 1018 agnatus.
2038 979 2076 1008 Et
2098 986 2164 1009 erat
2178 980 2235 1009 ista

1324 1027 1515 1067 supplicacio
1531 1038 1690 1057 concessa.

1366 1076 1454 1106 Facta
1492 1077 1739 1116 congregacione
1774 1077 1912 1106 nacionis
1946 1077 2116 1116 Anglicane
2161 1085 2236 1118 aput

1324 1124 1468 1155 Sanctum
1485 1125 1670 1155 Maturinum
1687 1126 1717 1155 in
1735 1126 1785 1155 die
1801 1126 1881 1155 beati
1897 1125 2011 1155 Mathei
2026 1136 2121 1165 super
2135 1127 2234 1157 tribus

1322 1174 1470 1204 articulis.
1489 1174 1613 1205 Primus
1629 1181 1695 1204 erat
1711 1175 1747 1204 ad
1764 1174 1939 1214 eligendum
1958 1185 2070 1205 novum
2090 1183 2234 1215 recepto-

1322 1233 1399 1258 rem,
1417 1223 1467 1253 vel
1482 1224 1519 1253 ad
1538 1224 1964 1263 continuandum-antiquum.
1985 1223 2146 1254 Secundus
2168 1232 2234 1255 erat

1322 1273 1359 1301 ad
1387 1273 1592 1302 ordinandum
1623 1274 1661 1302 de
1697 1273 1791 1302 scolis
1818 1273 1957 1302 nacionis
1982 1283 2040 1312 pro
2075 1274 2232 1313 magistris

1321 1321 1496 1351 volentibus
1518 1331 1628 1361 regere
1651 1327 1681 1351 et
1703 1323 1741 1351 ad
1764 1332 1815 1351 eas
1837 1322 2078 1352 distribuendas.
2103 1322 2231 1353 Tercius

1322 1377 1387 1400 erat
1403 1380 1498 1410 super
1513 1370 1796 1410 supplicacionibus
1811 1377 1842 1400 et
1858 1370 1990 1410 injuriis.

1362 1419 1463 1459 Super
1475 1420 1576 1460 primo
1592 1420 1787 1449 continuatus
1800 1426 1865 1449 erat
1880 1420 2027 1460 magister
2045 1420 2176 1460 Egidius
2193 1422 2231 1451 de

1320 1468 1438 1498 Juetsas
1450 1469 1481 1498 in
1496 1475 1700 1508 receptorem.
1718 1468 1819 1508 Super
1831 1469 1864 1497 2⁰
1875 1469 2005 1499 articulo
2019 1470 2157 1508 magistri
2178 1470 2231 1510 qui

1320 1517 1465 1547 volebant
1482 1518 1585 1557 legere
1601 1518 1852 1557 supplicaverunt
1867 1528 1924 1557 pro
1940 1517 2045 1553 scolis,
2063 1524 2092 1547 et
2103 1517 2230 1558 jurave-

1319 1572 1392 1596 runt
1413 1567 1496 1606 quod
1522 1566 1721 1596 intendebant
1744 1567 1848 1606 legere
1867 1576 1922 1606 per
1941 1566 2094 1607 majorem·
2110 1574 2226 1606 partem

1320 1615 1470 1645 ordinarii
1494 1616 1606 1655 magni.
1635 1615 1749 1645 Verum
1776 1622 1823 1644 est
1847 1622 1946 1645 tamen
1973 1616 2055 1655 quod
2083 1617 2231 1656 magister

1321 1664 1453 1705 Egidius
1475 1665 1513 1694 de
1539 1664 1681 1703 Jfitfa[e]s
1705 1664 1793 1699 dixit,
1817 1665 1900 1704 quod
1921 1675 1983 1694 non
2005 1672 2088 1694 esset
2109 1665 2141 1695 in
2165 1673 2230 1697 toto

1319 1713 1541 1743 determinatus
1565 1720 1666 1744 utrum
1692 1714 1796 1753 legere
1817 1714 1910 1743 vellet
1935 1713 1983 1743 vel
2007 1724 2083 1749 non;
2110 1715 2164 1743 sed
2195 1715 2227 1744 in

1319 1763 1405 1792 brevi
1423 1769 1584 1803 antequam
1602 1763 1778 1792 locarentur
1796 1763 1879 1792 scole
1899 1773 1957 1802 pro
1975 1763 2144 1802 magistris,
2160 1764 2228 1803 ipse

1320 1821 1353 1841 se
1366 1811 1596 1847 determinaret,
1613 1818 1643 1841 et
1662 1811 1688 1841 si
1704 1811 1807 1851 legere
1823 1812 1926 1846 vellet,
1943 1812 2129 1851 supplicavit
2145 1814 2228 1852 quod

1319 1865 1408 1894 nacio
1423 1865 1483 1894 sibi
1501 1865 1680 1905 provideret
1701 1866 1739 1894 de
1755 1865 1860 1894 scolis.
1880 1865 1918 1894 Et
1938 1865 1979 1894 ita
1993 1865 2088 1894 eciam
2107 1866 2229 1905 suppli-

1319 1914 1398 1944 cavit
1414 1914 1561 1954 magister
1573 1914 1718 1944 Nicolaus
1731 1915 1768 1943 de
1783 1914 1944 1943 Gameren.
1960 1914 2061 1953 Super
2074 1914 2141 1943 istis
2154 1915 2229 1944 deli-

1318 1963 1438 1993 beravit
1461 1963 1561 1998 nacio,
1583 1963 1684 2003 primo
1712 1964 1795 2002 quod
1820 1963 1846 1992 si
1867 1963 2014 2002 magister
2041 1963 2171 2003 Egidius
2194 1974 2228 1993 se

1319 2012 1537 2042 determinaret
1552 2013 1590 2041 ad
1601 2012 1775 2052 legendum.
1792 2013 1875 2051 quod
1891 2012 1957 2051 ipse
1973 2011 2099 2041 haberet
2114 2013 2228 2051 primas

1319 2061 1431 2097 scolas,
1449 2068 1478 2091 et
1497 2061 1543 2091 sic
1559 2067 1786 2101 consequenter
1807 2061 1857 2090 alii
1876 2061 2043 2090 secundum
2063 2062 2228 2100 antiquita-

1318 2116 1378 2140 tem
1390 2111 1545 2150 regencie.
1562 2110 1594 2140 Si
1605 2117 1704 2140 tamen
1721 2120 1781 2139 non
1795 2110 1920 2150 legeret,
1939 2110 2021 2149 quod
2036 2116 2106 2139 tunc
2123 2110 2229 2140 senior

1319 2159 1349 2189 in
1361 2159 1504 2199 regencia
1522 2166 1592 2199 post
1606 2170 1674 2189 eum
1693 2159 1760 2189 illas
1778 2159 1879 2188 scolas
1894 2159 2031 2193 haberet,
2047 2166 2077 2188 et
2094 2159 2139 2188 sic
2153 2169 2229 2189 con-

1318 2214 1494 2248 sequenter.
1508 2208 1547 2237 Et
1557 2208 1598 2238 ita
1613 2208 1707 2237 eciam
1720 2209 1758 2237 de
1769 2208 1916 2248 magistro
1929 2207 2055 2237 Nicolao
2070 2208 2108 2236 (le
2120 2208 2226 2238 Game-

1317 2267 1383 2287 ren.
1399 2257 1511 2287 Verum
1532 2264 1580 2287 est
1603 2264 1703 2287 tamen
1719 2258 1801 2297 quod
1826 2257 2007 2286 deliberavit
2034 2257 2121 2286 nacio
2144 2258 2226 2296 quod

1317 2306 1379 2346 ipsi
1394 2315 1428 2335 se
1441 2306 1681 2335 determinarent
1689 2306 1726 2335 ad
1738 2306 1899 2345 legendum
1915 2305 1963 2335 vel
1978 2315 2050 2339 non.
2065 2311 2225 2345 antequam

1317 2354 1375 2384 alie
1388 2356 1472 2384 scole
1487 2361 1572 2384 extra
1590 2355 1688 2384 vicum
1699 2355 1954 2389 conducerentur,
1968 2365 2005 2383 ne
2022 2354 2109 2383 nacio
2124 2355 2227 2393 damp-

1316 2404 1502 2433 nificaretur.
1527 2404 1601 2433 Item
1622 2403 1804 2433 deliberavit
1829 2404 1915 2432 nacio
1946 2403 2029 2442 quod
2059 2403 2084 2431 si
2113 2403 2225 2442 aliquis

1317 2453 1462 2493 magister
1481 2458 1566 2482 extra
1583 2452 1683 2482 vicum
1705 2453 1890 2482 conduceret
1905 2452 2023 2491 aliquas
2042 2451 2142 2480 scolas
2158 2452 2225 2481 sine

1315 2511 1470 2531 consensu
1488 2501 1626 2530 nacionis
1647 2501 1695 2530 vel
1718 2501 1823 2530 saltem
1841 2501 2051 2540 procuratoris
2070 2507 2098 2529 et
2116 2510 2225 2540 recep-

1315 2550 1404 2584 toris,
1422 2550 1505 2589 quod
1526 2550 1612 2580 nacio
1635 2560 1695 2579 non
1718 2556 1802 2580 esset
1822 2549 1955 2589 obligata
1979 2550 2016 2578 ad
2043 2549 2223 2579 solvendum

1315 2609 1373 2639 pro
1398 2599 1478 2639 ips0.
1502 2598 1606 2628 Voluit
1630 2605 1729 2628 tamen
1754 2599 1841 2628 nacio
1864 2599 1945 2638 quod
1971 2598 2100 2637 quilibet
2118 2605 2226 2637 posset

1315 2647 1374 2677 sibi
1390 2647 1555 2688 providere
1572 2648 1610 2677 de
1629 2648 1734 2682 scolis,
1751 2654 1780 2677 et
1801 2654 1871 2686 post
1886 2647 2095 2686 provisionem
2117 2647 2222 2676 factam

1314 2702 1475 2736 antequam
1491 2702 1679 2726 contractum
1690 2697 1862 2736 perliceret,
1875 2696 1931 2724 hoc
1946 2695 2099 2725 intimaret
2114 2706 2223 2735 procu-

1314 2745 1409 2775 ratori
1425 2751 1455 2775 et
1469 2745 1634 2785 receptori.
1657 2745 1729 2775 Item
1749 2745 1930 2774 deliberavit
1948 2744 2034 2773 nacio
2051 2745 2134 2783 quod
2153 2745 2225 2784 qui·

1314 2794 1390 2824 libet
1398 2793 1507 2824 volens
1516 2804 1625 2834 regere
1637 2800 1764 2834 poneret
1776 2793 1999 2833 fidejussorem,
2011 2793 2063 2833 qui
2078 2794 2222 2823 redderet

1343 2919 1366 2941 8.
1400 2918 1466 2950 Quia
1479 2917 1529 2949 suit
1542 2918 1567 2941 in
1581 2917 1697 2941 Concilio
1710 2917 1792 2941 Pari».

1343 2953 1367 2977 Ιι.
1403 2954 1432 2978 Ut
1443 2953 1547 2977 nuntiu-
1559 2953 1743 2977 Uuivaeru'tatiu.
