2632 3464
428 464 478 489 491
966 458 1188 485 AUCTARIUM
1209 455 1468 483 CHARTULARII
1488 456 1662 483 UNIVERS.
1683 456 1801 483 PARIS.

427 539 521 568 eciam
544 543 658 566 attento
686 537 767 576 quod
794 542 887 576 prout
908 536 974 574 ipse
995 534 1128 564 asseruit
1153 539 1182 562 et
1207 533 1331 572 quidam

426 586 565 626 magistri
590 592 749 625 presentes
770 585 1007 618 attestabantur,
1028 584 1111 623 quod
1133 592 1194 611 non
1212 587 1333 621 poterat

426 636 522 666 cicius
540 635 700 675 pecuniam
725 634 857 663 debitam
880 643 936 673 pro
957 631 1197 662 determinancia
1218 630 1332 659 habere

427 691 575 724 paratam.

467 734 540 763 Item
554 732 686 762 XXlllla
697 732 747 761 die
759 731 867 761 Marcii
879 731 955 760 facta
970 729 1216 769 congregacione
1229 728 1331 757 nacio-

427 783 475 812 nis
487 782 562 811 hora
572 782 740 822 primarum
752 781 782 809 in
794 780 906 810 Sancto
914 780 929 809 J
933 779 1036 809 uliano
1047 779 1084 807 ad
1096 777 1332 817 supplicandum

427 838 457 861 et
483 832 519 860 ad
544 830 718 870 eligendum
743 830 905 858 intrantem
930 838 987 868 pro
1012 827 1160 856 electione
1187 827 1330 862 rectoris,

428 880 680 920 supplicaverunt
699 879 798 918 primo
823 877 963 917 magistri
988 876 1144 906 Johannes
1171 876 1209 905 de
1231 875 1334 905 Berka

429 935 458 958 et
479 928 611 958 Thomas
632 927 843 966 Dobbelsteyn
867 932 1029 966 quatenus,
1054 935 1121 954 cum
1146 925 1207 964 ipsi
1228 931 1334 953 essent

429 978 530 1007 statim
555 977 626 1006 ituri
650 977 687 1005 ad
708 982 813 1015 partes
836 985 919 1010 suas,
940 975 1135 1004 intendentes
1159 974 1273 1003 reverti
1295 975 1333 1002 ad

429 1026 563 1056 studium
586 1032 677 1064 prout
699 1025 794 1054 cicius
813 1030 954 1064 possent,
975 1023 1037 1062 ipsi
1060 1029 1189 1062 possent
1216 1023 1332 1062 imponi

428 1082 573 1114 tanquam
605 1080 766 1113 presentes
794 1073 905 1108 rotulo,
933 1073 959 1102 si
987 1072 1057 1112 quis
1090 1073 1177 1101 fieret
1209 1072 1332 1101 interim

429 1125 512 1163 quod
536 1123 597 1162 ipsi
617 1129 721 1152 essent
742 1123 896 1151 absentes.
924 1122 1062 1159 Quorum
1082 1121 1331 1161 supplicaciones

427 1173 623 1202 concorditer
638 1173 674 1200 ab
695 1171 848 1206 omnibus,
867 1171 897 1199 in
916 1177 1062 1210 quantum
1080 1176 1146 1199 erat
1162 1170 1240 1209 ipsis
1256 1180 1332 1209 pos-

427 1222 528 1256 sibile,
546 1222 668 1250 suerunt
681 1230 838 1249 concesse.
860 1219 934 1249 Item
951 1219 1204 1259 supplicaverunt
1216 1219 1332 1248 domini

427 1270 634 1299 Hertmannus
649 1270 686 1298 de
702 1268 810 1298 Sittert
824 1275 853 1298 et
864 1269 1049 1298 Fredericus
1061 1267 1222 1308 Jfinghen,
1237 1274 1281 1303 ut,
1295 1278 1332 1297 ex

427 1329 487 1358 quo
511 1318 572 1357 ipsi
597 1324 702 1347 essent
722 1318 822 1347 vocati
849 1318 887 1346 ad
914 1317 1059 1346 licencias
1086 1317 1271 1356 optinendas
1300 1317 1332 1346 in

426 1368 560 1402 artibus,
590 1373 620 1396 et
643 1368 680 1396 ad
707 1367 935 1406 procurandum
958 1367 1120 1406 pecuniam
1149 1373 1332 1406 oportunam

427 1426 483 1455 pro
497 1416 635 1445 licenciis
649 1415 788 1455 ipsorum
801 1421 830 1444 et
841 1426 897 1455 pro
911 1415 1024 1444 debitis
1037 1416 1102 1445 suis
1115 1415 1332 1455 persolvendis

427 1471 531 1494 essent
550 1464 622 1494 ituri
646 1465 682 1493 ad
702 1470 819 1504 partes,
841 1464 941 1494 statim
960 1465 1115 1494 reversuri
1134 1465 1171 1493 ad
1194 1464 1332 1493 examina

428 1524 551 1544 suarum
582 1514 788 1548 audicionum,
820 1514 851 1542 in
880 1514 993 1553 quibus
1025 1520 1112 1542 erant
1130 1513 1193 1553 jam
1219 1513 1330 1548 vocati,

426 1563 563 1603 placeret
577 1563 698 1591 nacioni
713 1562 895 1602 dispensare
912 1573 979 1592 cum
997 1562 1042 1592 eis
1057 1563 1095 1592 de
1112 1562 1332 1602 disputacioni-

427 1613 485 1641 bus
496 1622 550 1641 seu
561 1611 874 1640 determinacionibus
883 1621 939 1650 per
947 1612 1071 1640 eosdem
1080 1612 1203 1641 racione
1212 1611 1332 1640 bachal-

427 1661 553 1690 lariatus
570 1671 668 1699 usque
684 1661 722 1689 ad
741 1661 831 1689 finem
851 1660 1093 1700 Quadragesime
1114 1661 1273 1690 faciendis.
1294 1661 1334 1690 Et

428 1720 533 1739 eorum
545 1710 791 1748 supplicaciones
803 1710 999 1738 concorditer
1009 1711 1046 1738 ab
1058 1710 1200 1739 omnibus
1212 1711 1334 1739 fuerunt

428 1769 586 1788 concesse.
611 1759 685 1787 Item
703 1758 889 1798 supplicavit
909 1758 1051 1788 dominus
1074 1759 1232 1788 Gerardus
1255 1759 1334 1788 Dul-

428 1808 501 1842 lert,
532 1814 682 1846 quatenus
708 1807 795 1836 nacio
820 1807 954 1846 quitaret
981 1817 1048 1836 eum
1082 1808 1119 1837 de
1145 1808 1250 1837 bursis
1276 1818 1334 1848 per

428 1856 529 1895 ipsum
548 1856 705 1885 solvendis
721 1856 841 1885 nacioni
855 1856 979 1885 racione
997 1856 1246 1892 determinancie,
1265 1867 1333 1886 cum

429 1911 512 1934 esset
529 1915 646 1944 pauper
665 1911 694 1933 et
709 1911 834 1944 paratus
847 1903 952 1943 jurare
970 1911 1114 1934 statutum
1130 1906 1331 1945 paupertatis.

430 1953 526 1993 Cujus
544 1953 734 1993 supplicacio
757 1954 813 1983 suit
834 1954 871 1982 ab
896 1954 1038 1983 omnibus
1061 1963 1221 1990 concessa,
1243 1961 1273 1984 et
1294 1955 1335 1984 ita

426 2002 542 2042 juravit
566 2003 633 2042 ipse
654 2008 798 2032 statutum
813 2003 1016 2042 paupertatis.

471 2051 608 2080 Ulterius
634 2051 749 2080 electus
773 2051 828 2080 suit
858 2061 916 2090 pro
942 2051 1075 2081 intrante
1099 2053 1136 2080 ad
1159 2052 1333 2092 eligendum

430 2107 579 2129 rectorem
605 2100 752 2139 magister
770 2100 936 2129 Mercelius
960 2101 997 2129 de
1020 2100 1150 2140 lnghen,
1172 2108 1201 2130 et
1227 2108 1335 2141 postea

431 2149 545 2178 electus
562 2149 619 2178 fuit
634 2149 665 2177 in
683 2155 834 2178 rectorem
849 2148 1066 2178 Universitatis
1084 2151 1281 2180 concorditer
1296 2152 1333 2180 ab

430 2198 573 2227 omnibus
589 2198 774 2227 intrantibus
789 2198 937 2237 magister
954 2198 1111 2228 Gerardus
1127 2200 1164 2228 de
1185 2199 1332 2229 Kalker⁴.

471 2246 545 2275 Item
558 2246 628 2275 VlI²
641 2247 690 2275 die
703 2247 822 2286 Aprilis
841 2247 918 2275 facta
933 2248 1177 2286 congregacione
1195 2249 1334 2278 nacionis

431 2295 462 2324 in
493 2295 605 2324 Sancto
635 2295 758 2324 Juliano
787 2295 862 2324 hora
888 2295 1056 2335 primarum
1086 2298 1123 2325 ad
1149 2297 1334 2327 audiendum

431 2350 607 2383 computum
632 2344 816 2383 receptoris,
840 2345 878 2372 ad
901 2344 1075 2383 eligendum
1104 2353 1334 2384 procuratorem

432 2399 462 2421 et
481 2393 519 2421 ad
539 2392 774 2432 supplicandum
790 2404 795 2421 :
811 2393 912 2432 primo
932 2394 1119 2433 computavit
1135 2402 1288 2434 receptor,
1306 2401 1336 2424 et

432 2442 574 2471 omnibus
591 2448 649 2470 tam
665 2442 799 2481 receptis
815 2451 904 2481 quam
919 2443 1067 2481 expositis
1083 2443 1154 2473 hinc
1170 2444 1241 2473 inde
1254 2454 1334 2473 com-

432 2490 546 2530 putatis
562 2496 592 2519 et
608 2491 779 2525 defalcatis,
800 2491 982 2529 computatis
1001 2492 1089 2520 etiam
1106 2493 1206 2522 tribus
1221 2493 1334 2522 francis

434 2539 543 2568 solutis
559 2539 707 2579 magistro
723 2539 870 2568 Mercelio
891 2539 928 2567 de
945 2539 1063 2579 lnghen
1078 2551 1115 2570 ex
1133 2548 1218 2580 parte
1236 2542 1335 2581 magi-

434 2588 490 2616 stri
510 2588 677 2617 Hermanni
694 2589 732 2617 de
745 2587 962 2624 Bottenbrflec,
981 2590 1092 2618 mansit
1102 2597 1245 2630 receptor
1259 2590 1335 2619 obli-

437 2643 525 2676 gatus
544 2637 664 2666 nacioni
681 2637 711 2666 in
728 2637 828 2666 XVIII
847 2637 947 2672 libris,
968 2638 1007 2666 VI
1027 2638 1135 2667 solidis
1154 2645 1183 2668 et
1196 2639 1223 2668 X
1241 2640 1335 2668 dena-

434 2685 502 2720 riis,
517 2691 547 2714 et
560 2686 615 2714 fuit
630 2692 791 2724 computus
807 2687 844 2714 ab
860 2686 1002 2715 omnibus
1019 2688 1219 2726 approbatus.

465 2935 486 2958 1.
520 2937 610 2959 Reclor
620 2937 709 2960 Martii
720 2938 878 2962 211-Jum‘i23.

466 2971 490 2994 2.
526 2971 622 2998 Quia...
637 2973 701 2996 rexit
712 2973 777 2996 inter
788 2973 876 2997 lineas.

1370 977 1403 1003 10

1370 1221 1403 1247 15

1369 1466 1403 1492 20

1370 1711 1404 1737 25

1371 1956 1405 1982 30

1371 2201 1405 2227 35

1372 2446 1406 2472 40

1372 2690 1406 2716 45

1847 533 1865 561 1
1870 532 1944 562 376

1440 603 1530 633 Acta
1561 603 1596 632 in
1632 604 1894 644 procuratoria
1925 604 2095 644 magistri
2128 604 2347 644 Meynaerdi

1551 652 1738 692 Rodolphi
1766 654 1808 682 de
1843 653 1947 692 Tyla,
1977 653 2238 694 Trajectensis

1795 702 1989 741 dyocesis.

1479 777 1570 807 Anno
1605 778 1728 807 Domini
1760 788 1821 818 quo
1859 788 1965 818 supra,
1996 779 2113 808 mensis
2145 778 2265 819 Aprilis
2295 779 2348 809 die

1441 826 1582 865 septima,
1614 827 1691 856 facta
1716 827 1963 867 congregacione
1996 828 2136 858 nacionis
2172 827 2343 868 Anglicane

1441 875 1523 914 apud
1539 875 1683 905 Sanctum
1697 876 1851 905 Julianum
1862 877 1900 905 ad
1912 876 2088 916 eligendum
2101 884 2347 917 procuratorem,

1441 923 1556 954 electus
1569 924 1625 954 fuit
1636 925 1784 965 magister
1801 925 2008 965 Meynaerdus
2024 926 2182 966 Rodolphi
2198 927 2236 955 de
2252 926 2351 966 Tyela

1441 983 1498 1012 per
1526 983 1717 1003 communem
1741 974 1958 1014 magistrorum
1985 984 2170 1004 consensum
2207 982 2279 1005 tunc
2310 975 2343 1004 in

1441 1022 1522 1051 dicta
1537 1023 1784 1062 congregacione
1796 1023 2003 1063 presencium.

1482 1071 1556 1100 Item
1588 1071 1789 1101 deliberatum
1820 1072 1876 1102 fuit
1903 1082 1960 1112 per
1987 1073 2155 1113 magistros
2181 1074 2213 1103 in
2240 1075 2347 1104 eadem

1441 1121 1687 1160 congregacione
1705 1121 1880 1151 intrandum
1900 1131 1970 1151 esse
1991 1123 2149 1152 tabernam
2164 1123 2203 1152 ad
2220 1123 2349 1162 predic-

1440 1175 1503 1199 tum
1524 1176 1757 1209 procuratorem
1781 1170 1904 1200 noviter
1935 1171 2079 1207 electum,
2110 1172 2183 1212 quia
2208 1173 2345 1202 nondum

1440 1225 1510 1247 ante
1526 1218 1656 1248 officium
1672 1219 1886 1258 procuratoris
1902 1226 2093 1256 exercuerat,
2107 1222 2346 1260 perpotandum.

1441 1267 1481 1297 Et
1500 1267 1692 1297 intraverunt
1707 1268 1848 1308 magistri
1863 1268 1943 1298 dicte
1957 1269 2097 1298 nacionis
2112 1269 2144 1298 in
2163 1270 2291 1299 taberna
2305 1271 2350 1299 ad

1440 1317 1515 1345 duos
1533 1327 1618 1345 enses
1632 1316 1720 1356 juxta
1742 1327 1871 1357 parvum
1889 1323 2026 1357 pontem,
2046 1319 2099 1348 ubi
2119 1318 2221 1348 dictus
2248 1328 2349 1349 novus

1441 1372 1624 1404 procurator
1646 1366 1739 1396 solvit
1759 1376 1853 1396 unum
1880 1367 2028 1402 francum,
2054 1377 2146 1407 quem
2169 1368 2258 1397 nacio
2287 1367 2349 1398 sibi

1440 1415 1606 1450 concessit,
1636 1421 1670 1445 ut
1696 1415 1728 1444 in
1753 1416 1813 1445 fine
1847 1426 1902 1446 sue
1936 1417 2170 1456 procuracionis
2205 1417 2345 1446 eumdem

1440 1464 1562 1493 nacioni
1579 1463 1707 1494 haberet
1718 1465 1893 1494 restituere.
1918 1465 1958 1495 Et
1974 1465 2054 1494 idem
2077 1472 2261 1505 procurator
2276 1476 2348 1506 pre·

1441 1513 1519 1542 fatus
1539 1513 1633 1542 solvit
1649 1523 1716 1543 cum
1735 1513 1877 1553 predicto
1894 1515 2000 1543 franco
2019 1524 2112 1544 unum
2130 1515 2268 1544 francum
2288 1525 2350 1555 pro

1436 1560 1573 1601 jocundo
1597 1572 1654 1592 suo
1677 1562 1805 1592 introitu
1829 1563 1936 1592 eodem
1961 1563 2092 1602 prandio
2122 1570 2153 1594 et
2179 1563 2212 1593 in
2240 1565 2346 1594 eadem

1440 1611 1578 1646 taberna,
1606 1621 1697 1651 quem
1718 1618 1806 1641 antea
1829 1611 1950 1642 solvere
1977 1613 2123 1642 credebat
2147 1612 2252 1653 (quia²
2273 1619 2350 1653 post

1440 1660 1652 1699 magisterium
1667 1661 1720 1690 diu
1733 1660 1766 1690 in
1778 1661 1918 1700 partibus
1933 1661 2036 1701 rexit),
2051 1667 2081 1691 et
2095 1661 2227 1701 quilibet
2247 1662 2348 1703 magi-

1442 1715 1575 1738 strorum
1591 1709 1622 1738 in
1636 1710 1742 1739 eodem
1754 1710 1885 1750 prandio
1901 1710 2104 1740 existencium
2116 1710 2174 1740 XII
2189 1712 2346 1741 denarios.

1443 1757 1517 1787 Item
1534 1758 1681 1798 magister
1695 1758 1852 1788 Johannes
1871 1759 1909 1788 de
1926 1759 2043 1789 Marcia
2060 1770 2117 1799 pro
2132 1761 2350 1800 procurator-ia

1441 1817 1534 1836 unum
1557 1808 1694 1837 francum
1719 1808 1813 1837 solvit
1839 1808 1949 1842 sutura,
1978 1809 2049 1848 quia
2078 1809 2215 1838 nundum
2247 1809 2348 1839 adhuc

1442 1856 1517 1885 illud
1535 1856 1665 1886 officium
1681 1857 1820 1886 nacionis
1837 1857 1976 1897 predicte
1993 1858 2141 1887 exercuit.

1442 1935 1515 1975 (Ποῖ.
1548 1937 1624 1977 51¹³)
1657 1937 1724 1966 Isti
1754 1943 1840 1967 sunt
1861 1937 2053 1967 licenciati
2085 1937 2194 1977 hujus
2225 1938 2346 1969 anni³.

1483 2002 1587 2032 Primo
1605 2003 1784 2034 licenciatus
1803 2004 1860 2034 suit
1878 2004 2021 2034 dominus
2042 2005 2208 2045 Philippus
2226 2005 2348 2046 Pinghe

1443 2053 1500 2081 sub
1529 2053 1679 2092 magistro
1703 2053 1836 2093 Hugone
1865 2054 1903 2083 de
1935 2053 2098 2089 Hervorst,
2131 2054 2219 2094 cujus
2253 2055 2347 2085 bursa

1444 2101 1487 2130 111
1505 2101 1598 2130 solidi
1617 2112 1685 2131 cum
1704 2109 1774 2132 octo
1796 2102 1943 2132 denariis.
1965 2102 2005 2131 Et
2022 2103 2171 2132 satisfecit
2192 2104 2346 2144 receptori

1443 2156 1473 2180 et
1481 2149 1597 2190 juravit
1612 2151 1704 2180 michi
1716 2152 1923 2191 procuratori.

1483 2199 1558 2229 Item
1579 2200 1758 2230 licenciatus
1780 2201 1836 2230 suit
1858 2200 2002 2230 dominus
2025 2200 2140 2230 Paulus
2161 2202 2199 2230 de
2221 2200 2350 2231 Gbelria

1443 2249 1500 2278 sub
1515 2249 1664 2288 magistro
1680 2249 1858 2279 Hermanno
1871 2249 1986 2285 Roeve,
1999 2249 2086 2290 cujus
2096 2251 2190 2280 bursa
2203 2250 2231 2279 ΙΙ
2243 2250 2348 2280 solidi.

1443 2297 1483 2327 Et
1495 2298 1644 2327 satisfecit
1655 2298 1822 2338 receptori.

1484 2346 1559 2376 Item
1576 2347 1754 2377 licenciatus
1775 2348 1830 2377 fuit
1848 2348 1991 2377 dominus
2009 2347 2167 2377 Arnoldus
2189 2348 2227 2376 de
2246 2348 2348 2377 Broe-

1443 2395 1559 2424 chusen
1576 2397 1632 2425 sub
1646 2397 1795 2436 magistro
1807 2396 1946 2426 Johanne
1958 2397 1996 2425 de
2006 2396 2138 2431 Stralen,
2152 2395 2239 2436 cujus
2250 2397 2345 2426 bursa

1443 2443 1500 2474 VII
1518 2445 1621 2474 solidi.
1638 2445 1677 2474 Et
1692 2445 1841 2475 satisfecit
1854 2445 2023 2484 receptori.

1483 2492 1573 2522 Anno
1602 2494 1725 2523 Domini
1759 2504 1821 2534 quo
1847 2504 1952 2534 supra,
1987 2493 2102 2523 XVIIIa
2134 2494 2183 2523 die
2213 2493 2347 2534 Aprilis,

1444 2542 1520 2572 sacta
1538 2542 1783 2582 congregacione
1802 2543 1940 2572 nacionis
1959 2543 2039 2582 apud
2058 2542 2201 2572 Sanctum
2219 2543 2348 2572 Maturi-

1443 2601 1515 2620 num
1537 2591 1613 2620 hora
1634 2592 1797 2621 tel-ciarum
1819 2592 1859 2620 ad
1879 2591 2132 2631 supplicandum,
2161 2592 2349 2631 supplicavit

1442 2640 1543 2679 primo
1561 2640 1704 2669 dominus
1715 2640 1879 2680 Philippus
1889 2640 2020 2680 Pinghe,
2033 2641 2212 2679 incepturus
2229 2641 2260 2670 in
2274 2641 2348 2671 arti-

1443 2689 1513 2724 buS,
1538 2689 1659 2718 nacioni
1685 2699 1743 2729 pro
1770 2689 1921 2718 dilacione
1942 2690 2106 2718 bursarum
2129 2689 2346 2719 solvendarum

1442 2747 1501 2777 pro
1516 2738 1705 2777 magisterio.
1726 2737 1821 2778 Cujus
1842 2737 2031 2777 supplicacio
2052 2738 2255 2767 communiter
2269 2748 2350 2767 con-

1443 2796 1532 2816 cessa
1551 2787 1617 2822 suit,
1642 2793 1672 2816 et
1690 2786 1748 2816 hoc
1770 2786 1880 2826 positis
1901 2786 2084 2826 pigneribus
2107 2786 2344 2816 sufficientibus.

1444 2835 1519 2864 Item
1543 2835 1575 2865 in
1597 2836 1701 2865 eadem
1727 2835 1972 2875 congregacione
1994 2841 2024 2864 et
2046 2835 2150 2868 eadem
2172 2835 2248 2864 hora
2270 2845 2350 2875 sup-

1474 2943 1497 2966 3.
1535 2943 1621 2965 ''ostea
1634 2949 1639 2965 :
1654 2950 1727 2973 proc.
1741 2949 1811 2973 mag.
1823 2941 1957 2973 Meynardi
1967 2941 2068 2965 Rodolfi
2076 2941 2108 2965 de
2121 2941 2211 2973 Tyela.
