2632 3464
419 414 455 440 99
965 409 1189 435 AUCTARIUM
1210 407 1470 435 CHARTULARII
1489 408 1663 435 UNIVERS.
1686 408 1805 435 PARIS.
2298 410 2350 437 100

421 489 545 529 pcionis
564 489 652 517 beate
674 486 807 526 virginis
834 486 932 515 Marie
959 486 1042 525 apud
1065 485 1210 515 Sanctum
1232 484 1334 514 Matu-

422 539 540 573 rinum,
575 538 651 566 hora
685 536 800 576 prime,
836 545 931 575 super
968 535 1179 564 refusionibus
1217 544 1335 573 expen-

421 597 526 618 sarum
551 587 697 615 factarum
719 595 776 624 per
796 584 977 624 magistrum
1000 583 1189 613 Cristianum
1209 583 1245 611 de
1267 582 1336 611 Elst

422 637 455 666 in
477 635 631 675 legatione
655 634 791 663 Romane
817 633 900 662 curie
923 631 1062 661 nacionis
1085 631 1274 670 supradicte,
1297 631 1334 659 de

422 684 599 725 hujusmodi
614 683 789 722 sumptibus
802 681 1030 711 deliberacione
1045 680 1207 709 sufficienti
1222 679 1335 718 preha-

421 735 501 769 bita,
521 733 718 763 concorditer
737 732 769 760 in
786 731 868 760 hunc
886 731 1009 759 modum
1029 729 1189 759 exstiterat
1208 729 1336 758 ordina-

421 790 497 819 tum,
515 783 599 812 nullo
615 782 738 821 penitus
757 780 951 809 reclamante.

464 832 570 862 Primo
588 831 671 870 quod
692 829 843 869 magistri,
865 828 918 868 qui
936 833 1100 867 presentes
1121 827 1241 855 fuerant
1258 831 1336 855 tem-

423 891 500 921 pore
517 879 653 920 longiori
670 886 700 908 et
713 889 749 907 ex
760 888 841 907 nunc
857 887 920 906 non
931 882 1088 916 regentes,
1101 882 1175 914 puta
1189 874 1337 914 magister

421 930 580 960 Johannes
603 930 640 958 de
663 927 810 967 Zibergh,
830 926 978 966 magister
993 925 1148 964 Alquinus
1169 925 1206 953 de
1226 923 1337 953 Suecia

422 986 454 1009 et
472 978 620 1018 magister
637 977 783 1007 Nicolaus
802 977 840 1004 de
863 975 1026 1009 Hokelem‚
1046 973 1178 1013 quilibet
1196 973 1336 1012 ipsorum

425 1028 574 1067 magistro
601 1025 759 1055 Cristiano
777 1035 835 1064 pro
861 1024 1038 1053 omnimoda
1059 1022 1277 1062 persolucione
1305 1022 1337 1051 in

423 1083 557 1115 quatuor
574 1075 700 1104 ssorenis
720 1074 882 1103 Florencie
899 1074 1049 1113 ponderis
1064 1071 1140 1112 justi
1159 1072 1337 1101 satisfacere

423 1124 579 1154 tenebitur
603 1124 634 1152 in
659 1123 804 1152 futurum.
839 1122 983 1151 Secundo
1011 1121 1235 1150 ordinaverunt
1262 1120 1337 1150 dicti

425 1173 566 1213 magistri
589 1173 673 1212 quod
698 1171 830 1211 quilibet
853 1171 1072 1211 magistrorum
1097 1169 1275 1199 absencium
1299 1170 1337 1199 de

422 1222 495 1252 villa
514 1221 707 1261 Parysiensi‚
725 1220 778 1260 qui
793 1221 824 1249 in
840 1221 923 1250 dicto
939 1220 1041 1249 rotulo
1057 1219 1088 1248 in
1102 1219 1242 1248 Romana
1252 1218 1338 1248 curia

423 1272 455 1300 in
468 1271 550 1300 dicta
563 1271 722 1310 legacione
737 1270 850 1309 signati
864 1269 1056 1304 exstiterant,
1073 1275 1191 1308 septem
1202 1268 1338 1298 ssorenos

424 1322 462 1349 de
496 1320 658 1349 Florencia
684 1325 735 1349 aut
763 1319 899 1348 valorem
927 1318 988 1348 sibi
1020 1318 1156 1347 solveret
1182 1317 1336 1357 expedite,

423 1370 574 1399 defalcato
600 1375 700 1397 tamen
722 1379 783 1398 uno
810 1374 897 1397 scuto
921 1378 980 1407 pro
1007 1367 1156 1407 magistro
1185 1367 1336 1406 Meyrico,

424 1419 477 1458 qui
492 1419 575 1448 istud
588 1424 707 1447 scutum
721 1417 870 1457 magistro
884 1417 1042 1446 Cristiano
1055 1416 1170 1456 legavit
1180 1416 1256 1445 alias
1270 1425 1338 1444 cum

424 1468 583 1508 legacione
615 1467 758 1506 pecunie,
793 1476 852 1506 que
878 1466 937 1495 sibi
963 1466 1001 1495 ad
1026 1466 1195 1495 Romanam
1222 1464 1338 1494 curiam

425 1517 603 1557 nuperrime
624 1517 814 1545 mittebatur.
841 1515 952 1544 Tercio
979 1515 1011 1544 in
1030 1515 1171 1555 predicta
1195 1514 1336 1549 nacione,

424 1567 516 1596 sicuti
531 1573 561 1595 et
575 1566 662 1600 alias,
676 1571 741 1594 erat
755 1565 929 1594 ordinatum
944 1565 1027 1604 quod
1041 1574 1162 1593 omnem
1177 1564 1338 1603 pecuniam

426 1615 652 1646 baculariorum
666 1614 897 1643 licenciatorurn
914 1614 971 1643 hoc
987 1623 1069 1642 anno
1081 1613 1111 1641 in
1127 1613 1238 1641 Sancta
1254 1611 1339 1641 Ghe-

425 1666 536 1699 nofefa,
564 1674 654 1703 quam
678 1664 738 1692 sibi
763 1663 853 1692 nacio
876 1663 1050 1692 reservavit
1073 1662 1131 1691 huc
1158 1671 1257 1701 usque
1280 1671 1339 1701 pro

424 1714 640 1744 satisfaccione
690 1713 909 1752 magistrorum
957 1712 1153 1751 regencium,
1197 1711 1340 1751 predicto

426 1764 575 1803 magistro
607 1763 763 1792 Cristiano
790 1762 821 1790 in
843 1761 980 1800 jocundo
1011 1772 1067 1790 suo
1094 1762 1227 1790 adventu
1251 1760 1340 1789 nacio

426 1818 632 1853 presentaret.
655 1812 772 1848 Quarto
795 1811 997 1840 ordinabatur
1018 1810 1227 1845 concorditer,
1248 1815 1342 1849 prout

426 1872 534 1901 supra,
555 1862 638 1901 quod
657 1871 715 1900 pro
742 1866 942 1899 procuratore
965 1860 1114 1899 magistro
1140 1859 1283 1889 Gotsrido
1303 1859 1341 1888 de

429 1911 582 1950 Parchym
601 1911 638 1939 de
660 1916 792 1949 quatuor
809 1909 936 1938 florenis
958 1909 1119 1938 Florencie
1139 1909 1245 1948 parvis
1263 1915 1342 1938 tam-

427 1971 518 2000 quam
542 1961 579 1989 de
602 1959 762 1988 solucione
781 1958 972 1993 omnimoda,
990 1958 1078 1987 nacio
1099 1958 1249 1997 magistro
1270 1957 1342 1987 Cri-

428 2011 529 2039 stiano
551 2009 743 2038 satisfaceret
763 2007 987 2046 omniquaque,
1013 2008 1260 2047 quandocunque
1286 2017 1343 2046 per

428 2060 559 2088 eundem
573 2058 754 2097 magistrum
773 2056 963 2085 Cristianum
982 2057 1074 2086 fuerit
1088 2055 1274 2096 requisita⁴.

471 2108 572 2147 Super
594 2107 655 2136 hiis
678 2106 780 2144 itaque
803 2106 954 2135 ordinatis
975 2116 1009 2135 ac
1034 2106 1123 2135 factis
1145 2105 1233 2134 nacio
1256 2105 1344 2144 petiit

428 2157 488 2186 sibi
504 2157 570 2185 fieri
585 2155 743 2195 publicum
760 2155 999 2184 instrumentum
1017 2155 1167 2194 magistro
1184 2155 1343 2184 Cristiano

430 2206 638 2245 dirigendum,
670 2216 731 2244 quo
761 2205 886 2244 quidem
915 2204 1040 2243 publico
1067 2204 1284 2238 instrumento,
1311 2210 1344 2233 ut

431 2255 500 2284 huic
519 2254 712 2283 ordinacioni
726 2264 835 2293 parere
851 2263 913 2282 non
929 2253 1060 2288 desinat,
1073 2252 1343 2293 perjuramentum

431 2305 514 2345 quod
537 2304 568 2332 in
592 2314 720 2333 recessu
740 2314 796 2332 suo
820 2303 959 2342 predicte
980 2302 1103 2331 nacioni
1121 2302 1253 2331 fideliter
1271 2312 1344 2342 pre-

431 2354 520 2388 stitit,
539 2359 569 2382 et
584 2352 803 2382 nichilominus
820 2362 878 2391 per
891 2351 1098 2391 juramentum
1115 2351 1260 2390 generale
1282 2361 1344 2390 quo

431 2403 559 2433 obedire
575 2402 759 2441 astringitur
778 2401 899 2429 nacioni
920 2401 1110 2439 supradicte,
1133 2401 1234 2440 ipsum
1253 2411 1344 2440 sepe-

433 2453 547 2481 dictum
574 2451 755 2490 magistrum
783 2450 972 2479 Cristianum
1004 2450 1136 2489 requirit
1160 2460 1194 2479 ac
1222 2459 1346 2489 semper

433 2501 573 2540 requiret
587 2501 618 2529 in
637 2500 782 2534 futurum,
799 2509 836 2527 ne
851 2499 967 2538 aliquid
984 2509 1038 2527 seu
1054 2498 1156 2538 aliqua
1173 2508 1230 2538 per
1249 2508 1282 2528 se
1297 2498 1346 2528 vel

435 2561 490 2589 per
507 2550 599 2579 alium
613 2549 730 2578 directe
745 2548 794 2577 vel
810 2548 960 2577 indirecte
974 2554 1081 2577 contra
1097 2548 1207 2577 dictam
1223 2548 1346 2576 ordina—

435 2600 554 2628 cionem
572 2599 670 2627 sacere
684 2597 826 2627 curetvel
837 2603 996 2636 attemptet
1007 2596 1030 2625 ².
1046 2597 1125 2626 Huic
1138 2597 1210 2626 item
1223 2597 1346 2626 ordina-

435 2648 529 2683 cioni,
561 2648 587 2677 si
617 2648 719 2676 dictus
749 2647 896 2686 magister
923 2646 1112 2681 Cristianus‚
1143 2646 1226 2685 quod
1254 2645 1346 2680 absit,

467 2764 488 2786 1.
509 2761 683 2790 Nuntiz,inter
695 2769 758 2793 quos
770 2760 940 2789 Christianus,
956 2760 1037 2784 alium
1053 2761 1154 2784 modum
1170 2760 1220 2783 nihi
1237 2761 1347 2792 satissa-

437 2798 523 2822 ciendi
537 2800 733 2829 proposuerant,
756 2800 783 2820 ul
800 2805 813 2820 e
828 2797 884 2820 doc.
905 2805 948 2820 an.
968 2796 1036 2824 1346,
1052 2797 1119 2820 Maii
1134 2797 1163 2820 25
1182 2796 1207 2819 in
1228 2797 1348 2820 Chartul.

438 2835 569 2861 Univers.,
581 2834 649 2859 11.n'²
659 2833 728 2861 1126,
741 2832 828 2864 liquet.
838 2834 936 2856 —Posc
945 2835 1083 2864 attemptet
1091 2833 1117 2855 in
1128 2831 1260 2864 m=.plura
1272 2832 1348 2856 verba

438 2873 496 2893 sunt
510 2869 653 2892 eliminata.

470 2907 492 2929 2.
528 2907 618 2928 Postea
631 2904 759 2936 quaedam
774 2904 849 2927 verba
863 2912 948 2927 erasa.

471 2943 494 2965 3.
528 2943 546 2964 Ι.
562 2949 583 2964 e.
597 2941 630 2964 de
644 2940 815 2971 Wittenberg.

1374 932 1408 958 10

1375 1178 1409 1204 15

1376 1424 1410 1450 20

1377 1670 1411 1696 25

1379 1917 1413 1942 30

1381 2162 1414 2188 35

1382 2408 1416 2434 40

1384 2654 1419 2680 45

1443 493 1506 513 non
1523 485 1672 524 paruerit,
1690 484 1773 514 omni
1793 485 1899 514 fraude
1918 485 2029 524 procul
2044 491 2136 521 mota,
2153 491 2261 515 contra
2278 495 2356 516 eun-

1443 532 1534 562 dem²
1550 533 1632 563 dicta
1649 533 1737 563 nacio
1754 533 1892 563 decrevit
1909 543 1946 563 ex
1963 543 2045 563 nunc
2067 533 2148 564 sicut
2166 544 2204 564 ex
2220 540 2305 571 tunc,
2325 541 2356 564 et

1443 592 1481 611 ex
1492 587 1565 612 tunc
1582 582 1662 612 sicut
1678 591 1715 612 ex
1727 593 1808 612 nunc
1823 583 1854 612 in
1868 582 2012 612 omnibus
2030 583 2276 612 irrevocabiliter
2290 584 2356 613 fore

1443 631 1685 670 procedendum.
1706 631 1818 661 Actum
1835 631 1868 660 in
1885 638 1992 661 octava
2009 631 2248 671 Assumpcionis
2268 633 2356 662 beate

1442 679 1595 719 Virginis,
1610 681 1809 719 presentibus
1825 681 1984 720 magistris
1999 680 2142 710 Gotfrido
2160 681 2198 710 de
2212 680 2356 711 Parchim

1444 735 1657 768 procuratore,
1670 729 1820 768 magistro
1832 729 2025 759 Theoderico
2039 730 2076 759 de
2089 729 2171 759 Foro
2181 736 2355 769 receptore,

1443 777 1583 807 Johanne
1612 778 1650 807 de
1683 778 1840 818 thergh,
1869 779 2009 808 ,Iohanne
2044 779 2081 808 de
2117 777 2320 819 Werburgho
2330 777 2355 814 ³,

1445 827 1563 856 Thoma
1580 827 1618 856 de
1633 826 1797 866 Wedayle,
1817 833 1847 857 et
1861 820 2037 867 Ghylek'ino
2054 827 2190 867 bydello.

1486 877 1561 906 Item
1573 882 1741 905 convocata
1753 876 1880 906 nacione
1895 877 2068 917 Anglicana
2082 876 2114 905 in
2127 876 2234 916 vigilia
2244 875 2256 895 ⁴
2279 875 2358 906 Bar-

1445 925 1593 954 tholomei
1615 925 1804 954 sufficienter
1822 926 1860 954 ad
1882 926 2087 955 ordinandum
2106 931 2136 954 et
2155 935 2213 965 pro
2236 924 2359 964 suppli-

1446 974 1625 1003 cacionibus
1648 974 1730 1013 apud
1751 973 1896 1004 Sanctum
1915 974 2118 1009 Maturinum,
2139 984 2290 1004 concessa
2304 973 2360 1004 fuit

1447 1023 1638 1063 supplicacio
1673 1022 1814 1063 magistri
1849 1023 2008 1053 Thiderici
2037 1024 2075 1053 de
2103 1023 2183 1053 Foro
2211 1023 2244 1052 in
2277 1023 2360 1053 hunc

1446 1073 1581 1107 modum,
1599 1073 1683 1111 quod
1704 1072 1731 1101 si
1750 1072 1882 1112 pecunie
1902 1072 2118 1102 distribuende
2134 1071 2225 1112 hujus
2245 1072 2317 1102 anni
2330 1078 2361 1102 et

1446 1121 1611 1150 distribute
1643 1121 1704 1150 sibi
1731 1131 1935 1160 recompensa
1965 1122 2042 1151 facta
2068 1131 2131 1151 non
2160 1121 2252 1151 fuerit
2281 1121 2360 1150 infra

1446 1177 1569 1210 tempus
1603 1170 1754 1199 examinis
1789 1170 1900 1200 Sancte
1939 1169 2130 1210 Genophese,
2166 1181 2227 1210 quo
2257 1169 2360 1210 primo

1447 1219 1605 1259 aperietur
1618 1229 1745 1249 examen
1759 1220 1983 1259 supradictum,
2001 1230 2038 1249 ex
2053 1226 2126 1249 tunc
2139 1219 2220 1249 sicut
2231 1229 2269 1249 ex
2278 1229 2360 1248 nunc

1447 1269 1537 1298 nacio
1562 1268 1623 1298 sibi
1648 1269 1783 1308 primum
1806 1268 1976 1298 solventem
2001 1269 2051 1298 vel
2073 1269 2243 1298 secundum
2262 1268 2361 1298 licen-

1447 1317 1628 1347 ciandorum
1653 1318 1684 1346 in
1709 1317 1822 1347 Sancta
1846 1317 2037 1357 Genophefa,
2067 1327 2159 1357 quem
2186 1317 2274 1347 nacio
2300 1316 2361 1346 sihi

1447 1367 1652 1406 deputaverit,
1668 1367 1825 1396 concessit
1842 1366 1994 1406 magistro
2011 1366 2202 1406 supradicto.

1855 1461 1873 1488 1
1879 1459 1954 1488 346

1448 1531 1606 1571 Tempus
1627 1531 1921 1571 procuracionis
1943 1531 2121 1571 magistri
2139 1530 2296 1560 Henrici
2319 1531 2361 1560 de

1690 1581 1755 1616 Os,
1781 1580 1866 1610 vel⁵
1891 1581 1971 1610 sic:
2001 1580 2122 1609 Osche

1489 1660 1579 1690 Anno
1604 1660 1729 1690 Domini
1750 1641 1780 1690 llll
1800 1640 1880 1690 Ci'IC
1899 1640 2008 1695 XLVl,
2032 1660 2169 1690 crastino
2188 1660 2270 1689 beati
2288 1659 2363 1688 Bar-

1448 1709 1596 1739 tholomei
1615 1708 1783 1748 apostoli⁶‚
1801 1715 1968 1739 convocata
1986 1709 2115 1738 nacione
2130 1708 2303 1748 Anglicana
2325 1708 2364 1737 ad

1449 1759 1626 1798 eligendum
1642 1765 1889 1798 procuratorem,
1905 1758 2021 1787 electus
2038 1758 2094 1787 fuit
2111 1758 2261 1798 magister
2276 1756 2364 1786 Hen-

1449 1809 1534 1838 ricus
1564 1808 1602 1836 de
1630 1808 1673 1837 Os
1702 1808 1784 1847 apud
1815 1807 1960 1837 Sanctum
1987 1807 2175 1836 Maturinum
2208 1816 2364 1836 consensu

1451 1857 1586 1887 omnium
1622 1857 1843 1897 magistrorum
1869 1856 2026 1891 uniformi,
2058 1856 2205 1896 nulloque
2239 1855 2364 1895 penitus

1451 1906 1648 1942 reclamante,
1677 1912 1818 1946 tempore
1849 1905 1936 1945 cujus
1964 1912 2031 1935 acta
2058 1906 2184 1935 fuerunt
2216 1905 2272 1934 hec
2303 1914 2364 1944 que

1452 1961 1632 1994 sequentur.

1492 2009 1598 2038 Primo
1614 2010 1690 2039 facta
1705 2009 1952 2049 congregacione
1971 2009 2112 2038 nacionis
2125 2009 2206 2048 apud
2220 2007 2364 2038 Sanctum

1451 2058 1605 2087 Julianum
1626 2068 1722 2098 super
1740 2059 1871 2098 pecunia
1894 2058 2026 2098 Balgino
2049 2057 2111 2087 vici
2136 2057 2301 2087 Straminis
2327 2057 2366 2086 ad

1451 2117 1527 2137 usus
1542 2117 1720 2136 communes
1737 2108 1801 2137 sive
1815 2107 1964 2136 solvenda
1977 2108 2042 2137 sive
2059 2107 2235 2146 prestanda,
2251 2106 2366 2135 delibe-

1451 2162 1550 2186 ratum
1572 2156 1627 2185 fuit
1647 2162 1676 2185 et
1695 2156 1891 2185 uniformiter
1908 2156 2093 2191 admissum,
2111 2155 2196 2185 nullo
2217 2155 2366 2195 magistro

1452 2215 1510 2245 pro
1530 2212 1602 2234 tunc
1619 2215 1743 2245 quoque
1754 2205 1766 2223 ⁷
1783 2206 1907 2244 penitus
1923 2205 2165 2241 contradicente,
2185 2205 2268 2244 quod
2290 2214 2367 2244 pro-

1453 2260 1577 2284 curator
1606 2261 1825 2294 supranotatus
1857 2265 1918 2284 una
1946 2265 2014 2284 cum
2043 2253 2166 2283 bedello
2193 2254 2231 2282 ad
2260 2263 2366 2293 recep-

1453 2310 1551 2333 torem
1576 2303 1657 2332 dicte
1682 2303 1823 2332 nacionis
1848 2304 1927 2332 foret
1949 2303 2048 2333 iturus
2077 2302 2199 2342 sibique
2221 2312 2258 2332 ex
2279 2308 2367 2342 parte

1453 2353 1534 2382 dicte
1563 2352 1704 2382 nacionis
1734 2353 1949 2388 nunciaturus,
1983 2353 2067 2392 quod
2095 2351 2257 2392 pecuniam
2284 2352 2367 2381 dicto

1454 2401 1598 2441 Balgino,
1619 2401 1645 2430 si
1666 2412 1725 2441 qua
1744 2408 1828 2431 esset
1846 2401 1878 2430 in
1893 2401 2040 2436 nacione,
2056 2406 2180 2430 vacaret
2198 2410 2231 2430 se
2247 2400 2368 2430 solutu-

1454 2461 1532 2486 rum,
1551 2457 1602 2480 aut
1616 2451 1727 2479 dictam
1739 2451 1912 2490 pecuniam,
1926 2450 1952 2480 si
1968 2450 2057 2480 nacio
2074 2459 2135 2479 non
2146 2449 2274 2478 haberet
2289 2459 2365 2484 eam,

1455 2500 1482 2529 si
1510 2494 1685 2539 paternitati
1714 2510 1767 2529 sue
1797 2499 1944 2539 placeret,
1973 2499 2005 2528 id
2034 2505 2082 2528 est
2107 2498 2290 2528 discretioni
2313 2508 2368 2528 sue

1456 2555 1635 2578 occurreret
1644 2548 1667 2584 Β,
1680 2550 1717 2578 ad
1729 2549 1870 2578 nacionis
1885 2548 2073 2584 instantiam,
2085 2548 2227 2587 dictaque
2239 2547 2368 2577 nacione

1456 2598 1502 2627 sic
1527 2597 1721 2636 supplicante
1747 2598 1924 2637 diligenter,
1949 2604 2042 2637 prout
2061 2603 2126 2627 erat
2148 2596 2367 2632 deliberatum,

1457 2646 1540 2676 dicto
1557 2646 1690 2686 Balgino
1706 2647 1906 2686 manciparet.

1488 2762 1512 2785 4.
1545 2762 1576 2784 23
1593 2762 1713 2794 Augusti.

1488 2799 1511 2820 5.
1546 2797 1592 2820 Vel
1607 2797 1645 2820 sic
1658 2797 1743 2821 Osche
1757 2797 1811 2821 alia
1822 2805 1900 2820 manu
1911 2796 2003 2820 addita
2012 2800 2080 2820 sunl.

1489 2834 1511 2856 6.
1546 2833 1575 2856 25
1586 2834 1605 2855 A
1613 2833 1704 2864 agusti.

1489 2868 1512 2891 7.
1548 2868 1595 2891 Μι.
1607 2867 1693 2898 potius
1707 2875 1764 2899 que.

1489 2904 1511 2927 8.
1546 2905 1574 2926 In
1593 2903 1709 2935 margine
1723 2902 1851 2935 quaedam
1873 2902 1958 2931 verba,
1976 2910 2083 2935 quorum
2101 2911 2200 2926 sensum
2216 2910 2303 2926 eruere
2319 2908 2369 2926 non

1455 2947 1600 2970 poscumus.

2621 1156 2632 1217 .*—*.
2628 1136 2632 1139 i
