2632 3464
830 0 1061 29 wammam?
1075 18 1083 27 .
1111 10 1117 15 ·
1135 19 1146 22 .«
1159 15 1162 18 «

617 528 878 570 [LicenciatiJ.

337 611 412 642 Item
423 612 567 641 dominus
575 610 730 651 Nycolaus
740 609 843 639 Zuker
857 615 888 639 et
901 609 1044 638 dominus
1059 607 1200 638 Theodo—

294 661 379 690 ricus
394 660 500 690 Rusch
513 661 571 690 sub
581 659 731 700 magistro
746 658 908 688 Gerhardo
926 657 1050 693 Kalkar,
1068 667 1199 697 quorum

296 709 462 750 cujuslibet
490 710 584 739 bursa
609 714 696 738 erant
715 707 743 736 V
769 707 878 742 solidi,
906 707 944 736 de
970 706 1083 746 quibus
1106 706 1200 736 satis-

296 759 434 788 fecerunt
458 758 584 788 domino
607 756 763 797 receptori
793 756 988 796 pignoribus.
1015 755 1201 785 Juraverunt

295 806 405 837 die⁴...

335 856 411 886 Item
431 856 574 886 dominus
591 853 775 896 H[enricus]
792 854 924 884 Rossem
937 852 1053 893 juravit
1070 863 1200 893 pauper-

296 911 387 935 tatem
401 905 474 945 quia
486 904 666 934 licenciatus
683 903 739 933 fuit
752 903 784 933 in
800 903 929 933 artibus.

336 954 412 984 ltem
435 954 580 984 dominus
611 953 745 983 lacobus
775 951 920 991 Creynch
942 951 1122 981 licenciatus
1146 951 1202 981 fuit

295 1003 354 1033 sub
380 1003 529 1043 magistro
557 1001 720 1031 Gerhardo
748 1001 874 1036 Kalkar,
905 1000 993 1040 cujus
1021 1002 1116 1030 bursa
1146 1001 1203 1030 fuit

294 1051 352 1081 Vll
367 1051 471 1082 solidi.
486 1051 595 1082 Solvit.

336 1100 412 1130 Item
438 1100 596 1130 Johannes
627 1099 799 1140 Scriptoris
822 1099 1001 1129 licenciatus
1026 1099 1057 1128 in
1083 1099 1202 1129 artibus

294 1149 388 1180 solvit
403 1149 430 1179 V
446 1150 569 1184 bursas,
588 1158 646 1188 pro
663 1148 801 1188 qualibet
818 1148 862 1178 Ill
877 1148 1007 1184 solidos,
1026 1148 1058 1177 in
1075 1147 1203 1178 octava²

296 1198 522 1228 Translationis
537 1197 635 1228 sancti
651 1197 812 1237 Nycholai.

337 1248 411 1278 Item
427 1247 582 1277 Henricus
598 1246 725 1276 Roshen
741 1245 828 1286 cujus
842 1247 937 1276 bursa
949 1246 1054 1276 nichil.
1073 1246 1202 1287 lncepit.

336 1296 411 1327 Item
427 1296 586 1326 Hubertus
595 1295 713 1330 wilde,
731 1294 818 1335 cujus
836 1296 930 1325 bursa
946 1295 1052 1325 nichil.
1073 1295 1201 1336 Incepit.

338 1345 412 1376 Item
429 1345 461 1374 in
477 1343 636 1384 profesto³
652 1344 749 1374 sancti
766 1343 884 1374 Yvonis
900 1344 1043 1374 dominus
1061 1344 1204 1374 Andreas

297 1394 421 1435 Creync
437 1394 617 1424 licenciatus
631 1393 663 1422 in
682 1393 802 1423 artibus
825 1393 986 1428 satisfecit,
1003 1392 1089 1433 cujus
1110 1394 1205 1423 bursa

297 1444 354 1474 fuit
370 1442 427 1473 VII
445 1443 549 1473 solidi.

339 1493 414 1523 Item
426 1492 458 1522 in
474 1491 610 1521 crastino
622 1490 740 1520 Yvonis
754 1490 897 1520 dominus
910 1490 925 1520 J
930 1490 1068 1520 ohannes
1081 1490 1205 1531 Mathye

298 1541 478 1572 licenciatus
495 1540 654 1576 satisfecit,
674 1538 761 1580 cujus
783 1540 878 1569 bursa
894 1538 935 1569 vl
953 1539 1058 1570 solidi.
1076 1540 1206 1570 Satisfe-

299 1591 340 1621 cit
353 1589 519 1630 receptori.

340 1639 415 1669 ltem
440 1638 515 1668 feria
546 1636 702 1668 secunda*
729 1643 799 1667 ante
825 1637 1049 1667 Ascensionem
1080 1637 1206 1667 Domini

298 1688 442 1718 dominus
476 1686 676 1727 Gysilbertus
710 1686 806 1716 Scout
838 1686 1019 1716 licenciatus
1044 1687 1204 1722 satisfecit,

298 1736 386 1778 cujus
405 1737 500 1766 bursa
527 1735 571 1766 111
599 1735 702 1765 solidi.
721 1735 877 1765 Satisfecit
891 1735 1016 1765 domino
1038 1736 1203 1775 receptori.

338 1786 414 1816 Item
430 1786 535 1815 eadem
561 1785 611 1814 die
628 1784 772 1814 dominus
794 1784 954 1824 Hupertus
967 1783 1095 1825 juravit,
1119 1783 1205 1825 cujus

298 1836 393 1866 bursa
406 1834 512 1864 nichil.

339 1884 414 1914 Item
444 1883 551 1913 eadem
580 1882 631 1912 die
663 1881 808 1912 dominus
839 1882 974 1912 Jacobus
1005 1889 1035 1912 et
1062 1883 1206 1914 dominus

298 1933 442 1964 Andreas
475 1931 631 1972 Creynch,
661 1931 814 1971 incepturi
843 1931 874 1961 in
905 1931 1023 1962 artibus
1034 1955 1041 1967 ,
1075 1942 1205 1972 quorum

302 1981 465 2023 cujuslibet
475 1982 570 2011 bursa
582 1980 638 2010 fuit
651 1979 708 2010 VII
723 1980 827 2010 solidi.
847 1980 1069 2010 Satisfecerunt
1081 1981 1206 2011 domino

298 2031 452 2071 receptori
466 2036 496 2060 et
507 2029 600 2059 michi
614 2029 652 2059 de
660 2028 844 2070 juramentis
855 2035 885 2059 et
897 2029 991 2059 eciam
1008 2030 1204 2070 pignoribus.

340 2080 414 2110 Item
423 2080 529 2109 eadem
540 2079 589 2108 die
601 2078 750 2109 satisfecit
764 2078 890 2108 domino
905 2079 1059 2119 receptori
1076 2079 1207 2120 pignore

299 2135 331 2160 et
347 2128 439 2159 michi
447 2127 623 2169 juramento
640 2127 784 2157 dominus
798 2126 955 2157 Johannes
971 2127 1104 2164 Stralen.
1119 2128 1206 2169 cujus

302 2180 396 2208 bursa
412 2177 453 2208 Vl
467 2177 572 2212 solidi,
594 2177 774 2216 incepturus
791 2177 849 2206 sub
863 2177 1011 2216 magistro
1028 2177 1206 2207 Hermanno

302 2226 550 2266 Butt[enbroch].

340 2276 416 2306 Item
441 2275 472 2305 in
495 2273 652 2305 crastino⁸
679 2274 883 2304 Ascensionis
912 2274 1037 2304 Domini
1063 2275 1206 2305 dominus

298 2325 456 2355 Johannes
472 2323 640 2354 Forestarii
655 2323 814 2359 satisfecit,
835 2323 888 2363 qui
910 2323 1127 2354 licenciaturus
1151 2324 1208 2354 fuit

301 2375 359 2404 sub
371 2373 521 2414 magistro
532 2373 626 2403 Petro
638 2371 770 2403 Werelli
779 2371 803 2407 ⁸,
816 2371 903 2412 cujus
914 2372 1042 2402 burssV
1052 2373 1156 2410 solidi,
1169 2374 1206 2403 de

302 2423 416 2464 quibus
433 2422 592 2452 satisfecit.

343 2472 417 2502 Item
435 2471 543 2501 eodem
559 2470 609 2500 die
626 2469 776 2500 satisfecit
795 2470 939 2500 dominus
955 2470 1113 2501 ,lohannes
1127 2471 1207 2501 Bou·

301 2520 351 2551 kel
365 2520 556 2556 licenciam,
573 2518 662 2559 cujus
675 2520 768 2548 bursa
784 2518 855 2548 VIII
873 2518 976 2548 solidi.

343 2568 418 2599 Item
442 2568 597 2598 dominico
624 2568 674 2598 die
685 2567 698 2586 ⁷
729 2573 801 2607 post
828 2567 1052 2598 Ascensionem
1083 2568 1207 2599 Domini

302 2617 451 2648 satisfecit
464 2617 608 2647 dominus
621 2617 779 2647 Johannes
795 2615 965 2656 Scriptoris
980 2617 1159 2658 incepturus
1176 2618 1207 2648 in

303 2666 437 2702 artibus,
461 2665 548 2707 cujus
571 2666 666 2696 bursa
690 2665 732 2696 111
756 2665 864 2701 solidi,
890 2666 928 2695 de
950 2665 1063 2706 quibus
1082 2667 1208 2697 domino

303 2715 457 2755 receptori
475 2715 662 2756 pignoribus
678 2714 837 2745 satisfecit.

335 2820 359 2844 1.
390 2820 434 2845 Sia
447 2820 473 2845 ιἰι
485 2822 551 2845 1⁸0⁰.

335 2856 358 2880 2.
388 2856 418 2880 2⁶
429 2855 503 2881 ,vala

335 2893 359 2916 3.
392 2891 422 2916 18
433 2891 507 2916 unii.

335 2928 359 2951 b.
392 2926 422 2951 2³
433 2926 507 2951 uaia'.

336 2964 359 2986 5.
393 2962 422 2986 27
435 2961 508 2987 unii.

796 435 911 462 LIBER
930 433 1243 462 PROCURATORUM
1263 433 1443 460 NATIONIS
1462 434 1707 461 ANGLICANAE

1238 954 1272 981 10

1240 1201 1274 1228 15

1242 1448 1276 1474 20

1243 1694 1277 1720 25

1243 1939 1277 1966 30

1243 2185 1277 2211 35

1244 2430 1278 2457 40

1245 2675 1279 2702 45

2163 437 2215 463 426

1350 509 1425 539 Item
1443 510 1586 540 dominus
1603 510 1790 550 WVygandus
1808 512 1846 540 de
1862 511 1962 551 Erpil,
1978 511 2065 551 cujus
2081 513 2175 542 bursa
2189 513 2216 541 V

1309 558 1413 594 solidi,
1428 558 1618 588 licenciatus.

1349 607 1424 637 Item
1444 608 1524 636 idem
1544 607 1721 648 Wigandus
1737 608 1851 648 incepit
1865 608 1896 637 in
1914 615 2022 639 octavo
2045 610 2216 639 Ascensio-

1307 656 1369 692 nis,
1386 655 1472 696 cujus
1485 657 1578 686 bursa
1591 656 1617 685 V
1630 656 1732 686 solidi.

1349 705 1424 734 Item
1454 706 1560 734 eodem
1591 705 1642 735 die
1671 705 1856 745 supplicavit
1887 707 2034 746 magister
2061 707 2215 737 Henricus

1308 754 1388 794 Lupi
1405 755 1444 783 de
1467 754 1607 784 Wesalia
1628 755 1712 794 quod
1736 755 1767 784 in
1791 755 1935 784 absencia
1958 766 2023 790 sua,
2047 756 2073 785 si
2097 756 2216 786 rotulus

1307 803 1406 838 fieret,
1432 804 1654 843 imponeretur,
1684 804 1769 843 quod
1799 804 1859 833 sibi
1885 804 1973 834 nacio
2002 806 2156 835 concessit
2186 806 2217 834 in

1309 859 1455 892 quantum
1470 852 1500 881 in
1518 852 1586 892 ipsa
1601 858 1695 888 esset,
1710 852 1796 883 salvo
1807 852 1875 893 jure
1893 854 2090 893 presencium
2106 861 2136 883 et
2146 853 2217 894 jure

1308 911 1458 931 nacionis.

1714 955 1812 984 1373

1410 1021 1482 1062 (Fol.
1500 1023 1537 1052 35
1554 1020 1602 1060 ¹’)¹³
1634 1021 1909 1051 Procuratoria
1942 1023 2117 1063 magistri

1541 1069 1711 1100 Marcelii
1742 1072 1785 1100 de
1820 1071 1979 1111 Ing-hen.

1351 1146 1443 1176 Anno
1472 1146 1596 1175 Domini
1626 1146 1714 1182 1373,
1738 1146 1854 1176 mensis
1884 1147 1968 1176 Junii
1994 1148 2044 1177 die
2070 1149 2215 1185 secunda,

1310 1202 1419 1225 vocata
1444 1194 1572 1224 nacione
1593 1195 1631 1224 ad
1657 1195 1833 1236 eligendum
1862 1203 2094 1235 procuratorem
2121 1204 2151 1227 et
2181 1199 2218 1228 ad

1311 1244 1497 1274 audiendum
1531 1250 1705 1283 computum
1730 1245 1914 1284 receptoris,
1942 1246 2055 1276 mansit
2075 1253 2219 1286 receptor

1313 1293 1468 1334 obligatus
1489 1293 1611 1322 nacioni
1635 1292 1692 1332 [in]
1714 1292 1786 1323 VIII
1807 1293 1917 1324 solidis
1933 1295 2029 1334 paris.
2048 1302 2077 1325 et
2094 1296 2112 1325 4
2129 1297 2219 1326 dena-

1312 1342 1380 1378 riis,
1396 1348 1427 1371 et
1441 1342 1496 1371 fuit
1509 1348 1670 1381 compotus
1686 1343 1724 1371 ab
1739 1343 1882 1372 omnibus
1898 1345 2098 1383 approbatus.

1354 1391 1429 1421 Item
1445 1391 1552 1420 eodem
1569 1391 1642 1429 [die]
1655 1397 1726 1420 tunc
1737 1391 1852 1421 electus
1864 1392 1920 1421 fuit
1936 1392 1967 1421 in
1985 1400 2218 1432 procuratorem

1312 1440 1452 1469 nacionis
1483 1439 1621 1479 predicte
1659 1440 1806 1480 magister
1836 1441 2002 1471 Marcelius
2033 1443 2070 1471 de
2101 1442 2219 1482 inghen

1314 1489 1398 1519 nullo
1419 1489 1543 1528 penitus
1562 1488 1757 1518 reclamante.
1778 1489 1812 1518 ln
1826 1488 1913 1529 cujus
1926 1492 2140 1530 procuratoris
2154 1498 2220 1522 acta

1314 1544 1386 1568 sunt
1399 1537 1456 1567 hec
1473 1547 1532 1577 que
1548 1544 1730 1577 sequuntur.

1354 1586 1459 1616 Primo
1474 1586 1656 1616 deliberavit
1671 1587 1759 1615 nacio
1772 1587 1856 1626 quod
1867 1587 1917 1616 die
1930 1588 2036 1618 martis
2049 1596 2197 1629 sequente
2207 1590 2219 1608 ⁹

1313 1636 1401 1666 fleret
1427 1635 1607 1675 prandium,
1639 1636 1676 1664 ad
1705 1636 1789 1675 quod
1821 1646 1928 1666 omnes
1959 1638 2098 1677 magistri
2127 1649 2219 1668 voca-

1314 1691 1421 1715 rentur
1444 1690 1474 1714 et
1495 1690 1735 1724 perpotarentur
1751 1683 1863 1725 bejany
1889 1686 2046 1722 nacionis;
2077 1687 2115 1716 ad
2137 1689 2220 1727 quod

1313 1733 1477 1774 prandium
1495 1733 1575 1762 idem
1587 1733 1735 1773 magister
1747 1733 1914 1764 Marcelius
1927 1735 2043 1764 electus
2059 1736 2090 1765 in
2105 1746 2220 1776 procu-

1313 1789 1447 1813 ratorem
1462 1782 1548 1812 dedit
1558 1783 1596 1812 22
1610 1782 1728 1811 solidos
1745 1783 1804 1812 sibi
1821 1783 1944 1813 racione
1959 1783 2049 1814 officii
2061 1795 2078 1814 a
2093 1786 2220 1816 nacione

1314 1832 1447 1866 debitos,
1466 1831 1550 1871 quod
1568 1841 1713 1861 exercere
1730 1832 1858 1861 deberet
1873 1842 1928 1871 per
1942 1834 2133 1864 vacaciones.

1355 1881 1430 1910 Item
1441 1881 1549 1910 eodem
1565 1890 1645 1909 anno
1661 1881 1749 1910 nacio
1762 1881 1887 1910 intravit
1900 1881 2023 1911 domum
2041 1893 2100 1923 que
2118 1884 2220 1914 intitu-

1315 1930 1394 1960 latur
1412 1931 1471 1959 duo
1490 1940 1586 1964 enses,
1607 1929 1659 1958 ubi
1680 1929 1840 1959 solverunt
1858 1930 1989 1969 primum
2004 1941 2091 1961 suum
2110 1933 2221 1963 introi-

1314 1985 1378 2009 tum
1387 1979 1418 2008 in
1427 1978 1586 2008 nacionem
1599 1978 1641 2007 hii
1658 1978 1797 2019 magistri
1809 1979 1861 2018 qui
1872 1987 2063 2019 sequuntur:
2079 1981 2220 2012 Andreas

1315 2028 1450 2068 Creync‚
1467 2027 1601 2057 Jacobus
1623 2027 1746 2067 Creync
1765 2026 1830 2067 ejus
1852 2028 1957 2063 frater,
1981 2030 2125 2068 dyocesis
2144 2031 2222 2061 Tra-

1309 2076 1455 2117 jectens.‚
1474 2076 1650 2116 Wigandus
1668 2076 1816 2116 Wigandi
1829 2077 1867 2106 de
1882 2077 1988 2117 Erpel,
2008 2078 2222 2110 Theudoricus

1315 2125 1442 2156 Ruusch
1458 2126 1496 2154 de
1510 2125 1684 2160 Holiandia,
1700 2132 1730 2155 et
1747 2126 1894 2166 magister
1908 2126 2065 2157 Johannes
2080 2128 2221 2169 Scripto-

1314 2175 1358 2205 ris
1373 2175 1412 2204 de
1430 2174 1562 2204 Swevia.

1356 2224 1430 2254 Item
1446 2224 1554 2253 eodem
1569 2233 1649 2252 anno
1667 2223 1784 2264 incepit
1800 2224 1943 2253 dominus

1315 2273 1469 2303 Henricus
1498 2273 1536 2302 de
1565 2272 1709 2308 nossem,
1738 2271 1824 2311 cuius
1852 2274 1945 2302 bursa
1986 2292 2010 2322 T
2051 2293 2056 2299 .
2098 2300 2107 2323 ι
2140 2294 2168 2323 d.

1315 2321 1420 2352 nichil.
1436 2322 1555 2351 Juravit
1570 2321 1601 2350 in
1617 2321 1756 2351 nacione.
2014 2303 2094 2333 ’Ἥρα
2112 2317 2117 2323 ’
2162 2304 2209 2324 ¹⁰⁶

1355 2370 1431 2400 Item
1458 2370 1574 2410 incepit
1601 2370 1745 2400 dominus
1769 2370 1947 2400 Ghiselber-

1315 2426 1365 2450 tus
1381 2419 1486 2455 Scout,
1504 2418 1591 2459 cujus
1607 2420 1701 2449 bursa
1718 2419 1761 2449 111
1779 2419 1882 2449 solidi.

1355 2469 1431 2499 Item
1439 2468 1555 2508 incepit
1565 2469 1645 2498 dom.
1662 2468 1819 2498 Hubertus
1829 2468 1946 2503 wilde,

1316 2517 1403 2559 cujus
1418 2518 1513 2547 bursa
1525 2517 1631 2547 nichil.
1644 2517 1765 2547 Juravit
1779 2517 1809 2547 in
1824 2527 1891 2547 nac.

1357 2567 1431 2597 Item
1445 2567 1619 2596 licentiatus
1634 2566 1690 2596 fuit
1702 2567 1864 2597 Wolterus
1879 2567 1916 2596 de
1928 2566 2041 2595 Zt‘ielen
2056 2567 2113 2595 sub
2129 2565 2222 2606 magi·

1317 2623 1382 2647 stro
1392 2615 1562 2646 Wilhelmo
1573 2617 1611 2645 de
1621 2616 1817 2655 Wadenoye,
1830 2614 1916 2654 cujus
1926 2616 2019 2644 bursa
2032 2614 2057 2643 V
2069 2625 2094 2644 a.
2111 2615 2221 2645 Solvit.

1358 2666 1432 2696 Item
1449 2665 1621 2694 licentiatus
1637 2665 1692 2694 suit
1706 2664 1862 2704 Egbertus
1879 2664 2017 2698 Remini,
2030 2662 2220 2703 Trajectens.

1317 2715 1407 2755 dyoc.
1419 2715 1476 2744 sub
1487 2714 1637 2754 magistro
1646 2713 1789 2743 Woltero
1798 2714 1835 2742 de
1846 2713 1926 2749 Delf,
1935 2711 2021 2752 cujus
2029 2713 2122 2742 bursa
2132 2713 2151 2742 6
2162 2713 2220 2743 sol.

2028 2344 2085 2371 sub
2100 2354 2179 2382 mag.

2017 2391 2192 2421 Guilhelmo

1988 2441 2026 2470 de
2046 2440 2220 2481 VVadenoy.

1405 2823 1465 2846 Nat.
1480 2822 1618 2845 Normann.
1635 2819 1690 2844 Via.
1704 2819 1804 2848 Chnrt..
1818 2819 1899 2851 imp.
1911 2820 1956 2843 264
1969 2828 1980 2843 ι
1995 2818 2078 2843 Vereli
2090 2827 2112 2843 a.

1347 2824 1371 2880 ‘7³ss
1404 2857 1435 2881 2⁹
1445 2856 1517 2880 Maii.

1348 2894 1371 2916 8.
1406 2891 1491 2916 Prima
1498 2891 1598 2924 pagina
1611 2890 1657 2919 sol.
1669 2891 1698 2914 ³⁵
1716 2894 1797 2915 uacat.

1348 2929 1372 2951 9.
1406 2927 1419 2951 7
1433 2927 1511 2951 lunii.
