2632 3464
331 462 382 489 7¹21

330 537 381 568 nis
407 537 554 568 constitui
578 542 796 578 procuratores
820 546 905 566 meos
931 535 1125 566 venerabiles
1150 535 1236 565 viros

330 586 488 616 dominum
499 586 670 616 Johannem
683 585 825 620 Vilevelt,
841 585 1006 625 plebanum
1019 585 1050 614 in
1063 584 1234 624 Wylsnak;

331 635 456 666 Petrum
473 636 510 665 de
530 634 810 675 Bramhmbourgh,
825 633 988 674 plebanum
1002 634 1034 663 in
1053 633 1186 673 Bysem;
1208 639 1238 663 et

331 684 524 714 Gherardum
547 683 707 719 Scutthen‚
726 683 871 713 clericum
894 682 1122 722 Havelbergen.
1145 683 1234 722 dyoc.

329 733 362 763 in
379 743 465 763 meos
479 739 698 773 procuratores
717 732 884 773 legitimos,
901 742 969 762 cum
987 737 1138 771 potestate
1161 732 1238 761 sub-

330 781 478 812 stituendi
488 782 580 812 modo
589 781 780 822 supradicto,
788 780 968 821 supplicans
979 780 1100 810 nacioni
1113 780 1236 810 nomine

329 841 408 866 meo,
427 837 461 861 ut
473 841 568 871 super
584 830 641 860 hac
657 829 885 860 constitucione
904 836 1152 870 procuratorum,
1170 840 1235 858 cum

329 881 462 910 notar-loe
473 880 611 919 publicos
625 879 719 909 michi
735 881 823 908 utiles
835 879 947 908 habere
958 889 1016 908 non
1026 889 1145 918 possem
1161 889 1236 917 pro-

324 937 395 969 pter
416 929 501 959 istud
521 928 748 959 abhominabile
773 934 803 957 et
822 927 1108 968 nephandissimum
1127 929 1236 956 scisma

329 988 411 1008 nunc
430 978 462 1008 in
479 977 610 1008 ecclesia
627 983 733 1007 sancta
751 977 808 1007 Dei
823 977 946 1017 vigens,
963 976 1115 1017 sigillaret
1131 976 1236 1016 sigillo

329 1027 469 1057 nacionis
492 1027 645 1067 quandam
669 1026 801 1056 literam.
829 1026 896 1063 Que
922 1025 1114 1066 supplicacio
1141 1026 1236 1055 eciam

328 1076 526 1107 concorditer
539 1085 688 1105 concessa
707 1075 773 1104 suit.
794 1074 869 1105 Item
885 1075 992 1104 eodem
1008 1075 1100 1104 modo
1115 1074 1237 1114 suppli-

328 1125 410 1155 cavit
427 1125 576 1165 magister
595 1124 775 1154 Fridericus
799 1124 838 1154 de
856 1123 1037 1159 Pritzwalk‚
1057 1130 1130 1159 etc.‚
1149 1123 1236 1164 cujus

327 1173 519 1214 supplic-‘icio
527 1173 624 1203 eciam
634 1173 689 1203 fuit
698 1173 844 1208 admissa,
853 1179 882 1202 et
895 1173 1024 1212 insuper
1034 1173 1064 1202 in
1075 1172 1236 1212 presencia

326 1223 467 1254 nacionis
482 1222 644 1252 ratificavit
654 1223 848 1262 quorundam
861 1221 1081 1251 beneficiorum
1095 1221 1155 1251 sibi
1170 1221 1236 1251 col-

326 1271 470 1307 latorum,
490 1277 525 1301 ut
540 1272 578 1302 ad
598 1271 742 1301 noticiam
764 1271 864 1311 ipsius
885 1281 919 1300 se
940 1270 1017 1300 dixit
1042 1271 1233 1310 pervenisse,

326 1320 573 1361 acceptacionem
588 1320 696 1350 factam
709 1320 833 1350 nomine
851 1329 908 1350 suo
923 1330 980 1360 per
995 1320 1147 1360 quendam
1162 1319 1235 1349 ami-

327 1379 397 1401 cum
418 1379 519 1405 suum,
539 1379 660 1399 necnon
675 1369 702 1398 si
720 1375 751 1399 et
771 1369 803 1398 in
820 1375 967 1409 quantum
990 1379 1070 1409 opus
1090 1375 1173 1398 esset
1197 1369 1235 1399 de

327 1428 409 1449 novo
437 1418 618 1458 acceptavit,
645 1418 838 1448 constituens
864 1418 1008 1448 dominos
1039 1418 1235 1458 supradictos

328 1477 404 1498 suos
420 1474 640 1508 procuratores
658 1468 697 1496 ad
713 1467 878 1507 petendum
897 1467 1124 1497 institucionem
1141 1477 1236 1496 cano-

327 1517 427 1547 nicam
442 1522 472 1546 et
487 1517 686 1556 prestandum
699 1515 912 1546 obedienciam
932 1522 962 1546 et
982 1522 1085 1546 cetera
1100 1517 1191 1546 modo
1206 1522 1236 1546 et

329 1567 427 1596 forma
438 1565 552 1606 quibus
563 1575 669 1605 supra.
680 1565 782 1605 Super
792 1564 905 1605 quibus
916 1564 1103 1605 supplicavit
1112 1565 1234 1595 nacioni

328 1615 447 1645 literam
469 1614 574 1654 sigillo
598 1614 739 1644 nacionis
764 1613 908 1654 sigillari,
932 1613 1020 1654 cujus
1044 1614 1235 1654 supplicacio

329 1663 472 1694 similiter
484 1673 633 1694 concessa
649 1663 705 1693 suit
718 1669 778 1693 etc,
981 1696 983 1698 ,

369 1713 443 1743 ltem
461 1712 641 1742 licenciatus
660 1718 708 1742 est
725 1711 859 1742 Jacobus
878 1711 1029 1742 Johannis
1050 1712 1089 1742 de
1110 1711 1235 1742 Heriem

327 1762 386 1792 sub
402 1761 551 1802 magistro
566 1761 693 1791 Nicolao
713 1761 751 1790 de
766 1760 963 1796 Monkedam‚
979 1759 1067 1800 cujus
1085 1761 1179 1791 bursa
1193 1761 1236 1790 4⁰¹

328 1810 433 1842 solidi.

366 1859 443 1890 Item
460 1859 640 1890 licenciatus
654 1865 703 1889 est
715 1858 850 1889 Jacobus
867 1858 1016 1889 Johannis
1037 1859 1074 1888 de
1091 1859 1165 1889 Dels
1177 1860 1235 1890 sub

327 1909 478 1949 magistro
491 1907 605 1949 Egidio
617 1908 656 1938 de
670 1907 799 1943 Juffaes,
813 1906 901 1947 cujus
914 1908 1008 1937 bursa
1023 1917 1078 1937 sex
1089 1907 1193 1938 solidi.

369 1957 444 1988 ltem
465 1956 646 1987 licenciatus
667 1963 715 1987 est
734 1956 922 1986 Ghisbertus
940 1955 1010 1986 Wit
1030 1957 1088 1986 sub
1114 1957 1233 1991 eodem,

327 2005 415 2047 cujus
430 2007 523 2036 bursa
538 2015 594 2036 sex
608 2005 713 2036 solidi.

369 2055 444 2085 ltem
458 2054 575 2095 incepit
587 2054 722 2084 Iacobus
735 2053 850 2084 Mathei
865 2054 924 2083 sub
939 2053 1089 2094 magistro
1107 2053 1234 2084 Nicolao

328 2104 366 2134 de
382 2103 580 2138 Monkedam.
593 2101 681 2144 cujus
696 2104 791 2133 bursa
805 2102 943 2143 quinque
959 2102 1061 2132 solidi.

368 2152 444 2182 ltem
461 2152 577 2192 incepit
587 2152 722 2182 lacobus
738 2151 889 2182 lobannis
905 2152 943 2181 de
962 2151 1087 2181 Herlem
1105 2152 1163 2182 sub
1181 2162 1235 2182 eo-

327 2202 408 2237 dem,
427 2199 515 2242 cujus
531 2202 626 2231 bursa
642 2207 775 2240 quatuor
789 2200 893 2231 solidi.

369 2250 444 2280 ltem
468 2249 583 2290 incepit
603 2250 747 2279 dominus
768 2249 903 2280 lacobus
927 2249 1077 2280 Johannis
1104 2250 1142 2279 de
1165 2249 1239 2280 Dell'

327 2300 386 2330 sub
401 2299 550 2339 magistro
566 2298 679 2339 Egidio
692 2299 731 2328 de
742 2298 871 2334 Jutl'aes,
887 2297 974 2339 cujus
990 2299 1084 2328 bursa
1103 2308 1158 2328 sex
1174 2299 1231 2328 sol.

368 2348 444 2378 ltem
470 2348 649 2378 licenciatus
675 2354 724 2377 est
745 2346 902 2377 Johannes
927 2348 965 2377 de
991 2347 1151 2377 Dordraco
1176 2349 1233 2378 sub

326 2397 477 2438 magistro
491 2397 630 2427 Johanne
650 2397 689 2426 de
712 2396 895 2437 Zutphania,
917 2395 1004 2437 cujus
1029 2397 1122 2426 bursa
1141 2397 1234 2436 quin-

327 2456 388 2487 que
405 2445 507 2476 solidi.

368 2495 443 2525 ltem
458 2494 638 2525 licenciatus
657 2500 705 2524 est
721 2494 887 2524 Duncanus
906 2493 988 2524 Petit
1007 2495 1066 2524 sub
1085 2494 1233 2534 magistro

328 2543 500 2574 Laurencio
521 2544 559 2573 de
580 2542 746 2578 Londoris,
765 2541 852 2583 cujus
874 2543 967 2572 bursa
989 2552 1044 2572 sex
1067 2542 1171 2578 solidi,
1189 2543 1234 2573 [κ’Γ

327 2592 457 2623 denarii.

369 2641 443 2672 ltem
460 2641 641 2671 licenciatus
665 2647 713 2671 est
734 2640 914 2671 Gherardus
934 2639 1031 2670 Eeten
1053 2641 1110 2671 sub
1135 2641 1234 2682 magi-

327 2696 392 2720 stro
407 2689 523 2730 Egidio
539 2690 578 2720 de
589 2690 718 2725 Jutsaes,
735 2688 822 2729 cujus
835 2689 929 2719 bursa
942 2690 986 2719 4⁶²
1000 2689 1104 2719 solidi.

368 2738 459 2768 Facta
485 2739 731 2779 congregacione
759 2738 898 2768 nacionis
927 2747 1007 2767 anno
1035 2738 1159 2768 Domini
1187 2738 1233 2768 Μο

328 2786 426 2818 CCC⁰
442 2787 644 2828 nonagesimo
659 2787 803 2827 septimo,
824 2787 924 2827 prima
945 2786 995 2816 die
1014 2786 1129 2817 mensis
1149 2786 1231 2817 Junii

326 2842 401 2875 aput
413 2836 557 2866 Sanctum
573 2836 727 2867 lulianum
743 2846 838 2876 super
854 2836 976 2865 duobus
993 2835 1142 2866 articulis.
1160 2836 1232 2866 Pri-

327 2894 396 2915 mus
416 2885 454 2915 ad
475 2885 654 2915 nvi-andum
678 2885 801 2915 modum
823 2885 936 2914 bonum
959 2885 1125 2915 concordis
1151 2884 1233 2915 inter

327 2933 487 2963 nacionem
509 2933 651 2964 Picardie
674 2939 704 2963 et
726 2933 885 2963 necionem
913 2939 1048 2963 nostram
1070 2933 1109 2963 de
1137 2933 1232 2963 scolis

327 2982 543 3022 superioribus
565 2989 676 3022 neptem
693 2984 820 3012 arcium.
843 2982 890 3011 2-·
906 2988 972 3012 erat
993 2992 1089 3023 super
1109 2982 1231 3022 suppli-

834 461 948 487 LIBER
969 458 1281 486 PROCURATORUM
1301 458 1480 486 NATIONIS
1503 459 1748 486 ANGLICANAE

1292 736 1308 762 5

1274 982 1308 1008 10

1274 1227 1307 1253 15

1273 1472 1307 1498 20

1272 1717 1306 1744 25

1272 1961 1307 1988 30

1271 2207 1305 2233 35

1271 2450 1305 2477 40

1270 2696 1303 2722 45

1269 2939 1303 2965 50

2198 462 2251 488 742

1345 535 1523 565 cacionibus
1539 542 1569 565 et
1586 535 1718 575 injuriis.
1736 536 1838 576 Super
1855 536 1955 576 primo
1970 537 2041 567 tacti
2055 538 2177 568 fuerunt
2189 538 2248 567 ali-

1345 584 1398 624 qui
1420 585 1503 613 modi
1521 585 1713 624 pacificandi.
1741 585 1977 625 Verumptamen
2003 586 2134 616 finaliter
2163 587 2250 618 nacio

1345 634 1430 664 dedit
1444 634 1618 673 deputatos,
1633 635 1686 674 qui
1702 635 1782 664 irent
1799 635 1837 664 ad
1854 635 1999 665 naciones
2015 636 2134 666 scilicet
2151 636 2249 666 Fran-

1345 683 1391 712 cie
1415 689 1445 712 et
1465 683 1608 713 Picardie
1629 684 1668 712 ad
1689 683 1936 723 supplicandum,
1961 691 2111 724 quatenus
2135 686 2250 715 vellent

1345 732 1419 761 dare
1434 732 1597 771 deputatos
1619 742 1706 768 suos,
1722 733 1775 772 qui
1793 743 1852 762 una
1870 743 1937 762 cum
1958 734 2111 773 deputatis
2135 735 2251 764 nostris

1345 780 1494 810 haberent
1510 781 1629 811 avisare
1644 782 1767 811 modum
1784 782 1965 822 pacificandi
1981 789 2011 812 et
2034 784 2198 813 concordie
2214 785 2251 813 de

1345 829 1415 859 istis
1430 830 1536 865 scolis,
1551 831 1634 870 quod
1649 837 1682 860 et
1694 831 1841 861 fecerunt.
1854 831 2090 871 Verumptamen
2106 833 2251 862 nolebant

1345 880 1429 919 quod
1446 879 1490 908 illi
1508 880 1644 919 deputati
1670 880 1750 910 sicut
1773 886 1803 910 et
1821 891 1878 910 nos
1900 881 2049 911 haberent
2070 888 2250 921 potestatem

1344 928 1459 968 aliquid
1481 928 1698 965 concludendi,
1719 930 1774 959 sed
1797 930 1990 960 solummodo
2012 930 2161 960 haherent
2185 932 2251 960 avi-

1345 987 1414 1006 sare
1429 983 1500 1013 etc.,
1521 984 1552 1007 et
1570 984 1678 1018 postea
1695 979 1846 1008 referrent
1863 979 1895 1008 in
1913 979 2094 1009 nacionibus
2112 980 2189 1010 suis.
2212 981 2251 1010 Et

1345 1026 1468 1056 fuerunt
1488 1027 1625 1066 deputati
1649 1027 1788 1057 nacionis
1810 1034 1916 1058 nostre
1938 1035 2131 1068 procurator,
2154 1030 2252 1069 magi-

1344 1081 1410 1105 ster
1427 1076 1558 1116 Egidius
1577 1076 1615 1105 de
1629 1076 1757 1111 Jutfaes,
1779 1077 1928 1117 magister
1944 1077 2101 1107 lohannes
2121 1079 2158 1108 de
2180 1078 2252 1107 Cla-

1344 1131 1496 1160 remonte,
1504 1125 1651 1165 magister
1662 1124 1806 1155 Galterus
1817 1125 1996 1162 Forestarii‚
2004 1133 2061 1156 etc.
2072 1127 2111 1157 Et
2123 1138 2253 1167 congre-

1343 1174 1407 1213 gati
1432 1174 1554 1203 fuerunt
1577 1183 1637 1204 una
1661 1184 1729 1204 cum
1756 1175 1910 1214 deputatis
1934 1175 2061 1205 aliarum
2086 1176 2247 1206 nacionum

1344 1223 1449 1252 eadem
1461 1223 1511 1252 die
1527 1229 1598 1262 post
1610 1223 1774 1263 prandium
1791 1223 1823 1253 in
1839 1224 2026 1254 Carmelitis.

1385 1271 1486 1311 Super
1502 1271 1680 1307 2⁰,articulo
1696 1271 1802 1302 nichil.
1819 1271 1930 1302 Amen.

1750 1366 1847 1396 189⁷

1344 1435 1416 1475 (Ποῖ.
1455 1435 1504 1476 31)
1547 1435 1637 1466 Acta
1682 1437 1718 1466 in
1763 1438 2023 1477 procuratoria
2069 1439 2245 1479 magistri

1392 1483 1550 1514 Arnoldi
1584 1484 1735 1515 Wtwiic
1765 1496 1858 1515 anno
1892 1487 2038 1516 Domini
2068 1489 2196 1518 13970.

1384 1564 1475 1594 Facta
1512 1566 1759 1606 congregacione
1792 1567 1930 1597 nacionis
1963 1567 2133 1608 Anglicane
2166 1579 2247 1599 anno

1344 1613 1469 1643 Domini
1484 1614 1584 1650 1397⁰‚
1602 1615 1635 1643 2·
1653 1615 1702 1644 die
1718 1615 1833 1646 mensis
1849 1616 1944 1652 Junii,
1961 1616 1992 1646 in
2009 1617 2119 1657 primis
2137 1618 2249 1648 Nosti-e

1345 1662 1476 1692 Domine
1491 1664 1573 1703 apud
1586 1663 1730 1694 Sanctum
1747 1664 1901 1695 Julianum
1917 1675 2012 1705 super
2024 1666 2085 1695 3¹²⁰·
2098 1667 2247 1697 articulis.

1344 1711 1468 1742 Primus
1483 1719 1548 1742 erat
1560 1713 1598 1742 ad
1616 1712 1791 1753 eligendum
1810 1721 2042 1753 procuratorem
2059 1715 2107 1745 vel
2125 1717 2162 1745 ad
2178 1726 2252 1746 con-

1343 1761 1521 1791 tinuandum
1536 1762 1704 1802 antiquum.
1724 1763 1770 1792 2¹·-
1787 1773 1882 1803 super
1900 1770 2043 1803 computo
2063 1765 2246 1805 receptoris.

1342 1811 1389 1839 3⁸¹·
1403 1820 1498 1850 super
1518 1811 1801 1851 supplicacionibus
1822 1818 1852 1842 et
1875 1811 2007 1852 injuriis.
2028 1813 2130 1853 Super
2146 1815 2247 1854 primo

1343 1858 1460 1889 electus
1490 1860 1546 1889 fuit
1580 1860 1612 1889 in
1645 1867 1875 1900 procuratorem
1908 1862 2056 1901 magister
2086 1862 2246 1894 Arnoldus

1343 1907 1472 1938 Wtwiic
1486 1909 1681 1939 concorditer
1694 1909 1778 1939 nullo
1793 1910 1986 1940 reclamante.
2003 1911 2103 1951 Super
2118 1913 2151 1941 2⁰
2161 1913 2248 1942 nscio

1343 1957 1464 1987 distulit
1482 1964 1657 1997 computum
1677 1959 1858 1998 receptoris.
1878 1959 1979 1999 Super
1997 1961 2030 1989 3ο
2051 1960 2157 1996 nichil,
2175 1962 2248 2001 quia

1344 2006 1446 2036 nullus
1462 2006 1657 2046 supplicavit.

1345 2108 1411 2138 lsti
1436 2115 1521 2139 sunt
1543 2109 1734 2139 licenciati
1762 2109 1797 2139 in
1821 2111 1944 2140 eadem
1968 2113 2246 2150 procui-storia.

1383 2201 1488 2231 Primo
1505 2202 1638 2232 Jacobus
1657 2203 1695 2232 de
1715 2203 1897 2238 Crachovia,
1918 2203 2005 2244 cujus
2025 2205 2118 2234 bursa
2138 2205 2244 2235 nichil.

1383 2250 1526 2280 Secundo
1539 2250 1695 2281 Arnoldus
1708 2253 1746 2281 de
1761 2252 1964 2288 Scoenhovia.
1981 2252 2066 2293 cujus
2080 2254 2173 2284 bursa
2187 2254 2245 2285 llll

1341 2299 1414 2329 albi.

1381 2349 1415 2378 3⁰
1434 2347 1592 2379 Arnoldus
1610 2349 1647 2379 de
1667 2349 1848 2389 Zutphania,
1870 2349 1956 2389 cujus
1974 2351 2067 2380 bursa
2088 2350 2146 2380 llll
2171 2351 2244 2381 albi.

1523 2451 1590 2481 lsti
1620 2458 1706 2482 sunt
1733 2452 1795 2492 qui
1825 2452 2064 2492 inceperunt.

1382 2543 1501 2583 lncepit
1528 2543 1671 2574 dominus
1699 2544 1865 2574 Duncanus
1895 2545 1986 2584 Petyt
2009 2546 2066 2575 sub
2096 2546 2244 2585 magistro

1339 2591 1480 2622 Johanne
1497 2593 1535 2622 de
1549 2592 1749 2633 Edenborgh‚
1763 2592 1850 2632 cujus
1866 2594 1958 2623 bursa
1977 2593 2015 2623 Vl
2028 2594 2119 2623 solidi
2134 2600 2163 2624 et
2182 2594 2241 2624 llll

1340 2641 1471 2671 denarii.

1381 2689 1500 2730 lncepit
1513 2690 1656 2720 dominus
1672 2690 1828 2720 Johannes
1847 2690 2001 2720 Aurisabri
2017 2692 2074 2721 sub
2090 2691 2240 2731 magistro

1338 2738 1478 2768 Jobanne
1501 2739 1539 2768 de
1561 2739 1757 2774 Edenborch,
1777 2738 1863 2778 cujus
1884 2740 1976 2769 bursa
1997 2739 2036 2769 Vl
2059 2740 2162 2775 solidi.
2181 2740 2239 2770 llll

1340 2787 1469 2817 denarii.

1381 2835 1499 2876 lncepit
1515 2836 1658 2866 dominus
1678 2836 1863 2866 Ghisbertus
1883 2836 1960 2871 Wit,
1981 2835 2069 2877 cujus
2087 2837 2179 2867 bursa
2201 2836 2240 2867 Vl

1339 2885 1443 2920 solidi.
1461 2886 1518 2915 sub
1534 2885 1681 2924 magistro
1696 2884 1834 2915 Arnoldo
1849 2885 1988 2915 Wtwiic.

1381 2933 1498 2973 lncepit
1515 2934 1656 2964 dominus
1674 2933 1852 2963 Gherardus
1870 2934 1908 2963 de
1925 2933 2003 2964 Eten
2021 2935 2078 2965 sub
2094 2934 2242 2975 magistro

1340 2982 1476 3023 Nycolao
1484 2983 1522 3012 de
1531 2982 1694 3018 Gameren,
1709 2981 1795 3022 cujus
1806 2983 1899 3013 bursa
1914 2982 1955 3013 lll
1971 2983 2042 3019 sol..
2053 2983 2092 3014 Vl
2109 2984 2240 3014 denarii.
