2632 3464
454 409 506 433 323

456 490 542 524 geret
564 490 593 513 et
614 482 867 512 inrotulatoribus
885 482 922 510 de
940 480 1088 510 solvendo
1104 479 1305 513 satisfaceret,
1326 478 1355 506 in

454 533 538 562 nullo
553 533 678 561 deberet
696 531 755 560 sibi
771 529 973 570 prejudicare.

495 582 569 611 Item
591 581 696 610 ultima
717 580 765 608 die
786 579 901 608 mensis
921 578 1065 607 antedicti
1089 578 1164 606 facta
1184 586 1356 616 congrega-

454 631 541 660 cione
565 630 703 659 nacionis
727 630 807 668 apud
829 628 971 657 Sanctum
990 627 1174 656 Maturinum
1196 627 1226 655 in
1246 625 1355 664 primis

455 680 567 709 Nostre
594 678 723 708 Domine
746 678 783 706 ad
810 677 1012 706 ordinandum
1034 677 1071 704 de
1103 675 1237 714 antiquis
1262 674 1356 703 scolis

457 728 593 757 emendis
620 733 649 756 et
667 728 704 755 de
726 726 923 765 reparacione
941 725 1116 759 earundem,
1138 730 1167 752 et
1186 724 1224 751 ad
1240 722 1356 761 suppli-

454 777 594 810 candum,
621 775 792 804 ordinatum
823 774 877 803 fuit
905 773 1100 802 concorditer
1128 773 1211 811 quod
1238 771 1264 801 si
1295 781 1356 800 non

455 826 556 865 possit
568 825 673 853 haberi
687 823 845 862 reparacio
858 833 915 861 pro
930 821 1041 850 minori
1058 831 1146 860 quam
1162 831 1220 860 pro
1235 826 1356 849 centum

456 881 486 903 et
510 873 618 913 viginti
640 872 727 901 libris
750 871 926 910 parisiens,
952 871 1034 909 quod
1058 875 1233 898 contractus
1258 869 1356 897 adhuc

454 923 526 951 iniri
543 923 678 951 deberet.

495 971 565 1010 (F'ol.
590 970 644 1009 31³}
662 970 735 998 Item
750 969 779 997 in
794 969 897 997 eadem
911 967 1156 1007 congregacione
1171 966 1357 1005 supplicavit

456 1021 603 1059 magister
627 1019 782 1047 Johannes
810 1018 846 1046 de
874 1017 1114 1055 Lusselenborg,
1139 1026 1206 1044 cum
1231 1016 1298 1054 ipse
1325 1015 1356 1044 in

457 1069 541 1098 brevi
560 1069 597 1097 ab
618 1069 675 1097 hoc
693 1067 794 1096 studio
814 1066 1007 1100 recessisset,
1027 1072 1060 1094 ut
1078 1065 1166 1093 nacio
1181 1064 1273 1094 vellet
1289 1075 1355 1093 eum

455 1125 596 1157 reputare
612 1117 660 1145 hic
677 1117 770 1145 fuisse
787 1116 817 1143 in
835 1115 1032 1143 conclusione
1050 1114 1143 1143 rotuli
1162 1114 1267 1142 saltem
1282 1123 1355 1152 quo-

453 1168 490 1196 ad
512 1166 699 1195 solucionem
722 1165 865 1203 pecunie,
890 1163 975 1203 cujus
996 1163 1186 1202 supplicacio
1206 1163 1261 1191 fuit
1281 1173 1356 1191 con-

453 1226 551 1245 cessa.

496 1265 569 1293 Item
592 1263 777 1302 supplicavit
796 1272 874 1301 mag.
894 1262 1025 1290 Thomas
1044 1262 1080 1290 de
1102 1261 1211 1296 Clivis‚
1229 1262 1312 1300 quod
1329 1261 1356 1289 si

453 1313 644 1351 contingeret
658 1318 729 1351 post
747 1321 903 1340 recessum
923 1321 1009 1339 suum
1032 1321 1124 1339 unum
1140 1310 1272 1339 rotulum
1290 1310 1357 1338 fieri

455 1371 574 1390 necnon
591 1361 681 1389 alium
701 1360 794 1389 eciam
821 1360 858 1388 ad
878 1369 989 1387 novum
1011 1358 1138 1397 papam⁴
1163 1358 1354 1393 mittendum,

455 1411 536 1449 quod
551 1410 652 1449 possit
671 1409 786 1448 imponi
804 1415 947 1447 tanquam
965 1417 1109 1446 presens,
1128 1406 1214 1446 cujus
1235 1407 1356 1446 suppli—

456 1459 539 1488 cac'io
558 1458 612 1487 fuit
629 1467 786 1486 concessa.

495 1508 568 1536 Item
585 1507 702 1536 decima
722 1506 770 1534 die
788 1506 902 1534 mensis
922 1505 1058 1534 Januarii
1078 1505 1108 1533 in
1131 1505 1221 1533 nonis
1244 1505 1356 1534 Nostre

459 1556 588 1591 Domine
607 1556 683 1584 facta
703 1555 947 1594 congregacione
966 1554 1105 1582 nacionis
1126 1554 1162 1582 ad
1182 1554 1356 1592 supplican-

456 1607 526 1634 dum
543 1606 623 1644 apud
643 1605 785 1633 Sanctum
801 1603 998 1637 Maturinum,
1012 1602 1197 1642 supplicavit
1209 1603 1358 1642 magister

455 1654 566 1682 Petrus
587 1653 714 1687 Consul,
738 1659 770 1681 ut
790 1652 816 1680 si
839 1652 1033 1691 contingeret
1054 1651 1144 1680 alium
1165 1651 1297 1680 rotulum
1320 1652 1357 1680 ab

456 1703 515 1731 isto
535 1702 600 1730 fieri
619 1708 648 1730 et
665 1703 702 1730 ad
720 1711 828 1740 papam
852 1701 1009 1735 destinari,
1032 1711 1093 1729 non
1116 1702 1256 1729 obstante
1274 1702 1357 1740 quod

460 1751 599 1779 Parisius
622 1761 684 1779 non
707 1757 800 1785 esset,
820 1751 1029 1788 imponeretur
1047 1756 1191 1788 tanquam
1212 1759 1356 1788 presens,

457 1799 544 1839 cujus
567 1799 755 1839 supplic-acio
776 1806 840 1828 erat
858 1809 1017 1833 concessa,
1039 1799 1202 1827 dummodo
1224 1799 1358 1827 solveret

457 1855 526 1878 octo
553 1849 680 1883 solidos,
710 1858 787 1887 quos
813 1848 911 1877 adhuc
935 1847 1055 1876 nacioni
1082 1848 1213 1876 debebat
1236 1848 1273 1876 de
1301 1858 1358 1877 suo

454 1896 588 1936 jocundo
605 1898 731 1926 introitu
745 1904 774 1926 et
788 1898 825 1926 de
841 1897 938 1936 prima
955 1907 1007 1925 sua
1023 1897 1255 1935 procuracione.

498 1947 571 1975 Item
582 1947 679 1975 eidem
693 1946 930 1985 congregacioni
942 1946 1078 1974 interfuit
1091 1946 1237 1985 magister
1247 1945 1358 1974 Arnol-

461 1996 518 2024 dus
537 1996 630 2030 Neve,
651 1996 702 2034 qui
720 2006 776 2034 pro
794 2006 849 2024 suo
865 1994 1001 2035 jocundo
1019 1995 1146 2023 introitu
1161 1996 1268 2023 eodem
1285 2001 1358 2024 tem-

459 2054 533 2083 pore
551 2044 642 2073 solvit
659 2045 794 2073 francum
812 2045 854 2072 ad
869 2046 1038 2082 ymaginem
1055 2045 1152 2072 sancti
1165 2045 1310 2073 Johannis
1327 2044 1359 2072 in

458 2093 526 2122 vico
542 2094 637 2122 sancti
653 2093 759 2122 Jacobi
770 2092 855 2132 juxta
870 2093 1122 2122 consuetudinem
1138 2093 1288 2122 nacionis.

503 2142 576 2171 Item
596 2142 684 2170 XIIIa
704 2142 753 2170 die
773 2142 888 2170 mensis
902 2141 964 2180 jam
987 2141 1060 2170 dicti
1087 2142 1162 2170 facta
1187 2151 1360 2181 congrega-

457 2194 544 2222 cione
574 2191 709 2220 nacionis
734 2191 814 2229 apud
844 2190 987 2219 Sanctum
1013 2190 1166 2218 Julianum
1192 2200 1359 2229 pauperem

457 2242 532 2270 hora
543 2241 642 2280 prime
657 2240 768 2268 Nostre
785 2239 915 2268 Domine
933 2240 970 2268 ad
986 2239 1169 2268 audiendum
1185 2245 1360 2278 compotum

458 2290 640 2329 receptoris,
663 2289 734 2327 quia
749 2294 891 2327 receptor
903 2298 1034 2327 presens
1053 2298 1113 2316 non
1131 2288 1187 2316 fuit
1204 2294 1233 2317 et
1247 2298 1359 2327 magno

458 2346 595 2378 tempore
611 2344 786 2376 expectatus
802 2347 863 2365 non
877 2337 970 2371 venit,
987 2347 1157 2375 suspensus
1168 2336 1223 2365 fuit
1237 2346 1359 2375 compu-

457 2395 506 2417 tus
522 2397 619 2426 usque
635 2388 671 2415 ad
690 2386 858 2425 proximam
880 2386 1063 2414 eleccionem
1081 2385 1128 2414 vel
1147 2386 1359 2424 procuratoris

458 2436 734 2466 continuacionem.

501 2486 573 2514 Item
586 2485 691 2513 eodem
699 2484 747 2512 die
758 2485 833 2512 sacta
842 2484 1087 2522 congregacione
1097 2483 1235 2512 nacionis
1244 2484 1281 2512 ad
1289 2493 1359 2521 sup-

458 2535 644 2574 plicandum,
668 2532 852 2571 supplicavit
869 2533 1016 2571 magister
1036 2532 1222 2561 Wilhelmus
1241 2531 1360 2561 Wade-

460 2594 519 2621 noy
536 2589 567 2611 ut
586 2582 757 2620 pecuniam,
779 2591 868 2620 quam
889 2582 1015 2609 deberet
1034 2581 1167 2615 nacioni,
1186 2581 1253 2619 ipsa
1269 2581 1361 2610 vellet

460 2637 622 2669 expectare
644 2640 742 2668 usque
761 2630 797 2658 ad
819 2630 928 2658 festum
951 2630 1048 2658 Pasce
1068 2629 1251 2667 proximum,
1273 2628 1359 2668 cujus

460 2679 650 2718 supplicacio
664 2679 719 2707 fuit
734 2688 892 2713 concessa,
912 2679 1075 2707 dummodo
1093 2685 1192 2706 tamen
1208 2678 1239 2706 in
1254 2679 1359 2707 eadem

462 2729 557 2756 forma
574 2738 631 2766 qua
648 2727 735 2766 prius
754 2733 883 2765 poneret
894 2726 1013 2756 literam
1031 2726 1178 2755 officialis.

493 2900 514 2922 1.
549 2901 608 2922 Cum
620 2903 703 2923 tamen
710 2907 918 2930 papapraesens,
931 2898 985 2922 scil.
1000 2899 1115 2922 Urbanus
1133 2900 1159 2927 V,
1174 2907 1220 2930 per
1236 2899 1360 2930 integrum

462 2934 587 2958 biennium
601 2935 683 2957 adhuc
694 2934 717 2957 in
733 2934 791 2957 vivis
802 2937 873 2958 esset.

992 403 1213 430 AUCTARIUM
1239 401 1496 428 CHARTULARII
1515 401 1688 427 UNIVERS.
1712 400 1830 427 PARIS.

1411 678 1426 703 5

1394 923 1427 948 10

1394 1167 1427 1192 15

1394 1413 1427 1438 20

1394 1658 1428 1684 25

1395 1905 1429 1930 30

1396 2149 1430 2175 35

1397 2394 1430 2419 40

1397 2637 1430 2662 45

2317 400 2372 428 324

1872 477 1968 507 1369

1465 548 1712 577 Continuacio
1741 548 1912 588 magistri
1945 548 2098 578 Henrici
2124 548 2310 588 Langhals
2335 549 2371 578 in

1770 604 2066 636 procuratorem.

1506 673 1580 702 Item
1614 673 1719 701 eadem
1750 673 1816 708 die,
1849 683 1907 712 que
1946 673 2010 702 suit‘
2030 672 2119 702 XIII²
2155 673 2222 703 dies
2254 673 2370 703 mensis

1464 722 1612 756 Januarii,
1637 722 1713 750 facta
1732 721 1978 761 congregacione
1995 721 2136 751 nacionis
2157 722 2238 761 apud
2256 722 2370 751 dictum

1466 771 1610 800 Sanctum
1623 770 1776 799 ,lulianum
1794 771 1832 800 ad
1850 770 2026 811 eligendum
2038 777 2282 810 procuratorem,
2296 780 2371 799 con-

1464 820 1600 849 tinuatus
1622 820 1678 849 suit
1703 820 1734 848 in
1758 826 1991 859 procuratorem
2013 820 2051 848 de
2071 829 2225 849 consensu
2245 818 2371 859 majoris

1464 869 1562 909 partis
1580 868 1718 898 nacionis
1736 868 1883 908 magister
1903 869 2057 898 Henricus
2079 868 2245 908 Langhals,
2266 875 2296 898 et
2314 868 2370 898 hec

1465 928 1524 957 que
1543 923 1714 956 sequuntur
1733 917 1764 946 in
1784 918 1889 946 eadem
1911 918 2132 957 procui-acione
2150 918 2273 947 suerunt
2293 923 2369 946 acta.

1506 967 1581 996 Item
1604 966 1751 996 vicesima
1778 966 1878 1005 prima
1909 967 1958 995 die
1981 966 2098 996 mensis
2126 966 2271 995 antedicti
2295 967 2373 995 sacta

1464 1016 1710 1055 congregacione
1729 1015 1869 1044 nacionis
1883 1016 1921 1044 ad
1935 1015 2172 1055 supplicandum
2188 1022 2218 1045 et
2234 1016 2272 1044 ad
2285 1015 2371 1044 ordi-

1464 1066 1598 1094 nandum
1620 1066 1658 1093 de
1682 1065 1814 1104 pecunia
1838 1064 1990 1100 nacionis,
2016 1064 2203 1104 supplicavit
2228 1064 2371 1094 dominus

1465 1114 1651 1143 Herdwicus
1681 1120 1714 1143 ut
1749 1113 1838 1142 nacio
1863 1113 1957 1143 vellet
1992 1114 2051 1142 sibi
2085 1115 2158 1143 dare
2189 1113 2371 1142 dilacionem

1465 1163 1593 1202 pecunie
1610 1163 1708 1191 eidem
1725 1162 1827 1191 debite
1845 1163 1883 1191 de
1903 1172 1958 1191 sua
1975 1162 2214 1191 determinancia
2234 1168 2264 1191 et
2283 1162 2372 1191 debi-

1464 1219 1527 1241 tum
1543 1213 1580 1240 de
1598 1223 1653 1241 sua
1666 1212 1858 1251 incepeione,
1875 1221 1973 1250 usque
1992 1212 2030 1240 ad
2047 1211 2157 1240 festum
2173 1211 2282 1246 Pasce,
2303 1221 2372 1251 cum

1464 1271 1581 1301 ponere
1596 1261 1729 1300 pignora
1746 1260 1840 1289 vellet
1857 1270 1914 1299 pro
1929 1260 2011 1289 dicta
2024 1260 2155 1299 pecunia
2174 1260 2254 1299 apud
2271 1259 2372 1289 nacio-

1465 1320 1545 1345 nem,
1565 1309 1651 1349 cujus
1670 1309 1860 1349 supplicacio
1876 1309 1931 1338 fuit
1947 1319 2106 1344 concessa,
2125 1315 2154 1338 et
2171 1309 2270 1338 libros
2292 1309 2373 1348 apud

1465 1365 1657 1398 receptorem
1674 1358 1905 1398 impignoravit.

1505 1408 1580 1437 Item
1596 1408 1626 1436 in
1645 1409 1749 1437 eadem
1765 1407 2011 1447 congregacione
2028 1406 2167 1436 nacionis
2189 1405 2375 1445 supplicavit

1465 1457 1612 1497 magister
1638 1456 1793 1486 Johannes
1816 1456 1946 1496 Haghen
1964 1462 1997 1485 ut
2016 1455 2043 1485 si
2065 1455 2260 1494 contingeret
2281 1455 2373 1484 alium

1464 1506 1597 1536 rotulum
1613 1506 1680 1534 fieri
1692 1506 1893 1545 imposterum
1909 1516 1926 1533 a
1937 1505 2036 1534 rotulo
2042 1503 2105 1544 jam
2117 1503 2274 1539 concluso,
2290 1504 2374 1543 quod

1466 1555 1576 1584 solutis
1599 1554 1757 1584 solvendis
1782 1555 1848 1593 ipse
1876 1554 1975 1583 eidem
1996 1560 2104 1593 posset
2128 1553 2256 1592 imponi,
2286 1551 2374 1592 cujus

1466 1604 1656 1643 supplicacio
1672 1604 1727 1632 fuit
1742 1613 1890 1632 concessa
1901 1603 1932 1631 in
1945 1609 2090 1642 quantum
2104 1608 2187 1631 esset
2201 1602 2231 1630 in
2245 1601 2374 1630 nacione

1466 1659 1496 1682 et
1515 1654 1622 1682 eodem
1649 1653 1751 1688 modo,
1774 1652 1853 1681 sicut
1875 1652 1943 1681 aliis
1960 1651 2070 1680 similis
2086 1650 2276 1690 supplicacio
2292 1656 2376 1680 esset

1466 1712 1624 1731 concessa.

1507 1751 1582 1780 Item
1608 1750 1725 1790 incepit
1748 1750 1891 1779 dominus
1921 1749 2107 1778 Herdwicus
2139 1748 2196 1777 sub
2225 1747 2374 1787 magistro

1466 1799 1607 1829 Mercilio
1623 1800 1660 1828 de
1680 1799 1810 1838 Inghen,
1827 1797 1913 1838 cujus
1931 1798 2025 1827 bursa
2040 1797 2097 1826 VII
2115 1795 2218 1825 solidi.

1507 1849 1582 1878 Item
1609 1848 1724 1887 incepit
1746 1847 1889 1876 dominus
1914 1846 2128 1876 Wolbrandus
2152 1845 2253 1874 dictus
2278 1844 2375 1874 Cesar

1467 1898 1524 1927 sub
1542 1897 1691 1936 magistro
1708 1896 1847 1925 Johanne
1863 1896 1901 1924 de
1918 1894 2072 1929 Ammers,
2090 1893 2175 1933 cujus
2195 1894 2291 1923 bursa
2306 1892 2333 1922 V
2345 1902 2372 1922 s.

1508 1947 1583 1975 Item
1599 1945 1715 1984 incepit
1730 1945 1872 1974 dominus
1883 1943 2029 1973 Alfardus
2044 1944 2082 1972 de
2093 1942 2138 1972 Aa
2152 1943 2209 1971 sub
2224 1941 2374 1982 magistro

1467 1995 1607 2025 Mersilio
1623 1996 1661 2023 de
1680 1994 1810 2033 Inghen,
1830 1992 1917 2032 cujus
1934 1994 2028 2022 bursa
2043 1992 2100 2021 VII
2119 1991 2223 2021 solidi.

1508 2045 1579 2084 (Fol.
1605 2046 1633 2084 4)
1658 2044 1732 2073 Item
1755 2043 1786 2072 in
1808 2043 1857 2071 die
1885 2041 2108 2071 Conversionis
2131 2041 2228 2070 sancti
2249 2039 2338 2069 Pauli
2348 2038 2373 2076 Β,

1468 2104 1526 2133 que
1545 2093 1600 2122 fuit
1619 2092 1715 2122 XXV²
1734 2092 1801 2121 dies
1820 2091 1936 2120 mensis
1951 2090 2015 2130 jam
2035 2090 2120 2125 dicti,
2145 2091 2222 2118 sacta
2241 2099 2374 2128 congre-

1467 2142 1596 2182 gacione
1628 2141 1767 2170 nacionis
1802 2140 1833 2169 in
1867 2140 1958 2168 nonis
1989 2139 2102 2168 Nostre
2134 2138 2264 2167 Domine
2293 2138 2375 2176 apud

1469 2191 1613 2220 Sanctum
1623 2190 1810 2219 Maturinum
1821 2189 1859 2218 ad
1870 2188 2101 2217 deliberandum
2113 2196 2208 2226 super
2216 2186 2375 2225 empcione

1467 2240 1661 2279 antiquarum
1684 2238 1837 2268 scolarum
1862 2244 1892 2266 et
1913 2238 1950 2266 de
1976 2236 2175 2275 reparacione
2197 2235 2374 2270 earundem,

1469 2289 1670 2318 deliberatum
1682 2287 1737 2317 fuit
1750 2286 1947 2316 concorditer
1963 2286 2046 2325 quod
2059 2290 2234 2314 emerentur
2249 2290 2279 2312 et
2291 2284 2375 2322 quod

1469 2337 1710 2367 committeretur
1746 2335 1902 2374 receptori
1931 2335 2014 2374 quod
2048 2333 2184 2363 solveret
2216 2332 2376 2372 sexaginta

1469 2387 1587 2416 solidos
1603 2386 1768 2425 parisiens.

1509 2436 1583 2464 Item
1600 2435 1715 2464 eisdem
1734 2434 1795 2468 die,
1815 2433 1891 2462 hora
1907 2438 1936 2461 et
1952 2431 2020 2460 loco
2037 2432 2112 2460 facta
2130 2429 2375 2469 congregacione

1468 2484 1607 2514 nacionis
1625 2484 1663 2512 ad
1679 2482 1914 2522 supplicandum
1931 2488 1960 2510 et
1972 2480 2175 2510 ordinandum
2193 2480 2230 2508 de
2245 2479 2376 2518 pecunia

1469 2533 1618 2568 nacionis,
1637 2531 1823 2571 supplicavit
1837 2530 1986 2569 magister
2001 2526 2159 2558 Mercilius
2168 2538 2226 2567 pro
2236 2527 2251 2556 J
2256 2527 2375 2556 ohanne

1468 2588 1576 2611 nostro
1603 2580 1740 2615 bedello,
1770 2590 1837 2608 curn
1863 2588 1919 2618 per
1943 2578 2046 2617 aliqua
2069 2583 2209 2616 tempora
2235 2576 2375 2604 infirmus

1469 2631 1579 2660 fuisset
1606 2636 1635 2658 et
1666 2629 1764 2658 adhuc
1793 2628 2000 2656 infirmaretur
2033 2633 2062 2655 et
2089 2626 2194 2665 plures
2223 2634 2375 2664 expensas

1468 2679 1638 2713 habuisset,
1653 2685 1686 2707 ut
1701 2678 1789 2706 nacio
1808 2676 1867 2706 sibi
1885 2676 1935 2715 pie
1951 2676 1982 2704 in
1997 2675 2100 2714 aliquo
2119 2673 2309 2708 subveniret,
2326 2673 2375 2701 cui

1469 2728 1531 2757 dati
1548 2729 1670 2756 fuerunt
1687 2727 1747 2756 duo
1764 2725 1872 2754 franci.

1511 2777 1585 2805 Item
1602 2781 1709 2814 quarta
1726 2775 1775 2803 die
1795 2773 1911 2802 mensis
1927 2771 2087 2801 Februarii
2107 2771 2184 2800 facta
2201 2779 2379 2810 congrega-

1502 2900 1524 2922 2.
1559 2900 1588 2922 25
1598 2898 1727 2922 Ianuarii.
