2632 3464
456 420 488 445 67
998 419 1222 446 AUCTARIUM
1243 420 1504 447 CHARTULARII
1523 421 1698 449 UNIVERS.
1721 422 1839 450 PARIS.
2073 428 2075 431 ’
2357 430 2391 456 68

456 503 520 522 rem
542 493 621 521 dicte
639 492 795 527 nacionis,
815 492 846 521 in
865 491 952 532 cujus
973 493 1208 532 procuracionis
1226 500 1366 533 tempore

457 548 529 571 sunt
546 548 613 571 acta
628 552 686 580 que
704 547 886 580 sequuntur.

497 591 602 620 Primo
622 591 722 619 eidem
746 590 895 631 magistro
920 591 1071 621 Nicholao
1096 592 1291 630 procuratori
1312 592 1368 621 suit

454 640 651 669 concorditer
673 650 711 668 ex
732 650 887 669 consensu
910 641 1010 670 tocius
1033 641 1173 670 nacionis
1198 651 1367 670 concessus

454 690 505 718 ille
523 689 732 718 determinans
749 689 859 719 solutis
875 690 1049 725 solvendis,
1067 690 1120 729 qui
1136 690 1167 718 in
1183 697 1368 729 procurato-

454 739 502 767 rio
523 739 718 777 precedenti,
735 739 982 778 congregacione
1002 739 1154 768 facultatis
1172 740 1253 778 apud
1275 739 1368 768 Sanc-

454 794 518 816 tum
533 788 721 817 Maturinum
738 788 769 816 in
787 789 926 827 profesto
942 788 1116 827 Margarete
1132 788 1264 827 virginis
1278 789 1366 823 facta,

456 847 625 866 concessus
649 837 705 866 suit
726 837 781 866 toti
810 837 942 866 nacioni.
971 836 1019 865 Ad
1043 836 1130 876 cujus
1154 838 1368 876 procuratoris

458 886 715 925 supplicationem
735 887 765 914 in
782 886 910 914 nacione
929 896 1109 915 concessam
1126 893 1288 925 presentes
1307 888 1369 916 fue-

456 942 530 964 runt
559 936 700 975 magistri
729 935 867 974 predicte
895 935 1046 970 nacionis,
1076 935 1195 964 scilicet
1221 936 1371 975 magister

457 985 647 1014 Laurencius
670 984 755 1013 Petri
781 985 817 1013 de
842 984 951 1019 Dacia,
980 985 1129 1023 magister
1149 985 1307 1014 Johannes
1332 986 1369 1014 de

458 1034 628 1073 Sarburgo,
657 1034 804 1073 magister
837 1034 980 1062 Curadus
1007 1033 1190 1069 Almannus,
1221 1040 1252 1062 et
1280 1035 1369 1063 ambo

456 1083 569 1112 bedelli
588 1083 729 1111 nacionis
745 1083 933 1121 supradicte.

872 1177 970 1206 1343

484 1249 555 1288 (Fol.
588 1250 634 1288 47)
667 1250 825 1289 Tempus
853 1250 1144 1288 procuracionis
1171 1250 1344 1289 magistri

635 1299 834 1328 Laurencii
863 1299 966 1328 Petri
997 1300 1039 1328 de
1065 1299 1192 1328 Dacia.

497 1378 588 1407 Anno
610 1378 734 1407 Domini
751 1378 1020 1414 M⁰CCC⁰XLlll⁰,
1039 1379 1187 1407 vicesima
1204 1379 1304 1418 prima
1322 1379 1371 1408 die

461 1428 577 1456 mensis
589 1427 746 1463 Octobris,
758 1429 935 1457 convocatis
949 1429 1092 1457 omnibus
1102 1428 1261 1467 magistris
1271 1429 1373 1457 nacio-

458 1477 506 1505 nis
520 1477 693 1516 Anglicane
706 1483 778 1506 tunc
794 1483 859 1506 acta
873 1478 1055 1517 regentibus
1069 1479 1106 1506 ad
1121 1477 1265 1506 Sanctum
1279 1477 1373 1506 Julia-

461 1536 532 1555 num
564 1537 742 1566 pauperem,
762 1526 877 1556 electus
894 1527 949 1555 suit
975 1527 1007 1555 in
1032 1533 1267 1566 procuratorem
1292 1527 1373 1556 dicte

461 1575 601 1604 nacionis
620 1576 704 1605 nullo
721 1576 846 1615 penitus
864 1576 1049 1605 reclamante
1066 1586 1122 1615 per
1142 1576 1222 1605 viam
1243 1576 1373 1615 spiritus

465 1625 563 1653 sancti
578 1625 726 1664 magister
741 1625 932 1654 Laurencius
951 1626 1036 1654 Petri
1052 1626 1089 1654 de
1110 1626 1219 1660 Dacia,
1237 1626 1269 1654 in
1285 1624 1372 1665 cujus

464 1674 698 1712 procuracionis
714 1681 852 1713 tempore
868 1681 934 1703 acta
948 1681 1020 1703 sunt
1035 1685 1094 1714 que
1110 1681 1294 1714 sequuntur.

866 1769 884 1796 1
889 1768 963 1797 343

461 1839 619 1878 Tempus
658 1840 946 1878 procuracionis
980 1841 1151 1880 magistri
1186 1840 1373 1870 waltheri

662 1890 704 1918 dc
734 1889 925 1919 Wardlaw
953 1890 1071 1925 Scoti,
1097 1897 1168 1919 etc.

499 1969 590 1998 Anno
623 1970 750 1998 Domini
774 1970 1042 2005 M⁰CCC⁰X1.111⁰‚
1075 1966 1136 2009 xvij
1164 1970 1224 1999 kal.
1259 1971 1374 2000 Janua-

458 2018 515 2047 rii⁴
543 2019 720 2048 convocatis
745 2019 888 2049 omnibus
921 2020 1080 2059 magistris
1104 2020 1242 2049 nacionis
1266 2020 1373 2059 Angli-

459 2079 533 2097 cane
562 2075 633 2097 tunc
663 2075 731 2097 actu
763 2069 944 2108 regentibus
978 2070 1015 2098 ad
1045 2071 1188 2098 Sanctum
1218 2069 1373 2098 Julianum

463 2128 647 2156 pauperem,
665 2118 782 2147 electus
804 2119 859 2147 suit
877 2119 906 2147 in
922 2125 1154 2157 procuratorem
1169 2119 1250 2148 dicte
1266 2119 1373 2148 nacio-

459 2167 508 2195 nis
522 2167 607 2195 nullo
623 2167 748 2206 penitus
762 2168 946 2196 reclamante
963 2178 1020 2207 per
1034 2168 1113 2197 viam
1130 2168 1227 2197 sancti
1242 2169 1372 2207 spiritus

459 2217 606 2255 magister
630 2216 812 2245 waltherus
835 2218 872 2245 (le
895 2217 1057 2246 NVardlaw
1084 2217 1206 2252 Scotus‚
1231 2218 1263 2246 in
1286 2216 1372 2257 cujus

463 2265 699 2304 procuracionis
715 2272 852 2305 tempore
867 2273 939 2295 sunt
951 2273 1018 2295 acta
1031 2277 1090 2306 que
1107 2273 1263 2296 secuntur.

500 2314 628 2343 Primo²
652 2316 829 2344 convocatis
855 2316 997 2345 omnibus
1022 2316 1198 2355 magistris,
1223 2323 1256 2345 ut
1277 2316 1373 2345 moris

458 2370 517 2398 est,
541 2365 579 2392 ad
599 2364 743 2393 Sanctum
767 2365 921 2394 Julianum
945 2376 1124 2404 pauperem,
1144 2376 1293 2395 concessa
1318 2365 1374 2394 tuit

460 2413 651 2452 supplicacio
670 2414 811 2453 magistri
835 2415 970 2443 Com-adi
994 2416 1031 2443 ‹le
1051 2415 1259 2454 Reyneliusen
1279 2425 1374 2454 super

463 2473 515 2497 ρο,
534 2464 616 2501 quod
634 2463 793 2502 predictus
812 2464 960 2502 magister
978 2464 1164 2493 inrotuletur
1183 2464 1213 2492 in
1230 2464 1373 2503 proximo

463 2512 565 2541 rotulo
601 2512 820 2541 Universitatis
858 2513 925 2541 loco
955 2520 985 2542 ct
1016 2514 1125 2542 ordine
1158 2524 1213 2542 suo
1249 2513 1373 2552 penitus

462 2562 627 2590 observato
648 2568 801 2600 tamquam
822 2569 905 2591 essct
923 2569 991 2591 actu
1007 2573 1132 2602 regens,
1153 2573 1215 2592 non
1232 2564 1373 2592 obstante

461 2611 545 2649 quod
561 2611 641 2639 idem
661 2611 809 2650 magister
827 2610 990 2640 Conradus
1006 2622 1138 2651 presens
1157 2613 1187 2640 in
1202 2612 1275 2641 villa
1288 2612 1374 2641 Pari-

461 2659 526 2688 sius
549 2660 597 2689 vel
616 2660 646 2689 in
667 2667 735 2689 actu
754 2661 883 2700 regendi
904 2671 965 2690 non
988 2661 1093 2696 suerit,
1120 2662 1192 2700 quia
1213 2661 1374 2701 predictus

460 2709 608 2748 magister
631 2710 662 2738 in
685 2716 754 2739 actu
778 2710 906 2749 regendi
930 2710 1067 2739 existens
1085 2710 1217 2739 recessit
1239 2711 1374 2740 evidenti

461 2759 646 2787 necessitate
665 2765 800 2788 coactus.

491 2821 515 2843 1.
551 2821 580 2843 26
593 2821 746 2845 Decembris.

491 2853 513 2876 2.
548 2854 661 2883 Sequens
683 2853 722 2875 bis
750 2853 775 2876 in
794 2861 839 2877 me.
860 2853 982 2884 scriptum
1012 2853 1058 2876 aed
1078 2856 1170 2885 postea
1189 2853 1301 2878 deletum
1328 2856 1374 2877 est.

460 2887 553 2919 Incipit
577 2888 640 2911 ibid.
663 2895 672 2911 :
693 2889 767 2912 Anno
792 2889 866 2912 Dom.
891 2889 1092 2917 M.CCC.XL111.
1115 2889 1158 2921 xvj
1180 2890 1233 2913 kal.
1254 2890 1375 2913 Januarii

460 2923 585 2954 (Decemb.
610 2924 647 2955 17)
670 2925 736 2948 horu
755 2924 842 2956 prima
861 2925 900 2948 vet
921 2925 988 2948 citra
1006 2925 1032 2948 in
1055 2925 1263 2957 congregacione
1286 2929 1375 2949 nostre

460 2959 578 2983 nacionis
593 2968 718 2984 concessu
733 2960 783 2984 fuit
795 2960 968 2992 supplicueio,
982 2963 1029 2985 etc.

1423 695 1439 720 5

1412 941 1442 966 10

1410 1187 1443 1213 15

1411 1434 1444 1460 20

1412 1682 1445 1707 25

1411 1928 1445 1954 30

1411 2175 1445 2200 35

1412 2421 1445 2446 40

1413 2667 1446 2693 45

1885 497 1985 526 1344

1496 565 1655 605 Tempus
1683 568 1972 606 procuracionis
1999 570 2175 610 magistri
2209 571 2371 603 Henrici

1843 618 1886 646 de
1916 617 2028 648 Gore.

1517 689 1609 719 Anno
1630 690 1755 720 Domini
1776 692 1853 722 1344
1873 694 2052 723 convocatis
2070 695 2230 734 magistris
2250 697 2392 728 nacionis

1477 738 1650 778 Anglicane
1667 741 1748 779 apud
1763 740 1907 771 Sanctum
1923 742 2106 772 Matulinum
2129 743 2205 774 hora
2220 752 2369 777 consueta
2380 746 2392 765 ³

1478 789 1516 817 ad
1528 788 1703 828 eligendum
1715 797 1947 829 procuratorem
1961 792 2042 821 dicte
2055 793 2206 829 nacionis,
2216 794 2332 825 electus
2345 802 2394 826 est

1478 837 1528 867 via
1555 838 1685 877 spiritus
1709 839 1807 868 sancti
1835 840 1984 880 magister
2008 841 2164 872 Henricus
2189 843 2227 872 de
2255 843 2338 874 Gore
2362 845 2394 874 in

1480 893 1715 926 procuratorem
1733 888 1814 917 dicte
1832 889 1987 926 nacionis,
2009 890 2039 919 in
2062 890 2151 930 cujus
2168 893 2394 931 procuracione

1482 942 1549 965 acta
1563 937 1686 966 suerunt
1700 936 1767 966 hec.

1521 985 1627 1014 Primo
1651 986 1728 1015 facta
1748 988 1995 1027 congregacione
2020 990 2171 1020 facultatis
2194 991 2244 1020 die
2266 992 2390 1022 veneris

1481 1034 1642 1074 proxima⁴
1667 1041 1736 1064 ante
1764 1036 1844 1064 diem
1867 1036 2091 1068 Conversionis
2114 1039 2194 1069 beati
2218 1041 2318 1076 Pauli,
2337 1051 2394 1080 per

1481 1090 1614 1123 quatuor
1630 1086 1850 1123 procuratores
1867 1086 1982 1116 electus
1998 1094 2046 1116 est
2060 1088 2209 1128 magister
2224 1089 2392 1120 Nicholaus

1482 1134 1519 1162 de
1536 1133 1632 1162 Dacia
1649 1133 1680 1162 in
1696 1140 1849 1163 rectorem
1865 1134 2097 1166 Universitatis.

1523 1182 1596 1211 Item
1614 1182 1646 1211 in
1659 1183 1709 1212 die
1725 1189 1833 1213 octava
1847 1185 1935 1213 beate
1947 1184 2079 1225 Agnetis
2094 1186 2250 1226 virginis³
2269 1198 2395 1228 compu-

1481 1232 1556 1261 tavit
1576 1232 1725 1272 magister
1746 1233 1880 1262 Jacobus
1900 1234 2006 1263 Loude
2024 1235 2106 1264 dicto
2124 1236 2239 1266 rectori
2261 1237 2299 1266 de
2317 1244 2395 1267 tem-

1482 1291 1558 1320 pore
1574 1282 1707 1310 rectorie
1724 1282 1823 1311 suein
1839 1283 1997 1321 presentia
2010 1284 2172 1320 facultatis,
2188 1286 2237 1315 cui
2252 1287 2396 1316 omnibus

1482 1331 1667 1369 computatis
1690 1337 1720 1360 et
1739 1331 1850 1360 solutis
1873 1333 2022 1362 remansit
2044 1333 2143 1362 eidem
2167 1335 2294 1364 facultas
2312 1335 2394 1365 obli-

1483 1386 1553 1419 gata
1579 1380 1611 1408 in
1636 1380 1691 1409 Vll
1721 1381 1830 1410 solidis
1857 1381 1898 1410 Vl
1927 1382 2075 1412 denariis.
2106 1383 2181 1412 Item
2208 1385 2314 1414 eadem
2344 1385 2396 1414 die

1482 1436 1720 1468 resumpserunt
1750 1430 1899 1459 lectiones
1935 1442 2007 1460 suas
2041 1432 2216 1462 ordinarias
2250 1434 2394 1473 magistri

1483 1478 1681 1508 Christianus
1707 1480 1745 1508 de
1769 1479 1848 1508 Alen
1875 1486 1905 1508 et
1932 1480 2017 1510 Suno
2043 1481 2081 1510 de
2107 1481 2217 1522 Suecia
2245 1482 2276 1511 in
2306 1493 2397 1513 manu

1483 1528 1707 1570 procuratoris,
1726 1535 1872 1567 presente
1886 1529 2027 1558 nacione.

1893 1623 1992 1652 1344

1485 1693 1563 1733 (Fol.
1604 1693 1677 1734 47¹³)
1710 1694 1868 1734 Tempus
1900 1695 2188 1734 procuracionis
2221 1697 2398 1738 magistri

1691 1743 1873 1772 Johannis
1905 1745 1947 1773 de
1978 1744 2186 1785 Sarburgo.

1523 1823 1614 1853 Anno
1639 1824 1763 1853 Domini
1789 1824 2072 1860 M⁰CCC⁰XLIIII⁰,
2098 1826 2147 1854 die
2178 1825 2305 1855 martis⁶
2327 1832 2400 1866 post

1484 1874 1594 1903 festum
1618 1880 1722 1903 sancte
1748 1873 1868 1913 Agathe
1891 1874 2035 1913 virginis,
2054 1875 2232 1904 convocatis
2250 1876 2394 1906 omnibus

1484 1923 1641 1962 magistris
1658 1923 1792 1952 nationis
1807 1922 1978 1962 Anglicane
1995 1930 2067 1952 tunc
2085 1930 2154 1953 actu
2170 1924 2351 1964 regentibus
2370 1931 2400 1954 et

1483 1983 1551 2001 cum
1579 1972 1639 2001 hiis
1667 1972 1852 2011 quibusdam
1876 1972 1944 2001 aliis
1968 1974 2050 2011 apud
2074 1973 2219 2002 Sanctum
2241 1973 2397 2003 Julianum

1483 2031 1651 2061 pauperem
1663 2021 1739 2050 hora
1753 2028 1900 2051 consueta
1909 2023 1947 2050 ad
1961 2022 2136 2061 eligendum
2151 2029 2395 2061 procuratorem,

1483 2071 1599 2100 electus
1622 2071 1677 2100 suit
1703 2077 1732 2100 et
1755 2071 1920 2100 conclusus
1941 2071 2044 2100 debite
2063 2072 2212 2111 magister
2236 2072 2394 2102 Johannes

1484 2121 1521 2150 de
1541 2121 1701 2159 Sarburgo
1719 2120 1750 2148 in
1769 2127 2002 2159 procuratorem
2017 2121 2098 2150 dicte
2116 2121 2262 2150 nationis.

1524 2170 1559 2199 In
1575 2169 1662 2209 cujus
1678 2169 1902 2209 procui-acione
1921 2176 1987 2198 acta
2005 2176 2077 2199 sunt
2095 2181 2154 2209 que
2170 2177 2352 2210 sequuntur.

1524 2219 1559 2248 In
1569 2219 1619 2248 die
1635 2218 1753 2248 sabati⁷
1766 2225 1835 2247 ante
1851 2219 2028 2248 brandones
2044 2219 2120 2248 hora
2135 2219 2234 2259 prime
2251 2229 2400 2249 convoca-

1482 2269 1523 2298 tis
1543 2269 1687 2298 omnibus
1710 2268 1869 2307 magistris
1887 2269 2020 2297 nationis
2039 2267 2226 2308 Anglicane‚
2249 2269 2302 2308 qui
2323 2279 2400 2298 con-

1483 2324 1651 2347 sueverunt
1665 2317 1781 2352 vocari,
1801 2318 1838 2346 ad
1852 2317 1996 2346 Sanctum
2012 2318 2166 2347 Julianum
2177 2328 2345 2358 pauperem
2361 2319 2400 2347 ad

1484 2367 1732 2407 supplicandum,
1743 2366 1948 2395 ordinandum
1964 2373 1993 2395 et
2006 2367 2250 2406 dispensandum
2265 2374 2294 2397 et
2303 2377 2398 2407 super

1483 2416 1606 2456 injuriis
1625 2422 1654 2445 et
1673 2417 1711 2444 ad
1732 2416 1903 2445 faciendum
1914 2415 2021 2455 jurare
2042 2416 2267 2445 examinatores
2291 2417 2395 2446 deter-

1484 2466 1675 2500 minantium,
1693 2465 1858 2504 requisivit
1872 2465 2031 2504 predictus
2048 2472 2233 2505 procurator
2246 2466 2284 2494 ab
2302 2465 2399 2495 omni-

1483 2517 1541 2544 bus
1566 2515 1724 2554 magistris
1751 2525 1808 2554 per
1830 2514 2004 2554 juramenta
2029 2515 2179 2554 ipsorum,
2210 2525 2272 2543 non
2300 2520 2400 2544 atten-

1483 2565 1586 2593 dendo
1605 2565 1641 2593 ad
1662 2574 1827 2603 personam
1848 2564 1947 2603 ipsius
1971 2564 2201 2603 procuratoris,
2222 2564 2277 2592 sed
2299 2563 2399 2593 solum

1484 2614 1521 2642 ad
1545 2613 1694 2642 honorem
1715 2620 1745 2643 et
1766 2613 1938 2642 libertatem
1959 2613 2052 2642 officii
2075 2613 2288 2651 procuratorie
2312 2618 2342 2642 et
2362 2613 2401 2642 ad

1485 2663 1741 2692 consuetudinem
1759 2663 1953 2691 observatam
1975 2672 2031 2701 per
2051 2662 2230 2691 memoriam
2255 2662 2397 2701 ipsorum

1485 2718 1515 2741 et
1531 2712 1635 2751 magni
1653 2711 1767 2740 bedelli
1786 2710 1849 2751 (qui
1866 2711 1943 2740 dixit
1961 2721 1993 2740 se
2010 2721 2133 2750 semper
2147 2710 2265 2740 vidisse
2281 2721 2398 2750 procu-

1575 2817 1650 2840 Circa
1667 2817 1696 2840 1³
1713 2815 1843 2840 Ianuarii.

1575 2853 1604 2876 23
1616 2852 1748 2876 Ianuarii.

1575 2889 1605 2912 28
1619 2887 1749 2912 Ianuarii.

1576 2925 1606 2948 10
1619 2923 1762 2948 Februarii.

1577 2960 1605 2984 21
1619 2958 1763 2984 Februarii.

1515 2818 1542 2984 399?ss

2607 3028 2632 3313 Qfflssm'ioeffiaass-th
2614 2946 2632 3006 34:³⁴
2626 2908 2632 2925 s

2619 3327 2632 3384 ι’ὁκν.
