2632 3464
317 454 369 480 ⁶57

358 529 433 560 ltem
449 530 499 559 die
516 530 635 559 decima
651 530 726 559 facta
742 528 991 568 congregacione
1004 527 1144 556 nacionis
1157 526 1224 556 An-

315 578 437 620 glicane
451 579 483 608 in
495 579 608 609 Sancto
620 578 742 608 Juliano
756 578 787 607 in
798 587 903 607 mense
915 576 1028 616 Aprili,
1040 577 1121 605 inter
1134 585 1223 616 quar-

315 634 376 658 tam
391 628 498 658 horam
513 635 543 658 et
562 628 699 669 quintam
714 633 787 668 post
800 626 964 667 prandium
985 626 1023 655 ad
1041 625 1223 665 supplican-

315 677 398 712 dum,
424 677 611 717 supplicavit
633 677 776 706 dominus
801 675 935 705 Jacobus
961 673 1161 714 Apothecarii
1186 674 1223 703 de

314 725 414 762 Ulma,
438 726 618 756 licenciatus
642 726 674 755 in
695 725 825 759 artibus,
849 734 907 764 pro
933 723 1086 753 dilacione
1112 724 1223 752 bursa·-

313 785 393 810 rum.
411 774 496 815 cujus
512 775 703 815 supplicacio
721 774 776 804 fuit
791 783 941 803 concessa
956 773 1124 802 secundum
1140 772 1222 801 ordi-

313 824 474 854 nacionem
493 824 614 859 statuti,
637 823 682 854 sic
701 823 785 863 quod
802 821 918 862 juravit
935 822 966 851 in
987 822 1115 851 nacione
1138 822 1220 861 quod

311 879 438 903 actenus
455 883 517 903 non
535 873 662 903 haberet
676 872 715 902 ad
733 871 914 902 solvendum
936 872 1048 900 bursas
1065 869 1144 910 ejus,
1164 881 1220 900 nec

312 921 425 952 habere
448 929 555 962 posset
574 922 732 952 commode
750 931 807 961 per
825 931 858 950 se
882 930 938 950 nec
959 930 1017 960 per
1036 920 1128 949 alium
1148 926 1220 949 tunc

310 972 472 1011 temporis,
489 977 561 1005 etc..
576 977 606 1000 et
615 971 699 1011 quod
711 970 902 1000 satisfaceret
915 970 995 999 infra
1006 976 1070 999 tres
1084 979 1218 1004 menses,

310 1020 349 1050 de
372 1029 432 1060 qua
455 1019 664 1050 satisfactione
686 1025 818 1059 poneret
836 1019 1013 1048 caucionem
1038 1019 1109 1048 inde
1134 1018 1219 1048 suffi-

311 1068 441 1098 cientem
466 1069 639 1109 receptori,
665 1067 785 1098 scilicet
809 1068 941 1108 pignora
962 1067 1148 1107 obligatoria
1170 1067 1219 1097 vel

311 1117 436 1158 aliquod
451 1117 546 1147 aliud.

351 1166 426 1196 Item
442 1167 473 1196 in
488 1167 593 1196 eadem
609 1166 856 1207 congregacione
871 1166 1057 1206 supplicavit
1072 1166 1220 1206 magister

308 1215 486 1246 Alexander
498 1217 536 1246 de
549 1216 663 1246 Sancto
677 1215 748 1245 Vito
760 1222 793 1245 ut
806 1215 934 1245 haberet
947 1215 1066 1244 literam
1082 1215 1217 1244 testimo-

309 1264 420 1294 nialem
449 1265 620 1305 magisterii
648 1271 678 1294 et
707 1264 814 1294 literas
844 1264 1156 1294 recommendatorias
1179 1265 1218 1294 ad

308 1314 445 1354 prelatos
460 1324 546 1349 suos,
567 1320 627 1343 tam
640 1314 678 1343 ad
692 1313 848 1343 seculares
864 1323 954 1353 quam
972 1314 1009 1342 ad
1026 1312 1216 1353 spirituales,

309 1361 396 1402 eujus
425 1362 616 1402 supplicacio
645 1363 684 1392 ab
715 1362 860 1392 omnibus
891 1362 1048 1402 magistris
1080 1368 1152 1391 tunc
1186 1362 1216 1392 in

308 1411 438 1442 nacione
455 1411 659 1442 existentibus
674 1412 730 1441 fuit
744 1421 894 1441 concessa
909 1412 1078 1441 secundum
1094 1412 1216 1441 modum

309 1467 502 1490 consuetum.

350 1509 424 1539 ltem
447 1509 627 1539 licenciatus
650 1516 698 1539 est
719 1509 863 1539 dominus
883 1509 1016 1539 Thomas
1040 1509 1133 1549 Trayi
1158 1510 1216 1539 sub

307 1558 457 1599 magistro
471 1558 635 1588 Guillelmo
650 1559 688 1588 de
703 1558 856 1593 Trebi-on,
869 1558 956 1598 cujus
973 1557 1214 1594 bursaVsolidi‚

306 1607 359 1648 qui
375 1607 524 1637 satisfecit
539 1607 694 1647 receptori
709 1614 739 1637 et
750 1606 867 1647 juravit
884 1607 1087 1647 procuratori.

347 1656 422 1686 Item
438 1656 618 1686 licenciatus
633 1662 681 1686 est
695 1657 839 1686 dominus
854 1656 1011 1686 Robertus
1028 1657 1066 1686 de
1086 1656 1215 1687 Caveris

306 1706 364 1735 sub
391 1706 498 1735 eodem
525 1705 675 1746 magistro
701 1705 867 1735 Guillelmo
891 1706 928 1735 de
950 1705 1103 1741 Tretwon,
1127 1705 1214 1746 cujus

305 1754 400 1784 bursa
412 1754 438 1783 V
453 1754 558 1790 solidi,
572 1755 625 1795 qui
641 1754 790 1784 satisfecit
805 1755 958 1794 receptori
976 1761 1006 1784 et
1013 1753 1131 1795 juravit
1143 1765 1214 1795 pro-

307 1803 455 1834 curatori.

346 1852 421 1882 ltem
438 1852 619 1883 licenciatus
635 1859 683 1882 est
699 1853 844 1882 dominus
862 1852 997 1882 Jacobus
1013 1852 1213 1893 Apothecarii

305 1902 343 1931 de
359 1901 447 1931 Ulma
465 1902 523 1931 sub
542 1902 691 1942 magistro
706 1902 846 1931 Johanne
863 1903 901 1931 de
921 1902 1105 1937 Hoekelem,
1126 1901 1213 1942 cujus

303 1951 399 1980 bursa
417 1949 444 1979 V
464 1950 572 1986 solidi,
593 1951 646 1991 qui
669 1950 774 1981 habuit
794 1950 976 1980 dilacionem
1000 1953 1161 1981 bursarum
1182 1959 1214 1982 ut

306 1999 452 2040 superius
471 1999 619 2040 scriptum
635 2006 694 2034 est.
711 2006 741 2030 et
751 1999 868 2040 juravit
886 2001 1090 2040 procuratori.

346 2048 420 2078 item
445 2050 521 2078 facta
547 2049 794 2089 congregacione
822 2049 1042 2079 Universitatis
1069 2049 1140 2079 ΧΠ·
1163 2051 1212 2080 die

304 2098 420 2127 mensis
440 2097 559 2137 Aprilis
580 2098 661 2138 apud
684 2098 829 2127 Sanctum
845 2098 1033 2128 Maturinum
1053 2098 1129 2128 hora
1146 2099 1213 2139 pri-

303 2156 420 2177 marum
435 2156 532 2186 super
545 2147 667 2176 duobus
684 2147 834 2176 articulis.
853 2146 977 2177 Primus
995 2148 1050 2178 fuit
1067 2149 1105 2177 de
1121 2149 1212 2178 modo

302 2195 435 2225 habendi
452 2195 611 2235 pecuniam
627 2196 665 2225 ad
682 2197 931 2236 prosequendum
948 2197 1111 2236 negocium
1128 2199 1212 2238 quod

301 2251 449 2275 tractatur
471 2245 502 2274 in
524 2244 733 2285 parlamento;
754 2246 801 2274 2¹¹·
822 2245 878 2275 fuit
899 2246 937 2275 ad
962 2246 1209 2286 supplicandum.

304 2294 406 2334 Super
422 2293 524 2334 primo
542 2293 726 2323 deliberavit
746 2293 834 2323 nacio
853 2294 1034 2335 Anglicana,
1055 2296 1081 2325 si
1099 2297 1137 2325 ab
1154 2296 1212 2326 ali-

302 2352 363 2383 qua
387 2343 516 2373 nacione
542 2343 734 2382 reperiretur
757 2342 871 2382 aliquis
894 2344 994 2373 bonus
1020 2345 1129 2374 modus
1156 2355 1212 2385 per

302 2402 393 2432 quem
413 2391 609 2422 Universitas
630 2391 758 2421 haberet
777 2392 937 2431 pecuniam
960 2393 997 2422 ad
1017 2403 1212 2433 prosequen-

302 2441 374 2470 dum
382 2440 544 2481 negocium
553 2441 738 2481 predictum,
751 2441 870 2470 scilicet
877 2442 961 2481 quod
972 2441 1085 2482 aliquis
1094 2452 1211 2472 accom-

301 2490 440 2520 modaret
456 2489 516 2519 sibi
532 2490 691 2530 pecunias,
708 2489 757 2519 vel
773 2489 885 2530 aliquis
900 2490 979 2520 alius
997 2491 1107 2521 modus
1118 2514 1125 2526 ,
1143 2491 1211 2532 ipsa

301 2547 335 2569 se
354 2537 460 2578 majori
475 2538 555 2579 parti
573 2539 796 2575 conformat-en
814 2539 841 2568 si
857 2546 956 2569 autem
973 2546 1078 2570 essent
1091 2540 1210 2570 discor-

302 2587 370 2623 des,
389 2588 473 2628 quod
495 2587 687 2628 eligerentur
703 2588 840 2628 deputati
858 2588 911 2628 qui
930 2598 1026 2628 super
1044 2589 1101 2618 hoc
1119 2589 1209 2619 habe-

303 2642 372 2666 rent
386 2636 572 2666 concludere
587 2637 654 2666 sine
670 2646 817 2677 regressu
830 2638 868 2666 ad
880 2636 1130 2668 Universitatem.
1150 2639 1211 2667 Su-

302 2694 360 2725 per
384 2685 416 2715 2·
434 2685 564 2715 articulo
586 2685 769 2716 deliberavit
790 2686 890 2720 nacio.
914 2686 1015 2726 primo
1035 2697 1131 2727 super
1153 2687 1209 2717 hoc

302 2733 386 2774 quod
402 2733 526 2773 quidam
541 2734 650 2764 doctor
668 2733 698 2764 in
714 2734 849 2764 decretis
864 2735 991 2775 quisivit
1002 2735 1064 2774 (sic)
1076 2745 1131 2775 per
1146 2746 1207 2765 mo-

301 2782 373 2812 dum
390 2783 507 2822 rigoris
521 2782 640 2813 literam
656 2784 981 2814 recommendatoriam
997 2785 1035 2814 ad
1051 2784 1208 2815 dominum

301 2841 422 2871 papam,
436 2831 619 2862 deliberavit
633 2832 721 2862 nacio
735 2833 818 2872 quod
832 2833 992 2863 videretur
1007 2833 1038 2862 in
1055 2834 1178 2863 statutis
1199 2845 1205 2863 :

301 2880 384 2920 quod
402 2880 428 2910 si
445 2886 528 2910 esset
545 2879 733 2921 rigorosum,
748 2882 831 2921 quod
845 2881 986 2918 haberet;
1003 2883 1029 2911 si
1048 2892 1110 2912 non
1125 2889 1209 2913 esset

303 2929 490 2969 rigorosum.
509 2929 593 2969 quod
606 2939 667 2959 non
678 2930 815 2966 haberet,
830 2940 868 2960 ex
883 2941 945 2971 quo
962 2930 1135 2972 que[re]ret
1152 2941 1208 2971 per

303 2978 425 3007 modum
447 2977 573 3017 rigoris.
596 2978 698 3018 Super
717 2978 769 3009 illo
788 2980 872 3019 quod
889 2980 951 3010 duo
973 2980 1112 3020 magistri
1130 2990 1207 3010 con-

382 3031 496 3052 Διωή...
509 3030 632 3051 chan-um
643 3031 730 3052 υηεηη.
741 3032 808 3052 rua.
817 3043 843 3048 -
854 3032 869 3053 ι.

858 451 1080 478 AUCTARIUM
1101 450 1360 477 CHARTULARH
1382 451 1555 478 UNIVERS.
1579 452 1696 478 PARIS.

1279 727 1295 753 5

1259 973 1292 999 10

1256 1218 1289 1244 15

1254 1463 1288 1490 20

1253 1709 1286 1735 25

1251 1954 1284 1980 30

1250 2199 1283 2225 35

1249 2444 1282 2470 40

1247 2689 1280 2716 45

1245 2935 1279 2961 50

2189 454 2241 480 658

1334 527 1435 566 questi
1463 527 1585 557 suerunt
1603 529 1641 556 de
1666 527 1787 567 injuriis
1808 528 1885 567 ipsis
1911 529 1997 557 factis
2020 540 2035 557 a
2055 529 2238 568 quibusdam

1333 576 1441 615 leycis‚
1456 576 1638 606 deliberavit
1652 579 1741 606 nacio
1757 578 1838 616 quod
1854 578 2017 616 negocium
2033 578 2240 608 declararetur

1332 625 1487 664 deputatis
1502 624 1732 660 Universitatis,
1753 626 1779 655 si
1798 625 1946 655 haberent
1955 625 2008 665 jus
2024 637 2080 666 pro
2096 638 2140 661 se,
2156 630 2237 667 quod

1333 673 1528 704 Universitas
1541 675 1620 714 ipsis
1633 681 1746 703 astaret
1759 675 1789 703 in
1804 675 2003 713 parlamentm
2012 676 2091 705 sicut
2103 686 2236 706 consue-

1332 729 1394 752 tum
1413 730 1470 752 est.
1491 723 1594 763 Super
1607 723 1660 752 illo
1678 724 1761 763 quod
1779 724 1901 763 quidam
1922 725 2069 763 magister
2087 726 2238 765 supplica-

1331 772 1375 802 vit
1387 773 1469 812 quod
1483 772 1611 802 haberet
1621 772 1739 802 literam
1750 774 2075 802 recommendatoriam
2089 775 2125 803 ad
2139 776 2238 804 domi-

1331 831 1402 850 num
1417 831 1505 851 suum
1519 828 1548 851 et
1561 832 1656 861 super
1669 822 1773 852 multis
1786 822 1856 852 aliis
1871 822 2154 862 supplicacionibus
2167 831 2238 854 tunc

1331 870 1418 900 factis
1443 871 1625 900 deliberavit
1645 871 1749 906 nacio,
1773 872 1856 911 quod
1877 872 1978 901 omnia
2002 872 2054 901 illa
2078 873 2137 902 sibi
2160 874 2236 904 bene

1329 919 1499 959 placerent.

1371 969 1445 998 Item
1468 970 1544 999 facta
1564 970 1810 1010 congregacione
1834 970 1974 1000 nacionis
1993 970 2163 1011 Anglicane
2186 973 2237 1002 die

1329 1018 1402 1047 Xlll
1421 1019 1537 1048 mensis
1556 1018 1675 1058 Aprilis
1692 1020 1773 1058 apud
1794 1019 1937 1048 Sanctum
1956 1019 2141 1050 Maturinum
2164 1029 2235 1060 post

1328 1067 1503 1107 prandium,
1511 1068 1592 1097 inter
1605 1074 1742 1107 quartam
1754 1068 1859 1098 horam
1870 1074 1900 1097 et
1910 1068 2058 1108 quintam.
2067 1079 2162 1109 super
2172 1081 2233 1100 uno

1328 1116 1468 1151 articulo,
1483 1117 1602 1146 scilicet
1616 1117 1654 1146 ad
1669 1117 1916 1156 supplicandum,
1933 1118 2119 1157 supplicavit
2132 1119 2233 1148 domi-

1327 1175 1386 1194 nus
1402 1165 1536 1195 Jacobus
1551 1165 1749 1205 Apothecarii
1763 1166 1800 1195 de
1817 1166 1915 1200 Ulma,
1926 1166 2104 1197 licenciatus
2118 1168 2148 1197 in
2161 1169 2233 1198 arti·

1328 1215 1397 1249 bus,
1420 1225 1478 1254 pro
1497 1214 1586 1244 litera
1607 1215 1804 1244 testimoniali
1826 1222 1856 1245 et
1877 1217 2172 1246 recommendatoria
2193 1219 2231 1247 ad

1327 1263 1463 1303 prelatos
1479 1274 1553 1293 suos
1569 1264 1600 1293 in
1613 1264 1761 1303 generali,
1777 1263 1863 1303 cujus
1879 1264 2069 1304 supplicacio
2086 1266 2141 1295 fuit
2156 1277 2231 1296 con-

1327 1322 1415 1342 cessa
1429 1314 1467 1342 ab
1482 1313 1638 1348 omnibus,
1657 1313 1702 1342 sic
1718 1314 1801 1352 quod
1820 1313 1922 1343 nullus
1942 1314 2138 1344 interemerat
2153 1326 2230 1345 eam.

1368 1361 1441 1391 Item
1470 1362 1585 1401 incepit
1614 1362 1756 1391 dominus
1782 1362 1944 1392 Conradus
1970 1363 2167 1403 Muntzinger
2193 1365 2230 1394 de

1326 1410 1480 1450 F'riburgo
1499 1412 1556 1440 sub
1572 1411 1721 1451 magistro
1737 1410 1875 1440 Johanne
1893 1412 1931 1441 de
1950 1411 2128 1447 Hoekelem,
2146 1412 2233 1453 cujus

1325 1460 1421 1489 bursa
1435 1459 1507 1489 vlu
1526 1460 1629 1490 solidi.
1648 1460 1759 1490 Solvit.

1367 1509 1442 1538 Item
1461 1509 1640 1539 licenciatus
1655 1515 1703 1539 est
1722 1509 1865 1539 dominus
1885 1509 2018 1539 Thomas
2035 1511 2073 1540 de
2094 1511 2230 1551 Carguyl

1326 1557 1438 1587 Scotus
1460 1559 1517 1587 sub
1540 1558 1689 1598 magistro
1715 1558 1854 1588 Johanne
1878 1559 1916 1588 de
1939 1559 2118 1594 Hoekelem,
2145 1560 2231 1600 cujus

1326 1608 1418 1636 bursa
1440 1607 1466 1635 V
1490 1607 1582 1637 solidi
1601 1614 1632 1636 et
1652 1607 1724 1636 V111
1746 1608 1876 1643 denarii,
1899 1615 1930 1637 et
1957 1609 2033 1638 facta
2054 1615 2102 1638 est
2126 1610 2231 1640 caucio

1325 1656 1479 1696 receptori
1492 1667 1550 1696 pro
1566 1667 1613 1691 eo,
1630 1663 1661 1686 et
1669 1655 1786 1696 juravit
1802 1658 2006 1696 procuratori.

1366 1705 1440 1735 ltem
1461 1706 1538 1735 facta
1558 1705 1805 1745 congregacione
1833 1705 2052 1736 Universitatis
2077 1707 2127 1736 die
2146 1708 2231 1737 vice-

1324 1754 1402 1784 sima
1419 1755 1535 1784 mensis
1549 1754 1668 1794 Aprilis
1683 1756 1763 1794 apud
1776 1755 1920 1784 Sanctum
1936 1754 2132 1791 Maturinum.
2151 1757 2227 1787 hora

1324 1804 1422 1843 prime
1437 1803 1550 1833 Nostre
1568 1804 1698 1833 Domine
1712 1814 1806 1843 super
1821 1804 1920 1833 tribus
1936 1805 2086 1834 articulis.
2103 1806 2226 1835 Primus

1324 1853 1379 1882 fuit
1390 1853 1429 1882 ad
1443 1853 1628 1882 audiendum
1642 1853 1764 1882 modum
1778 1859 1933 1892 repertum
1947 1864 2003 1893 per
2013 1854 2176 1893 deputatos
2189 1856 2227 1884 de

1323 1903 1414 1931 modo
1433 1902 1565 1931 habendi
1581 1902 1728 1942 pecunias
1746 1903 1782 1931 ad
1798 1903 2048 1942 prosequendum
2068 1904 2228 1942 negocium

1323 1950 1553 1985 Universitatis.
1573 1952 1657 1990 quod
1674 1957 1821 1980 tractatur
1838 1952 1868 1980 in
1886 1951 2092 1990 parlamento;
2110 1953 2155 1981 2¹¹·
2172 1953 2227 1982 fuit

1322 2001 1360 2030 de
1377 2001 1534 2040 magistris
1556 1999 1723 2040 injuriatis,
1741 2010 1871 2040 quorum
1893 2011 1983 2029 causa
2005 2001 2059 2030 fuit
2076 2001 2228 2031 declarata

1322 2050 1476 2089 deputatis
1505 2049 1742 2084 Universitatis;
1768 2050 1882 2078 tercius
1909 2050 1964 2078 fuit
1983 2050 2020 2078 ad
2047 2050 2227 2090 supplican-

1321 2099 1404 2128 dum.
1422 2098 1523 2138 Super
1539 2099 1640 2138 primo
1655 2098 1838 2127 deliberavit
1855 2098 1942 2127 nacio
1959 2098 2127 2138 Anglicana
2144 2101 2226 2139 quod

1323 2149 1431 2177 modus
1447 2147 1579 2177 habendi
1597 2147 1743 2187 pecunias
1759 2154 1901 2187 repertus
1918 2157 1973 2186 per
1987 2148 2149 2187 deputatos
2166 2149 2224 2178 sihi

1322 2197 1399 2225 bene
1412 2196 1557 2236 placeret,
1574 2196 1693 2226 scilicet
1704 2196 1786 2235 quod
1798 2196 1839 2224 illi
1854 2195 1929 2225 alias
1942 2196 2032 2225 taxati
2048 2196 2077 2225 in
2095 2196 2227 2226 Univer-

1322 2245 1411 2275 sitate
1429 2255 1484 2285 per
1497 2255 1613 2285 regem.
1629 2255 1666 2274 ex
1679 2255 1740 2284 quo
1759 2245 1818 2284 ipsi
1833 2246 1910 2274 bene
1926 2244 2038 2274 vellent
2054 2256 2226 2275 accommo-

1321 2295 1394 2324 dare
1413 2294 1614 2324 Universitati
1639 2294 1862 2334 quinquaginta
1885 2295 1963 2323 duos
1988 2295 2120 2328 francos,
2143 2296 2225 2334 quod

1322 2344 1365 2373 illi
1381 2344 1647 2373 accommodarent
1662 2343 1735 2372 sibi.
1749 2342 1819 2382 (Fal.
1836 2344 1881 2380 lili)
1897 2342 2034 2372 Ulterius
2045 2343 2227 2374 deliberavit

1321 2393 1408 2422 nacio
1437 2398 1510 2422 tunc
1537 2393 1618 2432 quod
1653 2398 1796 2431 receptor
1822 2391 1995 2431 hujusmodi
2028 2393 2224 2431 pecuniarum

1320 2448 1403 2471 esset
1425 2441 1476 2471 ille
1496 2441 1548 2480 qui
1571 2447 1636 2470 erat
1653 2447 1756 2470 rector
1775 2447 1922 2480 protunc,
1939 2447 1968 2470 et
1988 2442 2069 2480 quod
2088 2442 2224 2480 deputati

1320 2501 1444 2530 semper
1472 2490 1620 2519 haberent
1649 2490 1821 2519 deliberare
1854 2491 1892 2519 de
1924 2490 2013 2518 modo
2049 2491 2222 2529 exponendi

1319 2539 1466 2580 pecunias
1491 2539 1568 2568 illas.
1590 2538 1629 2568 Et
1654 2539 1748 2568 eciam
1768 2538 1948 2568 deliberavit
1970 2539 2055 2567 nacio
2074 2540 2155 2578 quod
2179 2539 2222 2568 illi

1319 2589 1583 2619 accommodantes
1600 2589 1745 2628 pecunias
1764 2587 1960 2617 Universitati
1986 2587 2168 2617 rehaberent
2185 2589 2223 2617 de

1319 2637 1429 2678 primis
1444 2637 1699 2675 inve[n]tionibus
1715 2638 1777 2675 (sic)
1795 2636 2022 2665 Universitatis.

1359 2686 1462 2726 Super
1478 2687 1509 2715 2⁰
1530 2686 1659 2716 articulo
1676 2685 1857 2715 deliberavit
1880 2685 1982 2719 nario,
2001 2696 2037 2714 ex
2061 2695 2122 2724 quo
2140 2693 2221 2715 esset

1318 2735 1502 2765 declaratum
1520 2735 1674 2775 deputatis
1696 2734 1927 2767 Universitatis,
1948 2734 2029 2773 quod
2048 2734 2106 2773 ipsi
2127 2734 2222 2763 habt·-

1318 2790 1388 2814 rent
1399 2783 1453 2824 jus
1475 2784 1558 2824 quod
1581 2783 1774 2814 Universitas
1796 2783 1872 2822 ipsis
1895 2783 2054 2812 assisteret
2072 2783 2101 2812 in
2119 2783 2221 2822 parla-

1318 2839 1428 2863 mento
1444 2833 1475 2862 in
1492 2833 1638 2872 expensis
1656 2832 1733 2867 suis,
1750 2833 1829 2861 sicut
1846 2838 2024 2860 consuetum
2041 2838 2097 2860 est.

1357 2882 1459 2922 Super
1470 2883 1501 2911 3⁰
1515 2881 1655 2915 articulo.
1673 2882 1723 2910 ubi
1741 2882 1861 2909 fuerunt
1874 2880 2094 2920 supplicantes.
2112 2881 2215 2910 l'rimo

1317 2931 1503 2971 supplicavit
1526 2940 1604 2960 unus
1629 2930 1775 2969 magister
1804 2929 1986 2958 barullarius
2011 2930 2156 2959 formatus
2187 2930 2216 2959 in

1317 2979 1450 3020 teologia
1476 2989 1533 3019 pro
1563 2979 1691 3019 quadam
1722 2978 1809 3007 litera
1838 2978 2129 3007 recommendatoria
2156 2979 2214 3008 sibi

2116 3031 2141 3051 «a
