2632 3464
1436 0 1454 10 “”
1463 0 1534 27 '‘st''
1541 0 1659 29 ‘TW-i

410 435 466 460 635
956 429 1179 456 AUCTARIUM
1201 427 1460 455 CHARTULARII
1480 429 1655 456 UNIVERS.
1677 428 1797 456 PARIS.
2287 430 2343 458 636

411 511 560 551 magistro
579 509 717 539 Johanne
734 507 909 537 Howkland
928 517 995 536 eum
1013 505 1118 535 multis
1137 505 1205 534 aliis
1223 505 1322 544 magi-

412 561 487 590 stris
506 561 543 588 de
559 559 698 588 nacione.

453 609 528 638 Item
548 609 578 637 in
598 618 657 646 qua
673 606 814 646 predicta
833 605 1079 645 congregacione
1095 603 1235 632 nacionis
1251 613 1322 632 nos-

412 666 458 688 tre
475 657 647 697 Anglicane
666 656 813 695 magister
830 655 985 684 Jordanus
1005 654 1042 682 de
1067 653 1175 692 Clyvis
1191 662 1322 691 presens

411 713 555 747 repertus
573 706 695 745 legebat
710 704 869 743 magistris
890 703 1003 732 ibidem
1022 701 1221 741 congregatis
1242 711 1322 730 com-

412 763 517 796 putum
548 765 635 784 suum
665 760 840 783 contentum
873 762 968 791 super
996 757 1131 790 receptis
1163 760 1323 790 pecuniis-

413 816 473 845 que
494 804 645 844 expositis
662 804 699 831 ad
721 812 796 831 usus
812 801 951 830 nacionis
968 801 998 829 in
1017 800 1116 829 officio
1138 810 1192 829 sue
1212 809 1323 838 recep-

414 855 508 889 toric,
531 853 676 882 admissis
695 852 837 881 omnibus
857 850 1008 889 expositis
1026 855 1158 889 protunc
1175 849 1323 878 restanti-

413 905 471 933 bus
493 913 562 932 esse
586 901 810 940 computandis,
834 899 993 938 predictus
1015 899 1164 937 magister
1183 897 1323 927 nacionis

413 953 551 982 existens
574 957 717 990 receptor
743 949 863 989 plenius
891 949 1053 977 tenebatur
1075 948 1107 976 in
1130 947 1186 976 XX
1209 947 1322 976 francis

414 1012 482 1031 cum
493 1001 646 1040 aliquanta
658 999 805 1038 porcione
819 997 961 1037 apposita
971 997 1137 1036 parisiens.
1151 996 1322 1026 solidorum

413 1050 614 1080 restituendis
631 1059 685 1077 sue
701 1048 834 1076 nacioni.

456 1100 531 1128 Item
551 1104 695 1137 receptor
711 1097 872 1136 predictus
893 1096 1074 1124 informatus
1092 1095 1216 1134 penitus
1231 1101 1322 1133 atque

414 1149 486 1177 inde
507 1147 676 1186 requisitus
702 1147 759 1175 sub
780 1155 934 1174 consensu
964 1144 1104 1173 nacionis
1124 1144 1156 1173 in
1189 1144 1321 1183 quodam

414 1197 543 1237 prandio
558 1196 616 1225 sibi
633 1196 774 1224 ordinato
789 1195 820 1223 in
837 1194 935 1223 sancti
949 1194 1104 1223 Edmundi
1121 1194 1199 1222 festo
1214 1193 1321 1222 ultimo

413 1246 647 1279 transcurrenti,
672 1244 816 1283 exposuit
842 1244 953 1272 XX11⁰⁵
978 1244 1100 1272 francos
1127 1253 1195 1272 cum
1221 1242 1321 1271 tribus

414 1296 534 1330 solidis,
556 1305 650 1333 super
665 1304 724 1332 qua
740 1303 857 1322 summa
871 1292 1012 1331 exposita
1025 1298 1201 1331 computum
1215 1291 1322 1320 reddi-

415 1352 477 1374 tum
498 1345 529 1372 in
548 1350 611 1373 toto
630 1342 709 1382 que¹
732 1341 797 1382 ejus
814 1341 977 1381 particulis
997 1341 1133 1370 auditum
1150 1341 1321 1370 examinavi

413 1394 536 1422 nomine
554 1393 704 1421 nacionis.

453 1443 526 1472 Item
544 1442 788 1481 congregacione
805 1439 1025 1469 Universitatis
1040 1439 1178 1479 generali
1192 1440 1267 1468 facta
1283 1440 1322 1468 ad

413 1493 557 1521 Sanctum
596 1491 782 1519 Maturinum
810 1499 867 1529 per
893 1488 1099 1529 juramentum
1128 1489 1244 1518 XX111=
1271 1489 1320 1518 die

412 1541 526 1570 mensis
551 1539 748 1574 Novembris,
771 1545 873 1567 rector
898 1545 961 1567 tres
987 1538 1135 1567 articulos
1157 1538 1322 1577 proposuit

410 1591 524 1619 ibidem
548 1589 809 1618 ‹leterminandos.
832 1588 957 1616 Primus
975 1587 1123 1616 articulus
1138 1587 1320 1626 propositus

412 1639 466 1667 fuit
483 1649 578 1677 super
590 1638 690 1667 tribus
709 1637 797 1666 tactis
814 1637 913 1665 modis
930 1635 1092 1665 elevandi²
1116 1636 1265 1675 pecunias
1283 1637 1320 1665 de

411 1688 548 1727 qualibet
567 1686 745 1726 particulari
770 1686 910 1720 nacione,
931 1695 1062 1724 quorum
1081 1685 1183 1724 primo
1204 1685 1319 1725 signifi-

410 1743 498 1766 cante
528 1736 676 1775 pecunias
706 1745 775 1764 esse
804 1735 968 1764 solvendas
996 1734 1118 1763 nunciis
1148 1735 1186 1763 ad
1214 1745 1320 1774 regem

412 1786 568 1815 mittendis
592 1795 647 1824 pro
666 1785 764 1813 literis
783 1784 967 1823 quibusdam
992 1783 1207 1822 impetrandis,
1231 1783 1320 1812 nacio

411 1842 515 1864 nostra
532 1835 602 1863 inde
621 1834 760 1863 consulta
780 1833 811 1861 in
829 1832 1110 1862 deliberacionibus
1126 1833 1191 1861 suis
1208 1833 1320 1862 auditis

411 1884 545 1913 totaliter
558 1894 619 1912 non
635 1883 838 1917 assenciebat,
856 1882 1060 1911 assenciendo
1076 1888 1175 1911 tamen
1193 1881 1320 1911 conclu-

411 1933 475 1962 sive
498 1934 634 1961 secundo
657 1938 687 1961 et
708 1932 804 1960 tercio
830 1931 930 1959 modis
956 1930 1046 1970 liujus
1069 1931 1160 1970 primi
1186 1931 1318 1965 articuli,

410 1982 655 2021 significantibus
684 1983 836 2019 expensas
870 1990 940 2008 esse
972 1980 1138 2008 tradendas
1165 1980 1320 2018 deputatis

412 2030 633 2059 Universitatis
659 2040 716 2069 pro
740 2030 828 2058 factis
854 2029 919 2058 suis
944 2029 1093 2058 maturius
1118 2029 1320 2067 expediendis

411 2081 440 2108 in
461 2080 671 2118 parliamento,
690 2079 784 2107 eciam
799 2078 953 2117 deputatis
971 2078 1039 2106 aliis
1056 2078 1121 2107 suis
1136 2077 1320 2107 habentibus

410 2128 515 2158 certa³
536 2129 664 2167 negocia
682 2127 901 2157 Universitatis
919 2127 1121 2166 expedienda.

451 2178 612 2206 Secundus
640 2177 787 2206 articulus
811 2186 905 2215 super
932 2176 1098 2215 punicione
1122 2176 1319 2205 librariorum

410 2226 659 2265 delinquencium
689 2226 719 2254 in
750 2226 815 2254 suis
844 2225 953 2253 officiis
989 2224 1101 2263 injuste
1125 2225 1318 2264 gubernatis,

410 2276 523 2315 quibus
543 2275 692 2304 correctis
716 2285 810 2313 super
831 2284 936 2303 eorum
954 2274 1141 2303 admissione
1162 2284 1220 2313 que
1237 2281 1320 2303 cete-

411 2335 514 2353 rorum
527 2324 697 2353 consimilia
715 2323 895 2352 hahencium
910 2323 1018 2358 officia,
1035 2324 1072 2351 ad
1084 2323 1319 2352 renovacionem

410 2374 594 2402 audiendum
610 2372 854 2411 juramentorum
876 2383 971 2411 super
986 2372 1234 2410 obligacionibus
1254 2372 1319 2401 suis

409 2419 614 2459 tidejussoriis
651 2419 834 2448 exhibendis
870 2429 886 2447 a
922 2419 1168 2457 quibuscumque
1198 2418 1319 2457 aliquos

410 2468 584 2507 receperint
603 2469 699 2496 libros
722 2468 913 2496 vendendos.
941 2467 997 2498 Cui
1021 2467 1150 2496 articulo
1168 2477 1235 2496 curn
1254 2468 1319 2496 suis

410 2518 554 2546 membris
574 2517 735 2546 servandis
758 2517 845 2545 nacio
864 2523 968 2545 nostra
994 2516 1194 2544 deliberando
1214 2526 1318 2544 assen-

409 2566 540 2595 ciebat‘.
569 2567 697 2595 Tercius
727 2566 890 2600 articulus,
916 2572 1045 2604 tangens
1076 2565 1318 2603 appellacionem

409 2616 559 2653 quandam
582 2616 687 2643 saetam
711 2625 766 2653 per
798 2614 963 2653 collegium
991 2614 1140 2642 facultatis
1177 2615 1318 2643 decreto-

409 2674 486 2697 rum,
506 2664 618 2692 nullius
632 2663 755 2692 virtutis
772 2664 802 2691 in
821 2664 948 2692 nacione
963 2664 1173 2701 reputabatur.

450 2715 519 2750 klffol.
539 2716 585 2751 38)
604 2713 675 2741 Item
701 2712 815 2751 incepit
833 2712 976 2740 dominus
997 2711 1155 2740 iohannes
1172 2712 1209 2740 de
1231 2712 1318 2740 Dou-

408 2761 474 2799 glas
491 2762 520 2789 in
539 2762 657 2790 artibus
677 2763 733 2789 sub
749 2761 897 2800 magistro
914 2761 1074 2790 willelmo
1090 2761 1127 2788 de
1144 2761 1315 2795 Trabrune,

408 2809 493 2847 cujus
511 2811 604 2838 bursa
619 2811 658 2838 Vl
674 2810 777 2838 solidi.

439 2888 460 2910 1.
496 2889 539 2910 lli«-
552 2891 575 2911 ‹12
587 2889 654 2911 alias
668 2889 734 2921 conj.
747 2898 796 2920 que
806 2897 855 2920 pro
864 2892 888 2912 et
904 2891 1010 2919 usurpat
1019 2888 1142 2911 Thomas.

438 2925 460 2946 2.
493 2925 539 2946 Ma.
555 2925 677 2947 olivundi.

437 2960 460 2981 3.
495 2961 541 2981 Ms.
558 2964 635 2982 serta.

1361 951 1394 977 10

1360 1197 1393 1222 15

1359 1443 1393 1469 20

1358 1689 1392 1715 25

1358 1936 1392 1961 30

1358 2181 1392 2207 35

1357 2427 1391 2452 40

1356 2672 1389 2697 45

1472 505 1548 534 Item
1572 505 1680 534 eodem
1702 505 1752 534 die
1776 505 1859 534 circa
1885 505 1976 535 finem
2007 505 2124 535 mensis
2155 506 2344 537 Novembris

1431 564 1511 584 anno
1536 554 1661 583 Domini
1686 554 1798 583 mil*imo
1821 553 1940 584 CCC²¹²⁰
1966 554 2112 584 Lxxxm
2142 555 2194 590 11⁰,
2226 556 2345 596 incepit

1431 603 1463 632 in
1481 603 1598 632 artibus
1627 603 1771 632 dominus
1793 603 1928 632 Jacobus
1963 603 2116 634 Watsona
2147 604 2204 633 suh
2233 606 2342 635 eodem

1431 652 1580 691 magistro
1595 652 1756 682 Willelmo
1772 652 1945 687 Trabrune,
1961 651 2048 692 cujus
2066 653 2159 682 bursa
2178 653 2219 683 vl
2235 653 2340 683 solidi.

1473 701 1548 730 Item
1577 707 1707 740 uterque
1727 711 1833 730 eorum
1861 701 2080 741 magistrorum
2103 702 2197 731 solvit
2219 703 2341 732 nacioni

1431 760 1525 779 unum
1545 751 1682 780 francum
1706 750 1738 779 in
1758 750 1998 779 satisfactionem
2020 750 2190 790 plenariam
2212 751 2342 792 jocundi

1432 799 1581 828 adventus
1599 809 1704 828 eorum
1718 800 1756 828 ad
1771 797 2052 839 congregacionem
2068 800 2219 830 nacionis.

1473 848 1548 877 Item
1573 849 1650 877 sacta
1679 848 1926 888 congregacione
1957 848 2098 878 nacionis
2129 849 2167 878 ad
2197 849 2343 879 Sanctum

1432 897 1620 926 Maturinum
1641 897 1672 926 in
1691 897 1799 937 vigilia
1821 903 1925 927 sancte
1949 897 2094 927 Katerine
2114 898 2248 938 virginis
2266 898 2345 928 hora

1431 956 1513 975 nona
1526 952 1594 975 ante
1609 946 1784 986 prandium,
1801 946 1833 975 in
1855 947 1960 976 eadem
1976 953 2074 976 autem
2095 948 2345 987 congregacione

1432 1001 1496 1024 tres
1522 995 1643 1024 articuli
1677 996 1943 1035 proponebantur.
1973 995 2097 1025 Primus
2129 1006 2224 1036 super
2249 997 2345 1026 modo

1431 1044 1633 1074 deliberando
1658 1044 1843 1084 expediendi
1860 1044 1993 1075 rotulum
2017 1055 2208 1074 communem
2234 1045 2343 1085 quiex

1431 1100 1518 1133 parte
1533 1093 1672 1122 nacionis
1688 1094 1726 1122 ad
1744 1093 1900 1122 dominum
1921 1103 2030 1133 papam
2051 1094 2240 1124 Clementem
2258 1100 2344 1124 esset

1431 1142 1645 1172 destinandus.
1668 1142 1730 1171 Pro
1748 1141 1835 1182 cujus
1855 1142 1976 1171 articuli
1995 1149 2102 1172 tenore
2117 1143 2206 1172 nacio
2222 1143 2344 1173 delibe-

1430 1192 1520 1227 ravit,
1538 1193 1668 1221 eundem
1688 1191 1822 1220 rotulum
1840 1201 1910 1220 esse
1927 1191 2125 1231 dirigendum
2143 1192 2175 1221 in
2193 1193 2345 1232 expensis

1430 1240 1671 1280 particularibus
1703 1240 1888 1280 colligendis
1920 1240 2138 1280 magistrorum
2167 1241 2341 1271 volencium

1432 1289 1528 1319 scribi
1541 1290 1572 1318 in
1586 1290 1705 1318 eodem.

1473 1339 1633 1368 Secundus
1656 1338 1803 1368 articulus
1820 1338 1875 1367 suit
1893 1348 1987 1378 super
2010 1339 2209 1368 ordinacione
2231 1349 2344 1369 neces·

1432 1388 1513 1417 saria
1529 1388 1662 1417 videnda
1682 1387 1870 1426 pinguorum
1890 1387 2089 1417 dimissorum
2115 1387 2176 1428 (sic)
2198 1388 2230 1418 iu
2250 1398 2341 1418 manu

1430 1437 1614 1476 receptoris,
1650 1447 1707 1475 pro
1750 1446 1812 1475 quo
1848 1436 1962 1465 ibidem
1993 1436 2222 1466 deliberabatur
2257 1437 2342 1477 quod

1430 1492 1545 1515 attenta
1555 1485 1684 1524 pecunie
1699 1485 1835 1525 graviori
1845 1485 1972 1514 instanti
1988 1486 2138 1520 carencia,
2150 1496 2240 1525 quam
2251 1486 2343 1516 nacio

1431 1535 1618 1574 patiebatur,
1633 1534 1907 1573 consederatisque
1925 1534 2027 1563 causis
2043 1534 2177 1564 diversis
2195 1535 2343 1564 evenien-

1429 1583 1512 1613 tibus
1542 1583 1808 1623 possibilibusque
1839 1583 1974 1618 evenire,
2005 1582 2037 1612 in
2067 1584 2180 1622 quibus
2210 1583 2343 1623 pecunie

1430 1633 1553 1662 nomine
1563 1633 1702 1661 nacionis
1716 1632 1988 1667 distribuerentur,
1997 1632 2161 1662 videbatur
2175 1632 2340 1671 expedien-

1430 1682 1496 1711 cius
1513 1683 1576 1710 fore
1588 1681 1710 1710 nacioni
1723 1681 1735 1699 ⁵
1756 1682 1839 1720 quod
1847 1682 1884 1710 de
1897 1681 2084 1721 pignoribus
2101 1681 2256 1711 universis
2268 1691 2343 1711 ven·

1430 1731 1540 1760 dendis
1552 1730 1727 1770 jacentibus
1748 1740 1815 1759 cum
1830 1736 1992 1769 receptore
2008 1730 2184 1770 indigencia
2201 1731 2344 1760 nacionis

1430 1780 1616 1819 supleretur,
1641 1779 1779 1818 exceptis
1805 1779 1991 1819 pignoribus
2017 1779 2235 1819 magistrorum
2262 1781 2340 1809 duo-

1430 1839 1497 1858 rum
1513 1828 1793 1868 infrascriptorum‚
1811 1827 1956 1858 videlicet
1973 1828 2114 1868 magistri
2134 1828 2284 1858 Johannis
2302 1829 2344 1859 de

1430 1878 1570 1918 Douglas
1591 1877 1807 1917 (supplicantis
1832 1877 1863 1906 in
1887 1877 2134 1917 congregacione
2157 1879 2240 1916 quod
2262 1878 2344 1907 liber

1430 1927 1489 1956 sibi
1515 1927 1686 1966 pertinens,
1707 1933 1808 1956 tamen
1832 1936 1900 1955 cum
1925 1933 2087 1965 receptore
2114 1926 2344 1966 impignoratus

1430 1977 1552 2005 nomine
1566 1976 1692 2005 alterius
1710 1975 1851 2015 magistri
1865 1975 1895 2004 in
1908 1975 2005 2014 patria
2020 1975 2193 2010 existentis,
2209 1976 2247 2004 ad
2261 1976 2340 2005 Pen-

1429 2031 1563 2055 tecostes
1606 2025 1716 2054 festum
1746 2024 1887 2064 proxime
1925 2025 2127 2053 adventurum
2163 2024 2343 2054 invenditus

1430 2075 1648 2109 custodiretur,
1664 2073 1750 2113 cujus
1767 2073 1957 2112 supplicacio
1972 2073 2086 2102 ibidem
2099 2074 2338 2114 admittebatur),

1430 2130 1460 2152 et
1478 2123 1620 2162 magistri
1642 2123 1748 2151 Jacobi
1770 2123 1924 2152 Watsona
1953 2122 2095 2151 similiter
2115 2122 2340 2161 supplicantis;

1430 2183 1466 2201 ex
1492 2171 1578 2211 cujus
1604 2171 1835 2211 supplicacione
1865 2171 1968 2200 audita
1996 2171 2109 2200 ibidem
2143 2177 2176 2200 etv
2205 2171 2340 2200 admissa

1429 2221 1571 2261 pignoris
1592 2221 1639 2250 sui
1662 2220 1804 2249 vendicio
1821 2221 1859 2249 ad
1884 2221 1994 2249 festum
2013 2220 2132 2249 Pasche
2149 2219 2337 2249 differretur.

1470 2271 1532 2299 Pro
1546 2270 1642 2299 tercio
1658 2270 1790 2298 finaliter
1802 2269 2003 2298 deliberatum
2020 2268 2085 2303 fuit,
2101 2269 2183 2308 quod
2199 2269 2341 2308 magistri

1429 2319 1550 2349 noviter
1568 2318 1709 2359 graduati
1724 2318 1969 2347 inscriberentur
1985 2317 2096 2357 papiro
2112 2317 2263 2347 nacionis.

1470 2369 1545 2397 Item
1567 2367 1715 2397 ΧΧἫΙ1110
1730 2367 1780 2396 die
1796 2367 1911 2396 mensis
1929 2366 2114 2396 Novembris
2132 2366 2208 2395 hora
2225 2367 2341 2396 tercia-

1429 2428 1495 2447 rum
1512 2423 1580 2446 ante
1594 2417 1758 2456 prandium
1772 2417 1848 2445 facta
1859 2415 2107 2455 congregacione
2119 2415 2340 2445 Universitatis

1428 2467 1466 2495 ad
1487 2466 1632 2495 Sanctum
1651 2466 1838 2494 Maturinum
1853 2474 1910 2504 per
1925 2463 2130 2504 juramentum
2151 2474 2246 2503 super
2263 2465 2338 2494 duo—

1428 2516 1486 2544 bus
1502 2514 1640 2544 articulis
1658 2514 1772 2543 ibidem
1789 2513 1960 2553 propositis
1976 2523 2034 2552 per
2051 2519 2213 2547 rectorem,
2231 2520 2341 2543 nostra

1428 2564 1515 2593 nacio
1540 2563 1711 2602 Anglicana
1736 2563 1807 2592 inde
1831 2568 2019 2602 congregata
2044 2561 2228 2591 deliberavit
2254 2563 2337 2601 quod

1428 2613 1510 2642 illius
1527 2611 1647 2641 articuli
1664 2611 1756 2651 primi
1772 2611 1890 2650 primus
1911 2617 1941 2639 et
1962 2610 2116 2639 secundus
2132 2610 2214 2638 modi
2237 2610 2340 2640 conti·-

1427 2668 1536 2690 ncntes
1560 2661 1705 2700 pecunias
1728 2659 1850 2689 certas⁶
1869 2665 1997 2694 taxata,
2022 2668 2091 2687 esse
2114 2668 2170 2697 per
2191 2659 2337 2689 naciones

1427 2710 1628 2749 colligendas,
1643 2720 1702 2748 que
1715 2709 1954 2748 requirebantur
1967 2717 2036 2736 esse
2049 2708 2191 2736 donande
2208 2709 2340 2747 deputa-

1427 2759 1466 2788 tis
1488 2758 1707 2787 Universitatis
1726 2767 1784 2797 pro
1806 2757 1871 2786 suis
1890 2756 2029 2796 negociis
2050 2757 2183 2786 diversis
2202 2763 2232 2786 et
2249 2757 2336 2786 factis

1427 2807 1671 2847 prosequendis,
1694 2806 1839 2836 videlicet
1873 2806 2040 2835 secundum
2069 2805 2172 2834 stilum
2204 2811 2336 2834 taxatum

1456 2890 1479 2911 4.
1519 2886 1573 2909 Vid.
1588 2886 1716 2914 Churtul..
1730 2886 1774 2914 ΙΙΙ,
1792 2890 1819 2908 n⁰
1831 2885 1888 2908 1361
1903 2885 2021 2908 23111732

1455 2924 1477 2946 5.
1512 2922 1686 2945 Videbatur...
1697 2921 1799 2944 nacioni
1808 2920 1833 2944 in
1843 2929 1887 2944 ms.
1898 2923 1955 2952 post
1964 2920 2069 2944 evenire
2079 2919 2125 2944 lin.
2135 2921 2164 2943 23
2173 2920 2240 2944 inter
2248 2928 2336 2944 uncos.

1455 2959 1480 2981 6.
1514 2959 1562 2981 Ms.
1577 2960 1670 2980 sertas.

2620 332 2632 507 ...azima-‘nen‘-
2623 325 2627 327 ·
2628 279 2630 282 «
2626 242 2627 246 Α
2614 234 2617 237 ⁷

2622 2193 2632 2205 ι,
2621 2082 2632 2187 :ma-‘adh-
2620 2053 2632 2075 :u
2621 1950 2632 2045 ahma-zu
2622 1926 2632 1942 v·
2616 1668 2632 1918 *ammae-edrakua—
2616 1604 2632 1661 (ἀμ,
2620 1571 2632 1595 lc.
2622 1464 2632 1565 mmmm
2610 1111 2632 1459 emfflffl-A-t'e·lss-.2

2615 2229 2632 2342 ,ΔΑ-’.μιν-
2624 2211 2629 2216 ι
