2632 3464
1537 0 1546 5 ς
1564 0 1662 21 ‘·‘''⁴'“'s*³1>
1691 0 1693 2 -
1716 0 1721 5 ,Ἴ
1736 0 1795 13 'vet-‘J
1803 0 1911 24 ,Ἰωνίη-’1
1928 0 1993 17 [περς.

428 420 478 445 355
974 411 1196 439 AUCTAmUM
1217 409 1475 435 CHARTULARII
1495 409 1670 435 UNIVERS.
1692 409 1809 436 PARIS.
2289 410 2343 437 356

424 495 516 523 eciam
539 493 725 532 improvisus
748 498 827 525 erat,
852 490 937 530 cujus
960 487 1149 528 supplicacio
1178 486 1232 515 fuit
1251 495 1327 515 con-

427 554 512 573 cessa
526 543 689 571 dummodo
706 547 834 580 poneret
851 541 991 579 pignora.

464 593 538 621 Item
572 592 675 620 eadem
715 590 763 619 die
801 589 889 618 nacio
917 586 1098 616 deliberavit
1130 584 1327 614 concorditer

424 639 539 668 intrare
558 639 724 672 tabernam,
743 636 795 666 ubi
811 634 1003 673 consumpsit
1020 633 1039 672 ij
1054 634 1186 667 francos,
1201 631 1253 660 ubi
1270 641 1328 670 per

425 686 681 717 deliberacionem
714 685 784 724 (Fol.
823 685 869 724 14)
909 680 1145 722 magistrorum⁴
1180 679 1327 719 magister

429 736 584 766 Johannes
606 734 773 773 Zinneghe‚
795 734 865 772 quia
887 733 1023 761 nundum
1046 736 1228 769 procurator
1250 735 1325 763 erat,

425 785 515 814 solvit
534 785 668 813 francum
683 793 741 822 pro
757 782 854 821 prima
872 791 926 810 sua
944 779 1168 820 procuratoria‚
1191 785 1220 807 et
1234 778 1326 806 alium

425 835 559 863 francum
578 832 671 862 solvit
688 831 833 870 magister
850 830 1005 859 Johannes
1024 830 1061 857 de
1081 828 1238 862 Ammers,
1256 826 1325 866 quia

423 884 558 912 nundum
598 887 780 920 procurator
816 885 891 913 erat,
929 878 981 907 tali
1018 877 1109 906 modo
1149 876 1231 915 quod
1266 885 1327 904 non

424 933 564 961 obstante
588 939 768 969 quacunque
793 927 1015 957 consuetudine
1040 925 1179 955 nacionis
1205 925 1242 953 ad
1266 924 1327 953 offl-

423 981 500 1010 cium
520 979 657 1008 nacionis
675 983 781 1016 posset
793 976 980 1015 promoveri,
999 982 1029 1004 et
1046 975 1211 1003 dummodo
1226 973 1327 1013 primo

424 1030 454 1058 in
477 1034 704 1068 procuratorem
728 1025 904 1065 eligeretur,
924 1034 941 1052 a
956 1025 1060 1053 franco
1085 1029 1233 1052 consueto
1258 1022 1325 1051 dari

425 1078 603 1117 quitaretur.

465 1127 538 1155 Item
549 1125 663 1163 incepit
671 1124 812 1153 dominus
821 1123 977 1152 ,lohannes
988 1122 1104 1151 Gruter
1112 1121 1169 1149 sub
1181 1120 1329 1159 magistro

435 1175 600 1204 Francisco
611 1175 648 1202 de
664 1173 776 1202 Sancto
788 1171 949 1206 Michaele‚
963 1169 1049 1210 cujus
1060 1171 1153 1199 bursa
1164 1169 1235 1198 VIII
1249 1179 1273 1198 s.

466 1224 538 1253 Item
558 1223 736 1251 licenciatus
753 1221 807 1250 fuit
822 1221 965 1249 dominus
978 1219 1132 1249 Henricus
1149 1219 1186 1247 de
1201 1218 1330 1257 Anghe-

426 1283 480 1302 ren
497 1273 553 1301 sub
569 1271 716 1310 magistro
734 1270 917 1299 Hardewico
933 1270 970 1298 de
989 1268 1116 1303 Zundis,
1133 1267 1219 1306 cujus
1235 1268 1330 1296 bursa

425 1322 480 1350 VII
498 1321 599 1350 solidi.

465 1371 538 1399 Item
570 1370 618 1398 die
656 1369 698 1397 III
734 1368 850 1397 mensis
880 1366 951 1406 Maij
988 1367 1098 1395 ivimus
1136 1367 1173 1395 ad
1207 1365 1328 1394 archam

427 1419 576 1453 nacionis,
609 1418 660 1447 ubi
690 1417 833 1446 dominus
866 1423 1009 1455 receptor
1042 1415 1145 1454 posuit
1181 1416 1327 1454 quasdam

429 1468 609 1507 quitancias‚
623 1474 653 1496 et
665 1466 856 1495 visitavimus
871 1466 1018 1505 quasdam
1034 1465 1139 1494 literas
1155 1464 1328 1493 debitorum

427 1516 576 1546 nacionis.

468 1567 541 1595 Item
573 1571 658 1594 sexta
683 1565 732 1593 die
763 1564 877 1593 mensis
911 1563 1057 1592 antedicti
1082 1562 1328 1602 congregacione

427 1617 503 1644 facta
518 1615 600 1654 apud
618 1614 761 1643 Sanctum
781 1613 966 1642 Maturinum
988 1613 1025 1641 ad
1047 1612 1232 1641 audiendum
1249 1621 1328 1640 com-

426 1671 531 1703 putum
566 1662 736 1701 receptoris
772 1662 919 1690 remansit
955 1662 1071 1690 debens
1100 1661 1221 1690 nacioni
1255 1660 1328 1689 VIII

428 1713 534 1747 libras,
553 1712 592 1740 IX
609 1711 737 1746 solidos,
756 1710 781 1739 V
797 1711 951 1739 denarios.

828 1805 925 1833 1370

480 1878 570 1907 Acta
600 1877 862 1917 procuratorie
892 1876 1062 1916 magistri
1093 1876 1274 1906 ‚Iohannis

762 1926 988 1966 Zynneghen

464 2007 553 2036 Anno
577 2006 700 2035 Domini
725 2006 769 2035 ΜΟ
793 2005 887 2035 CCC⁰
911 2005 1002 2040 LXX,
1030 2012 1115 2034 sexta
1138 2006 1186 2034 die
1214 2005 1330 2034 mensis

426 2057 510 2090 Maii,
532 2057 609 2084 facta
633 2055 878 2094 congregacione
902 2054 1040 2083 nacionis
1061 2054 1233 2094 Anglicane
1255 2054 1331 2083 hora

426 2105 534 2144 prime,
566 2105 603 2133 ad
629 2104 812 2133 audiendum
839 2110 1012 2142 computum
1038 2104 1208 2142 receptoris
1238 2110 1267 2132 et
1293 2105 1331 2132 ad

426 2154 600 2193 eligendum
636 2159 884 2192 procuratorem,
928 2153 1043 2182 electus
1086 2153 1142 2181 suit
1183 2152 1331 2192 magister

426 2203 580 2231 Johannes
594 2202 762 2241 Zynneghe
778 2202 807 2230 in
824 2208 1054 2240 procuratorem
1069 2202 1208 2231 nacionis
1224 2212 1329 2241 supra-

426 2252 516 2280 dicte.
544 2251 577 2279 In
603 2250 688 2289 cujus
715 2251 925 2289 procuratoria
957 2257 1022 2280 acta
1054 2251 1176 2280 suerunt
1206 2261 1240 2280 ea
1272 2261 1330 2290 que

429 2306 609 2339 sequuntur.

467 2349 571 2377 Primo
589 2349 638 2377 die
656 2359 736 2377 nona
751 2348 866 2377 mensis
887 2349 971 2383 Maii,
992 2349 1068 2378 facta
1085 2349 1331 2388 congregacione

428 2398 566 2426 nacionis
589 2398 758 2437 Anglicane
781 2398 861 2436 apud
884 2397 1027 2426 Sanctum
1050 2398 1235 2427 Maturinum
1257 2398 1332 2427 hora

427 2456 623 2485 vesperarum
645 2456 738 2485 super
757 2448 906 2485 quandam
923 2447 1198 2485 congregacionem
1210 2447 1332 2476 faculta-

427 2495 466 2524 tis
498 2495 662 2524 faciendam
693 2505 749 2534 per
782 2495 937 2524 (lominum
969 2502 1130 2530 rectorem,
1164 2497 1331 2525 secundum

430 2545 510 2582 quod
527 2550 590 2572 crat
608 2544 807 2572 deliberatum
826 2554 882 2582 per
900 2544 1039 2582 singulas
1055 2545 1200 2573 naciones
1219 2545 1249 2573 in
1262 2555 1332 2574 con-

429 2593 612 2631 gregacione
634 2593 782 2621 facultatis
806 2593 994 2631 precedenti,
1015 2593 1045 2621 in
1063 2604 1123 2632 qua
1139 2594 1331 2632 propositum

430 2642 483 2669 fuit
503 2652 558 2679 per
575 2642 752 2680 magistrum
766 2642 934 2670 Johannem
953 2642 990 2670 de
1006 2642 1128 2671 Pavone
1149 2644 1186 2671 de
1202 2644 1332 2681 quadam

433 2688 541 2727 injuria
553 2691 627 2718 facta
638 2690 808 2728 suppositis
820 2690 957 2719 nacionis
969 2690 1138 2730 Anglicane
1152 2691 1182 2720 in
1195 2692 1331 2721 examine

431 2737 538 2766 Sancte
560 2738 724 2773 Genovefe,
738 2739 937 2768 deliberatum
948 2739 1124 2768 fuitibidem
1136 2741 1332 2770 concorditer

430 2787 510 2824 quod
527 2788 741 2816 admoneretur
758 2788 899 2817 dominus
912 2795 1013 2817 rector
1026 2789 1062 2816 ad
1081 2789 1247 2818 faciendam
1262 2799 1332 2818 con-

463 2901 482 2922 1.
518 2902 544 2922 ln
574 2902 686 2932 margine
720 2903 845 2933 superiori
872 2911 878 2925 .·
910 2905 971 2926 Acta
1003 2905 1182 2935 p1·0curnturie
1212 2904 1331 2936 magistri

431 2935 558 2958 Weumnri
574 2936 632 2959 then
646 2938 733 2968 Ghoye
745 2938 775 2961 de
791 2939 945 2969 Zutphania.

1365 930 1399 955 10

1367 1173 1400 1199 15

1367 1419 1400 1444 20

1367 1664 1400 1689 25

1367 1914 1401 1940 30

1368 2159 1402 2184 35

1369 2404 1402 2430 40

1370 2651 1403 2676 45

1435 485 1652 524 gregacionem
1669 485 1820 515 facultatis
1837 496 1894 525 per
1904 484 2111 525 juramentum
2129 486 2166 515 ad
2177 486 2343 526 expedien-

1435 534 1507 563 dum
1525 535 1563 562 de
1579 535 1657 564 facto
1673 541 1702 564 et
1718 541 1862 574 requesta
1881 535 2020 564 nacionis
2035 534 2206 575 Anglicane
2224 545 2343 575 propo-

1436 582 1496 611 sito
1515 582 1563 612 vel
1584 584 1744 623 proposita
1761 594 1816 623 per
1833 584 1947 613 dictum
1971 584 2152 623 magistrum
2172 583 2341 614 Johannem

1436 632 1473 660 de
1488 631 1622 661 Pavone.

1477 681 1551 710 Item
1569 681 1770 711 deliberatum
1789 682 1845 712 fuit
1859 682 1973 711 ibidem
1989 683 2026 711 de
2040 683 2170 722 quadam
2185 683 2344 723 supplica-

1436 730 1524 760 cione
1542 731 1619 760 facta
1636 741 1692 770 per
1708 732 1889 771 magistrum
1903 731 2097 770 Radolphum
2119 741 2176 771 pro
2192 732 2344 761 dilacione

1436 780 1627 819 quarundam
1651 781 1814 810 bursarum
1829 790 1887 820 per
1909 780 2011 820 ipsum
2029 781 2202 810 debitarum
2220 780 2342 810 nacioni

1437 829 1625 868 supradicte,
1642 839 1701 868 que
1720 839 1869 859 concessa
1885 830 1942 858 fuit
1958 829 2011 859 tali
2022 829 2204 859 condicione
2220 835 2252 859 ut
2264 829 2344 859 dila-

1437 878 1556 907 cionem
1567 877 1694 907 haberet
1710 885 1804 917 prout
1818 878 1928 918 petivit
1945 888 2047 918 usque
2062 879 2101 908 ad
2118 879 2228 908 festum
2245 879 2344 909 sancti

1437 926 1658 962 Bartholomei,
1675 927 1840 957 dummodo
1858 934 1988 967 poneret
2004 926 2205 967 fidejussores
2222 928 2344 958 nacioni

1438 986 1504 1010 sue,
1534 982 1567 1004 ut
1593 976 1624 1004 in
1650 986 1722 1005 casu
1749 986 1810 1015 quo
1833 977 1900 1016 ipse
1931 987 1993 1006 non
2017 976 2152 1006 solveret
2175 977 2344 1016 predictam

1438 1025 1609 1064 pecuniam,
1628 1023 1828 1064 fidejussores
1841 1026 1888 1055 sui
1904 1035 1960 1065 per
1969 1024 2143 1065 juramenta
2153 1036 2208 1055 sua
2223 1025 2344 1056 nacioni

1438 1074 1652 1103 satisfacerent
1666 1083 1724 1113 pro
1741 1074 1823 1103 dicto
1839 1074 1988 1114 magistro
2004 1074 2123 1104 infesto
2135 1074 2345 1104 Bartholomei

1437 1123 1561 1152 termini
1579 1123 1627 1152 sui
1644 1122 1784 1162 proxime
1800 1123 1973 1152 adventuri.

1479 1172 1554 1201 Item
1572 1171 1774 1201 deliberatum
1793 1171 1850 1201 fuit
1864 1171 1978 1201 ibidem
1997 1173 2193 1202 concorditer
2212 1179 2245 1202 ut
2257 1173 2346 1203 nacio

1439 1222 1568 1250 intraret
1583 1222 1739 1250 tabernam
1758 1231 1853 1260 supra
1871 1231 1934 1251 uno
1951 1222 2069 1256 franco,
2088 1231 2179 1260 quem
2196 1222 2347 1261 persolvit

1438 1270 1587 1310 magister
1606 1270 1788 1309 Radolphus
1809 1271 1846 1299 de
1867 1270 1992 1299 Lubech
2013 1280 2072 1310 pro
2090 1270 2218 1300 introitu
2237 1281 2294 1300 suo
2313 1270 2346 1301 in

1439 1319 1568 1358 primam
1587 1319 1871 1359 congregationem.

1480 1369 1554 1398 Item
1569 1368 1684 1407 incepit
1699 1368 1842 1397 dominus
1855 1368 1974 1398 Franco
1987 1369 2025 1397 de
2036 1368 2162 1408 Leydis,

1439 1416 1525 1456 cujus
1548 1418 1642 1446 bursa
1662 1417 1719 1446 VII
1738 1417 1841 1446 solidi.
1859 1416 1968 1447 Solvit.
1990 1417 2030 1446 Et
2049 1417 2166 1456 incepit
2205 1435 2345 1466 waltero

1439 1467 1496 1496 sub
1514 1467 1663 1506 magistro
2257 1485 2295 1515 de

1479 1516 1554 1545 Item
1576 1515 1692 1555 incepit
1713 1515 1856 1545 dominus
1880 1515 2060 1544 Gherardus
2085 1515 2165 1544 Ker-
2226 1534 2319 1565 Dee„-

1438 1564 1547 1603 stancij
1566 1565 1604 1594 de
1622 1565 1749 1604 Leydis,
1771 1563 1858 1604 cujus
1877 1565 1972 1594 burse
1987 1564 2044 1594 VII
2055 1564 2147 1594 solidi
2154 1575 2162 1599 ;
2317 1558 2324 1564 “

1438 1613 1543 1653 posuit
1564 1613 1706 1653 pignora,
1733 1619 1763 1642 et
1791 1612 1907 1653 incepit
1930 1613 1987 1642 sub
2014 1612 2165 1652 magistro

1478 1663 1553 1691 Item
1585 1663 1634 1691 13⁸
1660 1662 1710 1691 die
1743 1661 1860 1691 mensis
1892 1661 1965 1691 Maii
1997 1661 2075 1690 facta
2100 1659 2347 1700 congregacione

1438 1711 1577 1740 nacionis
1589 1711 1670 1750 apud
1685 1710 1830 1739 Sanctum
1845 1710 2033 1739 Maturinum
2044 1710 2080 1739 ad
2097 1708 2345 1749 supplicandum,

1439 1760 1626 1799 supplicavit
1651 1759 1765 1788 ibidem
1792 1759 1935 1788 dominus
1968 1758 2134 1788 Eremarus
2165 1757 2260 1787 Vicke
2287 1767 2347 1798 pro

1439 1809 1591 1838 dilacione
1610 1810 1774 1838 bursarum
1795 1809 1834 1837 ad
1849 1818 1904 1837 sex
1925 1808 2123 1847 septimanas,
2146 1805 2233 1846 cujus
2253 1807 2347 1836 burse

1438 1858 1510 1887 VIII
1528 1858 1630 1888 solidi.
1651 1857 1762 1887 Posuit
1777 1857 1920 1897 pignora.

1480 1908 1555 1937 Item
1575 1907 1606 1936 in
1622 1908 1727 1936 eadem
1744 1906 1991 1946 congregacione
2009 1905 2197 1947 supplicavit
2211 1903 2350 1935 Wilhel-

1439 1967 1507 1986 mus
1534 1955 1705 1985 Franconis
1730 1956 1767 1984 de
1789 1955 1903 1995 Leydis
1930 1965 1986 1994 pro
2009 1954 2159 1984 dilacione
2183 1955 2351 1984 bursarum

1440 2009 1564 2035 suarum
1582 2006 1619 2034 ad
1637 2006 1655 2034 3
1672 2007 1808 2039 menses,
1827 2003 1915 2043 cujus
1928 2005 2022 2033 burse
2035 2005 2055 2033 8
2068 2003 2125 2033 sol.

1480 2055 1554 2084 Item
1572 2054 1672 2084 XVIII
1691 2054 1740 2083 die
1759 2053 1875 2083 mensis
1895 2053 1991 2093 Magii
2008 2053 2085 2082 facta
2102 2051 2348 2092 congregacione

1439 2104 1579 2134 nacionis
1607 2103 1745 2143 generali
1774 2103 1855 2142 apud
1883 2102 2027 2131 Sanctum
2058 2101 2244 2131 Maturinum
2272 2101 2350 2130 hora

1438 2163 1638 2192 vesperarum
1665 2162 1759 2191 super
1782 2152 1882 2181 tribus
1903 2151 2053 2186 articulis,
2078 2160 2208 2189 quorum
2227 2150 2348 2189 primus

1441 2203 1496 2232 fuit
1511 2212 1605 2241 super
1623 2202 1701 2230 facto
1726 2201 1865 2230 nacionis
1884 2201 1922 2229 de
1941 2199 2054 2240 injuria
2071 2199 2170 2229 eidem
2189 2199 2272 2228 illata
2291 2209 2349 2239 per

1439 2252 1599 2281 nacionem
1619 2250 1747 2280 Francie
1757 2261 1765 2285 ;
1786 2250 1941 2279 secundus
1959 2249 2107 2278 articulus
2125 2248 2181 2278 suit
2194 2249 2232 2277 de
2249 2248 2349 2288 magi-

1441 2307 1506 2330 stro
1526 2299 1701 2339 Radolpho,
1723 2299 1776 2338 qui
1796 2305 1959 2338 postquam
1981 2298 2041 2327 sibi
2062 2296 2231 2337 injunctum
2251 2297 2351 2327 fuerat

1440 2360 1497 2389 per
1507 2349 1667 2378 nacionem
1679 2349 1710 2377 in
1720 2347 1966 2388 congregacione
1980 2346 2116 2387 generali
2130 2346 2269 2375 nacionis
2278 2355 2348 2385 pre-

1440 2398 1572 2433 cedenti,
1598 2404 1631 2427 ut
1655 2397 1823 2426 secundum
1847 2397 1930 2435 quod
1952 2395 2072 2436 petivit,
2094 2395 2177 2435 quod
2197 2394 2348 2424 terminus

1441 2447 1501 2476 sibi
1512 2448 1637 2476 daretur
1650 2456 1748 2485 usque
1764 2446 1873 2475 festum
1890 2444 2097 2474 Bartholomei
2112 2444 2150 2473 de
2163 2443 2348 2483 quibusdam

1440 2496 1545 2526 bursis
1567 2505 1623 2535 per
1641 2495 1743 2534 ipsum
1763 2505 1801 2524 ex
1817 2500 1905 2533 parte
1923 2493 1971 2523 sui
1990 2493 2092 2532 ipsius
2111 2492 2210 2522 eidem
2226 2492 2348 2522 nacioni
2395 2512 2398 2515 ι

1441 2545 1603 2580 debendis,
1613 2544 1696 2583 quod
1706 2543 1766 2573 sibi
1777 2553 1958 2572 concessum
1968 2542 2033 2576 fuit,
2044 2542 2208 2571 dummodo
2218 2547 2349 2580 poneret

1440 2593 1641 2633 fidejussores
1657 2593 1831 2632 fidedignos
1848 2601 1906 2631 pro
1925 2601 1973 2626 eo,
1991 2590 2044 2631 qui
2062 2601 2095 2620 se
2114 2600 2171 2630 per
2193 2600 2247 2619 sua
2260 2589 2350 2630 jura-

1442 2649 1543 2672 menta
1558 2642 1796 2681 restringerent,
1814 2647 1848 2670 ut
1867 2641 1898 2669 in
1913 2650 1985 2669 casu
2004 2650 2065 2679 quo
2084 2639 2185 2668 dictus
2200 2639 2350 2678 magister

1442 2691 1623 2730 Radolphus
1639 2689 1701 2729 jam
1723 2690 1835 2719 dictam
1857 2689 2017 2728 pecuniam
2039 2698 2102 2718 non
2128 2688 2274 2723 solveret,
2301 2687 2349 2716 sui

1441 2739 1641 2779 fidejussores
1670 2749 1728 2778 pro
1758 2748 1794 2768 eo
1820 2738 1851 2767 in
1879 2739 1986 2767 eodem
2013 2737 2144 2766 termino
2174 2736 2234 2765 sibi
2265 2737 2348 2771 dato,

1441 2789 1585 2819 videlicet
1601 2790 1678 2818 festo
1697 2788 1794 2817 sancti
1806 2787 2026 2822 Bartholomei,
2039 2796 2096 2825 per
2111 2796 2166 2815 sua
2176 2785 2353 2826 juramenta

2621 3169 2632 3196 μ’,
2626 3131 2632 3165 ...a
2618 3012 2632 3128 xlm-‘flauum-
