2632 3464
709 497 803 527 1381

331 567 404 608 (Vol.
437 568 486 607 32)
516 569 608 599 Acta
635 575 721 599 sunt
749 569 814 598 hec
842 568 878 598 in
909 568 1170 608 procuratoria

411 618 580 657 magistri
605 617 787 648 Johannis
816 617 1018 648 Bersword
1047 617 1089 646 de

645 666 856 696 Tremonia.

340 742 414 772 Item
425 753 506 772 anno
518 743 642 772 Domini
656 742 700 772 M⁰
714 742 808 772 CCC⁰
820 742 969 778 LXXXP,
987 743 1064 772 sacta
1077 753 1205 782 congre-

298 791 427 831 gacione
451 792 591 822 nacionis
612 791 783 832 Anglicane
802 792 883 831 apud
907 791 1050 821 Sanctum
1075 791 1206 821 Maturi-

299 850 371 870 num
386 841 480 870 tercia
501 840 551 870 die
568 840 684 870 mensis
703 840 786 870 Junii
808 841 846 870 ad
864 841 1040 880 eligendum
1058 850 1205 880 procura-

298 895 408 924 torem,
431 889 547 919 electus
570 890 625 919 suit
649 891 680 919 in
702 895 934 929 procuratorem
958 890 1039 919 dicte
1066 890 1205 919 nacionis

299 938 447 978 magister
483 938 639 968 Johannes
682 938 852 968 Bersword
890 939 928 968 de
967 938 1132 968 Tremonia
1167 940 1204 968 ab

298 988 441 1017 omnibus
457 987 614 1028 magistris
629 993 700 1017 tunc
718 988 928 1027 presentibus.

338 1035 412 1065 Item
430 1037 462 1065 in
479 1037 583 1066 eadem
594 1037 842 1076 congregacione
858 1037 1046 1077 computavit
1062 1037 1204 1067 dominus

298 1091 451 1125 receptor,
465 1091 496 1114 et
514 1092 677 1126 computus
698 1085 748 1114 ille
767 1086 805 1115 ab
820 1086 963 1116 omnibus
981 1093 1124 1126 receptus
1140 1093 1205 1116 erat

297 1140 327 1163 et
341 1135 542 1174 approbatus.

339 1183 412 1213 ltem
451 1183 482 1212 in
524 1184 629 1213 eadem
668 1184 914 1224 congregacione
952 1184 1204 1224 supplicaverunt

296 1232 423 1267 bodelli,
442 1233 525 1272 quod
544 1243 611 1262 cum
633 1233 837 1263 emolumenta
859 1243 965 1262 eorum
984 1240 1112 1273 propter
1131 1244 1204 1274 pau-

296 1281 417 1311 citatem
429 1281 661 1321 suppositorum
671 1281 810 1311 nacionis
819 1292 912 1321 parva
922 1289 952 1312 et
963 1283 1064 1312 tenuia
1073 1283 1202 1318 fuerant,

297 1330 443 1370 quatinus
471 1330 560 1360 nacio
588 1330 634 1360 eis
663 1331 804 1371 graciose
831 1331 1013 1372 dignaretur
1038 1332 1203 1362 subvenire

298 1379 377 1409 ultra
392 1390 427 1410 ea
443 1390 503 1420 que
521 1380 558 1409 de
574 1379 679 1419 rigore
695 1386 923 1410 consueverunt
937 1380 1059 1410 habere.
1082 1381 1120 1411 Et
1132 1391 1203 1421 pro-

297 1434 369 1458 tunc
390 1429 478 1458 nacio
496 1429 700 1458 considerans
722 1439 851 1469 magnos
868 1429 992 1459 labores
1010 1430 1202 1460 bodellorum

297 1484 328 1507 et
349 1487 475 1518 parvum
498 1477 632 1513 lucrum,
657 1478 764 1508 annuit
781 1478 1064 1518 supplicacionibus
1084 1489 1201 1514 eorum,

296 1524 343 1554 eis
357 1525 435 1554 dans
448 1535 524 1564 pure
537 1524 679 1564 graciose
686 1524 743 1554 Xll
758 1525 881 1555 francos
893 1525 938 1555 eis
950 1527 1156 1556 numerandos
1165 1527 1203 1556 de

297 1573 438 1613 pecunia,
452 1583 542 1613 quam
563 1573 759 1603 Universitas
774 1574 855 1603 dicte
875 1575 996 1604 nacioni
1014 1581 1143 1605 tenetur.
1164 1575 1203 1605 Et

296 1621 426 1652 istorum
436 1622 494 1652 xll
506 1623 680 1652 francorum
693 1629 763 1652 octo
774 1623 898 1653 habebit
907 1634 1036 1663 magnus
1048 1624 1201 1660 bodellus,

297 1671 498 1701 subbodellus
511 1681 585 1701 vero
602 1671 674 1702 1111.
688 1671 752 1701 Hec
767 1679 866 1702 autem
879 1683 955 1712 pure
970 1674 1112 1713 graciose
1126 1675 1203 1704 sacta

297 1726 378 1754 sunt.
390 1720 499 1750 volens
512 1720 600 1750 nacio
611 1721 695 1761 quod
707 1721 789 1751 istud
803 1722 840 1751 ad
854 1723 1110 1762 consequenciam
1123 1723 1202 1753 trahi

296 1779 357 1799 non
375 1770 495 1799 debeat.

337 1818 411 1848 ltem
438 1819 515 1848 facta
539 1819 598 1848 ista
621 1819 868 1860 congregacione
897 1820 1037 1860 magistri
1062 1821 1201 1851 nacionis

296 1867 488 1897 intraverunt
507 1868 680 1903 tabernam.
707 1869 759 1898 ubi
781 1868 883 1898 dictus
904 1876 1088 1909 procurator
1110 1871 1203 1900 solvit

295 1917 431 1946 francum
453 1926 512 1957 pro
529 1915 667 1956 jocundo
691 1917 830 1953 introitu.
856 1924 887 1948 et
910 1918 964 1948 XX
985 1919 1102 1948 solidos
1122 1930 1201 1959 quos

296 1971 439 2006 receptor
458 1965 582 1995 nomine
602 1966 743 1996 nacionis
769 1967 828 1996 sibi
851 1967 924 1996 dare
948 1968 1054 1997 debuit
1078 1969 1201 1998 racione

294 2014 508 2054 procuratorie
520 2017 586 2055 'per
605 2015 798 2050 vacaciones,
820 2022 951 2056 protunc
967 2027 1042 2056 pure
1059 2018 1200 2058 graciose

295 2069 325 2093 et
341 2063 521 2099 liberaliter,
543 2063 626 2094 nulla
648 2064 697 2094 via
713 2064 794 2104 juris
816 2066 972 2100 astrictus,
990 2076 1082 2096 causa
1099 2067 1201 2096 socie-

294 2113 365 2143 tatis
378 2113 470 2142 dictis
481 2113 638 2153 magistris
649 2113 679 2142 in
693 2113 866 2143 subsidium
880 2114 1003 2154 prandii
1019 2115 1198 2155 impartivit.

287 2166 290 2167 ’
335 2161 409 2192 Item
423 2161 602 2192 licenciatus
619 2168 666 2192 est
681 2162 824 2192 dominus
841 2163 994 2193 Hem-icus
1006 2164 1130 2194 Crowel
1143 2166 1200 2195 sub

294 2211 442 2252 magistro
457 2210 594 2241 Jordano
611 2211 649 2240 de
668 2211 778 2247 Clivis,
795 2210 882 2251 cujus
897 2213 991 2242 bursa
1007 2213 1033 2242 V
1048 2213 1151 2243 solidi.

335 2259 409 2290 ltem
450 2259 630 2290 licenciatus
668 2266 716 2290 est
759 2261 902 2291 dominus
947 2261 1124 2301 Nycholaus
1162 2264 1200 2293 de

294 2307 518 2348 Monychedam
543 2310 601 2339 sub
630 2309 780 2350 magistro
805 2309 897 2339 Petro
921 2311 959 2340 de
985 2311 1198 2348 Amsterda1n‚

293 2356 381 2398 cujus
395 2359 488 2388 bursa
505 2358 564 2388 llll
581 2358 684 2388 solidi.

335 2406 409 2437 Item
431 2406 611 2437 licenciatus
632 2407 687 2437 suit
711 2408 854 2437 dominus
872 2407 1021 2439 Hinricus
1045 2410 1082 2439 de
1108 2410 1200 2440 Mun-

293 2455 446 2485 derkense
471 2456 529 2486 sub
546 2457 695 2497 magistro
717 2456 867 2487 Nicholao
893 2458 930 2487 de
956 2457 1198 2495 Wademonte‘,

292 2502 380 2544 cujus
395 2505 489 2535 bursa
499 2505 606 2541 nichil,
622 2505 693 2545 quia
703 2504 820 2545 juravit
833 2512 978 2536 statutum
997 2509 1198 2547 paupertatis,

293 2558 323 2583 et
337 2551 453 2593 juravit
472 2553 593 2584 solvere
613 2554 640 2583 si
663 2564 730 2584 eum
755 2555 914 2595 contingat
934 2556 971 2585 ad
993 2556 1197 2597 pingwiorem

293 2602 444 2632 fortunam
457 2603 592 2632 evenire.

334 2650 408 2681 ltem
437 2652 514 2681 sacta
544 2652 791 2692 congregacione
823 2653 961 2683 nacionis
989 2653 1117 2684 xxvn·
1149 2655 1198 2685 die

293 2699 408 2730 mensis
421 2699 504 2730 Junii
519 2701 600 2741 apud
617 2701 760 2731 Sanctum
777 2701 963 2732 Maturinum
979 2703 1156 2743 regencium
1169 2711 1199 2734 et

293 2757 353 2778 non
365 2749 543 2788 regensium
554 2759 610 2789 per
614 2749 833 2790 juramentum.
847 2751 1032 2791 supplicavit
1044 2752 1198 2783 discretus

291 2797 340 2826 vir
355 2797 502 2838 magister
516 2798 674 2829 Johannes
690 2800 728 2829 de
748 2799 923 2840 Maguncia.
941 2807 1072 2840 protunc
1096 2808 1199 2832 rector

324 2908 346 2932 Ι.
380 2909 438 2932 me.
452 2909 584 2933 franciae*

323 2944 347 2968 2.
379 2944 409 2967 2³
419 2943 536 2968 lunii-to
550 2945 674 2969 Odobrh.

370 2989 484 3009 Annum·
499 2988 623 3010 chan-larii
633 2989 721 3011 lle-iun.
732 2991 796 3011 Pario*
808 2990 850 3012 -l

812 421 924 447 LIBER
946 419 1259 447 PROCURATORUM
1280 420 1460 446 NATIONIS
1479 422 1724 448 ANGLICANAH

1261 697 1277 723 5

1244 942 1276 968 10

1243 1187 1276 1213 15

1241 1433 1275 1458 20

1240 1679 1274 1705 25

1239 1925 1273 1951 30

1238 2169 1272 2195 35

1237 2413 1271 2440 40

1237 2659 1270 2685 45

2173 426 2225 451 610

1316 496 1534 526 Universitatis
1555 498 1779 533 Pa1-isiensis2‚
1798 500 1941 538 quatinus
1959 501 2047 529 nat-io
2068 501 2126 530 sibi
2149 503 2224 530 sub-

1314 546 1420 574 venire
1451 546 1542 576 vellet
1572 547 1602 575 in
1634 547 1734 587 aliqua
1767 555 1849 577 certa
1879 550 2045 588 quantitate
2078 552 2221 589 pecunie,

1315 595 1459 624 donando
1476 596 1524 624 vel
1544 597 1721 630 mutuando,
1740 607 1796 636 pro
1817 598 1963 627 oneribus
1982 599 2112 628 rectorie
2129 601 2223 629 susti-

1315 645 1426 678 nende,
1450 645 1595 684 precipue
1619 645 1676 674 hoc
1698 652 1814 675 attento
1834 648 1916 685 quod
1936 658 1996 676 non
2018 648 2092 676 alias
2109 649 2222 678 dictum

1315 693 1446 722 officium
1466 700 1668 733 acceptasset,
1692 695 1751 724 nisi
1773 696 1900 725 firmiter
1919 697 1957 725 de
1980 697 2061 725 bono
2084 698 2223 727 subsidio

1314 742 1454 771 nacionis
1469 743 1615 778 confisus,
1630 744 1716 773 sicud
1729 745 1823 773 eciam
1835 745 1922 773 nacio
1938 745 1968 773 in
1982 746 2134 785 principio
2146 747 2223 776 elec-

1314 791 1408 820 tionis
1423 802 1476 821 sue
1490 792 1518 821 ei
1532 800 1739 823 concesserat.
1760 793 1797 822 Et
1808 800 1938 833 protunc
1959 804 2065 823 omnes
2084 796 2222 834 magistri

1315 841 1511 870 concorditer
1530 842 1556 871 ei
1577 841 1632 870 XV
1651 842 1772 871 francos
1802 849 2029 877 mutuaverunt,
2056 845 2222 874 tradendos

1314 899 1372 928 per
1393 897 1596 930 receptorem,
1623 901 1701 930 quos
1724 897 1824 920 tamen
1850 892 1971 921 francos
1996 893 2096 922 dictus
2123 901 2223 923 rector

1314 939 1436 968 solvere
1449 939 1592 978 promisit
1605 950 1660 979 per
1677 940 1734 969 llll
1749 940 1816 970 dies
1832 941 1879 970 vel
1897 941 1922 969 V
1933 948 2001 970 ante
2015 942 2123 971 festum
2142 943 2222 972 Ead-

1314 988 1419 1017 mundi
1431 989 1527 1028 regis,
1547 995 1605 1018 etc.

1355 1037 1430 1066 Item
1447 1037 1563 1077 incepit
1578 1038 1720 1067 dominus
1740 1038 1887 1068 Hinricus
1905 1039 2028 1069 Crowel
2049 1042 2106 1069 sub
2125 1042 2221 1080 magi-

1314 1092 1380 1115 stro
1396 1087 1490 1116 Petro
1506 1087 1543 1116 de
1559 1087 1784 1122 Aemsterdam,
1803 1087 1890 1127 cujus
1907 1089 2000 1118 bursa
2016 1089 2041 1117 V
2057 1090 2159 1120 solidi.

1355 1135 1430 1164 Item
1457 1135 1571 1175 incepit
1593 1136 1735 1165 dominus
1757 1137 1911 1176 Nycolaus
1939 1139 1976 1166 de
2000 1138 2220 1178 Monyvhcdain

1314 1185 1372 1214 sub
1398 1185 1546 1224 magistro
1573 1185 1665 1214 Petro
1697 1186 1734 1215 de
1761 1185 1985 1222 Aemsterdam,
2012 1187 2097 1227 cujus
2126 1189 2218 1218 bursa

1314 1233 1339 1263 V
1355 1233 1458 1263 solidi.

1354 1282 1429 1312 Item
1442 1283 1558 1322 incepit
1572 1284 1714 1313 dominus
1729 1284 1885 1314 Johannes
1901 1286 1938 1314 de
1958 1285 2146 1315 Monasterio
2162 1288 2219 1316 suh

1314 1332 1462 1371 magistro
1475 1332 1620 1362 Conrado
1633 1334 1670 1362 de
1690 1333 1859 1373 Haganoia,
1877 1333 1963 1373 cujus
1979 1335 2094 1373 [bursa]
2114 1336 2171 1365 llll
2192 1346 2218 1365 s.

1354 1381 1428 1410 Item
1458 1381 1573 1420 incepit
1604 1382 1748 1411 dominus
1774 1382 1908 1412 Thomas
1939 1384 1976 1412 de
2007 1384 2134 1413 Foresta
2163 1387 2220 1414 sul)

1313 1430 1461 1470 magistro
1473 1430 1612 1460 Gerardo
1628 1431 1666 1460 de
1680 1431 1799 1466 Calcar,
1815 1431 1901 1471 cujus
1917 1434 2011 1462 bursa
2027 1433 2097 1462 Vlll
2115 1434 2217 1463 solidi,

1354 1479 1428 1508 Item
1446 1479 1561 1519 incepit
1573 1480 1716 1510 dominus
1729 1480 1875 1510 Hinricus
1887 1482 1924 1511 de
1941 1482 2146 1511 Muderkense
2163 1485 2220 1512 sul»

1313 1528 1461 1567 magistro
1486 1529 1621 1558 Henrico
1651 1530 1767 1564 Cicoti,
1792 1531 1939 1570 magistro
1963 1532 2101 1561 nacionis
2123 1532 2220 1561 Galli-

1312 1587 1398 1612 cane,
1416 1577 1502 1617 cujus
1523 1579 1615 1608 bursa
1636 1578 1741 1613 nichil,
1757 1579 1827 1618 quia
1841 1578 1956 1619 juravit
1974 1586 2117 1610 statutum
2143 1592 2218 1620 pau-

1311 1627 1440 1666 pertatis
1458 1627 1487 1656 in
1507 1627 1596 1666 plena
1611 1628 1857 1668 congregacione
1876 1629 2025 1659 nacionis.

1353 1675 1427 1705 Item
1450 1676 1480 1704 in
1502 1677 1716 1716 procuratoria
1739 1687 1804 1707 mea
1827 1678 1987 1707 solverunt
2008 1689 2064 1717 pro
2082 1678 2218 1718 jocundo

1312 1724 1438 1754 introitu
1453 1725 1600 1764 magister
1613 1725 1766 1756 Henricus
1778 1726 1902 1756 Crowel
1917 1728 2062 1762 francum,
2074 1729 2219 1768 magister

1310 1773 1467 1803 Johannes
1482 1775 1519 1803 de
1532 1774 1722 1804 Monasterio
1739 1776 1884 1811 francum,
1899 1776 2046 1816 magister
2062 1777 2218 1807 Arnoldus

1311 1823 1348 1852 de
1364 1823 1472 1852 Xantis
1489 1824 1636 1853 francum.

1718 1917 1813 1947 1381

1312 1989 1384 2027 (ΜΛ.
1404 1987 1480 2028 32¹²)
1506 1988 1589 2018 Acta
1621 1989 1764 2019 suerunt
1796 1990 1859 2019 hec
1889 1990 1923 2019 in
1958 1992 2216 2030 procuratoria

1378 2037 1547 2077 magistri
1580 2037 1775 2067 Michaelis
1807 2040 1849 2068 de
1882 2039 2147 2069 Francvordia.

1353 2117 1426 2147 ltem
1439 2128 1519 2146 anno
1532 2118 1654 2147 Domini
1669 2118 1713 2147 M⁰
1729 2119 1824 2149 CCC⁰
1840 2119 1987 2153 LXXXP,
1999 2120 2072 2148 sacta
2089 2130 2216 2159 congre-

1309 2167 1438 2206 gacione
1450 2167 1587 2196 nacionis
1598 2167 1769 2207 Anglicane
1780 2169 1859 2207 apud
1873 2168 2015 2197 Sanctum
2032 2169 2215 2198 Maturinum

1309 2215 1436 2245 XXV11=
1455 2216 1505 2245 die
1527 2216 1642 2245 mensis
1659 2217 1791 2256 Augusti
1815 2218 1851 2245 ad
1871 2217 2044 2256 eligendum
2069 2228 2216 2256 procura-

1310 2271 1418 2299 torem,
1445 2264 1560 2294 electus
1586 2265 1640 2295 suit
1665 2265 1695 2294 in
1718 2273 1949 2305 procuratorem
1976 2266 2055 2295 dicte
2078 2267 2216 2296 nacionis

1309 2313 1457 2353 magister
1474 2314 1605 2343 Michael
1621 2314 1659 2343 de
1679 2314 1885 2344 Francvordia
1906 2316 1944 2344 ab
1962 2316 2103 2344 omnibus
2118 2316 2216 2355 inagi-

1309 2363 1383 2392 stris
1398 2369 1470 2392 tunc
1486 2363 1694 2402 presentibus.
1715 2364 1788 2393 ltem
1805 2364 1835 2392 in
1850 2365 1954 2392 eadem
1971 2365 2215 2403 congregacione

1309 2411 1421 2441 dilatus
1437 2411 1491 2441 suit
1515 2419 1678 2452 computus
1697 2413 1812 2441 domini
1830 2414 2001 2452 receptoris
2016 2414 2053 2442 ab
2073 2414 2215 2443 omnibus

1309 2461 1465 2501 magistris
1483 2467 1554 2490 tunc
1577 2462 1786 2500 presentibus.
1810 2462 1882 2491 ltern
1904 2463 1979 2491 sacta
2003 2462 2060 2491 ista
2082 2472 2214 2501 congre-

1308 2510 1437 2550 gacione
1452 2510 1590 2549 magistri
1607 2510 1744 2539 nacionis
1766 2511 1956 2540 intraverunt
1974 2512 2139 2545 tabernam,
2162 2512 2213 2540 ubi

1308 2558 1409 2588 dictus
1429 2565 1612 2598 procurator
1631 2559 1724 2588 solvit
1746 2570 1837 2589 unum
1854 2560 1988 2588 francum
2007 2570 2062 2598 pro
2077 2559 2214 2599 jocundo

1308 2618 1364 2637 suo
1385 2607 1522 2637 introitu.
1545 2607 1618 2637 ltem
1635 2608 1664 2637 in
1685 2609 1790 2637 eadem
1808 2609 2052 2647 congregacione
2069 2608 2215 2647 magister

1308 2656 1464 2686 Robertus
1497 2657 1640 2696 Kardeny
1652 2656 1664 2675 ³
1694 2657 1805 2686 Scotus
1835 2658 1924 2686 solvit
1955 2668 2045 2686 unum
2079 2659 2212 2687 francum

1309 2715 1365 2745 pro
1383 2704 1520 2746 jocundo
1545 2706 1683 2740 introitu,
1717 2716 1805 2745 quein
1839 2706 1975 2745 magistri
2009 2717 2075 2735 cuin
2109 2707 2213 2736 franco

1307 2755 1519 2794 procuratoris
1535 2755 1622 2784 electi
1638 2755 1667 2783 in
1682 2756 1785 2783 eaden·
1802 2756 1926 2784 taberna
1943 2762 2210 2795 consumpserunt.

1348 2802 1423 2833 ltem
1448 2804 1695 2843 congregacione
1714 2805 1789 2833 sacta
1811 2805 1890 2843 apud
1917 2804 2059 2833 Sanctum
2083 2804 2212 2834 Maturi-

1338 2914 1361 2938 3.
1395 2915 1442 2938 Me.
1459 2914 1563 2938 Leninc.
