<?xml version="1.0" encoding="UTF-8"?>
<!DOCTYPE html PUBLIC "-//W3C//DTD XHTML 1.0 Transitional//EN"
    "http://www.w3.org/TR/xhtml1/DTD/xhtml1-transitional.dtd">
<html xmlns="http://www.w3.org/1999/xhtml" xml:lang="en" lang="en">
 <head>
  <title>
</title>
<meta http-equiv="Content-Type" content="text/html;charset=utf-8" />
  <meta name='ocr-system' content='tesseract 3.04.00' />
  <meta name='ocr-capabilities' content='ocr_page ocr_carea ocr_par ocr_line ocrx_word'/>
</head>
<body>
  <div class='ocr_page' id='page_1' title='image "auctariumchartul01univuoft_0385.png"; bbox 0 0 2632 3464; ppageno 0'>
   <div class='ocr_carea' id='block_1_1' title="bbox 269 447 322 474">
    <p class='ocr_par' dir='ltr' id='par_1_1' title="bbox 269 447 322 474">
     <span class='ocr_line' id='line_1_1' title="bbox 269 447 322 474; baseline 0 0"><span class='ocrx_word' id='word_1_1' title='bbox 269 447 322 474; x_wconf 77' lang='lat'><strong>593</strong></span> 
     </span>
    </p>
   </div>
   <div class='ocr_carea' id='block_1_2' title="bbox 267 519 1178 2957">
    <p class='ocr_par' dir='ltr' id='par_1_2' title="bbox 267 519 1178 1724">
     <span class='ocr_line' id='line_1_2' title="bbox 268 519 1176 563; baseline -0.006 -10"><span class='ocrx_word' id='word_1_2' title='bbox 268 522 370 554; x_wconf 88' lang='lat' dir='ltr'><strong>riuum</strong></span> <span class='ocrx_word' id='word_1_3' title='bbox 383 533 478 563; x_wconf 90' lang='lat' dir='ltr'><strong>super</strong></span> <span class='ocrx_word' id='word_1_4' title='bbox 492 522 716 553; x_wconf 84' lang='lat' dir='ltr'><strong>distribucione</strong></span> <span class='ocrx_word' id='word_1_5' title='bbox 731 522 884 552; x_wconf 84' lang='lat' dir='ltr'><strong>scolarum</strong></span> <span class='ocrx_word' id='word_1_6' title='bbox 898 527 928 550; x_wconf 85' lang='lat' dir='ltr'><strong>et</strong></span> <span class='ocrx_word' id='word_1_7' title='bbox 943 530 1039 560; x_wconf 84' lang='lat' dir='ltr'><strong>super</strong></span> <span class='ocrx_word' id='word_1_8' title='bbox 1053 519 1176 560; x_wconf 88' lang='lat' dir='ltr'><strong>suppli-</strong></span> 
     </span>
     <span class='ocr_line' id='line_1_3' title="bbox 268 569 1175 612; baseline -0.006 -10"><span class='ocrx_word' id='word_1_9' title='bbox 268 571 446 603; x_wconf 75' lang='lat' dir='ltr'><strong>cacionibus</strong></span> <span class='ocrx_word' id='word_1_10' title='bbox 462 578 492 602; x_wconf 89' lang='lat' dir='ltr'><strong>et</strong></span> <span class='ocrx_word' id='word_1_11' title='bbox 509 571 642 612; x_wconf 83' lang='lat' dir='ltr'><strong>injuriis,</strong></span> <span class='ocrx_word' id='word_1_12' title='bbox 660 578 691 602; x_wconf 91' lang='lat' dir='ltr'><strong>et</strong></span> <span class='ocrx_word' id='word_1_13' title='bbox 706 570 893 612; x_wconf 76' lang='lat' dir='ltr'>supplicavit</span> <span class='ocrx_word' id='word_1_14' title='bbox 906 570 1055 610; x_wconf 88' lang='lat' dir='ltr'><strong>magister</strong></span> <span class='ocrx_word' id='word_1_15' title='bbox 1068 569 1175 598; x_wconf 82' lang='lat' dir='ltr'><strong>Jorda-</strong></span> 
     </span>
     <span class='ocr_line' id='line_1_4' title="bbox 269 619 1174 661; baseline -0.004 -10"><span class='ocrx_word' id='word_1_16' title='bbox 269 630 328 652; x_wconf 84' lang='lat' dir='ltr'><strong>nus</strong></span> <span class='ocrx_word' id='word_1_17' title='bbox 341 621 379 650; x_wconf 87' lang='lat' dir='ltr'><strong>de</strong></span> <span class='ocrx_word' id='word_1_18' title='bbox 394 620 493 650; x_wconf 90' lang='lat' dir='ltr'><strong>Clivis</strong></span> <span class='ocrx_word' id='word_1_19' title='bbox 505 631 564 661; x_wconf 89' lang='lat' dir='ltr'><strong>pro</strong></span> <span class='ocrx_word' id='word_1_20' title='bbox 579 620 675 650; x_wconf 90' lang='lat' dir='ltr'><strong>scolis</strong></span> <span class='ocrx_word' id='word_1_21' title='bbox 690 619 831 650; x_wconf 81' lang='lat' dir='ltr'><strong>nacionis</strong></span> <span class='ocrx_word' id='word_1_22' title='bbox 842 619 931 649; x_wconf 87' lang='lat' dir='ltr'><strong>novis</strong></span> <span class='ocrx_word' id='word_1_23' title='bbox 945 629 1040 658; x_wconf 85' lang='lat' dir='ltr'><strong>super</strong></span> <span class='ocrx_word' id='word_1_24' title='bbox 1050 625 1174 652; x_wconf 85' lang='lat' dir='ltr'><strong>terram,</strong></span> 
     </span>
     <span class='ocr_line' id='line_1_5' title="bbox 269 667 1176 710; baseline -0.003 -11"><span class='ocrx_word' id='word_1_25' title='bbox 269 669 301 699; x_wconf 88' lang='lat' dir='ltr'><strong>in</strong></span> <span class='ocrx_word' id='word_1_26' title='bbox 314 669 428 709; x_wconf 86' lang='lat' dir='ltr'><strong>quibus</strong></span> <span class='ocrx_word' id='word_1_27' title='bbox 443 670 496 699; x_wconf 90' lang='lat' dir='ltr'><strong>diu</strong></span> <span class='ocrx_word' id='word_1_28' title='bbox 509 669 596 710; x_wconf 85' lang='lat' dir='ltr'><strong>legit.</strong></span> <span class='ocrx_word' id='word_1_29' title='bbox 613 670 645 698; x_wconf 78' lang='lat'><strong>2⁰</strong></span> <span class='ocrx_word' id='word_1_30' title='bbox 660 668 848 708; x_wconf 80' lang='lat' dir='ltr'><strong>supplicavit</strong></span> <span class='ocrx_word' id='word_1_31' title='bbox 859 668 1006 708; x_wconf 84' lang='lat' dir='ltr'><strong>magister</strong></span> <span class='ocrx_word' id='word_1_32' title='bbox 1019 667 1176 697; x_wconf 84' lang='lat' dir='ltr'><strong>Johannes</strong></span> 
     </span>
     <span class='ocr_line' id='line_1_6' title="bbox 267 716 1176 758; baseline -0.003 -10"><span class='ocrx_word' id='word_1_33' title='bbox 267 719 307 748; x_wconf 91' lang='lat' dir='ltr'><strong>de</strong></span> <span class='ocrx_word' id='word_1_34' title='bbox 325 717 478 748; x_wconf 84' lang='lat' dir='ltr'><strong>Hokklem</strong></span> <span class='ocrx_word' id='word_1_35' title='bbox 491 728 550 758; x_wconf 89' lang='lat' dir='ltr'><strong>pro</strong></span> <span class='ocrx_word' id='word_1_36' title='bbox 566 717 661 748; x_wconf 89' lang='lat' dir='ltr'><strong>scolis</strong></span> <span class='ocrx_word' id='word_1_37' title='bbox 677 717 798 757; x_wconf 89' lang='lat' dir='ltr'><strong>magnis</strong></span> <span class='ocrx_word' id='word_1_38' title='bbox 812 716 1040 756; x_wconf 88' lang='lat' dir='ltr'><strong>superioribus,</strong></span> <span class='ocrx_word' id='word_1_39' title='bbox 1059 716 1176 745; x_wconf 83' lang='lat' dir='ltr'><strong>scilicet</strong></span> 
     </span>
     <span class='ocr_line' id='line_1_7' title="bbox 269 765 1177 808; baseline -0.004 -11"><span class='ocrx_word' id='word_1_40' title='bbox 269 777 364 808; x_wconf 88' lang='lat' dir='ltr'><strong>super</strong></span> <span class='ocrx_word' id='word_1_41' title='bbox 383 767 484 797; x_wconf 88' lang='lat' dir='ltr'><strong>scolas</strong></span> <span class='ocrx_word' id='word_1_42' title='bbox 504 767 644 807; x_wconf 76' lang='lat' dir='ltr'><strong>magistri</strong></span> <span class='ocrx_word' id='word_1_43' title='bbox 662 766 802 796; x_wconf 84' lang='lat' dir='ltr'><strong>Jordani.</strong></span> <span class='ocrx_word' id='word_1_44' title='bbox 819 767 852 795; x_wconf 82' lang='lat'><strong>3⁰</strong></span> <span class='ocrx_word' id='word_1_45' title='bbox 871 765 1058 805; x_wconf 76' lang='lat' dir='ltr'><strong>supplicavit</strong></span> <span class='ocrx_word' id='word_1_46' title='bbox 1077 765 1177 804; x_wconf 88' lang='lat' dir='ltr'><strong>magi-</strong></span> 
     </span>
     <span class='ocr_line' id='line_1_8' title="bbox 269 814 1174 855; baseline -0.004 -9"><span class='ocrx_word' id='word_1_47' title='bbox 269 821 334 846; x_wconf 88' lang='lat' dir='ltr'><strong>ster</strong></span> <span class='ocrx_word' id='word_1_48' title='bbox 360 815 518 846; x_wconf 65' lang='lat' dir='ltr'><strong>«lohannes</strong></span> <span class='ocrx_word' id='word_1_49' title='bbox 545 815 671 845; x_wconf 88' lang='lat' dir='ltr'><strong>Luberti</strong></span> <span class='ocrx_word' id='word_1_50' title='bbox 700 825 758 855; x_wconf 87' lang='lat' dir='ltr'><strong>pro</strong></span> <span class='ocrx_word' id='word_1_51' title='bbox 789 814 885 844; x_wconf 88' lang='lat' dir='ltr'><strong>scolis</strong></span> <span class='ocrx_word' id='word_1_52' title='bbox 910 822 1021 853; x_wconf 78' lang='lat' dir='ltr'><strong><em>septem</em></strong></span> <span class='ocrx_word' id='word_1_53' title='bbox 1047 815 1174 842; x_wconf 83' lang='lat' dir='ltr'><strong>arcium.</strong></span> 
     </span>
     <span class='ocr_line' id='line_1_9' title="bbox 268 862 1175 904; baseline -0.002 -10"><span class='ocrx_word' id='word_1_54' title='bbox 268 865 300 894; x_wconf 77' lang='lat'><strong>4⁰</strong></span> <span class='ocrx_word' id='word_1_55' title='bbox 321 864 507 904; x_wconf 79' lang='lat' dir='ltr'><strong>supplicavit</strong></span> <span class='ocrx_word' id='word_1_56' title='bbox 525 864 674 904; x_wconf 78' lang='lat' dir='ltr'><strong>magister</strong></span> <span class='ocrx_word' id='word_1_57' title='bbox 693 863 851 893; x_wconf 87' lang='lat' dir='ltr'><strong>Johannes</strong></span> <span class='ocrx_word' id='word_1_58' title='bbox 874 864 912 892; x_wconf 92' lang='lat' dir='ltr'><strong>de</strong></span> <span class='ocrx_word' id='word_1_59' title='bbox 935 862 1099 903; x_wconf 84' lang='lat' dir='ltr'><strong>Maguncia</strong></span> <span class='ocrx_word' id='word_1_60' title='bbox 1119 873 1175 902; x_wconf 92' lang='lat' dir='ltr'><strong>pro</strong></span> 
     </span>
     <span class='ocr_line' id='line_1_10' title="bbox 268 912 1174 953; baseline -0.002 -10"><span class='ocrx_word' id='word_1_61' title='bbox 268 913 362 943; x_wconf 87' lang='lat' dir='ltr'><strong>scolis</strong></span> <span class='ocrx_word' id='word_1_62' title='bbox 385 914 474 943; x_wconf 90' lang='lat' dir='ltr'><strong>novis</strong></span> <span class='ocrx_word' id='word_1_63' title='bbox 497 913 602 953; x_wconf 88' lang='lat' dir='ltr'><strong>parvis</strong></span> <span class='ocrx_word' id='word_1_64' title='bbox 628 923 726 952; x_wconf 90' lang='lat' dir='ltr'><strong>prope</strong></span> <span class='ocrx_word' id='word_1_65' title='bbox 755 912 903 942; x_wconf 79' lang='lat' dir='ltr'><strong>secanam</strong></span> <span class='ocrx_word' id='word_1_66' title='bbox 930 922 1027 951; x_wconf 90' lang='lat' dir='ltr'><strong>super</strong></span> <span class='ocrx_word' id='word_1_67' title='bbox 1049 918 1174 945; x_wconf 86' lang='lat' dir='ltr'><strong>terram.</strong></span> 
     </span>
     <span class='ocr_line' id='line_1_11' title="bbox 269 961 1177 1002; baseline -0.002 -10"><span class='ocrx_word' id='word_1_68' title='bbox 269 964 301 992; x_wconf 78' lang='lat'><strong>5⁰</strong></span> <span class='ocrx_word' id='word_1_69' title='bbox 318 962 504 1002; x_wconf 74' lang='lat' dir='ltr'><strong>supplicavit</strong></span> <span class='ocrx_word' id='word_1_70' title='bbox 522 962 670 1002; x_wconf 84' lang='lat' dir='ltr'><strong>magister</strong></span> <span class='ocrx_word' id='word_1_71' title='bbox 691 961 848 991; x_wconf 89' lang='lat' dir='ltr'><strong>Johannes</strong></span> <span class='ocrx_word' id='word_1_72' title='bbox 865 961 966 990; x_wconf 88' lang='lat' dir='ltr'><strong>dictus</strong></span> <span class='ocrx_word' id='word_1_73' title='bbox 984 961 1177 990; x_wconf 88' lang='lat' dir='ltr'><strong>Mullechner</strong></span> 
     </span>
     <span class='ocr_line' id='line_1_12' title="bbox 268 1009 1176 1051; baseline -0.002 -11"><span class='ocrx_word' id='word_1_74' title='bbox 268 1011 308 1040; x_wconf 88' lang='lat' dir='ltr'><strong>de</strong></span> <span class='ocrx_word' id='word_1_75' title='bbox 324 1010 449 1040; x_wconf 80' lang='lat' dir='ltr'><strong>Austria</strong></span> <span class='ocrx_word' id='word_1_76' title='bbox 467 1021 526 1051; x_wconf 88' lang='lat' dir='ltr'><strong>pro</strong></span> <span class='ocrx_word' id='word_1_77' title='bbox 542 1010 636 1040; x_wconf 86' lang='lat' dir='ltr'><strong>scolis</strong></span> <span class='ocrx_word' id='word_1_78' title='bbox 659 1010 815 1050; x_wconf 77' lang='lat' dir='ltr'><strong>supremis</strong></span> <span class='ocrx_word' id='word_1_79' title='bbox 833 1020 929 1050; x_wconf 89' lang='lat' dir='ltr'><strong>super</strong></span> <span class='ocrx_word' id='word_1_80' title='bbox 945 1020 1057 1050; x_wconf 86' lang='lat' dir='ltr'><strong>parvas</strong></span> <span class='ocrx_word' id='word_1_81' title='bbox 1075 1009 1176 1039; x_wconf 89' lang='lat' dir='ltr'><strong>scolas</strong></span> 
     </span>
     <span class='ocr_line' id='line_1_13' title="bbox 269 1058 1176 1099; baseline -0.002 -10"><span class='ocrx_word' id='word_1_82' title='bbox 269 1069 367 1099; x_wconf 89' lang='lat' dir='ltr'><strong>prope</strong></span> <span class='ocrx_word' id='word_1_83' title='bbox 404 1059 562 1088; x_wconf 86' lang='lat' dir='ltr'><strong>Secanam.</strong></span> <span class='ocrx_word' id='word_1_84' title='bbox 602 1058 641 1088; x_wconf 80' lang='lat' dir='ltr'><strong>Et</strong></span> <span class='ocrx_word' id='word_1_85' title='bbox 675 1059 797 1088; x_wconf 77' lang='lat' dir='ltr'><strong>fuerunt</strong></span> <span class='ocrx_word' id='word_1_86' title='bbox 832 1059 891 1088; x_wconf 86' lang='lat' dir='ltr'><strong>iste</strong></span> <span class='ocrx_word' id='word_1_87' title='bbox 927 1058 1176 1098; x_wconf 80' lang='lat' dir='ltr'><strong>supplicaciones</strong></span> 
     </span>
     <span class='ocr_line' id='line_1_14' title="bbox 267 1107 1176 1142; baseline -0.002 -4"><span class='ocrx_word' id='word_1_88' title='bbox 267 1117 386 1142; x_wconf 86' lang='lat' dir='ltr'><strong>omnes,</strong></span> <span class='ocrx_word' id='word_1_89' title='bbox 407 1117 476 1137; x_wconf 91' lang='lat' dir='ltr'><strong>cum</strong></span> <span class='ocrx_word' id='word_1_90' title='bbox 494 1108 676 1138; x_wconf 87' lang='lat' dir='ltr'><strong>viderentur</strong></span> <span class='ocrx_word' id='word_1_91' title='bbox 692 1107 910 1142; x_wconf 89' lang='lat' dir='ltr'><strong>racionabiles,</strong></span> <span class='ocrx_word' id='word_1_92' title='bbox 931 1117 1080 1136; x_wconf 86' lang='lat' dir='ltr'><strong>concesse</strong></span> <span class='ocrx_word' id='word_1_93' title='bbox 1101 1117 1176 1136; x_wconf 90' lang='lat' dir='ltr'><strong>con-</strong></span> 
     </span>
     <span class='ocr_line' id='line_1_15' title="bbox 268 1155 1175 1196; baseline -0.002 -10"><span class='ocrx_word' id='word_1_94' title='bbox 268 1157 406 1187; x_wconf 88' lang='lat' dir='ltr'><strong>corditer</strong></span> <span class='ocrx_word' id='word_1_95' title='bbox 414 1157 453 1186; x_wconf 87' lang='lat' dir='ltr'><strong>ab</strong></span> <span class='ocrx_word' id='word_1_96' title='bbox 463 1156 607 1186; x_wconf 90' lang='lat' dir='ltr'><strong>omnibus</strong></span> <span class='ocrx_word' id='word_1_97' title='bbox 618 1156 703 1186; x_wconf 89' lang='lat' dir='ltr'><strong>nullo</strong></span> <span class='ocrx_word' id='word_1_98' title='bbox 715 1156 912 1186; x_wconf 82' lang='lat' dir='ltr'><strong>reclamante.</strong></span> <span class='ocrx_word' id='word_1_99' title='bbox 928 1155 968 1185; x_wconf 85' lang='lat' dir='ltr'><strong>Et</strong></span> <span class='ocrx_word' id='word_1_100' title='bbox 978 1155 1054 1185; x_wconf 88' lang='lat' dir='ltr'><strong>nulli</strong></span> <span class='ocrx_word' id='word_1_101' title='bbox 1070 1156 1175 1196; x_wconf 86' lang='lat' dir='ltr'><strong>plures</strong></span> 
     </span>
     <span class='ocr_line' id='line_1_16' title="bbox 268 1205 1176 1246; baseline -0.002 -10"><span class='ocrx_word' id='word_1_102' title='bbox 268 1205 530 1246; x_wconf 88' lang='lat' dir='ltr'><strong>supplicaverunt.</strong></span> <span class='ocrx_word' id='word_1_103' title='bbox 549 1205 650 1235; x_wconf 79' lang='lat' dir='ltr'><strong>Finita</strong></span> <span class='ocrx_word' id='word_1_104' title='bbox 662 1212 762 1235; x_wconf 90' lang='lat' dir='ltr'><strong>autem</strong></span> <span class='ocrx_word' id='word_1_105' title='bbox 777 1205 1025 1245; x_wconf 81' lang='lat' dir='ltr'><strong>congregacione</strong></span> <span class='ocrx_word' id='word_1_106' title='bbox 1038 1211 1068 1234; x_wconf 83' lang='lat' dir='ltr'><strong>et</strong></span> <span class='ocrx_word' id='word_1_107' title='bbox 1083 1205 1176 1245; x_wconf 87' lang='lat' dir='ltr'><strong>magi-</strong></span> 
     </span>
     <span class='ocr_line' id='line_1_17' title="bbox 268 1254 1176 1294; baseline -0.001 -10"><span class='ocrx_word' id='word_1_108' title='bbox 268 1254 343 1285; x_wconf 83' lang='lat' dir='ltr'><strong>stris</strong></span> <span class='ocrx_word' id='word_1_109' title='bbox 361 1254 580 1294; x_wconf 80' lang='lat' dir='ltr'><strong>incipientibus</strong></span> <span class='ocrx_word' id='word_1_110' title='bbox 594 1255 752 1289; x_wconf 86' lang='lat' dir='ltr'><strong>recedere,</strong></span> <span class='ocrx_word' id='word_1_111' title='bbox 766 1254 850 1284; x_wconf 88' lang='lat' dir='ltr'><strong>venit</strong></span> <span class='ocrx_word' id='word_1_112' title='bbox 863 1254 1011 1294; x_wconf 80' lang='lat' dir='ltr'><strong>magister</strong></span> <span class='ocrx_word' id='word_1_113' title='bbox 1028 1254 1176 1283; x_wconf 84' lang='lat' dir='ltr'><strong>Herman-</strong></span> 
     </span>
     <span class='ocr_line' id='line_1_18' title="bbox 268 1303 1176 1343; baseline -0.001 -10"><span class='ocrx_word' id='word_1_114' title='bbox 268 1314 327 1334; x_wconf 88' lang='lat' dir='ltr'><strong>nus</strong></span> <span class='ocrx_word' id='word_1_115' title='bbox 339 1304 378 1332; x_wconf 86' lang='lat' dir='ltr'><strong>de</strong></span> <span class='ocrx_word' id='word_1_116' title='bbox 392 1303 604 1343; x_wconf 87' lang='lat' dir='ltr'><strong>Warendorp,</strong></span> <span class='ocrx_word' id='word_1_117' title='bbox 622 1304 729 1333; x_wconf 89' lang='lat' dir='ltr'><strong>dicens</strong></span> <span class='ocrx_word' id='word_1_118' title='bbox 745 1313 779 1333; x_wconf 89' lang='lat' dir='ltr'><strong>se</strong></span> <span class='ocrx_word' id='word_1_119' title='bbox 794 1303 888 1332; x_wconf 85' lang='lat' dir='ltr'><strong>nichil</strong></span> <span class='ocrx_word' id='word_1_120' title='bbox 902 1303 1034 1332; x_wconf 86' lang='lat' dir='ltr'><strong>scivisse</strong></span> <span class='ocrx_word' id='word_1_121' title='bbox 1049 1303 1087 1332; x_wconf 93' lang='lat' dir='ltr'><strong>de</strong></span> <span class='ocrx_word' id='word_1_122' title='bbox 1105 1313 1176 1332; x_wconf 91' lang='lat' dir='ltr'><strong>con-</strong></span> 
     </span>
     <span class='ocr_line' id='line_1_19' title="bbox 267 1351 1176 1393; baseline -0.001 -11"><span class='ocrx_word' id='word_1_123' title='bbox 267 1352 455 1393; x_wconf 81' lang='lat' dir='ltr'><strong>gregacione</strong></span> <span class='ocrx_word' id='word_1_124' title='bbox 482 1352 552 1387; x_wconf 81' lang='lat' dir='ltr'><strong>ista,</strong></span> <span class='ocrx_word' id='word_1_125' title='bbox 580 1351 651 1392; x_wconf 88' lang='lat' dir='ltr'><strong>quia</strong></span> <span class='ocrx_word' id='word_1_126' title='bbox 681 1352 834 1382; x_wconf 89' lang='lat' dir='ltr'><strong>voluisset</strong></span> <span class='ocrx_word' id='word_1_127' title='bbox 865 1351 1093 1392; x_wconf 86' lang='lat' dir='ltr'><strong>supplicavisse</strong></span> <span class='ocrx_word' id='word_1_128' title='bbox 1121 1361 1176 1391; x_wconf 88' lang='lat' dir='ltr'><strong>pro</strong></span> 
     </span>
     <span class='ocr_line' id='line_1_20' title="bbox 270 1401 1175 1441; baseline -0.001 -10"><span class='ocrx_word' id='word_1_129' title='bbox 270 1401 364 1431; x_wconf 87' lang='lat' dir='ltr'><strong>scolis</strong></span> <span class='ocrx_word' id='word_1_130' title='bbox 382 1401 493 1431; x_wconf 88' lang='lat' dir='ltr'><strong>mediis</strong></span> <span class='ocrx_word' id='word_1_131' title='bbox 516 1411 612 1441; x_wconf 85' lang='lat' dir='ltr'><strong>super</strong></span> <span class='ocrx_word' id='word_1_132' title='bbox 633 1401 735 1431; x_wconf 86' lang='lat' dir='ltr'><strong>scolas</strong></span> <span class='ocrx_word' id='word_1_133' title='bbox 756 1411 867 1441; x_wconf 87' lang='lat' dir='ltr'><strong>parvas</strong></span> <span class='ocrx_word' id='word_1_134' title='bbox 886 1411 986 1441; x_wconf 89' lang='lat' dir='ltr'><strong>prope</strong></span> <span class='ocrx_word' id='word_1_135' title='bbox 1012 1401 1175 1436; x_wconf 88' lang='lat' dir='ltr'><strong>Secanam,</strong></span> 
     </span>
     <span class='ocr_line' id='line_1_21' title="bbox 269 1450 1177 1490; baseline -0.001 -10"><span class='ocrx_word' id='word_1_136' title='bbox 269 1460 330 1490; x_wconf 88' lang='lat' dir='ltr'><strong>que</strong></span> <span class='ocrx_word' id='word_1_137' title='bbox 342 1450 442 1480; x_wconf 86' lang='lat' dir='ltr'><strong>adhuc</strong></span> <span class='ocrx_word' id='word_1_138' title='bbox 453 1450 613 1480; x_wconf 84' lang='lat' dir='ltr'><strong>vacabant.</strong></span> <span class='ocrx_word' id='word_1_139' title='bbox 629 1450 770 1480; x_wconf 82' lang='lat' dir='ltr'><strong>Attamen</strong></span> <span class='ocrx_word' id='word_1_140' title='bbox 792 1450 923 1490; x_wconf 89' lang='lat' dir='ltr'><strong>loquens</strong></span> <span class='ocrx_word' id='word_1_141' title='bbox 937 1460 1004 1479; x_wconf 92' lang='lat' dir='ltr'><strong>cum</strong></span> <span class='ocrx_word' id='word_1_142' title='bbox 1021 1450 1177 1489; x_wconf 81' lang='lat' dir='ltr'><strong>aliquibus</strong></span> 
     </span>
     <span class='ocr_line' id='line_1_22' title="bbox 270 1498 1177 1539; baseline -0.001 -11"><span class='ocrx_word' id='word_1_143' title='bbox 270 1498 429 1539; x_wconf 79' lang='lat' dir='ltr'><strong>magistris</strong></span> <span class='ocrx_word' id='word_1_144' title='bbox 455 1498 534 1528; x_wconf 86' lang='lat' dir='ltr'><strong>dixit</strong></span> <span class='ocrx_word' id='word_1_145' title='bbox 562 1509 596 1528; x_wconf 83' lang='lat' dir='ltr'><strong>se</strong></span> <span class='ocrx_word' id='word_1_146' title='bbox 628 1499 693 1528; x_wconf 78' lang='lat' dir='ltr'><strong>sore</strong></span> <span class='ocrx_word' id='word_1_147' title='bbox 720 1505 908 1528; x_wconf 92' lang='lat' dir='ltr'><strong>contentum.</strong></span> <span class='ocrx_word' id='word_1_148' title='bbox 939 1499 1177 1539; x_wconf 80' lang='lat' dir='ltr'><strong>verumptamen</strong></span> 
     </span>
     <span class='ocr_line' id='line_1_23' title="bbox 268 1547 1178 1588; baseline -0.001 -11"><span class='ocrx_word' id='word_1_149' title='bbox 268 1548 414 1578; x_wconf 87' lang='lat' dir='ltr'><strong>dixerunt</strong></span> <span class='ocrx_word' id='word_1_150' title='bbox 428 1547 579 1587; x_wconf 80' lang='lat' dir='ltr'><strong>magistri,</strong></span> <span class='ocrx_word' id='word_1_151' title='bbox 592 1548 675 1588; x_wconf 86' lang='lat' dir='ltr'><strong>quod</strong></span> <span class='ocrx_word' id='word_1_152' title='bbox 690 1548 716 1577; x_wconf 92' lang='lat' dir='ltr'><strong>si</strong></span> <span class='ocrx_word' id='word_1_153' title='bbox 730 1548 925 1588; x_wconf 87' lang='lat' dir='ltr'><strong>contingeret</strong></span> <span class='ocrx_word' id='word_1_154' title='bbox 936 1547 1067 1588; x_wconf 89' lang='lat' dir='ltr'><strong>aliquem</strong></span> <span class='ocrx_word' id='word_1_155' title='bbox 1080 1548 1178 1588; x_wconf 90' lang='lat' dir='ltr'><strong>magi-</strong></span> 
     </span>
     <span class='ocr_line' id='line_1_24' title="bbox 269 1596 1177 1637; baseline -0.001 -10"><span class='ocrx_word' id='word_1_156' title='bbox 269 1603 367 1627; x_wconf 84' lang='lat' dir='ltr'><strong>strum</strong></span> <span class='ocrx_word' id='word_1_157' title='bbox 396 1607 457 1626; x_wconf 90' lang='lat' dir='ltr'><strong>non</strong></span> <span class='ocrx_word' id='word_1_158' title='bbox 483 1597 572 1626; x_wconf 82' lang='lat' dir='ltr'><strong>finire</strong></span> <span class='ocrx_word' id='word_1_159' title='bbox 599 1607 742 1637; x_wconf 86' lang='lat' dir='ltr'><strong>magnum</strong></span> <span class='ocrx_word' id='word_1_160' title='bbox 769 1596 976 1631; x_wconf 76' lang='lat' dir='ltr'><strong>ordinarium,</strong></span> <span class='ocrx_word' id='word_1_161' title='bbox 1008 1597 1091 1636; x_wconf 90' lang='lat' dir='ltr'><strong>quod</strong></span> <span class='ocrx_word' id='word_1_162' title='bbox 1116 1607 1177 1626; x_wconf 92' lang='lat' dir='ltr'><strong>non</strong></span> 
     </span>
     <span class='ocr_line' id='line_1_25' title="bbox 269 1645 1177 1686; baseline -0.001 -10"><span class='ocrx_word' id='word_1_163' title='bbox 269 1645 363 1676; x_wconf 90' lang='lat' dir='ltr'><strong>ullum</strong></span> <span class='ocrx_word' id='word_1_164' title='bbox 388 1645 568 1686; x_wconf 84' lang='lat' dir='ltr'><strong>magistrum</strong></span> <span class='ocrx_word' id='word_1_165' title='bbox 596 1646 634 1675; x_wconf 88' lang='lat' dir='ltr'><strong>de</strong></span> <span class='ocrx_word' id='word_1_166' title='bbox 661 1645 721 1675; x_wconf 85' lang='lat' dir='ltr'><strong>alia</strong></span> <span class='ocrx_word' id='word_1_167' title='bbox 745 1645 874 1675; x_wconf 87' lang='lat' dir='ltr'><strong>nacione</strong></span> <span class='ocrx_word' id='word_1_168' title='bbox 900 1645 1119 1675; x_wconf 80' lang='lat' dir='ltr'><strong>intromitteret</strong></span> <span class='ocrx_word' id='word_1_169' title='bbox 1139 1647 1177 1675; x_wconf 83' lang='lat' dir='ltr'><strong>ad</strong></span> 
     </span>
     <span class='ocr_line' id='line_1_26' title="bbox 269 1694 981 1724; baseline 0 0"><span class='ocrx_word' id='word_1_170' title='bbox 269 1694 370 1724; x_wconf 83' lang='lat' dir='ltr'><strong>scolas</strong></span> <span class='ocrx_word' id='word_1_171' title='bbox 388 1704 460 1724; x_wconf 86' lang='lat' dir='ltr'><strong>suas</strong></span> <span class='ocrx_word' id='word_1_172' title='bbox 473 1694 540 1724; x_wconf 90' lang='lat' dir='ltr'><strong>sine</strong></span> <span class='ocrx_word' id='word_1_173' title='bbox 557 1695 636 1724; x_wconf 88' lang='lat' dir='ltr'><strong>scitu</strong></span> <span class='ocrx_word' id='word_1_174' title='bbox 653 1695 794 1724; x_wconf 85' lang='lat' dir='ltr'><strong>nacionis</strong></span> <span class='ocrx_word' id='word_1_175' title='bbox 810 1701 840 1724; x_wconf 85' lang='lat' dir='ltr'><strong>et</strong></span> <span class='ocrx_word' id='word_1_176' title='bbox 856 1694 981 1724; x_wconf 88' lang='lat' dir='ltr'><strong>bedelli.</strong></span> 
     </span>
    </p>

    <p class='ocr_par' dir='ltr' id='par_1_3' title="bbox 268 1743 1178 2175">
     <span class='ocr_line' id='line_1_27' title="bbox 310 1743 1177 1784; baseline 0.001 -11"><span class='ocrx_word' id='word_1_177' title='bbox 310 1743 384 1773; x_wconf 88' lang='lat' dir='ltr'><strong>ltem</strong></span> <span class='ocrx_word' id='word_1_178' title='bbox 402 1744 451 1773; x_wconf 79' lang='lat'><strong>16·</strong></span> <span class='ocrx_word' id='word_1_179' title='bbox 467 1743 518 1773; x_wconf 88' lang='lat' dir='ltr'><strong>die</strong></span> <span class='ocrx_word' id='word_1_180' title='bbox 533 1743 650 1774; x_wconf 89' lang='lat' dir='ltr'><strong>mensis</strong></span> <span class='ocrx_word' id='word_1_181' title='bbox 671 1743 816 1774; x_wconf 85' lang='lat' dir='ltr'><strong>Octobris</strong></span> <span class='ocrx_word' id='word_1_182' title='bbox 839 1744 915 1773; x_wconf 78' lang='lat' dir='ltr'><strong>facta</strong></span> <span class='ocrx_word' id='word_1_183' title='bbox 930 1744 1177 1784; x_wconf 84' lang='lat' dir='ltr'><strong>congregacione</strong></span> 
     </span>
     <span class='ocr_line' id='line_1_28' title="bbox 269 1791 1178 1833; baseline 0 -11"><span class='ocrx_word' id='word_1_184' title='bbox 269 1791 408 1822; x_wconf 81' lang='lat' dir='ltr'><strong>nacionis</strong></span> <span class='ocrx_word' id='word_1_185' title='bbox 431 1791 602 1832; x_wconf 82' lang='lat' dir='ltr'><strong>Anglicane</strong></span> <span class='ocrx_word' id='word_1_186' title='bbox 628 1792 667 1822; x_wconf 81' lang='lat' dir='ltr'><strong>ad</strong></span> <span class='ocrx_word' id='word_1_187' title='bbox 690 1792 835 1822; x_wconf 85' lang='lat' dir='ltr'><strong>Sanctum</strong></span> <span class='ocrx_word' id='word_1_188' title='bbox 865 1792 1052 1822; x_wconf 88' lang='lat' dir='ltr'><strong>Maturinum</strong></span> <span class='ocrx_word' id='word_1_189' title='bbox 1083 1803 1178 1833; x_wconf 85' lang='lat' dir='ltr'><strong>super</strong></span> 
     </span>
     <span class='ocr_line' id='line_1_29' title="bbox 269 1841 1177 1882; baseline 0.001 -12"><span class='ocrx_word' id='word_1_190' title='bbox 269 1841 565 1881; x_wconf 87' lang='lat' dir='ltr'><strong>supplicacionibus,</strong></span> <span class='ocrx_word' id='word_1_191' title='bbox 590 1841 776 1882; x_wconf 83' lang='lat' dir='ltr'><strong>supplicavit</strong></span> <span class='ocrx_word' id='word_1_192' title='bbox 799 1842 946 1881; x_wconf 86' lang='lat' dir='ltr'><strong>magister</strong></span> <span class='ocrx_word' id='word_1_193' title='bbox 967 1842 1122 1871; x_wconf 84' lang='lat' dir='ltr'><strong>Jordanus</strong></span> <span class='ocrx_word' id='word_1_194' title='bbox 1140 1843 1177 1872; x_wconf 89' lang='lat' dir='ltr'><strong>de</strong></span> 
     </span>
     <span class='ocr_line' id='line_1_30' title="bbox 269 1889 1178 1930; baseline 0.001 -10"><span class='ocrx_word' id='word_1_195' title='bbox 269 1889 368 1920; x_wconf 89' lang='lat' dir='ltr'><strong>Clivis</strong></span> <span class='ocrx_word' id='word_1_196' title='bbox 387 1889 456 1920; x_wconf 90' lang='lat' dir='ltr'><strong>loco</strong></span> <span class='ocrx_word' id='word_1_197' title='bbox 479 1890 621 1930; x_wconf 78' lang='lat' dir='ltr'><strong>magistri</strong></span> <span class='ocrx_word' id='word_1_198' title='bbox 645 1890 784 1920; x_wconf 84' lang='lat' dir='ltr'><strong>Heinrici</strong></span> <span class='ocrx_word' id='word_1_199' title='bbox 803 1891 840 1920; x_wconf 92' lang='lat' dir='ltr'><strong>de</strong></span> <span class='ocrx_word' id='word_1_200' title='bbox 863 1890 973 1920; x_wconf 87' lang='lat' dir='ltr'><strong>Suecia</strong></span> <span class='ocrx_word' id='word_1_201' title='bbox 996 1901 1053 1930; x_wconf 88' lang='lat' dir='ltr'><strong>pro</strong></span> <span class='ocrx_word' id='word_1_202' title='bbox 1077 1891 1178 1921; x_wconf 90' lang='lat' dir='ltr'><strong>literis</strong></span> 
     </span>
     <span class='ocr_line' id='line_1_31' title="bbox 269 1938 1177 1980; baseline 0.001 -11"><span class='ocrx_word' id='word_1_203' title='bbox 269 1938 526 1969; x_wconf 82' lang='lat' dir='ltr'><strong>testimonialibus</strong></span> <span class='ocrx_word' id='word_1_204' title='bbox 542 1948 609 1969; x_wconf 90' lang='lat' dir='ltr'><strong>cum</strong></span> <span class='ocrx_word' id='word_1_205' title='bbox 626 1939 751 1980; x_wconf 76' lang='lat' dir='ltr'><strong>aliquali</strong></span> <span class='ocrx_word' id='word_1_206' title='bbox 767 1940 1074 1969; x_wconf 83' lang='lat' dir='ltr'><strong>recommendacione</strong></span> <span class='ocrx_word' id='word_1_207' title='bbox 1085 1940 1177 1970; x_wconf 87' lang='lat' dir='ltr'><strong>inter-</strong></span> 
     </span>
     <span class='ocr_line' id='line_1_32' title="bbox 268 1988 1177 2029; baseline 0.002 -12"><span class='ocrx_word' id='word_1_208' title='bbox 268 1994 351 2018; x_wconf 88' lang='lat' dir='ltr'><strong>serta</strong></span> <span class='ocrx_word' id='word_1_209' title='bbox 364 1988 532 2017; x_wconf 89' lang='lat' dir='ltr'><strong>secundum</strong></span> <span class='ocrx_word' id='word_1_210' title='bbox 549 1998 739 2019; x_wconf 86' lang='lat' dir='ltr'><strong>communem</strong></span> <span class='ocrx_word' id='word_1_211' title='bbox 758 1989 893 2023; x_wconf 86' lang='lat' dir='ltr'><strong>modum,</strong></span> <span class='ocrx_word' id='word_1_212' title='bbox 908 1989 1076 2018; x_wconf 88' lang='lat' dir='ltr'><strong>secundum</strong></span> <span class='ocrx_word' id='word_1_213' title='bbox 1094 1990 1177 2029; x_wconf 88' lang='lat' dir='ltr'><strong>quod</strong></span> 
     </span>
     <span class='ocr_line' id='line_1_33' title="bbox 269 2036 1177 2078; baseline 0.002 -12"><span class='ocrx_word' id='word_1_214' title='bbox 269 2036 383 2067; x_wconf 82' lang='lat' dir='ltr'><strong>suerint</strong></span> <span class='ocrx_word' id='word_1_215' title='bbox 407 2037 483 2066; x_wconf 84' lang='lat' dir='ltr'><strong>tales</strong></span> <span class='ocrx_word' id='word_1_216' title='bbox 501 2037 590 2067; x_wconf 86' lang='lat' dir='ltr'><strong>litere</strong></span> <span class='ocrx_word' id='word_1_217' title='bbox 609 2037 647 2068; x_wconf 85' lang='lat' dir='ltr'><strong>ad</strong></span> <span class='ocrx_word' id='word_1_218' title='bbox 667 2037 848 2078; x_wconf 87' lang='lat' dir='ltr'><strong>episcopum</strong></span> <span class='ocrx_word' id='word_1_219' title='bbox 869 2043 899 2067; x_wconf 89' lang='lat' dir='ltr'><strong>et</strong></span> <span class='ocrx_word' id='word_1_220' title='bbox 919 2038 1085 2077; x_wconf 88' lang='lat' dir='ltr'><strong>capitulum</strong></span> <span class='ocrx_word' id='word_1_221' title='bbox 1103 2038 1177 2068; x_wconf 89' lang='lat' dir='ltr'><strong>dicti</strong></span> 
     </span>
     <span class='ocr_line' id='line_1_34' title="bbox 269 2085 1178 2125; baseline 0.001 -10"><span class='ocrx_word' id='word_1_222' title='bbox 269 2085 409 2125; x_wconf 81' lang='lat' dir='ltr'><strong>magistri</strong></span> <span class='ocrx_word' id='word_1_223' title='bbox 427 2085 576 2116; x_wconf 85' lang='lat' dir='ltr'><strong>lleinrici.</strong></span> <span class='ocrx_word' id='word_1_224' title='bbox 596 2085 635 2116; x_wconf 84' lang='lat' dir='ltr'><strong>Et</strong></span> <span class='ocrx_word' id='word_1_225' title='bbox 655 2085 711 2117; x_wconf 80' lang='lat' dir='ltr'><strong>suit</strong></span> <span class='ocrx_word' id='word_1_226' title='bbox 727 2086 765 2115; x_wconf 87' lang='lat' dir='ltr'><strong>ab</strong></span> <span class='ocrx_word' id='word_1_227' title='bbox 781 2086 925 2116; x_wconf 88' lang='lat' dir='ltr'><strong>omnibus</strong></span> <span class='ocrx_word' id='word_1_228' title='bbox 945 2097 1094 2116; x_wconf 87' lang='lat' dir='ltr'><strong>concessa</strong></span> <span class='ocrx_word' id='word_1_229' title='bbox 1109 2093 1178 2117; x_wconf 85' lang='lat' dir='ltr'><strong>tan—</strong></span> 
     </span>
     <span class='ocr_line' id='line_1_35' title="bbox 269 2135 529 2175; baseline 0 -11"><span class='ocrx_word' id='word_1_230' title='bbox 269 2145 360 2175; x_wconf 88' lang='lat' dir='ltr'><strong>quam</strong></span> <span class='ocrx_word' id='word_1_231' title='bbox 375 2135 529 2174; x_wconf 86' lang='lat' dir='ltr'><strong>rigorosa.</strong></span> 
     </span>
    </p>

    <p class='ocr_par' dir='ltr' id='par_1_4' title="bbox 269 2183 1178 2957">
     <span class='ocr_line' id='line_1_36' title="bbox 311 2183 1178 2225; baseline 0.002 -12"><span class='ocrx_word' id='word_1_232' title='bbox 311 2183 385 2213; x_wconf 88' lang='lat' dir='ltr'><strong>ltem</strong></span> <span class='ocrx_word' id='word_1_233' title='bbox 408 2183 438 2212; x_wconf 94' lang='lat' dir='ltr'><strong>in</strong></span> <span class='ocrx_word' id='word_1_234' title='bbox 461 2184 566 2214; x_wconf 87' lang='lat' dir='ltr'><strong>eadem</strong></span> <span class='ocrx_word' id='word_1_235' title='bbox 589 2184 837 2224; x_wconf 81' lang='lat' dir='ltr'><strong>congregacione</strong></span> <span class='ocrx_word' id='word_1_236' title='bbox 861 2183 969 2224; x_wconf 87' lang='lat' dir='ltr'><strong>petivit</strong></span> <span class='ocrx_word' id='word_1_237' title='bbox 994 2191 1178 2225; x_wconf 86' lang='lat' dir='ltr'><strong>procurator</strong></span> 
     </span>
     <span class='ocr_line' id='line_1_37' title="bbox 269 2232 1175 2274; baseline 0.002 -12"><span class='ocrx_word' id='word_1_238' title='bbox 269 2232 432 2262; x_wconf 88' lang='lat' dir='ltr'><strong>consilium</strong></span> <span class='ocrx_word' id='word_1_239' title='bbox 446 2242 463 2262; x_wconf 88' lang='lat' dir='ltr'><strong>a</strong></span> <span class='ocrx_word' id='word_1_240' title='bbox 480 2233 608 2262; x_wconf 80' lang='lat' dir='ltr'><strong>nacione</strong></span> <span class='ocrx_word' id='word_1_241' title='bbox 623 2242 718 2273; x_wconf 83' lang='lat' dir='ltr'><strong>super</strong></span> <span class='ocrx_word' id='word_1_242' title='bbox 732 2232 931 2263; x_wconf 87' lang='lat' dir='ltr'><strong>dissensione</strong></span> <span class='ocrx_word' id='word_1_243' title='bbox 945 2233 1175 2274; x_wconf 86' lang='lat' dir='ltr'><strong>magistrorum,</strong></span> 
     </span>
     <span class='ocr_line' id='line_1_38' title="bbox 271 2281 1177 2324; baseline 0.002 -14"><span class='ocrx_word' id='word_1_244' title='bbox 271 2281 391 2311; x_wconf 87' lang='lat' dir='ltr'><strong>scilicet</strong></span> <span class='ocrx_word' id='word_1_245' title='bbox 408 2281 547 2322; x_wconf 80' lang='lat' dir='ltr'><strong>magistri</strong></span> <span class='ocrx_word' id='word_1_246' title='bbox 566 2281 735 2312; x_wconf 74' lang='lat' dir='ltr'><strong>Rex-manni</strong></span> <span class='ocrx_word' id='word_1_247' title='bbox 756 2282 794 2311; x_wconf 94' lang='lat' dir='ltr'><strong>de</strong></span> <span class='ocrx_word' id='word_1_248' title='bbox 812 2281 1013 2323; x_wconf 83' lang='lat' dir='ltr'><strong>Warendorp</strong></span> <span class='ocrx_word' id='word_1_249' title='bbox 1028 2289 1058 2312; x_wconf 86' lang='lat' dir='ltr'><strong>et</strong></span> <span class='ocrx_word' id='word_1_250' title='bbox 1079 2283 1177 2324; x_wconf 90' lang='lat' dir='ltr'><strong>magi-</strong></span> 
     </span>
     <span class='ocr_line' id='line_1_39' title="bbox 270 2329 1176 2371; baseline 0.003 -12"><span class='ocrx_word' id='word_1_251' title='bbox 270 2329 326 2360; x_wconf 87' lang='lat' dir='ltr'><strong>stri</strong></span> <span class='ocrx_word' id='word_1_252' title='bbox 349 2329 477 2360; x_wconf 83' lang='lat' dir='ltr'><strong>Gisonis</strong></span> <span class='ocrx_word' id='word_1_253' title='bbox 496 2331 535 2360; x_wconf 86' lang='lat' dir='ltr'><strong>de</strong></span> <span class='ocrx_word' id='word_1_254' title='bbox 555 2329 696 2365; x_wconf 86' lang='lat' dir='ltr'><strong>Colonia,</strong></span> <span class='ocrx_word' id='word_1_255' title='bbox 719 2330 790 2370; x_wconf 85' lang='lat' dir='ltr'><strong>quia</strong></span> <span class='ocrx_word' id='word_1_256' title='bbox 811 2331 959 2371; x_wconf 87' lang='lat' dir='ltr'><strong>magister</strong></span> <span class='ocrx_word' id='word_1_257' title='bbox 981 2331 1176 2362; x_wconf 82' lang='lat' dir='ltr'><strong>Hermannus</strong></span> 
     </span>
     <span class='ocr_line' id='line_1_40' title="bbox 269 2378 1177 2420; baseline 0.003 -12"><span class='ocrx_word' id='word_1_258' title='bbox 269 2378 434 2418; x_wconf 85' lang='lat' dir='ltr'><strong>requisivit</strong></span> <span class='ocrx_word' id='word_1_259' title='bbox 466 2386 699 2420; x_wconf 84' lang='lat' dir='ltr'><strong>procuratorem</strong></span> <span class='ocrx_word' id='word_1_260' title='bbox 733 2386 766 2409; x_wconf 89' lang='lat' dir='ltr'><strong>ut</strong></span> <span class='ocrx_word' id='word_1_261' title='bbox 794 2379 946 2420; x_wconf 87' lang='lat' dir='ltr'><strong>sigillaret</strong></span> <span class='ocrx_word' id='word_1_262' title='bbox 978 2380 1037 2410; x_wconf 91' lang='lat' dir='ltr'><strong>sibi</strong></span> <span class='ocrx_word' id='word_1_263' title='bbox 1070 2380 1177 2411; x_wconf 81' lang='lat' dir='ltr'><strong>literas</strong></span> 
     </span>
     <span class='ocr_line' id='line_1_41' title="bbox 269 2428 1176 2468; baseline 0.003 -11"><span class='ocrx_word' id='word_1_264' title='bbox 269 2428 581 2459; x_wconf 82' lang='lat' dir='ltr'><strong>recommendatorias</strong></span> <span class='ocrx_word' id='word_1_265' title='bbox 596 2429 634 2458; x_wconf 81' lang='lat' dir='ltr'><strong>ad</strong></span> <span class='ocrx_word' id='word_1_266' title='bbox 653 2438 763 2468; x_wconf 85' lang='lat' dir='ltr'><strong>papam</strong></span> <span class='ocrx_word' id='word_1_267' title='bbox 781 2434 811 2458; x_wconf 90' lang='lat' dir='ltr'><strong>et</strong></span> <span class='ocrx_word' id='word_1_268' title='bbox 830 2428 1003 2459; x_wconf 84' lang='lat' dir='ltr'><strong>cardinales</strong></span> <span class='ocrx_word' id='word_1_269' title='bbox 1024 2429 1083 2459; x_wconf 87' lang='lat' dir='ltr'><strong>sibi</strong></span> <span class='ocrx_word' id='word_1_270' title='bbox 1101 2429 1176 2460; x_wconf 87' lang='lat' dir='ltr'><strong>alias</strong></span> 
     </span>
     <span class='ocr_line' id='line_1_42' title="bbox 270 2475 1177 2519; baseline 0.003 -13"><span class='ocrx_word' id='word_1_271' title='bbox 270 2486 288 2506; x_wconf 82' lang='lat' dir='ltr'><strong>a</strong></span> <span class='ocrx_word' id='word_1_272' title='bbox 302 2475 430 2506; x_wconf 83' lang='lat' dir='ltr'><strong>nacione</strong></span> <span class='ocrx_word' id='word_1_273' title='bbox 448 2487 626 2512; x_wconf 82' lang='lat' dir='ltr'><strong>concessas,</strong></span> <span class='ocrx_word' id='word_1_274' title='bbox 644 2476 793 2517; x_wconf 87' lang='lat' dir='ltr'><strong>magister</strong></span> <span class='ocrx_word' id='word_1_275' title='bbox 805 2483 904 2507; x_wconf 86' lang='lat' dir='ltr'><strong>autem</strong></span> <span class='ocrx_word' id='word_1_276' title='bbox 921 2477 998 2507; x_wconf 91' lang='lat' dir='ltr'><strong>Giso</strong></span> <span class='ocrx_word' id='word_1_277' title='bbox 1013 2478 1177 2519; x_wconf 81' lang='lat' dir='ltr'><strong>requisivit</strong></span> 
     </span>
     <span class='ocr_line' id='line_1_43' title="bbox 271 2525 1177 2567; baseline 0.002 -12"><span class='ocrx_word' id='word_1_278' title='bbox 271 2525 309 2555; x_wconf 84' lang='lat' dir='ltr'><strong>de</strong></span> <span class='ocrx_word' id='word_1_279' title='bbox 331 2526 493 2566; x_wconf 88' lang='lat' dir='ltr'><strong>opposito,</strong></span> <span class='ocrx_word' id='word_1_280' title='bbox 516 2532 547 2556; x_wconf 88' lang='lat' dir='ltr'><strong>et</strong></span> <span class='ocrx_word' id='word_1_281' title='bbox 569 2527 706 2556; x_wconf 77' lang='lat' dir='ltr'><strong>fecerunt</strong></span> <span class='ocrx_word' id='word_1_282' title='bbox 727 2526 792 2555; x_wconf 77' lang='lat' dir='ltr'><strong>lieri</strong></span> <span class='ocrx_word' id='word_1_283' title='bbox 814 2527 1092 2567; x_wconf 80' lang='lat' dir='ltr'><strong>congregacionem</strong></span> <span class='ocrx_word' id='word_1_284' title='bbox 1112 2527 1177 2557; x_wconf 84' lang='lat' dir='ltr'><strong>sol-</strong></span> 
     </span>
     <span class='ocr_line' id='line_1_44' title="bbox 271 2573 1177 2615; baseline 0.002 -11"><span class='ocrx_word' id='word_1_285' title='bbox 271 2573 423 2614; x_wconf 86' lang='lat' dir='ltr'><strong>lempnem</strong></span> <span class='ocrx_word' id='word_1_286' title='bbox 437 2585 532 2615; x_wconf 88' lang='lat' dir='ltr'><strong>super</strong></span> <span class='ocrx_word' id='word_1_287' title='bbox 547 2574 607 2605; x_wconf 87' lang='lat' dir='ltr'><strong>isto</strong></span> <span class='ocrx_word' id='word_1_288' title='bbox 621 2575 711 2610; x_wconf 81' lang='lat' dir='ltr'><strong>sacto,</strong></span> <span class='ocrx_word' id='word_1_289' title='bbox 728 2575 799 2605; x_wconf 89' lang='lat' dir='ltr'><strong>licet</strong></span> <span class='ocrx_word' id='word_1_290' title='bbox 814 2586 874 2605; x_wconf 89' lang='lat' dir='ltr'><strong>non</strong></span> <span class='ocrx_word' id='word_1_291' title='bbox 890 2582 973 2605; x_wconf 86' lang='lat' dir='ltr'><strong>esset</strong></span> <span class='ocrx_word' id='word_1_292' title='bbox 988 2577 1075 2606; x_wconf 84' lang='lat' dir='ltr'><strong>sacta.</strong></span> <span class='ocrx_word' id='word_1_293' title='bbox 1097 2576 1177 2607; x_wconf 85' lang='lat' dir='ltr'><strong>Peti-</strong></span> 
     </span>
     <span class='ocr_line' id='line_1_45' title="bbox 270 2621 1176 2666; baseline 0.002 -13"><span class='ocrx_word' id='word_1_294' title='bbox 270 2621 315 2653; x_wconf 81' lang='lat' dir='ltr'><strong>vit</strong></span> <span class='ocrx_word' id='word_1_295' title='bbox 345 2622 441 2663; x_wconf 84' lang='lat' dir='ltr'><strong>igitur</strong></span> <span class='ocrx_word' id='word_1_296' title='bbox 470 2630 654 2664; x_wconf 86' lang='lat' dir='ltr'><strong>procurator</strong></span> <span class='ocrx_word' id='word_1_297' title='bbox 689 2624 851 2654; x_wconf 83' lang='lat' dir='ltr'><strong>consilium</strong></span> <span class='ocrx_word' id='word_1_298' title='bbox 886 2635 902 2654; x_wconf 92' lang='lat' dir='ltr'><strong>a</strong></span> <span class='ocrx_word' id='word_1_299' title='bbox 934 2625 1064 2655; x_wconf 88' lang='lat' dir='ltr'><strong>nacione</strong></span> <span class='ocrx_word' id='word_1_300' title='bbox 1101 2626 1176 2666; x_wconf 90' lang='lat' dir='ltr'><strong>quid</strong></span> 
     </span>
     <span class='ocr_line' id='line_1_46' title="bbox 271 2670 1176 2714; baseline 0.003 -13"><span class='ocrx_word' id='word_1_301' title='bbox 271 2670 344 2712; x_wconf 70' lang='lat'><em>(701.</em></span> <span class='ocrx_word' id='word_1_302' title='bbox 361 2673 398 2702; x_wconf 83' lang='lat'><strong>27</strong></span> <span class='ocrx_word' id='word_1_303' title='bbox 415 2671 439 2711; x_wconf 74' lang='lat'><strong>¹³)</strong></span> <span class='ocrx_word' id='word_1_304' title='bbox 457 2671 582 2708; x_wconf 79' lang='lat' dir='ltr'><strong>faceret,</strong></span> <span class='ocrx_word' id='word_1_305' title='bbox 601 2678 632 2702; x_wconf 89' lang='lat' dir='ltr'><strong>et</strong></span> <span class='ocrx_word' id='word_1_306' title='bbox 650 2672 795 2703; x_wconf 86' lang='lat' dir='ltr'><strong>dixerunt</strong></span> <span class='ocrx_word' id='word_1_307' title='bbox 816 2672 900 2703; x_wconf 81' lang='lat' dir='ltr'><strong>Scoti</strong></span> <span class='ocrx_word' id='word_1_308' title='bbox 918 2679 948 2703; x_wconf 90' lang='lat' dir='ltr'><strong>et</strong></span> <span class='ocrx_word' id='word_1_309' title='bbox 963 2673 1013 2703; x_wconf 86' lang='lat' dir='ltr'><strong>alii</strong></span> <span class='ocrx_word' id='word_1_310' title='bbox 1038 2674 1176 2714; x_wconf 83' lang='lat' dir='ltr'><strong>magistri</strong></span> 
     </span>
     <span class='ocr_line' id='line_1_47' title="bbox 270 2719 1176 2762; baseline 0.004 -13"><span class='ocrx_word' id='word_1_311' title='bbox 270 2719 378 2760; x_wconf 80' lang='lat' dir='ltr'><strong>aliqui,</strong></span> <span class='ocrx_word' id='word_1_312' title='bbox 403 2721 486 2761; x_wconf 83' lang='lat' dir='ltr'><strong>quod</strong></span> <span class='ocrx_word' id='word_1_313' title='bbox 510 2721 587 2751; x_wconf 85' lang='lat' dir='ltr'><strong>tales</strong></span> <span class='ocrx_word' id='word_1_314' title='bbox 609 2721 698 2752; x_wconf 86' lang='lat' dir='ltr'><strong>litere</strong></span> <span class='ocrx_word' id='word_1_315' title='bbox 719 2732 780 2751; x_wconf 91' lang='lat' dir='ltr'><strong>non</strong></span> <span class='ocrx_word' id='word_1_316' title='bbox 804 2729 933 2762; x_wconf 87' lang='lat' dir='ltr'><strong>possent</strong></span> <span class='ocrx_word' id='word_1_317' title='bbox 955 2723 1082 2752; x_wconf 86' lang='lat' dir='ltr'><strong>concedi</strong></span> <span class='ocrx_word' id='word_1_318' title='bbox 1116 2723 1176 2753; x_wconf 88' lang='lat' dir='ltr'><strong>nisi</strong></span> 
     </span>
     <span class='ocr_line' id='line_1_48' title="bbox 271 2768 1178 2811; baseline 0.004 -13"><span class='ocrx_word' id='word_1_319' title='bbox 271 2768 400 2799; x_wconf 80' lang='lat' dir='ltr'><strong>nacione</strong></span> <span class='ocrx_word' id='word_1_320' title='bbox 428 2769 643 2810; x_wconf 85' lang='lat' dir='ltr'><strong>sollempniter</strong></span> <span class='ocrx_word' id='word_1_321' title='bbox 675 2777 792 2801; x_wconf 86' lang='lat' dir='ltr'><strong>vocata.</strong></span> <span class='ocrx_word' id='word_1_322' title='bbox 828 2771 868 2801; x_wconf 77' lang='lat' dir='ltr'><strong>Et</strong></span> <span class='ocrx_word' id='word_1_323' title='bbox 893 2772 965 2811; x_wconf 90' lang='lat' dir='ltr'><strong>quia</strong></span> <span class='ocrx_word' id='word_1_324' title='bbox 999 2772 1102 2802; x_wconf 80' lang='lat' dir='ltr'><strong>forsan</strong></span> <span class='ocrx_word' id='word_1_325' title='bbox 1134 2772 1178 2802; x_wconf 74' lang='lat'><strong>4⁰¹·</strong></span> 
     </span>
     <span class='ocr_line' id='line_1_49' title="bbox 271 2817 1177 2861; baseline 0.006 -15"><span class='ocrx_word' id='word_1_326' title='bbox 271 2817 411 2857; x_wconf 77' lang='lat' dir='ltr'><strong>magistri</strong></span> <span class='ocrx_word' id='word_1_327' title='bbox 442 2818 644 2849; x_wconf 77' lang='lat' dir='ltr'><strong>interfuerant</strong></span> <span class='ocrx_word' id='word_1_328' title='bbox 674 2819 733 2850; x_wconf 87' lang='lat' dir='ltr'><strong>alie</strong></span> <span class='ocrx_word' id='word_1_329' title='bbox 763 2820 1020 2860; x_wconf 73' lang='lat' dir='ltr'><strong>congregacioni,</strong></span> <span class='ocrx_word' id='word_1_330' title='bbox 1053 2822 1177 2861; x_wconf 88' lang='lat' dir='ltr'><strong>quando</strong></span> 
     </span>
     <span class='ocr_line' id='line_1_50' title="bbox 272 2865 1174 2909; baseline 0.004 -14"><span class='ocrx_word' id='word_1_331' title='bbox 272 2865 331 2896; x_wconf 82' lang='lat' dir='ltr'><strong>sibi</strong></span> <span class='ocrx_word' id='word_1_332' title='bbox 352 2867 616 2903; x_wconf 81' lang='lat' dir='ltr'><strong>concedebantur,</strong></span> <span class='ocrx_word' id='word_1_333' title='bbox 639 2878 701 2898; x_wconf 92' lang='lat' dir='ltr'><strong>non</strong></span> <span class='ocrx_word' id='word_1_334' title='bbox 723 2875 890 2909; x_wconf 88' lang='lat' dir='ltr'><strong>potuerunt</strong></span> <span class='ocrx_word' id='word_1_335' title='bbox 912 2869 971 2899; x_wconf 91' lang='lat' dir='ltr'><strong>sibi</strong></span> <span class='ocrx_word' id='word_1_336' title='bbox 993 2870 1174 2900; x_wconf 87' lang='lat' dir='ltr'><strong>concedere.</strong></span> 
     </span>
     <span class='ocr_line' id='line_1_51' title="bbox 273 2914 1177 2957; baseline 0.004 -13"><span class='ocrx_word' id='word_1_337' title='bbox 273 2914 312 2944; x_wconf 81' lang='lat' dir='ltr'><strong>Et</strong></span> <span class='ocrx_word' id='word_1_338' title='bbox 329 2915 444 2945; x_wconf 88' lang='lat' dir='ltr'><strong>idcirco</strong></span> <span class='ocrx_word' id='word_1_339' title='bbox 466 2916 629 2956; x_wconf 82' lang='lat' dir='ltr'><strong>requisivit</strong></span> <span class='ocrx_word' id='word_1_340' title='bbox 648 2917 796 2957; x_wconf 83' lang='lat' dir='ltr'><strong>magister</strong></span> <span class='ocrx_word' id='word_1_341' title='bbox 813 2917 996 2948; x_wconf 87' lang='lat' dir='ltr'><strong>Guillelmus</strong></span> <span class='ocrx_word' id='word_1_342' title='bbox 1013 2919 1124 2949; x_wconf 88' lang='lat' dir='ltr'><strong>Scotus</strong></span> <span class='ocrx_word' id='word_1_343' title='bbox 1139 2919 1177 2948; x_wconf 89' lang='lat' dir='ltr'><strong>de</strong></span> 
     </span>
    </p>
   </div>
   <div class='ocr_carea' id='block_1_3' title="bbox 273 2963 1178 3040">
    <p class='ocr_par' dir='ltr' id='par_1_5' title="bbox 273 2963 1178 3040">
     <span class='ocr_line' id='line_1_52' title="bbox 273 2963 1178 3006; baseline 0.006 -13"><span class='ocrx_word' id='word_1_344' title='bbox 273 2963 414 2994; x_wconf 74' lang='lat' dir='ltr'><strong>sorbonn</strong></span> <span class='ocrx_word' id='word_1_345' title='bbox 430 2971 660 3003; x_wconf 81' lang='lat' dir='ltr'><strong>procuratorem</strong></span> <span class='ocrx_word' id='word_1_346' title='bbox 672 2972 701 2996; x_wconf 88' lang='lat' dir='ltr'><strong>et</strong></span> <span class='ocrx_word' id='word_1_347' title='bbox 716 2973 907 3006; x_wconf 87' lang='lat' dir='ltr'><strong>receptorem</strong></span> <span class='ocrx_word' id='word_1_348' title='bbox 923 2973 953 2997; x_wconf 84' lang='lat' dir='ltr'><strong>et</strong></span> <span class='ocrx_word' id='word_1_349' title='bbox 966 2967 1131 3002; x_wconf 88' lang='lat' dir='ltr'><strong>bedellum,</strong></span> <span class='ocrx_word' id='word_1_350' title='bbox 1145 2974 1178 2998; x_wconf 85' lang='lat' dir='ltr'><strong>ut</strong></span> 
     </span>
     <span class='ocr_line' id='line_1_53' title="bbox 338 3017 823 3040; baseline 0.006 -4"><span class='ocrx_word' id='word_1_351' title='bbox 338 3018 451 3037; x_wconf 70' lang='lat' dir='ltr'><strong>Aut-urina-</strong></span> <span class='ocrx_word' id='word_1_352' title='bbox 462 3017 586 3038; x_wconf 58' lang='lat' dir='ltr'><strong>caan-earn·</strong></span> <span class='ocrx_word' id='word_1_353' title='bbox 596 3018 683 3039; x_wconf 67' lang='lat' dir='ltr'><strong>vntum.</strong></span> <span class='ocrx_word' id='word_1_354' title='bbox 695 3019 760 3039; x_wconf 66' lang='lat' dir='ltr'><strong>Parta.</strong></span> <span class='ocrx_word' id='word_1_355' title='bbox 771 3029 797 3035; x_wconf 96' lang='lat'>—</span> <span class='ocrx_word' id='word_1_356' title='bbox 807 3018 823 3040; x_wconf 87' lang='lat' dir='ltr'><strong>l.</strong></span> 
     </span>
    </p>
   </div>
   <div class='ocr_carea' id='block_1_4' title="bbox 0 0 1439 113">
    <p class='ocr_par' dir='ltr' id='par_1_6' title="bbox 0 0 1439 113">
     <span class='ocr_line' id='line_1_54' title="bbox 0 0 1439 113; baseline 0 3351"><span class='ocrx_word' id='word_1_357' title='bbox 0 0 1439 113; x_wconf 95' lang='lat' dir='ltr'><strong> </strong></span> 
     </span>
    </p>
   </div>
   <div class='ocr_carea' id='block_1_5' title="bbox 774 443 1684 473">
    <p class='ocr_par' dir='ltr' id='par_1_7' title="bbox 774 443 1684 473">
     <span class='ocr_line' id='line_1_55' title="bbox 774 443 1684 473; baseline -0.003 0"><span class='ocrx_word' id='word_1_358' title='bbox 774 446 886 473; x_wconf 81' lang='lat' dir='ltr'>LIBER</span> <span class='ocrx_word' id='word_1_359' title='bbox 908 443 1220 472; x_wconf 79' lang='lat' dir='ltr'><strong>PROCURATORUM</strong></span> <span class='ocrx_word' id='word_1_360' title='bbox 1242 443 1421 470; x_wconf 79' lang='lat' dir='ltr'>NATIONIS</span> <span class='ocrx_word' id='word_1_361' title='bbox 1440 444 1684 470; x_wconf 77' lang='lat' dir='ltr'>ANGLICANAE</span> 
     </span>
    </p>
   </div>
   <div class='ocr_carea' id='block_1_6' title="bbox 1214 965 1247 991">
    <p class='ocr_par' dir='ltr' id='par_1_8' title="bbox 1214 965 1247 991">
     <span class='ocr_line' id='line_1_56' title="bbox 1214 965 1247 991; baseline 0 0"><span class='ocrx_word' id='word_1_362' title='bbox 1214 965 1247 991; x_wconf 90' lang='grc'><strong>10</strong></span> 
     </span>
    </p>
   </div>
   <div class='ocr_carea' id='block_1_7' title="bbox 1215 1210 1247 1235">
    <p class='ocr_par' dir='ltr' id='par_1_9' title="bbox 1215 1210 1247 1235">
     <span class='ocr_line' id='line_1_57' title="bbox 1215 1210 1247 1235; baseline 0.031 -1"><span class='ocrx_word' id='word_1_363' title='bbox 1215 1210 1247 1235; x_wconf 84' lang='grc'><strong>15</strong></span> 
     </span>
    </p>
   </div>
   <div class='ocr_carea' id='block_1_8' title="bbox 1214 1454 1248 1480">
    <p class='ocr_par' dir='ltr' id='par_1_10' title="bbox 1214 1454 1248 1480">
     <span class='ocr_line' id='line_1_58' title="bbox 1214 1454 1248 1480; baseline -0.029 0"><span class='ocrx_word' id='word_1_364' title='bbox 1214 1454 1248 1480; x_wconf 84' lang='lat'><strong>20</strong></span> 
     </span>
    </p>
   </div>
   <div class='ocr_carea' id='block_1_9' title="bbox 1215 1698 1248 1723">
    <p class='ocr_par' dir='ltr' id='par_1_11' title="bbox 1215 1698 1248 1723">
     <span class='ocr_line' id='line_1_59' title="bbox 1215 1698 1248 1723; baseline 0 0"><span class='ocrx_word' id='word_1_365' title='bbox 1215 1698 1248 1723; x_wconf 78' lang='lat'><strong>25</strong></span> 
     </span>
    </p>
   </div>
   <div class='ocr_carea' id='block_1_10' title="bbox 1214 1943 1248 1968">
    <p class='ocr_par' dir='ltr' id='par_1_12' title="bbox 1214 1943 1248 1968">
     <span class='ocr_line' id='line_1_60' title="bbox 1214 1943 1248 1968; baseline 0 0"><span class='ocrx_word' id='word_1_366' title='bbox 1214 1943 1248 1968; x_wconf 89' lang='grc'><strong>30</strong></span> 
     </span>
    </p>
   </div>
   <div class='ocr_carea' id='block_1_11' title="bbox 1214 2187 1248 2214">
    <p class='ocr_par' dir='ltr' id='par_1_13' title="bbox 1214 2187 1248 2214">
     <span class='ocr_line' id='line_1_61' title="bbox 1214 2187 1248 2214; baseline -0.029 0"><span class='ocrx_word' id='word_1_367' title='bbox 1214 2187 1248 2214; x_wconf 88' lang='grc'><strong>35</strong></span> 
     </span>
    </p>
   </div>
   <div class='ocr_carea' id='block_1_12' title="bbox 1213 2431 1248 2458">
    <p class='ocr_par' dir='ltr' id='par_1_14' title="bbox 1213 2431 1248 2458">
     <span class='ocr_line' id='line_1_62' title="bbox 1213 2431 1248 2458; baseline 0.029 -1"><span class='ocrx_word' id='word_1_368' title='bbox 1213 2431 1248 2458; x_wconf 82' lang='grc'><strong>40</strong></span> 
     </span>
    </p>
   </div>
   <div class='ocr_carea' id='block_1_13' title="bbox 1214 2677 1248 2703">
    <p class='ocr_par' dir='ltr' id='par_1_15' title="bbox 1214 2677 1248 2703">
     <span class='ocr_line' id='line_1_63' title="bbox 1214 2677 1248 2703; baseline 0.029 -1"><span class='ocrx_word' id='word_1_369' title='bbox 1214 2677 1248 2703; x_wconf 75' lang='lat'><strong>45</strong></span> 
     </span>
    </p>
   </div>
   <div class='ocr_carea' id='block_1_14' title="bbox 1214 2923 1248 2948">
    <p class='ocr_par' dir='ltr' id='par_1_16' title="bbox 1214 2923 1248 2948">
     <span class='ocr_line' id='line_1_64' title="bbox 1214 2923 1248 2948; baseline 0 0"><span class='ocrx_word' id='word_1_370' title='bbox 1214 2923 1248 2948; x_wconf 87' lang='grc'><strong>50</strong></span> 
     </span>
    </p>
   </div>
   <div class='ocr_carea' id='block_1_15' title="bbox 2139 446 2190 472">
    <p class='ocr_par' dir='ltr' id='par_1_17' title="bbox 2139 446 2190 472">
     <span class='ocr_line' id='line_1_65' title="bbox 2139 446 2190 472; baseline 0 0"><span class='ocrx_word' id='word_1_371' title='bbox 2139 446 2190 472; x_wconf 70' lang='lat'><strong>594</strong></span> 
     </span>
    </p>
   </div>
   <div class='ocr_carea' id='block_1_16' title="bbox 1284 519 2192 901">
    <p class='ocr_par' dir='ltr' id='par_1_18' title="bbox 1284 519 2192 901">
     <span class='ocr_line' id='line_1_66' title="bbox 1285 519 2190 561; baseline 0.003 -13"><span class='ocrx_word' id='word_1_372' title='bbox 1285 519 1370 549; x_wconf 93' lang='lat' dir='ltr'><strong>nullo</strong></span> <span class='ocrx_word' id='word_1_373' title='bbox 1395 521 1486 549; x_wconf 90' lang='lat' dir='ltr'><strong>modo</strong></span> <span class='ocrx_word' id='word_1_374' title='bbox 1513 530 1568 549; x_wconf 90' lang='lat' dir='ltr'><strong>nec</strong></span> <span class='ocrx_word' id='word_1_375' title='bbox 1593 520 1660 550; x_wconf 91' lang='lat' dir='ltr'><strong>illas</strong></span> <span class='ocrx_word' id='word_1_376' title='bbox 1686 531 1742 550; x_wconf 86' lang='lat' dir='ltr'><strong>nec</strong></span> <span class='ocrx_word' id='word_1_377' title='bbox 1767 521 1842 550; x_wconf 83' lang='lat' dir='ltr'><strong>alias</strong></span> <span class='ocrx_word' id='word_1_378' title='bbox 1868 522 1973 550; x_wconf 84' lang='lat' dir='ltr'><strong>literas</strong></span> <span class='ocrx_word' id='word_1_379' title='bbox 1999 522 2190 561; x_wconf 82' lang='lat' dir='ltr'><strong>sigillarent;</strong></span> 
     </span>
     <span class='ocr_line' id='line_1_67' title="bbox 1285 569 2190 610; baseline 0.004 -13"><span class='ocrx_word' id='word_1_380' title='bbox 1285 569 1368 608; x_wconf 91' lang='lat' dir='ltr'><strong>quod</strong></span> <span class='ocrx_word' id='word_1_381' title='bbox 1386 569 1412 598; x_wconf 92' lang='lat' dir='ltr'><strong>si</strong></span> <span class='ocrx_word' id='word_1_382' title='bbox 1433 569 1584 604; x_wconf 77' lang='lat' dir='ltr'><strong>facerent,</strong></span> <span class='ocrx_word' id='word_1_383' title='bbox 1606 569 1699 599; x_wconf 90' lang='lat' dir='ltr'><strong>vellet</strong></span> <span class='ocrx_word' id='word_1_384' title='bbox 1721 577 1826 599; x_wconf 86' lang='lat' dir='ltr'><strong>contra</strong></span> <span class='ocrx_word' id='word_1_385' title='bbox 1845 581 1898 600; x_wconf 85' lang='lat' dir='ltr'><strong>eos</strong></span> <span class='ocrx_word' id='word_1_386' title='bbox 1921 572 2090 610; x_wconf 84' lang='lat' dir='ltr'><strong>procedere</strong></span> <span class='ocrx_word' id='word_1_387' title='bbox 2108 572 2190 601; x_wconf 89' lang='lat' dir='ltr'><strong>omni</strong></span> 
     </span>
     <span class='ocr_line' id='line_1_68' title="bbox 1285 621 2191 658; baseline 0.003 -12"><span class='ocrx_word' id='word_1_388' title='bbox 1285 627 1379 657; x_wconf 88' lang='lat' dir='ltr'><strong>posse</strong></span> <span class='ocrx_word' id='word_1_389' title='bbox 1405 628 1474 653; x_wconf 89' lang='lat' dir='ltr'><strong>su0,</strong></span> <span class='ocrx_word' id='word_1_390' title='bbox 1502 628 1564 647; x_wconf 90' lang='lat' dir='ltr'><strong>non</strong></span> <span class='ocrx_word' id='word_1_391' title='bbox 1592 624 1735 658; x_wconf 86' lang='lat' dir='ltr'><strong>tanquam</strong></span> <span class='ocrx_word' id='word_1_392' title='bbox 1759 625 1866 648; x_wconf 85' lang='lat' dir='ltr'><strong>contra</strong></span> <span class='ocrx_word' id='word_1_393' title='bbox 1890 626 2120 658; x_wconf 87' lang='lat' dir='ltr'><strong>procuratorem</strong></span> <span class='ocrx_word' id='word_1_394' title='bbox 2143 621 2191 649; x_wconf 86' lang='lat' dir='ltr'><strong>vel</strong></span> 
     </span>
     <span class='ocr_line' id='line_1_69' title="bbox 1284 668 2191 708; baseline 0.003 -13"><span class='ocrx_word' id='word_1_395' title='bbox 1284 673 1489 706; x_wconf 76' lang='lat' dir='ltr'><strong>receptorem,</strong></span> <span class='ocrx_word' id='word_1_396' title='bbox 1517 668 1573 696; x_wconf 92' lang='lat' dir='ltr'><strong>sed</strong></span> <span class='ocrx_word' id='word_1_397' title='bbox 1595 674 1701 696; x_wconf 87' lang='lat' dir='ltr'><strong>contra</strong></span> <span class='ocrx_word' id='word_1_398' title='bbox 1721 668 1854 707; x_wconf 88' lang='lat' dir='ltr'><strong>privatas</strong></span> <span class='ocrx_word' id='word_1_399' title='bbox 1877 678 2039 707; x_wconf 75' lang='lat' dir='ltr'><strong>personas,</strong></span> <span class='ocrx_word' id='word_1_400' title='bbox 2063 669 2101 698; x_wconf 84' lang='lat' dir='ltr'><strong>Et</strong></span> <span class='ocrx_word' id='word_1_401' title='bbox 2121 670 2191 708; x_wconf 84' lang='lat' dir='ltr'><strong>quia</strong></span> 
     </span>
     <span class='ocr_line' id='line_1_70' title="bbox 1284 715 2192 757; baseline 0.002 -13"><span class='ocrx_word' id='word_1_402' title='bbox 1284 721 1469 755; x_wconf 89' lang='lat' dir='ltr'><strong>procurator</strong></span> <span class='ocrx_word' id='word_1_403' title='bbox 1484 715 1573 750; x_wconf 86' lang='lat' dir='ltr'><strong>dixit,</strong></span> <span class='ocrx_word' id='word_1_404' title='bbox 1591 716 1674 755; x_wconf 91' lang='lat' dir='ltr'><strong>quod</strong></span> <span class='ocrx_word' id='word_1_405' title='bbox 1690 722 1773 745; x_wconf 90' lang='lat' dir='ltr'><strong>esset</strong></span> <span class='ocrx_word' id='word_1_406' title='bbox 1784 716 1859 745; x_wconf 87' lang='lat' dir='ltr'><strong>satis</strong></span> <span class='ocrx_word' id='word_1_407' title='bbox 1875 717 2055 746; x_wconf 83' lang='lat' dir='ltr'><strong>informatus</strong></span> <span class='ocrx_word' id='word_1_408' title='bbox 2071 728 2085 745; x_wconf 86' lang='lat' dir='ltr'><strong>a</strong></span> <span class='ocrx_word' id='word_1_409' title='bbox 2100 718 2192 757; x_wconf 87' lang='lat' dir='ltr'><strong>magi-</strong></span> 
     </span>
     <span class='ocr_line' id='line_1_71' title="bbox 1285 763 2189 805; baseline 0.002 -12"><span class='ocrx_word' id='word_1_410' title='bbox 1285 763 1372 798; x_wconf 87' lang='lat' dir='ltr'><strong>stris,</strong></span> <span class='ocrx_word' id='word_1_411' title='bbox 1390 764 1442 803; x_wconf 90' lang='lat' dir='ltr'><strong>qui</strong></span> <span class='ocrx_word' id='word_1_412' title='bbox 1457 764 1662 794; x_wconf 84' lang='lat' dir='ltr'><strong>interfuerunt</strong></span> <span class='ocrx_word' id='word_1_413' title='bbox 1679 766 1762 804; x_wconf 89' lang='lat' dir='ltr'><strong>quod</strong></span> <span class='ocrx_word' id='word_1_414' title='bbox 1777 765 1836 794; x_wconf 87' lang='lat' dir='ltr'><strong>sibi</strong></span> <span class='ocrx_word' id='word_1_415' title='bbox 1852 766 2107 799; x_wconf 86' lang='lat' dir='ltr'><strong>concederentur,</strong></span> <span class='ocrx_word' id='word_1_416' title='bbox 2123 766 2189 805; x_wconf 86' lang='lat' dir='ltr'><strong>ipse</strong></span> 
     </span>
     <span class='ocr_line' id='line_1_72' title="bbox 1285 813 2191 854; baseline 0.002 -13"><span class='ocrx_word' id='word_1_417' title='bbox 1285 813 1432 852; x_wconf 87' lang='lat' dir='ltr'><strong>magister</strong></span> <span class='ocrx_word' id='word_1_418' title='bbox 1457 813 1652 842; x_wconf 81' lang='lat' dir='ltr'><strong>Hermannus</strong></span> <span class='ocrx_word' id='word_1_419' title='bbox 1673 824 1767 853; x_wconf 89' lang='lat' dir='ltr'><strong>super</strong></span> <span class='ocrx_word' id='word_1_420' title='bbox 1787 813 1844 842; x_wconf 87' lang='lat' dir='ltr'><strong>hoc</strong></span> <span class='ocrx_word' id='word_1_421' title='bbox 1861 814 2025 854; x_wconf 88' lang='lat' dir='ltr'><strong>requisivit</strong></span> <span class='ocrx_word' id='word_1_422' title='bbox 2045 814 2104 843; x_wconf 91' lang='lat' dir='ltr'><strong>sibi</strong></span> <span class='ocrx_word' id='word_1_423' title='bbox 2124 815 2191 843; x_wconf 83' lang='lat' dir='ltr'><strong>fieri</strong></span> 
     </span>
     <span class='ocr_line' id='line_1_73' title="bbox 1285 860 1783 901; baseline 0.002 -11"><span class='ocrx_word' id='word_1_424' title='bbox 1285 860 1523 890; x_wconf 89' lang='lat' dir='ltr'><strong>instrumentum</strong></span> <span class='ocrx_word' id='word_1_425' title='bbox 1539 861 1708 901; x_wconf 90' lang='lat' dir='ltr'><strong>publicum,</strong></span> <span class='ocrx_word' id='word_1_426' title='bbox 1726 868 1783 891; x_wconf 91' lang='lat' dir='ltr'><strong>etc.</strong></span> 
     </span>
    </p>
   </div>
   <div class='ocr_carea' id='block_1_17' title="bbox 1696 955 1792 984">
    <p class='ocr_par' dir='ltr' id='par_1_19' title="bbox 1696 955 1792 984">
     <span class='ocr_line' id='line_1_74' title="bbox 1696 955 1792 984; baseline 0 0"><span class='ocrx_word' id='word_1_427' title='bbox 1696 955 1792 984; x_wconf 82' lang='lat'><strong>1380</strong></span> 
     </span>
    </p>
   </div>
   <div class='ocr_carea' id='block_1_18' title="bbox 1310 1026 2162 1154">
    <p class='ocr_par' dir='ltr' id='par_1_20' title="bbox 1310 1026 2162 1154">
     <span class='ocr_line' id='line_1_75' title="bbox 1310 1026 2162 1067; baseline 0.002 -12"><span class='ocrx_word' id='word_1_428' title='bbox 1310 1026 1399 1056; x_wconf 83' lang='lat' dir='ltr'><strong>Acta</strong></span> <span class='ocrx_word' id='word_1_429' title='bbox 1433 1033 1518 1056; x_wconf 90' lang='lat' dir='ltr'><strong>sunt</strong></span> <span class='ocrx_word' id='word_1_430' title='bbox 1545 1027 1608 1056; x_wconf 89' lang='lat' dir='ltr'><strong>bec</strong></span> <span class='ocrx_word' id='word_1_431' title='bbox 1638 1027 1672 1056; x_wconf 91' lang='lat' dir='ltr'><strong>in</strong></span> <span class='ocrx_word' id='word_1_432' title='bbox 1704 1028 1965 1066; x_wconf 71' lang='lat' dir='ltr'><strong>procuratoris</strong></span> <span class='ocrx_word' id='word_1_433' title='bbox 1991 1028 2162 1067; x_wconf 84' lang='lat' dir='ltr'><strong>magistri</strong></span> 
     </span>
     <span class='ocr_line' id='line_1_76' title="bbox 1430 1075 2048 1115; baseline 0.003 -11"><span class='ocrx_word' id='word_1_434' title='bbox 1430 1076 1587 1105; x_wconf 89' lang='lat' dir='ltr'><strong>Arnoldi</strong></span> <span class='ocrx_word' id='word_1_435' title='bbox 1615 1076 1657 1105; x_wconf 88' lang='lat' dir='ltr'><strong>de</strong></span> <span class='ocrx_word' id='word_1_436' title='bbox 1692 1075 1855 1115; x_wconf 83' lang='lat' dir='ltr'><strong>Ghyeze,</strong></span> <span class='ocrx_word' id='word_1_437' title='bbox 1883 1077 1976 1106; x_wconf 87' lang='lat' dir='ltr'><strong>alias</strong></span> <span class='ocrx_word' id='word_1_438' title='bbox 2005 1077 2048 1106; x_wconf 87' lang='lat' dir='ltr'><strong>de</strong></span> 
     </span>
     <span class='ocr_line' id='line_1_77' title="bbox 1652 1125 1828 1154; baseline 0 0"><span class='ocrx_word' id='word_1_439' title='bbox 1652 1125 1828 1154; x_wconf 87' lang='lat' dir='ltr'><strong>Arnhem.</strong></span> 
     </span>
    </p>
   </div>
   <div class='ocr_carea' id='block_1_19' title="bbox 1284 1203 2196 2952">
    <p class='ocr_par' dir='ltr' id='par_1_21' title="bbox 1284 1203 2196 1734">
     <span class='ocr_line' id='line_1_78' title="bbox 1325 1203 2191 1245; baseline 0 -11"><span class='ocrx_word' id='word_1_440' title='bbox 1325 1204 1416 1234; x_wconf 88' lang='lat' dir='ltr'><strong>Anno</strong></span> <span class='ocrx_word' id='word_1_441' title='bbox 1429 1203 1553 1233; x_wconf 88' lang='lat' dir='ltr'><strong>Domini</strong></span> <span class='ocrx_word' id='word_1_442' title='bbox 1564 1204 1727 1234; x_wconf 87' lang='lat' dir='ltr'><strong>millesimo</strong></span> <span class='ocrx_word' id='word_1_443' title='bbox 1738 1205 1954 1234; x_wconf 81' lang='lat' dir='ltr'><strong>trecentesimo</strong></span> <span class='ocrx_word' id='word_1_444' title='bbox 1965 1206 2174 1245; x_wconf 86' lang='lat' dir='ltr'><strong>octuagesimo</strong></span> <span class='ocrx_word' id='word_1_445' title='bbox 2184 1228 2191 1240; x_wconf 97' lang='lat'><strong>,</strong></span> 
     </span>
     <span class='ocr_line' id='line_1_79' title="bbox 1284 1253 2192 1294; baseline 0.001 -12"><span class='ocrx_word' id='word_1_446' title='bbox 1284 1253 1385 1282; x_wconf 80' lang='lat' dir='ltr'><strong>XXll·</strong></span> <span class='ocrx_word' id='word_1_447' title='bbox 1405 1253 1455 1282; x_wconf 89' lang='lat' dir='ltr'><strong>die</strong></span> <span class='ocrx_word' id='word_1_448' title='bbox 1482 1253 1598 1282; x_wconf 85' lang='lat' dir='ltr'><strong>mensis</strong></span> <span class='ocrx_word' id='word_1_449' title='bbox 1621 1253 1779 1288; x_wconf 85' lang='lat' dir='ltr'><strong>Octobris,</strong></span> <span class='ocrx_word' id='word_1_450' title='bbox 1806 1255 1883 1283; x_wconf 78' lang='lat' dir='ltr'><strong>faeta</strong></span> <span class='ocrx_word' id='word_1_451' title='bbox 1908 1254 1962 1284; x_wconf 82' lang='lat' dir='ltr'><strong>suit</strong></span> <span class='ocrx_word' id='word_1_452' title='bbox 1985 1255 2192 1294; x_wconf 79' lang='lat' dir='ltr'><strong>congregacio</strong></span> 
     </span>
     <span class='ocr_line' id='line_1_80' title="bbox 1285 1301 2193 1342; baseline 0.001 -11"><span class='ocrx_word' id='word_1_453' title='bbox 1285 1301 1425 1331; x_wconf 90' lang='lat' dir='ltr'><strong>nacionis</strong></span> <span class='ocrx_word' id='word_1_454' title='bbox 1451 1302 1622 1342; x_wconf 84' lang='lat' dir='ltr'><strong>Anglicane</strong></span> <span class='ocrx_word' id='word_1_455' title='bbox 1645 1302 1719 1332; x_wconf 86' lang='lat' dir='ltr'><strong>hora</strong></span> <span class='ocrx_word' id='word_1_456' title='bbox 1742 1303 1908 1342; x_wconf 89' lang='lat' dir='ltr'><strong>primarum</strong></span> <span class='ocrx_word' id='word_1_457' title='bbox 1936 1304 2017 1342; x_wconf 89' lang='lat' dir='ltr'><strong>apud</strong></span> <span class='ocrx_word' id='word_1_458' title='bbox 2049 1303 2193 1333; x_wconf 87' lang='lat' dir='ltr'><strong>Sanctum</strong></span> 
     </span>
     <span class='ocr_line' id='line_1_81' title="bbox 1285 1351 2195 1392; baseline 0.002 -12"><span class='ocrx_word' id='word_1_459' title='bbox 1285 1351 1439 1381; x_wconf 80' lang='lat' dir='ltr'><strong>Julianum</strong></span> <span class='ocrx_word' id='word_1_460' title='bbox 1462 1361 1629 1391; x_wconf 85' lang='lat' dir='ltr'><strong>pauperem</strong></span> <span class='ocrx_word' id='word_1_461' title='bbox 1653 1352 1690 1380; x_wconf 93' lang='lat' dir='ltr'><strong>ad</strong></span> <span class='ocrx_word' id='word_1_462' title='bbox 1712 1358 1942 1391; x_wconf 88' lang='lat' dir='ltr'><strong>procuratorem</strong></span> <span class='ocrx_word' id='word_1_463' title='bbox 1966 1352 2141 1392; x_wconf 89' lang='lat' dir='ltr'><strong>eligendum</strong></span> <span class='ocrx_word' id='word_1_464' title='bbox 2166 1359 2195 1382; x_wconf 89' lang='lat' dir='ltr'><strong>et</strong></span> 
     </span>
     <span class='ocr_line' id='line_1_82' title="bbox 1285 1400 2194 1442; baseline 0.002 -13"><span class='ocrx_word' id='word_1_465' title='bbox 1285 1401 1323 1430; x_wconf 88' lang='lat' dir='ltr'><strong>ad</strong></span> <span class='ocrx_word' id='word_1_466' title='bbox 1339 1407 1514 1440; x_wconf 90' lang='lat' dir='ltr'><strong>computum</strong></span> <span class='ocrx_word' id='word_1_467' title='bbox 1533 1401 1705 1440; x_wconf 80' lang='lat' dir='ltr'><strong>recepturis</strong></span> <span class='ocrx_word' id='word_1_468' title='bbox 1723 1400 1919 1430; x_wconf 84' lang='lat' dir='ltr'><strong>audiendum.</strong></span> <span class='ocrx_word' id='word_1_469' title='bbox 1936 1401 1969 1430; x_wconf 94' lang='lat' dir='ltr'><strong>ln</strong></span> <span class='ocrx_word' id='word_1_470' title='bbox 1987 1412 2047 1440; x_wconf 87' lang='lat' dir='ltr'><strong>qua</strong></span> <span class='ocrx_word' id='word_1_471' title='bbox 2059 1412 2194 1442; x_wconf 86' lang='lat' dir='ltr'><strong>congre-</strong></span> 
     </span>
     <span class='ocr_line' id='line_1_83' title="bbox 1285 1449 2194 1489; baseline 0.001 -11"><span class='ocrx_word' id='word_1_472' title='bbox 1285 1449 1414 1489; x_wconf 80' lang='lat' dir='ltr'><strong>gacione</strong></span> <span class='ocrx_word' id='word_1_473' title='bbox 1437 1449 1552 1478; x_wconf 85' lang='lat' dir='ltr'><strong>electus</strong></span> <span class='ocrx_word' id='word_1_474' title='bbox 1573 1449 1628 1478; x_wconf 82' lang='lat' dir='ltr'><strong>fuit</strong></span> <span class='ocrx_word' id='word_1_475' title='bbox 1649 1450 1679 1478; x_wconf 93' lang='lat' dir='ltr'><strong>in</strong></span> <span class='ocrx_word' id='word_1_476' title='bbox 1702 1456 1935 1489; x_wconf 86' lang='lat' dir='ltr'><strong>procuratorem</strong></span> <span class='ocrx_word' id='word_1_477' title='bbox 1956 1450 2037 1479; x_wconf 84' lang='lat' dir='ltr'><strong>dicte</strong></span> <span class='ocrx_word' id='word_1_478' title='bbox 2056 1450 2194 1480; x_wconf 86' lang='lat' dir='ltr'><strong>nacionis</strong></span> 
     </span>
     <span class='ocr_line' id='line_1_84' title="bbox 1285 1498 2194 1539; baseline 0.002 -12"><span class='ocrx_word' id='word_1_479' title='bbox 1285 1499 1323 1527; x_wconf 91' lang='lat' dir='ltr'><strong>ab</strong></span> <span class='ocrx_word' id='word_1_480' title='bbox 1339 1498 1482 1528; x_wconf 88' lang='lat' dir='ltr'><strong>omnibus</strong></span> <span class='ocrx_word' id='word_1_481' title='bbox 1499 1498 1656 1538; x_wconf 86' lang='lat' dir='ltr'><strong>magistris</strong></span> <span class='ocrx_word' id='word_1_482' title='bbox 1674 1498 1726 1528; x_wconf 92' lang='lat' dir='ltr'><strong>illo</strong></span> <span class='ocrx_word' id='word_1_483' title='bbox 1743 1505 1882 1538; x_wconf 90' lang='lat' dir='ltr'><strong>tempore</strong></span> <span class='ocrx_word' id='word_1_484' title='bbox 1900 1499 1930 1528; x_wconf 90' lang='lat' dir='ltr'><strong>in</strong></span> <span class='ocrx_word' id='word_1_485' title='bbox 1948 1499 2194 1539; x_wconf 77' lang='lat' dir='ltr'><strong>congregacione</strong></span> 
     </span>
     <span class='ocr_line' id='line_1_85' title="bbox 1286 1547 2196 1589; baseline 0.002 -13"><span class='ocrx_word' id='word_1_486' title='bbox 1286 1548 1490 1577; x_wconf 87' lang='lat' dir='ltr'><strong>existentibus</strong></span> <span class='ocrx_word' id='word_1_487' title='bbox 1507 1547 1714 1582; x_wconf 90' lang='lat' dir='ltr'><strong>concorditer,</strong></span> <span class='ocrx_word' id='word_1_488' title='bbox 1734 1547 1818 1576; x_wconf 93' lang='lat' dir='ltr'><strong>nullo</strong></span> <span class='ocrx_word' id='word_1_489' title='bbox 1835 1548 2028 1583; x_wconf 81' lang='lat' dir='ltr'><strong>reclamante,</strong></span> <span class='ocrx_word' id='word_1_490' title='bbox 2049 1549 2196 1589; x_wconf 84' lang='lat' dir='ltr'><strong>magister</strong></span> 
     </span>
     <span class='ocr_line' id='line_1_86' title="bbox 1286 1596 2194 1637; baseline 0.001 -11"><span class='ocrx_word' id='word_1_491' title='bbox 1286 1596 1445 1626; x_wconf 85' lang='lat' dir='ltr'><strong>Arnoldus</strong></span> <span class='ocrx_word' id='word_1_492' title='bbox 1458 1597 1496 1625; x_wconf 91' lang='lat' dir='ltr'><strong>de</strong></span> <span class='ocrx_word' id='word_1_493' title='bbox 1508 1596 1635 1632; x_wconf 89' lang='lat' dir='ltr'><strong>Ghieze‚</strong></span> <span class='ocrx_word' id='word_1_494' title='bbox 1648 1603 1678 1626; x_wconf 91' lang='lat' dir='ltr'><strong>et</strong></span> <span class='ocrx_word' id='word_1_495' title='bbox 1690 1596 1802 1626; x_wconf 88' lang='lat' dir='ltr'><strong>dilatus</strong></span> <span class='ocrx_word' id='word_1_496' title='bbox 1814 1597 1869 1626; x_wconf 84' lang='lat' dir='ltr'><strong>fuit</strong></span> <span class='ocrx_word' id='word_1_497' title='bbox 1882 1603 2045 1636; x_wconf 87' lang='lat' dir='ltr'><strong>computus</strong></span> <span class='ocrx_word' id='word_1_498' title='bbox 2057 1605 2194 1637; x_wconf 88' lang='lat' dir='ltr'><strong>recepto-</strong></span> 
     </span>
     <span class='ocr_line' id='line_1_87' title="bbox 1286 1645 2193 1686; baseline 0.002 -12"><span class='ocrx_word' id='word_1_499' title='bbox 1286 1645 1342 1675; x_wconf 86' lang='lat' dir='ltr'><strong>ris.</strong></span> <span class='ocrx_word' id='word_1_500' title='bbox 1364 1646 1397 1674; x_wconf 92' lang='lat' dir='ltr'><strong>ln</strong></span> <span class='ocrx_word' id='word_1_501' title='bbox 1410 1645 1498 1685; x_wconf 88' lang='lat' dir='ltr'><strong>cujus</strong></span> <span class='ocrx_word' id='word_1_502' title='bbox 1509 1645 1724 1685; x_wconf 81' lang='lat' dir='ltr'><strong>procuratoria</strong></span> <span class='ocrx_word' id='word_1_503' title='bbox 1740 1647 1815 1675; x_wconf 81' lang='lat' dir='ltr'><strong>facta</strong></span> <span class='ocrx_word' id='word_1_504' title='bbox 1831 1653 1903 1675; x_wconf 83' lang='lat' dir='ltr'><strong>sunt</strong></span> <span class='ocrx_word' id='word_1_505' title='bbox 1915 1646 1974 1675; x_wconf 89' lang='lat' dir='ltr'><strong>alia</strong></span> <span class='ocrx_word' id='word_1_506' title='bbox 1982 1656 2038 1686; x_wconf 91' lang='lat' dir='ltr'><strong>per</strong></span> <span class='ocrx_word' id='word_1_507' title='bbox 2054 1647 2193 1676; x_wconf 92' lang='lat' dir='ltr'><strong>ordinem</strong></span> 
     </span>
     <span class='ocr_line' id='line_1_88' title="bbox 1287 1700 1552 1734; baseline -0.004 -10"><span class='ocrx_word' id='word_1_508' title='bbox 1287 1704 1345 1734; x_wconf 90' lang='lat' dir='ltr'><strong>que</strong></span> <span class='ocrx_word' id='word_1_509' title='bbox 1369 1700 1552 1734; x_wconf 87' lang='lat' dir='ltr'><strong>sequuntur.</strong></span> 
     </span>
    </p>

    <p class='ocr_par' dir='ltr' id='par_1_22' title="bbox 1285 1743 2195 1979">
     <span class='ocr_line' id='line_1_89' title="bbox 1327 1743 2195 1774; baseline 0.002 -2"><span class='ocrx_word' id='word_1_510' title='bbox 1327 1743 1402 1773; x_wconf 89' lang='lat' dir='ltr'><strong>ltem</strong></span> <span class='ocrx_word' id='word_1_511' title='bbox 1419 1743 1537 1772; x_wconf 90' lang='lat' dir='ltr'><strong>decima</strong></span> <span class='ocrx_word' id='word_1_512' title='bbox 1549 1743 1600 1772; x_wconf 90' lang='lat' dir='ltr'><strong>die</strong></span> <span class='ocrx_word' id='word_1_513' title='bbox 1616 1743 1732 1772; x_wconf 85' lang='lat' dir='ltr'><strong>mensis</strong></span> <span class='ocrx_word' id='word_1_514' title='bbox 1752 1743 1936 1773; x_wconf 83' lang='lat' dir='ltr'><strong>Novembris</strong></span> <span class='ocrx_word' id='word_1_515' title='bbox 1955 1745 2032 1773; x_wconf 82' lang='lat' dir='ltr'><strong>facta</strong></span> <span class='ocrx_word' id='word_1_516' title='bbox 2050 1744 2105 1774; x_wconf 85' lang='lat' dir='ltr'><strong>suit</strong></span> <span class='ocrx_word' id='word_1_517' title='bbox 2120 1755 2195 1774; x_wconf 91' lang='lat' dir='ltr'><strong>con-</strong></span> 
     </span>
     <span class='ocr_line' id='line_1_90' title="bbox 1285 1792 2192 1833; baseline 0.001 -12"><span class='ocrx_word' id='word_1_518' title='bbox 1285 1792 1433 1832; x_wconf 83' lang='lat' dir='ltr'><strong>gregacio</strong></span> <span class='ocrx_word' id='word_1_519' title='bbox 1446 1793 1526 1832; x_wconf 88' lang='lat' dir='ltr'><strong>apud</strong></span> <span class='ocrx_word' id='word_1_520' title='bbox 1539 1792 1684 1822; x_wconf 87' lang='lat' dir='ltr'><strong>Sanctum</strong></span> <span class='ocrx_word' id='word_1_521' title='bbox 1696 1792 1882 1822; x_wconf 82' lang='lat' dir='ltr'><strong>Maturinum</strong></span> <span class='ocrx_word' id='word_1_522' title='bbox 1894 1794 1930 1822; x_wconf 86' lang='lat' dir='ltr'><strong>ad</strong></span> <span class='ocrx_word' id='word_1_523' title='bbox 1945 1793 2192 1833; x_wconf 84' lang='lat' dir='ltr'><strong>supplicandum,</strong></span> 
     </span>
     <span class='ocr_line' id='line_1_91' title="bbox 1286 1841 2194 1882; baseline 0.001 -12"><span class='ocrx_word' id='word_1_524' title='bbox 1286 1841 1317 1871; x_wconf 89' lang='lat' dir='ltr'><strong>in</strong></span> <span class='ocrx_word' id='word_1_525' title='bbox 1329 1851 1388 1881; x_wconf 90' lang='lat' dir='ltr'><strong>qua</strong></span> <span class='ocrx_word' id='word_1_526' title='bbox 1400 1841 1646 1882; x_wconf 86' lang='lat' dir='ltr'><strong>congregacione</strong></span> <span class='ocrx_word' id='word_1_527' title='bbox 1659 1841 1846 1881; x_wconf 76' lang='lat' dir='ltr'><strong>supplicavit</strong></span> <span class='ocrx_word' id='word_1_528' title='bbox 1856 1842 1998 1871; x_wconf 88' lang='lat' dir='ltr'><strong>dominus</strong></span> <span class='ocrx_word' id='word_1_529' title='bbox 2010 1842 2194 1881; x_wconf 81' lang='lat' dir='ltr'><strong>VVynandus</strong></span> 
     </span>
     <span class='ocr_line' id='line_1_92' title="bbox 1286 1890 2192 1930; baseline 0.002 -11"><span class='ocrx_word' id='word_1_530' title='bbox 1286 1891 1323 1920; x_wconf 93' lang='lat' dir='ltr'><strong>de</strong></span> <span class='ocrx_word' id='word_1_531' title='bbox 1335 1890 1529 1930; x_wconf 84' lang='lat' dir='ltr'><strong>Auersteghe</strong></span> <span class='ocrx_word' id='word_1_532' title='bbox 1541 1900 1598 1930; x_wconf 91' lang='lat' dir='ltr'><strong>pro</strong></span> <span class='ocrx_word' id='word_1_533' title='bbox 1610 1890 1699 1920; x_wconf 86' lang='lat' dir='ltr'><strong>litera</strong></span> <span class='ocrx_word' id='word_1_534' title='bbox 1708 1890 1907 1920; x_wconf 86' lang='lat' dir='ltr'><strong>testimoniali</strong></span> <span class='ocrx_word' id='word_1_535' title='bbox 1923 1891 2110 1920; x_wconf 81' lang='lat' dir='ltr'><strong>scolaritatis</strong></span> <span class='ocrx_word' id='word_1_536' title='bbox 2127 1902 2192 1926; x_wconf 86' lang='lat' dir='ltr'><strong>sue,</strong></span> 
     </span>
     <span class='ocr_line' id='line_1_93' title="bbox 1286 1938 1826 1979; baseline 0 -10"><span class='ocrx_word' id='word_1_537' title='bbox 1286 1938 1373 1979; x_wconf 87' lang='lat' dir='ltr'><strong>cujus</strong></span> <span class='ocrx_word' id='word_1_538' title='bbox 1391 1939 1582 1979; x_wconf 89' lang='lat' dir='ltr'><strong>supplicacio</strong></span> <span class='ocrx_word' id='word_1_539' title='bbox 1597 1939 1652 1969; x_wconf 82' lang='lat' dir='ltr'><strong>fuit</strong></span> <span class='ocrx_word' id='word_1_540' title='bbox 1667 1950 1826 1969; x_wconf 85' lang='lat' dir='ltr'><strong>concessa.</strong></span> 
     </span>
    </p>

    <p class='ocr_par' dir='ltr' id='par_1_23' title="bbox 1285 1989 2195 2753">
     <span class='ocr_line' id='line_1_94' title="bbox 1327 1989 2195 2029; baseline 0 -11"><span class='ocrx_word' id='word_1_541' title='bbox 1327 1989 1439 2018; x_wconf 87' lang='lat' dir='ltr'><strong>Postea</strong></span> <span class='ocrx_word' id='word_1_542' title='bbox 1457 1989 1488 2018; x_wconf 92' lang='lat' dir='ltr'><strong>in</strong></span> <span class='ocrx_word' id='word_1_543' title='bbox 1508 1989 1613 2018; x_wconf 86' lang='lat' dir='ltr'><strong>eadem</strong></span> <span class='ocrx_word' id='word_1_544' title='bbox 1631 1989 1877 2028; x_wconf 84' lang='lat' dir='ltr'><strong>congregacione</strong></span> <span class='ocrx_word' id='word_1_545' title='bbox 1896 1989 2081 2029; x_wconf 85' lang='lat' dir='ltr'><strong>supplicavit</strong></span> <span class='ocrx_word' id='word_1_546' title='bbox 2097 1989 2195 2029; x_wconf 88' lang='lat' dir='ltr'><strong>magi-</strong></span> 
     </span>
     <span class='ocr_line' id='line_1_95' title="bbox 1286 2037 2195 2077; baseline 0 -10"><span class='ocrx_word' id='word_1_547' title='bbox 1286 2044 1351 2067; x_wconf 84' lang='lat' dir='ltr'><strong>ster</strong></span> <span class='ocrx_word' id='word_1_548' title='bbox 1369 2037 1564 2067; x_wconf 81' lang='lat' dir='ltr'><strong>Hermannus</strong></span> <span class='ocrx_word' id='word_1_549' title='bbox 1589 2039 1626 2067; x_wconf 86' lang='lat' dir='ltr'><strong>de</strong></span> <span class='ocrx_word' id='word_1_550' title='bbox 1655 2037 1854 2077; x_wconf 48' lang='lat' dir='ltr'><strong>&amp;Varendorp</strong></span> <span class='ocrx_word' id='word_1_551' title='bbox 1876 2047 1932 2077; x_wconf 88' lang='lat' dir='ltr'><strong>pro</strong></span> <span class='ocrx_word' id='word_1_552' title='bbox 1958 2038 2056 2067; x_wconf 83' lang='lat' dir='ltr'><strong>literis</strong></span> <span class='ocrx_word' id='word_1_553' title='bbox 2076 2049 2195 2068; x_wconf 86' lang='lat' dir='ltr'><strong>recom-</strong></span> 
     </span>
     <span class='ocr_line' id='line_1_96' title="bbox 1286 2087 2193 2126; baseline 0 -10"><span class='ocrx_word' id='word_1_554' title='bbox 1286 2087 1486 2116; x_wconf 88' lang='lat' dir='ltr'><strong>mendatoriis</strong></span> <span class='ocrx_word' id='word_1_555' title='bbox 1501 2087 1539 2116; x_wconf 87' lang='lat' dir='ltr'><strong>ad</strong></span> <span class='ocrx_word' id='word_1_556' title='bbox 1559 2097 1708 2116; x_wconf 89' lang='lat' dir='ltr'><strong>summum</strong></span> <span class='ocrx_word' id='word_1_557' title='bbox 1724 2087 1898 2126; x_wconf 82' lang='lat' dir='ltr'><strong>pontificem</strong></span> <span class='ocrx_word' id='word_1_558' title='bbox 1914 2094 1943 2116; x_wconf 88' lang='lat' dir='ltr'><strong>et</strong></span> <span class='ocrx_word' id='word_1_559' title='bbox 1956 2089 1993 2116; x_wconf 87' lang='lat' dir='ltr'><strong>ad</strong></span> <span class='ocrx_word' id='word_1_560' title='bbox 2010 2087 2193 2121; x_wconf 82' lang='lat' dir='ltr'><strong>cardinales,</strong></span> 
     </span>
     <span class='ocr_line' id='line_1_97' title="bbox 1285 2135 2194 2176; baseline -0.001 -10"><span class='ocrx_word' id='word_1_561' title='bbox 1285 2135 1373 2176; x_wconf 86' lang='lat' dir='ltr'><strong>cujus</strong></span> <span class='ocrx_word' id='word_1_562' title='bbox 1389 2136 1581 2176; x_wconf 83' lang='lat' dir='ltr'><strong>supplicacio</strong></span> <span class='ocrx_word' id='word_1_563' title='bbox 1598 2146 1747 2165; x_wconf 80' lang='lat' dir='ltr'><strong>concessa</strong></span> <span class='ocrx_word' id='word_1_564' title='bbox 1769 2136 1824 2165; x_wconf 82' lang='lat' dir='ltr'><strong>fuit</strong></span> <span class='ocrx_word' id='word_1_565' title='bbox 1846 2137 1903 2166; x_wconf 89' lang='lat' dir='ltr'><strong>sub</strong></span> <span class='ocrx_word' id='word_1_566' title='bbox 1917 2136 1969 2166; x_wconf 87' lang='lat' dir='ltr'><strong>tali</strong></span> <span class='ocrx_word' id='word_1_567' title='bbox 1987 2138 2093 2171; x_wconf 77' lang='lat' dir='ltr'><strong>forma,</strong></span> <span class='ocrx_word' id='word_1_568' title='bbox 2112 2137 2194 2176; x_wconf 90' lang='lat' dir='ltr'><strong>quod</strong></span> 
     </span>
     <span class='ocr_line' id='line_1_98' title="bbox 1286 2185 2195 2225; baseline 0 -11"><span class='ocrx_word' id='word_1_569' title='bbox 1286 2195 1348 2214; x_wconf 92' lang='lat' dir='ltr'><strong>non</strong></span> <span class='ocrx_word' id='word_1_570' title='bbox 1373 2185 1459 2214; x_wconf 83' lang='lat' dir='ltr'><strong>fieret</strong></span> <span class='ocrx_word' id='word_1_571' title='bbox 1483 2185 1602 2214; x_wconf 89' lang='lat' dir='ltr'><strong>mencio</strong></span> <span class='ocrx_word' id='word_1_572' title='bbox 1623 2195 1679 2224; x_wconf 86' lang='lat' dir='ltr'><strong>per</strong></span> <span class='ocrx_word' id='word_1_573' title='bbox 1703 2185 1803 2224; x_wconf 87' lang='lat' dir='ltr'><strong>ipsum</strong></span> <span class='ocrx_word' id='word_1_574' title='bbox 1829 2195 1886 2225; x_wconf 88' lang='lat' dir='ltr'><strong>pro</strong></span> <span class='ocrx_word' id='word_1_575' title='bbox 1909 2185 2064 2225; x_wconf 82' lang='lat' dir='ltr'><strong>aliquibus</strong></span> <span class='ocrx_word' id='word_1_576' title='bbox 2087 2187 2195 2214; x_wconf 85' lang='lat' dir='ltr'><strong>absen—</strong></span> 
     </span>
     <span class='ocr_line' id='line_1_99' title="bbox 1286 2233 2194 2274; baseline -0.001 -10"><span class='ocrx_word' id='word_1_577' title='bbox 1286 2235 1368 2264; x_wconf 88' lang='lat' dir='ltr'><strong>tibus</strong></span> <span class='ocrx_word' id='word_1_578' title='bbox 1385 2240 1413 2263; x_wconf 90' lang='lat' dir='ltr'><strong>et</strong></span> <span class='ocrx_word' id='word_1_579' title='bbox 1426 2233 1521 2263; x_wconf 88' lang='lat' dir='ltr'><strong>eciam</strong></span> <span class='ocrx_word' id='word_1_580' title='bbox 1535 2234 1615 2269; x_wconf 82' lang='lat' dir='ltr'><strong>aliis,</strong></span> <span class='ocrx_word' id='word_1_581' title='bbox 1629 2234 1681 2273; x_wconf 89' lang='lat' dir='ltr'><strong>qui</strong></span> <span class='ocrx_word' id='word_1_582' title='bbox 1696 2244 1757 2263; x_wconf 92' lang='lat' dir='ltr'><strong>non</strong></span> <span class='ocrx_word' id='word_1_583' title='bbox 1770 2240 1874 2263; x_wconf 88' lang='lat' dir='ltr'><strong>essent</strong></span> <span class='ocrx_word' id='word_1_584' title='bbox 1889 2234 2049 2274; x_wconf 84' lang='lat' dir='ltr'><strong>supposita</strong></span> <span class='ocrx_word' id='word_1_585' title='bbox 2068 2234 2194 2263; x_wconf 81' lang='lat' dir='ltr'><strong>Univer-</strong></span> 
     </span>
     <span class='ocr_line' id='line_1_100' title="bbox 1286 2283 2195 2323; baseline -0.002 -10"><span class='ocrx_word' id='word_1_586' title='bbox 1286 2283 1397 2318; x_wconf 87' lang='lat' dir='ltr'><strong>sitatis,</strong></span> <span class='ocrx_word' id='word_1_587' title='bbox 1418 2283 1475 2312; x_wconf 90' lang='lat' dir='ltr'><strong>hoc</strong></span> <span class='ocrx_word' id='word_1_588' title='bbox 1501 2283 1606 2312; x_wconf 89' lang='lat' dir='ltr'><strong>addito</strong></span> <span class='ocrx_word' id='word_1_589' title='bbox 1629 2283 1712 2322; x_wconf 90' lang='lat' dir='ltr'><strong>quod</strong></span> <span class='ocrx_word' id='word_1_590' title='bbox 1735 2290 1931 2323; x_wconf 83' lang='lat' dir='ltr'><strong>promoveret</strong></span> <span class='ocrx_word' id='word_1_591' title='bbox 1949 2283 2076 2322; x_wconf 85' lang='lat' dir='ltr'><strong>negocia</strong></span> <span class='ocrx_word' id='word_1_592' title='bbox 2098 2283 2195 2322; x_wconf 77' lang='lat' dir='ltr'><strong>tnagi-</strong></span> 
     </span>
     <span class='ocr_line' id='line_1_101' title="bbox 1285 2331 2194 2372; baseline -0.002 -10"><span class='ocrx_word' id='word_1_593' title='bbox 1285 2339 1420 2362; x_wconf 87' lang='lat' dir='ltr'><strong>strorum</strong></span> <span class='ocrx_word' id='word_1_594' title='bbox 1439 2338 1510 2361; x_wconf 92' lang='lat' dir='ltr'><strong>tunc</strong></span> <span class='ocrx_word' id='word_1_595' title='bbox 1529 2332 1677 2372; x_wconf 87' lang='lat' dir='ltr'><strong>temporis</strong></span> <span class='ocrx_word' id='word_1_596' title='bbox 1697 2331 1836 2361; x_wconf 85' lang='lat' dir='ltr'><strong>Parisius</strong></span> <span class='ocrx_word' id='word_1_597' title='bbox 1853 2332 2045 2371; x_wconf 87' lang='lat' dir='ltr'><strong>presencium</strong></span> <span class='ocrx_word' id='word_1_598' title='bbox 2066 2332 2094 2360; x_wconf 92' lang='lat' dir='ltr'><strong>in</strong></span> <span class='ocrx_word' id='word_1_599' title='bbox 2112 2332 2194 2360; x_wconf 85' lang='lat' dir='ltr'><strong>curia</strong></span> 
     </span>
     <span class='ocr_line' id='line_1_102' title="bbox 1285 2380 2194 2420; baseline 0 -10"><span class='ocrx_word' id='word_1_600' title='bbox 1285 2381 1438 2415; x_wconf 85' lang='lat' dir='ltr'><strong>Romana,</strong></span> <span class='ocrx_word' id='word_1_601' title='bbox 1463 2381 1488 2410; x_wconf 93' lang='lat' dir='ltr'><strong>si</strong></span> <span class='ocrx_word' id='word_1_602' title='bbox 1508 2391 1588 2420; x_wconf 87' lang='lat' dir='ltr'><strong>opus</strong></span> <span class='ocrx_word' id='word_1_603' title='bbox 1609 2387 1703 2416; x_wconf 85' lang='lat' dir='ltr'><strong>esset,</strong></span> <span class='ocrx_word' id='word_1_604' title='bbox 1722 2387 1752 2410; x_wconf 87' lang='lat' dir='ltr'><strong>et</strong></span> <span class='ocrx_word' id='word_1_605' title='bbox 1767 2381 1849 2420; x_wconf 91' lang='lat' dir='ltr'><strong>quod</strong></span> <span class='ocrx_word' id='word_1_606' title='bbox 1868 2391 1929 2410; x_wconf 90' lang='lat' dir='ltr'><strong>non</strong></span> <span class='ocrx_word' id='word_1_607' title='bbox 1945 2388 2028 2410; x_wconf 78' lang='lat' dir='ltr'><strong>esset</strong></span> <span class='ocrx_word' id='word_1_608' title='bbox 2043 2381 2070 2409; x_wconf 93' lang='lat' dir='ltr'><strong>in</strong></span> <span class='ocrx_word' id='word_1_609' title='bbox 2090 2380 2194 2420; x_wconf 79' lang='lat' dir='ltr'><strong>preju-</strong></span> 
     </span>
     <span class='ocr_line' id='line_1_103' title="bbox 1285 2428 2194 2470; baseline -0.001 -11"><span class='ocrx_word' id='word_1_610' title='bbox 1285 2430 1399 2460; x_wconf 89' lang='lat' dir='ltr'><strong>dicium</strong></span> <span class='ocrx_word' id='word_1_611' title='bbox 1414 2430 1518 2470; x_wconf 85' lang='lat' dir='ltr'><strong>gracie</strong></span> <span class='ocrx_word' id='word_1_612' title='bbox 1542 2429 1590 2459; x_wconf 88' lang='lat' dir='ltr'><strong>vel</strong></span> <span class='ocrx_word' id='word_1_613' title='bbox 1615 2440 1748 2469; x_wconf 89' lang='lat' dir='ltr'><strong>persone</strong></span> <span class='ocrx_word' id='word_1_614' title='bbox 1770 2428 1899 2468; x_wconf 85' lang='lat' dir='ltr'><strong>alicujus</strong></span> <span class='ocrx_word' id='word_1_615' title='bbox 1927 2430 2064 2469; x_wconf 83' lang='lat' dir='ltr'><strong>magistri</strong></span> <span class='ocrx_word' id='word_1_616' title='bbox 2090 2430 2194 2458; x_wconf 87' lang='lat' dir='ltr'><strong>nacio-</strong></span> 
     </span>
     <span class='ocr_line' id='line_1_104' title="bbox 1285 2478 2193 2519; baseline -0.001 -11"><span class='ocrx_word' id='word_1_617' title='bbox 1285 2479 1345 2508; x_wconf 89' lang='lat' dir='ltr'><strong>nis.</strong></span> <span class='ocrx_word' id='word_1_618' title='bbox 1360 2479 1472 2509; x_wconf 83' lang='lat' dir='ltr'><strong>Postea</strong></span> <span class='ocrx_word' id='word_1_619' title='bbox 1488 2478 1675 2519; x_wconf 78' lang='lat' dir='ltr'><strong>supplicavit</strong></span> <span class='ocrx_word' id='word_1_620' title='bbox 1694 2479 1723 2508; x_wconf 91' lang='lat' dir='ltr'><strong>in</strong></span> <span class='ocrx_word' id='word_1_621' title='bbox 1743 2480 1847 2508; x_wconf 82' lang='lat' dir='ltr'><strong>eadem</strong></span> <span class='ocrx_word' id='word_1_622' title='bbox 1868 2479 2113 2518; x_wconf 68' lang='lat' dir='ltr'><strong>congregacione</strong></span> <span class='ocrx_word' id='word_1_623' title='bbox 2135 2489 2193 2518; x_wconf 87' lang='lat' dir='ltr'><strong>pro</strong></span> 
     </span>
     <span class='ocr_line' id='line_1_105' title="bbox 1285 2526 2192 2568; baseline -0.003 -10"><span class='ocrx_word' id='word_1_624' title='bbox 1285 2528 1373 2558; x_wconf 77' lang='lat' dir='ltr'><strong>litera</strong></span> <span class='ocrx_word' id='word_1_625' title='bbox 1393 2528 1615 2568; x_wconf 86' lang='lat' dir='ltr'><strong>supplicatoria</strong></span> <span class='ocrx_word' id='word_1_626' title='bbox 1632 2534 1661 2557; x_wconf 88' lang='lat' dir='ltr'><strong>et</strong></span> <span class='ocrx_word' id='word_1_627' title='bbox 1675 2528 1968 2557; x_wconf 75' lang='lat' dir='ltr'><strong>recommendamria</strong></span> <span class='ocrx_word' id='word_1_628' title='bbox 1985 2529 2021 2556; x_wconf 83' lang='lat' dir='ltr'><strong>ad</strong></span> <span class='ocrx_word' id='word_1_629' title='bbox 2040 2526 2192 2556; x_wconf 79' lang='lat' dir='ltr'><strong>cancella-</strong></span> 
     </span>
     <span class='ocr_line' id='line_1_106' title="bbox 1286 2575 2194 2616; baseline -0.001 -10"><span class='ocrx_word' id='word_1_630' title='bbox 1286 2577 1361 2606; x_wconf 90' lang='lat' dir='ltr'><strong>riam</strong></span> <span class='ocrx_word' id='word_1_631' title='bbox 1377 2577 1461 2606; x_wconf 87' lang='lat' dir='ltr'><strong>curie</strong></span> <span class='ocrx_word' id='word_1_632' title='bbox 1474 2577 1622 2611; x_wconf 80' lang='lat' dir='ltr'><strong>Romane,</strong></span> <span class='ocrx_word' id='word_1_633' title='bbox 1633 2577 1704 2616; x_wconf 87' lang='lat' dir='ltr'><strong>quia</strong></span> <span class='ocrx_word' id='word_1_634' title='bbox 1718 2577 1805 2606; x_wconf 86' lang='lat' dir='ltr'><strong>litere</strong></span> <span class='ocrx_word' id='word_1_635' title='bbox 1818 2587 1871 2606; x_wconf 80' lang='lat' dir='ltr'><strong>sue</strong></span> <span class='ocrx_word' id='word_1_636' title='bbox 1881 2583 1909 2605; x_wconf 88' lang='lat' dir='ltr'><strong>et</strong></span> <span class='ocrx_word' id='word_1_637' title='bbox 1924 2575 2194 2616; x_wconf 74' lang='lat' dir='ltr'><strong>supplicati‹›ne[s]</strong></span> 
     </span>
     <span class='ocr_line' id='line_1_107' title="bbox 1286 2624 2194 2666; baseline -0.002 -11"><span class='ocrx_word' id='word_1_638' title='bbox 1286 2637 1347 2656; x_wconf 94' lang='lat' dir='ltr'><strong>non</strong></span> <span class='ocrx_word' id='word_1_639' title='bbox 1361 2632 1503 2666; x_wconf 90' lang='lat' dir='ltr'><strong>poterant</strong></span> <span class='ocrx_word' id='word_1_640' title='bbox 1520 2626 1652 2655; x_wconf 86' lang='lat' dir='ltr'><strong>transire</strong></span> <span class='ocrx_word' id='word_1_641' title='bbox 1671 2626 1893 2659; x_wconf 83' lang='lat' dir='ltr'><strong>cancellariam,</strong></span> <span class='ocrx_word' id='word_1_642' title='bbox 1912 2632 1941 2654; x_wconf 86' lang='lat' dir='ltr'><strong>ut</strong></span> <span class='ocrx_word' id='word_1_643' title='bbox 1961 2626 2026 2664; x_wconf 79' lang='lat' dir='ltr'><strong>ipse</strong></span> <span class='ocrx_word' id='word_1_644' title='bbox 2043 2624 2194 2654; x_wconf 77' lang='lat' dir='ltr'><strong>cancella-</strong></span> 
     </span>
     <span class='ocr_line' id='line_1_108' title="bbox 1286 2673 2194 2714; baseline -0.002 -10"><span class='ocrx_word' id='word_1_645' title='bbox 1286 2675 1350 2705; x_wconf 92' lang='lat' dir='ltr'><strong>rius</strong></span> <span class='ocrx_word' id='word_1_646' title='bbox 1377 2675 1453 2704; x_wconf 89' lang='lat' dir='ltr'><strong>tales</strong></span> <span class='ocrx_word' id='word_1_647' title='bbox 1484 2675 1618 2704; x_wconf 84' lang='lat' dir='ltr'><strong>transire</strong></span> <span class='ocrx_word' id='word_1_648' title='bbox 1645 2675 1845 2714; x_wconf 88' lang='lat' dir='ltr'><strong>permitteret.</strong></span> <span class='ocrx_word' id='word_1_649' title='bbox 1878 2673 1974 2714; x_wconf 80' lang='lat' dir='ltr'><strong>Cujus</strong></span> <span class='ocrx_word' id='word_1_650' title='bbox 2003 2673 2194 2713; x_wconf 79' lang='lat' dir='ltr'><strong>supplicacio</strong></span> 
     </span>
     <span class='ocr_line' id='line_1_109' title="bbox 1285 2724 1633 2753; baseline -0.003 0"><span class='ocrx_word' id='word_1_651' title='bbox 1285 2724 1380 2753; x_wconf 89' lang='lat' dir='ltr'><strong>eciam</strong></span> <span class='ocrx_word' id='word_1_652' title='bbox 1403 2724 1458 2753; x_wconf 84' lang='lat' dir='ltr'><strong>suit</strong></span> <span class='ocrx_word' id='word_1_653' title='bbox 1474 2734 1633 2753; x_wconf 83' lang='lat' dir='ltr'><strong>concessa.</strong></span> 
     </span>
    </p>

    <p class='ocr_par' dir='ltr' id='par_1_24' title="bbox 1285 2771 2192 2952">
     <span class='ocr_line' id='line_1_110' title="bbox 1326 2771 2188 2812; baseline -0.003 -10"><span class='ocrx_word' id='word_1_654' title='bbox 1326 2773 1400 2802; x_wconf 89' lang='lat' dir='ltr'><strong>ltem</strong></span> <span class='ocrx_word' id='word_1_655' title='bbox 1425 2773 1653 2812; x_wconf 77' lang='lat' dir='ltr'><strong>quartadecima</strong></span> <span class='ocrx_word' id='word_1_656' title='bbox 1679 2773 1728 2801; x_wconf 83' lang='lat' dir='ltr'><strong>‹lie</strong></span> <span class='ocrx_word' id='word_1_657' title='bbox 1754 2771 1868 2800; x_wconf 71' lang='lat' dir='ltr'><strong>mensis</strong></span> <span class='ocrx_word' id='word_1_658' title='bbox 1898 2771 2081 2800; x_wconf 72' lang='lat' dir='ltr'><strong>Novembris</strong></span> <span class='ocrx_word' id='word_1_659' title='bbox 2112 2771 2188 2799; x_wconf 78' lang='lat' dir='ltr'><strong>sacta</strong></span> 
     </span>
     <span class='ocr_line' id='line_1_111' title="bbox 1285 2819 2192 2861; baseline -0.003 -10"><span class='ocrx_word' id='word_1_660' title='bbox 1285 2822 1532 2861; x_wconf 81' lang='lat' dir='ltr'><strong>congregacione</strong></span> <span class='ocrx_word' id='word_1_661' title='bbox 1557 2821 1695 2850; x_wconf 74' lang='lat' dir='ltr'><strong>nacionis</strong></span> <span class='ocrx_word' id='word_1_662' title='bbox 1718 2821 1887 2861; x_wconf 78' lang='lat' dir='ltr'><strong>Anglicnne</strong></span> <span class='ocrx_word' id='word_1_663' title='bbox 1912 2830 1966 2859; x_wconf 76' lang='lat' dir='ltr'><strong>prr</strong></span> <span class='ocrx_word' id='word_1_664' title='bbox 1986 2819 2192 2859; x_wconf 83' lang='lat' dir='ltr'><strong>juramentum</strong></span> 
     </span>
     <span class='ocr_line' id='line_1_112' title="bbox 1285 2868 2190 2910; baseline -0.003 -10"><span class='ocrx_word' id='word_1_665' title='bbox 1285 2871 1365 2910; x_wconf 84' lang='lat' dir='ltr'><strong>apud</strong></span> <span class='ocrx_word' id='word_1_666' title='bbox 1394 2870 1538 2900; x_wconf 83' lang='lat' dir='ltr'><strong>Sanctum</strong></span> <span class='ocrx_word' id='word_1_667' title='bbox 1557 2870 1709 2899; x_wconf 70' lang='lat' dir='ltr'><strong>lulianum</strong></span> <span class='ocrx_word' id='word_1_668' title='bbox 1734 2879 1897 2909; x_wconf 82' lang='lat' dir='ltr'><strong>pauperem</strong></span> <span class='ocrx_word' id='word_1_669' title='bbox 1925 2869 1960 2897; x_wconf 80' lang='lat' dir='ltr'><strong>ad</strong></span> <span class='ocrx_word' id='word_1_670' title='bbox 1986 2868 2190 2897; x_wconf 77' lang='lat' dir='ltr'><strong>ordinandum</strong></span> 
     </span>
     <span class='ocr_line' id='line_1_113' title="bbox 1286 2917 2186 2952; baseline -0.002 -4"><span class='ocrx_word' id='word_1_671' title='bbox 1286 2919 1323 2948; x_wconf 85' lang='lat' dir='ltr'><strong>de</strong></span> <span class='ocrx_word' id='word_1_672' title='bbox 1340 2919 1417 2948; x_wconf 80' lang='lat' dir='ltr'><strong>sesto</strong></span> <span class='ocrx_word' id='word_1_673' title='bbox 1434 2918 1531 2948; x_wconf 82' lang='lat' dir='ltr'><strong>sancti</strong></span> <span class='ocrx_word' id='word_1_674' title='bbox 1550 2918 1732 2952; x_wconf 80' lang='lat' dir='ltr'><strong>Eadtnundi,</strong></span> <span class='ocrx_word' id='word_1_675' title='bbox 1753 2918 1870 2947; x_wconf 73' lang='lat' dir='ltr'><strong>scilicet</strong></span> <span class='ocrx_word' id='word_1_676' title='bbox 1885 2918 1922 2946; x_wconf 77' lang='lat' dir='ltr'><strong>dc</strong></span> <span class='ocrx_word' id='word_1_677' title='bbox 1940 2917 2132 2950; x_wconf 78' lang='lat' dir='ltr'><strong>cantoribus,</strong></span> <span class='ocrx_word' id='word_1_678' title='bbox 2149 2918 2186 2946; x_wconf 87' lang='lat' dir='ltr'><strong>de</strong></span> 
     </span>
    </p>
   </div>
   <div class='ocr_carea' id='block_1_20' title="bbox 1285 2965 2192 3037">
    <p class='ocr_par' dir='ltr' id='par_1_25' title="bbox 1285 2965 2192 3037">
     <span class='ocr_line' id='line_1_114' title="bbox 1285 2965 2192 3007; baseline -0.003 -10"><span class='ocrx_word' id='word_1_679' title='bbox 1285 2967 1486 3003; x_wconf 79' lang='lat' dir='ltr'><strong>ornamentis,</strong></span> <span class='ocrx_word' id='word_1_680' title='bbox 1510 2968 1548 2997; x_wconf 87' lang='lat' dir='ltr'><strong>de</strong></span> <span class='ocrx_word' id='word_1_681' title='bbox 1569 2967 1699 3007; x_wconf 80' lang='lat' dir='ltr'><strong>prandio</strong></span> <span class='ocrx_word' id='word_1_682' title='bbox 1721 2974 1751 2996; x_wconf 89' lang='lat' dir='ltr'><strong>et</strong></span> <span class='ocrx_word' id='word_1_683' title='bbox 1771 2967 1808 2995; x_wconf 84' lang='lat' dir='ltr'><strong>de</strong></span> <span class='ocrx_word' id='word_1_684' title='bbox 1829 2966 1959 3006; x_wconf 87' lang='lat' dir='ltr'><strong>pecunia</strong></span> <span class='ocrx_word' id='word_1_685' title='bbox 1976 2965 2114 2995; x_wconf 78' lang='lat' dir='ltr'><strong>habenda</strong></span> <span class='ocrx_word' id='word_1_686' title='bbox 2135 2975 2192 3005; x_wconf 87' lang='lat' dir='ltr'><strong>pro</strong></span> 
     </span>
     <span class='ocr_line' id='line_1_115' title="bbox 2086 3018 2111 3037; baseline 0 0"><span class='ocrx_word' id='word_1_687' title='bbox 2086 3018 2111 3037; x_wconf 70' lang='lat'><strong>³0</strong></span> 
     </span>
    </p>
   </div>
  </div>
 </body>
</html>
