<?xml version="1.0" encoding="UTF-8"?>
<!DOCTYPE html PUBLIC "-//W3C//DTD XHTML 1.0 Transitional//EN"
    "http://www.w3.org/TR/xhtml1/DTD/xhtml1-transitional.dtd">
<html xmlns="http://www.w3.org/1999/xhtml" xml:lang="en" lang="en">
 <head>
  <title>
</title>
<meta http-equiv="Content-Type" content="text/html;charset=utf-8" />
  <meta name='ocr-system' content='tesseract 3.04.00' />
  <meta name='ocr-capabilities' content='ocr_page ocr_carea ocr_par ocr_line ocrx_word'/>
</head>
<body>
  <div class='ocr_page' id='page_1' title='image "auctariumchartul01univuoft_0073.png"; bbox 0 0 2632 3464; ppageno 0'>
   <div class='ocr_carea' id='block_1_1' title="bbox 0 0 55 3464">
    <p class='ocr_par' dir='ltr' id='par_1_1' title="bbox 0 0 55 3464">
     <span class='ocr_line' id='line_1_1' title="bbox 0 0 55 3464; baseline 0 0"><span class='ocrx_word' id='word_1_1' title='bbox 0 0 55 3464; x_wconf 95' lang='lat' dir='ltr'> </span> 
     </span>
    </p>
   </div>
   <div class='ocr_carea' id='block_1_2' title="bbox 923 413 2207 442">
    <p class='ocr_par' dir='ltr' id='par_1_2' title="bbox 923 413 2207 442">
     <span class='ocr_line' id='line_1_2' title="bbox 923 413 2207 442; baseline -0.001 -1"><span class='ocrx_word' id='word_1_2' title='bbox 923 414 1195 442; x_wconf 81' lang='lat' dir='ltr'>MEMORABILIA</span> <span class='ocrx_word' id='word_1_3' title='bbox 1213 414 1299 440; x_wconf 79' lang='lat' dir='ltr'><strong>NAT.</strong></span> <span class='ocrx_word' id='word_1_4' title='bbox 1320 413 1565 440; x_wconf 81' lang='lat' dir='ltr'>ANGLICANAE</span> <span class='ocrx_word' id='word_1_5' title='bbox 2135 423 2207 440; x_wconf 77' lang='lat' dir='ltr'>van</span> 
     </span>
    </p>
   </div>
   <div class='ocr_carea' id='block_1_3' title="bbox 276 488 2209 2552">
    <p class='ocr_par' dir='ltr' id='par_1_3' title="bbox 278 488 2209 1014">
     <span class='ocr_line' id='line_1_3' title="bbox 280 488 2207 539; baseline -0.002 -9"><span class='ocrx_word' id='word_1_6' title='bbox 280 493 369 530; x_wconf 87' lang='lat' dir='ltr'>liter</span> <span class='ocrx_word' id='word_1_7' title='bbox 394 493 518 529; x_wconf 89' lang='lat' dir='ltr'>nuntii</span> <span class='ocrx_word' id='word_1_8' title='bbox 541 505 630 529; x_wconf 90' lang='lat' dir='ltr'>cum</span> <span class='ocrx_word' id='word_1_9' title='bbox 653 492 889 528; x_wconf 83' lang='lat' dir='ltr'>Avenionem</span> <span class='ocrx_word' id='word_1_10' title='bbox 919 491 1156 539; x_wconf 78' lang='lat' dir='ltr'>attigissent,</span> <span class='ocrx_word' id='word_1_11' title='bbox 1186 497 1292 526; x_wconf 88' lang='lat' dir='ltr'>certe</span> <span class='ocrx_word' id='word_1_12' title='bbox 1318 490 1495 539; x_wconf 88' lang='lat' dir='ltr'>protinus</span> <span class='ocrx_word' id='word_1_13' title='bbox 1526 488 1741 525; x_wconf 82' lang='lat' dir='ltr'><strong>cardinales</strong></span> <span class='ocrx_word' id='word_1_14' title='bbox 1776 490 1814 524; x_wconf 92' lang='lat' dir='ltr'>in</span> <span class='ocrx_word' id='word_1_15' title='bbox 1841 502 1886 525; x_wconf 92' lang='lat' dir='ltr'>ea</span> <span class='ocrx_word' id='word_1_16' title='bbox 1913 491 2068 526; x_wconf 84' lang='lat' dir='ltr'>civitate</span> <span class='ocrx_word' id='word_1_17' title='bbox 2101 503 2207 526; x_wconf 87' lang='lat' dir='ltr'>com-</span> 
     </span>
     <span class='ocr_line' id='line_1_4' title="bbox 280 558 2205 610; baseline -0.001 -12"><span class='ocrx_word' id='word_1_18' title='bbox 280 568 475 598; x_wconf 84' lang='lat' dir='ltr'><strong>morantes</strong></span> <span class='ocrx_word' id='word_1_19' title='bbox 493 561 616 598; x_wconf 80' lang='lat' dir='ltr'>dehis</span> <span class='ocrx_word' id='word_1_20' title='bbox 631 573 730 610; x_wconf 87' lang='lat' dir='ltr'>quae</span> <span class='ocrx_word' id='word_1_21' title='bbox 747 561 892 596; x_wconf 87' lang='lat' dir='ltr'>Romae</span> <span class='ocrx_word' id='word_1_22' title='bbox 905 567 945 596; x_wconf 90' lang='lat' dir='ltr'>et</span> <span class='ocrx_word' id='word_1_23' title='bbox 963 559 1161 608; x_wconf 82' lang='lat' dir='ltr'>Anagniae</span> <span class='ocrx_word' id='word_1_24' title='bbox 1181 566 1387 609; x_wconf 83' lang='lat' dir='ltr'><strong>agerentur</strong></span> <span class='ocrx_word' id='word_1_25' title='bbox 1406 559 1591 594; x_wconf 86' lang='lat' dir='ltr'>certiores</span> <span class='ocrx_word' id='word_1_26' title='bbox 1611 558 1701 595; x_wconf 88' lang='lat' dir='ltr'>facti</span> <span class='ocrx_word' id='word_1_27' title='bbox 1720 566 1842 594; x_wconf 87' lang='lat' dir='ltr'>erant.</span> <span class='ocrx_word' id='word_1_28' title='bbox 1859 560 1912 594; x_wconf 89' lang='lat' dir='ltr'>Ex</span> <span class='ocrx_word' id='word_1_29' title='bbox 1933 558 2017 594; x_wconf 89' lang='lat' dir='ltr'>aliis</span> <span class='ocrx_word' id='word_1_30' title='bbox 2034 559 2205 596; x_wconf 87' lang='lat' dir='ltr'>fontibus</span> 
     </span>
     <span class='ocr_line' id='line_1_5' title="bbox 280 627 2208 678; baseline -0.002 -10"><span class='ocrx_word' id='word_1_31' title='bbox 280 631 330 668; x_wconf 88' lang='lat' dir='ltr'>de</span> <span class='ocrx_word' id='word_1_32' title='bbox 349 630 512 669; x_wconf 87' lang='lat' dir='ltr'>dissidio</span> <span class='ocrx_word' id='word_1_33' title='bbox 530 630 620 666; x_wconf 85' lang='lat' dir='ltr'>inde</span> <span class='ocrx_word' id='word_1_34' title='bbox 639 631 741 666; x_wconf 90' lang='lat' dir='ltr'>inter</span> <span class='ocrx_word' id='word_1_35' title='bbox 754 630 911 665; x_wconf 88' lang='lat' dir='ltr'>nuntios</span> <span class='ocrx_word' id='word_1_36' title='bbox 927 636 1013 665; x_wconf 86' lang='lat' dir='ltr'>orto</span> <span class='ocrx_word' id='word_1_37' title='bbox 1029 629 1171 664; x_wconf 91' lang='lat' dir='ltr'>scimus</span> <span class='ocrx_word' id='word_1_38' title='bbox 1183 629 1208 663; x_wconf 86' lang='lat'>¹.</span> <span class='ocrx_word' id='word_1_39' title='bbox 1226 628 1355 678; x_wconf 85' lang='lat' dir='ltr'>Aliqui</span> <span class='ocrx_word' id='word_1_40' title='bbox 1368 629 1446 676; x_wconf 85' lang='lat' dir='ltr'>jam</span> <span class='ocrx_word' id='word_1_41' title='bbox 1466 635 1557 664; x_wconf 86' lang='lat' dir='ltr'>tunc</span> <span class='ocrx_word' id='word_1_42' title='bbox 1579 635 1709 677; x_wconf 85' lang='lat' dir='ltr'>partes</span> <span class='ocrx_word' id='word_1_43' title='bbox 1733 627 1876 664; x_wconf 87' lang='lat' dir='ltr'>Urbani</span> <span class='ocrx_word' id='word_1_44' title='bbox 1896 627 2149 664; x_wconf 90' lang='lat' dir='ltr'>deseruerunt</span> <span class='ocrx_word' id='word_1_45' title='bbox 2169 637 2208 665; x_wconf 91' lang='lat' dir='ltr'>et</span> 
     </span>
     <span class='ocr_line' id='line_1_6' title="bbox 278 696 2208 750; baseline -0.002 -13"><span class='ocrx_word' id='word_1_46' title='bbox 278 707 549 750; x_wconf 84' lang='lat' dir='ltr'>exspectarunt</span> <span class='ocrx_word' id='word_1_47' title='bbox 567 708 649 736; x_wconf 89' lang='lat' dir='ltr'>tum</span> <span class='ocrx_word' id='word_1_48' title='bbox 664 699 875 741; x_wconf 90' lang='lat' dir='ltr'>Avenione,</span> <span class='ocrx_word' id='word_1_49' title='bbox 889 705 971 734; x_wconf 88' lang='lat' dir='ltr'>tum</span> <span class='ocrx_word' id='word_1_50' title='bbox 990 699 1028 733; x_wconf 89' lang='lat' dir='ltr'>in</span> <span class='ocrx_word' id='word_1_51' title='bbox 1046 697 1262 734; x_wconf 85' lang='lat' dir='ltr'>confinibus</span> <span class='ocrx_word' id='word_1_52' title='bbox 1283 697 1414 733; x_wconf 87' lang='lat' dir='ltr'>Italiae</span> <span class='ocrx_word' id='word_1_53' title='bbox 1428 709 1567 746; x_wconf 89' lang='lat' dir='ltr'>papam</span> <span class='ocrx_word' id='word_1_54' title='bbox 1584 704 1800 739; x_wconf 88' lang='lat' dir='ltr'>venturum,</span> <span class='ocrx_word' id='word_1_55' title='bbox 1824 696 1885 733; x_wconf 88' lang='lat' dir='ltr'>vel</span> <span class='ocrx_word' id='word_1_56' title='bbox 1906 697 1943 732; x_wconf 93' lang='lat' dir='ltr'>in</span> <span class='ocrx_word' id='word_1_57' title='bbox 1966 696 2114 732; x_wconf 87' lang='lat' dir='ltr'>Italiam</span> <span class='ocrx_word' id='word_1_58' title='bbox 2134 698 2208 733; x_wconf 89' lang='lat' dir='ltr'>iter</span> 
     </span>
     <span class='ocr_line' id='line_1_7' title="bbox 280 765 2208 820; baseline -0.003 -14"><span class='ocrx_word' id='word_1_59' title='bbox 280 771 540 820; x_wconf 85' lang='lat' dir='ltr'>arripuerunt3</span> <span class='ocrx_word' id='word_1_60' title='bbox 559 767 762 804; x_wconf 48' lang='lat' dir='ltr'>‘Gerar-dus</span> <span class='ocrx_word' id='word_1_61' title='bbox 796 767 845 804; x_wconf 91' lang='lat' dir='ltr'>de</span> <span class='ocrx_word' id='word_1_62' title='bbox 871 767 1030 811; x_wconf 86' lang='lat' dir='ltr'>Kalkar,</span> <span class='ocrx_word' id='word_1_63' title='bbox 1057 768 1214 803; x_wconf 88' lang='lat' dir='ltr'>nuntius</span> <span class='ocrx_word' id='word_1_64' title='bbox 1249 767 1415 803; x_wconf 89' lang='lat' dir='ltr'>nationis</span> <span class='ocrx_word' id='word_1_65' title='bbox 1448 766 1684 816; x_wconf 86' lang='lat' dir='ltr'>Anglicanae</span> <span class='ocrx_word' id='word_1_66' title='bbox 1711 773 1800 815; x_wconf 89' lang='lat' dir='ltr'>post</span> <span class='ocrx_word' id='word_1_67' title='bbox 1831 765 1988 815; x_wconf 86' lang='lat' dir='ltr'>aliquod</span> <span class='ocrx_word' id='word_1_68' title='bbox 2021 768 2208 815; x_wconf 85' lang='lat' dir='ltr'>temporis</span> 
     </span>
     <span class='ocr_line' id='line_1_8' title="bbox 281 835 2209 889; baseline -0.003 -13"><span class='ocrx_word' id='word_1_69' title='bbox 281 840 447 889; x_wconf 87' lang='lat' dir='ltr'>spatium</span> <span class='ocrx_word' id='word_1_70' title='bbox 475 838 641 874; x_wconf 82' lang='lat' dir='ltr'>Parisios</span> <span class='ocrx_word' id='word_1_71' title='bbox 661 849 748 873; x_wconf 90' lang='lat' dir='ltr'>cum</span> <span class='ocrx_word' id='word_1_72' title='bbox 774 849 844 873; x_wconf 88' lang='lat' dir='ltr'>suo</span> <span class='ocrx_word' id='word_1_73' title='bbox 871 836 997 873; x_wconf 90' lang='lat' dir='ltr'>rotulo</span> <span class='ocrx_word' id='word_1_74' title='bbox 1027 849 1203 886; x_wconf 82' lang='lat' dir='ltr'>reversus</span> <span class='ocrx_word' id='word_1_75' title='bbox 1227 837 1323 872; x_wconf 76' lang='lat' dir='ltr'>est2.</span> <span class='ocrx_word' id='word_1_76' title='bbox 1352 838 1455 872; x_wconf 83' lang='lat' dir='ltr'>Inter</span> <span class='ocrx_word' id='word_1_77' title='bbox 1476 843 1536 872; x_wconf 85' lang='lat' dir='ltr'>tot</span> <span class='ocrx_word' id='word_1_78' title='bbox 1561 849 1733 872; x_wconf 87' lang='lat' dir='ltr'>rumores</span> <span class='ocrx_word' id='word_1_79' title='bbox 1756 843 1795 872; x_wconf 89' lang='lat' dir='ltr'>et</span> <span class='ocrx_word' id='word_1_80' title='bbox 1818 848 1934 872; x_wconf 90' lang='lat' dir='ltr'>voces</span> <span class='ocrx_word' id='word_1_81' title='bbox 1956 835 2030 872; x_wconf 90' lang='lat' dir='ltr'>sibi</span> <span class='ocrx_word' id='word_1_82' title='bbox 2059 843 2209 871; x_wconf 88' lang='lat' dir='ltr'>contra—</span> 
     </span>
     <span class='ocr_line' id='line_1_9' title="bbox 279 905 2207 956; baseline -0.002 -12"><span class='ocrx_word' id='word_1_83' title='bbox 279 908 453 944; x_wconf 81' lang='lat' dir='ltr'>dicentes</span> <span class='ocrx_word' id='word_1_84' title='bbox 468 906 685 943; x_wconf 77' lang='lat' dir='ltr'>inconsulta</span> <span class='ocrx_word' id='word_1_85' title='bbox 701 907 857 943; x_wconf 90' lang='lat' dir='ltr'>natione</span> <span class='ocrx_word' id='word_1_86' title='bbox 874 919 990 956; x_wconf 84' lang='lat' dir='ltr'>agere</span> <span class='ocrx_word' id='word_1_87' title='bbox 1001 905 1140 942; x_wconf 82' lang='lat' dir='ltr'>noluit.</span> <span class='ocrx_word' id='word_1_88' title='bbox 1163 905 1359 955; x_wconf 86' lang='lat' dir='ltr'>Septemb.</span> <span class='ocrx_word' id='word_1_89' title='bbox 1378 906 1425 941; x_wconf 77' lang='lat'>29</span> <span class='ocrx_word' id='word_1_90' title='bbox 1443 913 1482 941; x_wconf 90' lang='lat' dir='ltr'>et</span> <span class='ocrx_word' id='word_1_91' title='bbox 1499 906 1546 942; x_wconf 86' lang='lat'>30</span> <span class='ocrx_word' id='word_1_92' title='bbox 1561 918 1649 941; x_wconf 91' lang='lat' dir='ltr'>eum</span> <span class='ocrx_word' id='word_1_93' title='bbox 1665 906 1704 940; x_wconf 89' lang='lat' dir='ltr'>in</span> <span class='ocrx_word' id='word_1_94' title='bbox 1719 905 2021 954; x_wconf 83' lang='lat' dir='ltr'>congregatione</span> <span class='ocrx_word' id='word_1_95' title='bbox 2040 906 2207 941; x_wconf 89' lang='lat' dir='ltr'>nationis</span> 
     </span>
     <span class='ocr_line' id='line_1_10' title="bbox 280 975 671 1014; baseline -0.01 0"><span class='ocrx_word' id='word_1_96' title='bbox 280 977 438 1014; x_wconf 85' lang='lat' dir='ltr'>Parisiis</span> <span class='ocrx_word' id='word_1_97' title='bbox 459 975 671 1012; x_wconf 80' lang='lat' dir='ltr'>videmus³.</span> 
     </span>
    </p>

    <p class='ocr_par' dir='ltr' id='par_1_4' title="bbox 277 1043 2207 1647">
     <span class='ocr_line' id='line_1_11' title="bbox 322 1043 2204 1094; baseline -0.002 -12"><span class='ocrx_word' id='word_1_98' title='bbox 322 1048 407 1082; x_wconf 82' lang='lat' dir='ltr'>Jam</span> <span class='ocrx_word' id='word_1_99' title='bbox 422 1046 659 1082; x_wconf 86' lang='lat' dir='ltr'>Universitas</span> <span class='ocrx_word' id='word_1_100' title='bbox 675 1045 794 1080; x_wconf 88' lang='lat' dir='ltr'>Paris.</span> <span class='ocrx_word' id='word_1_101' title='bbox 817 1043 1108 1080; x_wconf 87' lang='lat' dir='ltr'>informationes</span> <span class='ocrx_word' id='word_1_102' title='bbox 1124 1057 1193 1094; x_wconf 91' lang='lat' dir='ltr'>per</span> <span class='ocrx_word' id='word_1_103' title='bbox 1205 1044 1417 1080; x_wconf 89' lang='lat' dir='ltr'>Johannem</span> <span class='ocrx_word' id='word_1_104' title='bbox 1444 1044 1494 1080; x_wconf 93' lang='lat' dir='ltr'>de</span> <span class='ocrx_word' id='word_1_105' title='bbox 1509 1045 1781 1093; x_wconf 76' lang='lat' dir='ltr'>Guignicurte5</span> <span class='ocrx_word' id='word_1_106' title='bbox 1802 1051 1841 1080; x_wconf 89' lang='lat' dir='ltr'>et</span> <span class='ocrx_word' id='word_1_107' title='bbox 1865 1043 2064 1080; x_wconf 82' lang='lat' dir='ltr'>Nicolaum</span> <span class='ocrx_word' id='word_1_108' title='bbox 2096 1043 2144 1080; x_wconf 91' lang='lat' dir='ltr'>de</span> <span class='ocrx_word' id='word_1_109' title='bbox 2167 1044 2204 1079; x_wconf 88' lang='lat' dir='ltr'>S.</span> 
     </span>
     <span class='ocr_line' id='line_1_12' title="bbox 279 1112 2206 1163; baseline -0.002 -11"><span class='ocrx_word' id='word_1_110' title='bbox 279 1116 484 1152; x_wconf 87' lang='lat' dir='ltr'>Saturnino</span> <span class='ocrx_word' id='word_1_111' title='bbox 503 1127 523 1150; x_wconf 92' lang='lat' dir='ltr'>a</span> <span class='ocrx_word' id='word_1_112' title='bbox 543 1113 802 1150; x_wconf 85' lang='lat' dir='ltr'>cardinalibus</span> <span class='ocrx_word' id='word_1_113' title='bbox 818 1113 1098 1150; x_wconf 87' lang='lat' dir='ltr'>dissidentibus</span> <span class='ocrx_word' id='word_1_114' title='bbox 1115 1115 1252 1150; x_wconf 89' lang='lat' dir='ltr'>missas</span> <span class='ocrx_word' id='word_1_115' title='bbox 1264 1121 1303 1150; x_wconf 87' lang='lat' dir='ltr'>et</span> <span class='ocrx_word' id='word_1_116' title='bbox 1318 1113 1482 1150; x_wconf 81' lang='lat' dir='ltr'>fortasse</span> <span class='ocrx_word' id='word_1_117' title='bbox 1497 1113 1701 1163; x_wconf 89' lang='lat' dir='ltr'>epistolam</span> <span class='ocrx_word' id='word_1_118' title='bbox 1721 1112 1913 1149; x_wconf 87' lang='lat' dir='ltr'>dictorum</span> <span class='ocrx_word' id='word_1_119' title='bbox 1932 1113 2182 1149; x_wconf 85' lang='lat' dir='ltr'>cardinalium</span> <span class='ocrx_word' id='word_1_120' title='bbox 2194 1115 2206 1135; x_wconf 73' lang='lat'>&#39;⁵</span> 
     </span>
     <span class='ocr_line' id='line_1_13' title="bbox 278 1182 2204 1234; baseline -0.001 -14"><span class='ocrx_word' id='word_1_121' title='bbox 278 1191 492 1234; x_wconf 78' lang='lat' dir='ltr'>receperat.</span> <span class='ocrx_word' id='word_1_122' title='bbox 513 1185 597 1220; x_wconf 83' lang='lat' dir='ltr'>Jam</span> <span class='ocrx_word' id='word_1_123' title='bbox 619 1195 686 1219; x_wconf 88' lang='lat' dir='ltr'>rex</span> <span class='ocrx_word' id='word_1_124' title='bbox 701 1182 991 1220; x_wconf 82' lang='lat' dir='ltr'>Carolussuum</span> <span class='ocrx_word' id='word_1_125' title='bbox 1011 1184 1177 1232; x_wconf 89' lang='lat' dir='ltr'>primum</span> <span class='ocrx_word' id='word_1_126' title='bbox 1198 1183 1406 1220; x_wconf 85' lang='lat' dir='ltr'>concilium</span> <span class='ocrx_word' id='word_1_127' title='bbox 1425 1183 1726 1220; x_wconf 86' lang='lat' dir='ltr'>celebraverat7.</span> <span class='ocrx_word' id='word_1_128' title='bbox 1755 1183 1866 1219; x_wconf 89' lang='lat' dir='ltr'>Natio</span> <span class='ocrx_word' id='word_1_129' title='bbox 1883 1182 2097 1232; x_wconf 89' lang='lat' dir='ltr'>Anglicana</span> <span class='ocrx_word' id='word_1_130' title='bbox 2113 1190 2204 1219; x_wconf 84' lang='lat' dir='ltr'>tunc</span> 
     </span>
     <span class='ocr_line' id='line_1_14' title="bbox 278 1252 2206 1302; baseline -0.001 -12"><span class='ocrx_word' id='word_1_131' title='bbox 278 1255 378 1290; x_wconf 88' lang='lat' dir='ltr'>sicut</span> <span class='ocrx_word' id='word_1_132' title='bbox 404 1260 579 1290; x_wconf 88' lang='lat' dir='ltr'>caeterae</span> <span class='ocrx_word' id='word_1_133' title='bbox 605 1265 748 1302; x_wconf 85' lang='lat' dir='ltr'>anceps</span> <span class='ocrx_word' id='word_1_134' title='bbox 773 1253 827 1288; x_wconf 88' lang='lat' dir='ltr'>rei</span> <span class='ocrx_word' id='word_1_135' title='bbox 850 1259 1031 1288; x_wconf 90' lang='lat' dir='ltr'>eventum</span> <span class='ocrx_word' id='word_1_136' title='bbox 1052 1253 1217 1302; x_wconf 88' lang='lat' dir='ltr'>experiri</span> <span class='ocrx_word' id='word_1_137' title='bbox 1238 1252 1372 1288; x_wconf 89' lang='lat' dir='ltr'>voluit.</span> <span class='ocrx_word' id='word_1_138' title='bbox 1401 1252 1578 1289; x_wconf 89' lang='lat' dir='ltr'>Nondum</span> <span class='ocrx_word' id='word_1_139' title='bbox 1599 1253 1765 1288; x_wconf 87' lang='lat' dir='ltr'>Parisios</span> <span class='ocrx_word' id='word_1_140' title='bbox 1791 1253 1948 1288; x_wconf 90' lang='lat' dir='ltr'>nuntius</span> <span class='ocrx_word' id='word_1_141' title='bbox 1976 1259 2134 1288; x_wconf 88' lang='lat' dir='ltr'>venerat</span> <span class='ocrx_word' id='word_1_142' title='bbox 2158 1252 2206 1288; x_wconf 94' lang='lat' dir='ltr'>de</span> 
     </span>
     <span class='ocr_line' id='line_1_15' title="bbox 278 1321 2207 1371; baseline -0.002 -11"><span class='ocrx_word' id='word_1_143' title='bbox 278 1323 468 1360; x_wconf 85' lang='lat' dir='ltr'>electione</span> <span class='ocrx_word' id='word_1_144' title='bbox 484 1322 641 1359; x_wconf 87' lang='lat' dir='ltr'>Roberti</span> <span class='ocrx_word' id='word_1_145' title='bbox 662 1321 711 1358; x_wconf 92' lang='lat' dir='ltr'>de</span> <span class='ocrx_word' id='word_1_146' title='bbox 730 1321 924 1358; x_wconf 89' lang='lat' dir='ltr'>Gebennis</span> <span class='ocrx_word' id='word_1_147' title='bbox 939 1323 979 1357; x_wconf 89' lang='lat' dir='ltr'>in</span> <span class='ocrx_word' id='word_1_148' title='bbox 994 1323 1169 1371; x_wconf 79' lang='lat' dir='ltr'>papam⁸,</span> <span class='ocrx_word' id='word_1_149' title='bbox 1190 1321 1344 1371; x_wconf 88' lang='lat' dir='ltr'>quando</span> <span class='ocrx_word' id='word_1_150' title='bbox 1356 1321 1546 1358; x_wconf 89' lang='lat' dir='ltr'>Gerardus</span> <span class='ocrx_word' id='word_1_151' title='bbox 1558 1321 1607 1358; x_wconf 89' lang='lat' dir='ltr'>de</span> <span class='ocrx_word' id='word_1_152' title='bbox 1624 1321 1765 1358; x_wconf 87' lang='lat' dir='ltr'>Kalkar</span> <span class='ocrx_word' id='word_1_153' title='bbox 1777 1323 1895 1370; x_wconf 90' lang='lat' dir='ltr'>(Sept.</span> <span class='ocrx_word' id='word_1_154' title='bbox 1919 1322 1978 1367; x_wconf 87' lang='lat'>30)</span> <span class='ocrx_word' id='word_1_155' title='bbox 1995 1323 2033 1357; x_wconf 92' lang='lat' dir='ltr'>in</span> <span class='ocrx_word' id='word_1_156' title='bbox 2049 1335 2207 1371; x_wconf 87' lang='lat' dir='ltr'>congre-</span> 
     </span>
     <span class='ocr_line' id='line_1_16' title="bbox 277 1391 2207 1442; baseline -0.001 -13"><span class='ocrx_word' id='word_1_157' title='bbox 277 1393 435 1442; x_wconf 83' lang='lat' dir='ltr'>gatione</span> <span class='ocrx_word' id='word_1_158' title='bbox 459 1391 692 1442; x_wconf 86' lang='lat' dir='ltr'>supplicavit</span> <span class='ocrx_word' id='word_1_159' title='bbox 719 1398 762 1427; x_wconf 89' lang='lat' dir='ltr'>ut</span> <span class='ocrx_word' id='word_1_160' title='bbox 786 1405 804 1426; x_wconf 78' lang='lat' dir='ltr'>&lt;t</span> <span class='ocrx_word' id='word_1_161' title='bbox 827 1392 866 1426; x_wconf 92' lang='lat' dir='ltr'>in</span> <span class='ocrx_word' id='word_1_162' title='bbox 885 1403 976 1427; x_wconf 87' lang='lat' dir='ltr'>casu</span> <span class='ocrx_word' id='word_1_163' title='bbox 999 1403 1075 1440; x_wconf 89' lang='lat' dir='ltr'>quo</span> <span class='ocrx_word' id='word_1_164' title='bbox 1099 1392 1225 1440; x_wconf 88' lang='lat' dir='ltr'>ipsum</span> <span class='ocrx_word' id='word_1_165' title='bbox 1247 1399 1444 1441; x_wconf 88' lang='lat' dir='ltr'>oporteret</span> <span class='ocrx_word' id='word_1_166' title='bbox 1469 1391 1676 1428; x_wconf 86' lang='lat' dir='ltr'>transferre</span> <span class='ocrx_word' id='word_1_167' title='bbox 1696 1404 1738 1428; x_wconf 87' lang='lat' dir='ltr'>se</span> <span class='ocrx_word' id='word_1_168' title='bbox 1754 1404 1888 1427; x_wconf 87' lang='lat' dir='ltr'>versus</span> <span class='ocrx_word' id='word_1_169' title='bbox 1907 1392 2050 1427; x_wconf 87' lang='lat' dir='ltr'>curiam</span> <span class='ocrx_word' id='word_1_170' title='bbox 2068 1393 2207 1427; x_wconf 84' lang='lat' dir='ltr'>Roma-</span> 
     </span>
     <span class='ocr_line' id='line_1_17' title="bbox 278 1459 2206 1511; baseline -0.001 -13"><span class='ocrx_word' id='word_1_171' title='bbox 278 1474 367 1498; x_wconf 82' lang='lat' dir='ltr'>nam</span> <span class='ocrx_word' id='word_1_172' title='bbox 394 1474 479 1498; x_wconf 90' lang='lat' dir='ltr'>cum</span> <span class='ocrx_word' id='word_1_173' title='bbox 511 1460 638 1497; x_wconf 91' lang='lat' dir='ltr'>rotulo</span> <span class='ocrx_word' id='word_1_174' title='bbox 662 1474 696 1504; x_wconf 63' lang='grc' dir='ltr'>υ),</span> <span class='ocrx_word' id='word_1_175' title='bbox 719 1460 887 1510; x_wconf 88' lang='lat' dir='ltr'>aliquem</span> <span class='ocrx_word' id='word_1_176' title='bbox 909 1461 949 1495; x_wconf 92' lang='lat' dir='ltr'>in</span> <span class='ocrx_word' id='word_1_177' title='bbox 976 1459 1120 1496; x_wconf 90' lang='lat' dir='ltr'>scholis</span> <span class='ocrx_word' id='word_1_178' title='bbox 1144 1460 1379 1498; x_wconf 89' lang='lat' dir='ltr'>substituere</span> <span class='ocrx_word' id='word_1_179' title='bbox 1404 1469 1538 1510; x_wconf 88' lang='lat' dir='ltr'>posset</span> <span class='ocrx_word' id='word_1_180' title='bbox 1565 1461 1742 1508; x_wconf 82' lang='lat'><strong>(563,16).</strong></span> <span class='ocrx_word' id='word_1_181' title='bbox 1783 1461 1834 1497; x_wconf 89' lang='lat' dir='ltr'>At</span> <span class='ocrx_word' id='word_1_182' title='bbox 1859 1461 1938 1510; x_wconf 89' lang='lat' dir='ltr'>jam</span> <span class='ocrx_word' id='word_1_183' title='bbox 1957 1474 2058 1497; x_wconf 91' lang='lat' dir='ltr'>nunc</span> <span class='ocrx_word' id='word_1_184' title='bbox 2090 1461 2206 1511; x_wconf 91' lang='lat' dir='ltr'>aliqui</span> 
     </span>
     <span class='ocr_line' id='line_1_18' title="bbox 279 1529 2203 1581; baseline -0.001 -13"><span class='ocrx_word' id='word_1_185' title='bbox 279 1531 536 1581; x_wconf 88' lang='lat' dir='ltr'>loquebantur</span> <span class='ocrx_word' id='word_1_186' title='bbox 553 1530 601 1567; x_wconf 90' lang='lat' dir='ltr'>de</span> <span class='ocrx_word' id='word_1_187' title='bbox 626 1544 643 1566; x_wconf 77' lang='grc' dir='ltr'>α</span> <span class='ocrx_word' id='word_1_188' title='bbox 667 1530 795 1567; x_wconf 91' lang='lat' dir='ltr'>rotulo</span> <span class='ocrx_word' id='word_1_189' title='bbox 816 1542 917 1566; x_wconf 90' lang='lat' dir='ltr'>novo</span> <span class='ocrx_word' id='word_1_190' title='bbox 942 1529 990 1566; x_wconf 88' lang='lat' dir='ltr'>ad</span> <span class='ocrx_word' id='word_1_191' title='bbox 1015 1532 1131 1566; x_wconf 79' lang='lat' dir='ltr'>istum</span> <span class='ocrx_word' id='word_1_192' title='bbox 1154 1543 1293 1580; x_wconf 89' lang='lat' dir='ltr'>papam</span> <span class='ocrx_word' id='word_1_193' title='bbox 1317 1531 1375 1566; x_wconf 81' lang='lat' dir='ltr'>vel</span> <span class='ocrx_word' id='word_1_194' title='bbox 1391 1532 1447 1567; x_wconf 84' lang='lat' dir='ltr'>ad</span> <span class='ocrx_word' id='word_1_195' title='bbox 1457 1532 1638 1579; x_wconf 79' lang='lat' dir='ltr'>futurum</span> <span class='ocrx_word' id='word_1_196' title='bbox 1665 1545 1698 1573; x_wconf 68' lang='grc' dir='ltr'>ιι,</span> <span class='ocrx_word' id='word_1_197' title='bbox 1730 1545 1747 1566; x_wconf 77' lang='lat'>&lt;1</span> <span class='ocrx_word' id='word_1_198' title='bbox 1774 1531 1829 1566; x_wconf 84' lang='lat' dir='ltr'>ad</span> <span class='ocrx_word' id='word_1_199' title='bbox 1850 1531 1972 1566; x_wconf 77' lang='lat' dir='ltr'>aliam</span> <span class='ocrx_word' id='word_1_200' title='bbox 1987 1532 2167 1579; x_wconf 76' lang='lat' dir='ltr'>ficturum</span> <span class='ocrx_word' id='word_1_201' title='bbox 2186 1546 2203 1566; x_wconf 69' lang='lat'>1&gt;</span> 
     </span>
     <span class='ocr_line' id='line_1_19' title="bbox 279 1600 2090 1647; baseline -0.002 -10"><span class='ocrx_word' id='word_1_202' title='bbox 279 1601 376 1647; x_wconf 81' lang='lat'>(564,</span> <span class='ocrx_word' id='word_1_203' title='bbox 398 1601 435 1643; x_wconf 87' lang='lat'>6,</span> <span class='ocrx_word' id='word_1_204' title='bbox 456 1601 514 1643; x_wconf 81' lang='lat'>14,</span> <span class='ocrx_word' id='word_1_205' title='bbox 533 1600 606 1646; x_wconf 76' lang='lat'><strong>22).</strong></span> <span class='ocrx_word' id='word_1_206' title='bbox 2088 1640 2090 1642; x_wconf 35' lang='grc'>,</span> 
     </span>
    </p>

    <p class='ocr_par' dir='ltr' id='par_1_5' title="bbox 276 1668 2207 2135">
     <span class='ocr_line' id='line_1_20' title="bbox 327 1668 2206 1719; baseline 0 -13"><span class='ocrx_word' id='word_1_207' title='bbox 327 1670 437 1706; x_wconf 82' lang='lat' dir='ltr'>Circa</span> <span class='ocrx_word' id='word_1_208' title='bbox 460 1681 631 1706; x_wconf 89' lang='lat' dir='ltr'>mensem</span> <span class='ocrx_word' id='word_1_209' title='bbox 653 1668 838 1705; x_wconf 86' lang='lat' dir='ltr'>Novemb.</span> <span class='ocrx_word' id='word_1_210' title='bbox 862 1669 1028 1705; x_wconf 87' lang='lat' dir='ltr'>Parisios</span> <span class='ocrx_word' id='word_1_211' title='bbox 1052 1670 1134 1719; x_wconf 90' lang='lat' dir='ltr'>regi</span> <span class='ocrx_word' id='word_1_212' title='bbox 1158 1669 1315 1705; x_wconf 86' lang='lat' dir='ltr'>allatum</span> <span class='ocrx_word' id='word_1_213' title='bbox 1339 1676 1399 1706; x_wconf 89' lang='lat' dir='ltr'>est</span> <span class='ocrx_word' id='word_1_214' title='bbox 1418 1677 1590 1706; x_wconf 87' lang='lat' dir='ltr'>creatum</span> <span class='ocrx_word' id='word_1_215' title='bbox 1606 1682 1693 1706; x_wconf 87' lang='lat' dir='ltr'>esse</span> <span class='ocrx_word' id='word_1_216' title='bbox 1713 1669 1924 1706; x_wconf 86' lang='lat' dir='ltr'>Robertum</span> <span class='ocrx_word' id='word_1_217' title='bbox 1945 1669 1994 1706; x_wconf 91' lang='lat' dir='ltr'>de</span> <span class='ocrx_word' id='word_1_218' title='bbox 2014 1669 2206 1707; x_wconf 90' lang='lat' dir='ltr'>Gebennis</span> 
     </span>
     <span class='ocr_line' id='line_1_21' title="bbox 278 1737 2204 1788; baseline 0.001 -14"><span class='ocrx_word' id='word_1_219' title='bbox 278 1739 317 1774; x_wconf 92' lang='lat' dir='ltr'>in</span> <span class='ocrx_word' id='word_1_220' title='bbox 335 1750 485 1788; x_wconf 87' lang='lat' dir='ltr'>papam.</span> <span class='ocrx_word' id='word_1_221' title='bbox 510 1739 588 1774; x_wconf 84' lang='lat' dir='ltr'>Rex</span> <span class='ocrx_word' id='word_1_222' title='bbox 611 1737 796 1774; x_wconf 92' lang='lat' dir='ltr'>Novemb.</span> <span class='ocrx_word' id='word_1_223' title='bbox 825 1738 869 1773; x_wconf 86' lang='grc'>16</span> <span class='ocrx_word' id='word_1_224' title='bbox 890 1737 1102 1774; x_wconf 88' lang='lat' dir='ltr'>secundum</span> <span class='ocrx_word' id='word_1_225' title='bbox 1123 1739 1330 1775; x_wconf 88' lang='lat' dir='ltr'>concilium</span> <span class='ocrx_word' id='word_1_226' title='bbox 1347 1740 1587 1782; x_wconf 82' lang='lat' dir='ltr'>convocavit,</span> <span class='ocrx_word' id='word_1_227' title='bbox 1607 1740 1645 1774; x_wconf 91' lang='lat' dir='ltr'>in</span> <span class='ocrx_word' id='word_1_228' title='bbox 1661 1752 1738 1788; x_wconf 88' lang='lat' dir='ltr'>quo</span> <span class='ocrx_word' id='word_1_229' title='bbox 1755 1752 1796 1775; x_wconf 88' lang='lat' dir='ltr'>se</span> <span class='ocrx_word' id='word_1_230' title='bbox 1812 1752 1882 1788; x_wconf 93' lang='lat' dir='ltr'>pro</span> <span class='ocrx_word' id='word_1_231' title='bbox 1899 1740 1973 1775; x_wconf 89' lang='lat' dir='ltr'>isto</span> <span class='ocrx_word' id='word_1_232' title='bbox 1994 1753 2106 1788; x_wconf 87' lang='lat' dir='ltr'>papa,</span> <span class='ocrx_word' id='word_1_233' title='bbox 2126 1741 2150 1775; x_wconf 92' lang='lat' dir='ltr'>i.</span> <span class='ocrx_word' id='word_1_234' title='bbox 2170 1753 2204 1782; x_wconf 88' lang='lat' dir='ltr'>e.</span> 
     </span>
     <span class='ocr_line' id='line_1_22' title="bbox 278 1806 2205 1858; baseline 0.001 -14"><span class='ocrx_word' id='word_1_235' title='bbox 278 1807 476 1844; x_wconf 88' lang='lat' dir='ltr'>Clemente</span> <span class='ocrx_word' id='word_1_236' title='bbox 493 1808 560 1844; x_wconf 89' lang='lat' dir='ltr'>VlI</span> <span class='ocrx_word' id='word_1_237' title='bbox 580 1806 827 1844; x_wconf 78' lang='lat' dir='ltr'>declaravit9.</span> <span class='ocrx_word' id='word_1_238' title='bbox 855 1807 1058 1854; x_wconf 90' lang='lat' dir='ltr'>Quomodo</span> <span class='ocrx_word' id='word_1_239' title='bbox 1081 1809 1186 1844; x_wconf 88' lang='lat' dir='ltr'>natio</span> <span class='ocrx_word' id='word_1_240' title='bbox 1209 1808 1422 1858; x_wconf 87' lang='lat' dir='ltr'>Anglicana</span> <span class='ocrx_word' id='word_1_241' title='bbox 1449 1821 1491 1845; x_wconf 89' lang='lat' dir='ltr'>se</span> <span class='ocrx_word' id='word_1_242' title='bbox 1514 1809 1663 1858; x_wconf 83' lang='lat' dir='ltr'>gessit?</span> <span class='ocrx_word' id='word_1_243' title='bbox 1686 1809 1815 1852; x_wconf 80' lang='lat' dir='ltr'>Certe,</span> <span class='ocrx_word' id='word_1_244' title='bbox 1842 1810 1942 1846; x_wconf 88' lang='lat' dir='ltr'>sicut</span> <span class='ocrx_word' id='word_1_245' title='bbox 1970 1810 2205 1846; x_wconf 88' lang='lat' dir='ltr'>Universitas</span> 
     </span>
     <span class='ocr_line' id='line_1_23' title="bbox 276 1877 2206 1927; baseline 0.001 -13"><span class='ocrx_word' id='word_1_246' title='bbox 276 1877 472 1914; x_wconf 85' lang='lat' dir='ltr'>haesitans</span> <span class='ocrx_word' id='word_1_247' title='bbox 495 1878 692 1914; x_wconf 87' lang='lat' dir='ltr'>remansit.</span> <span class='ocrx_word' id='word_1_248' title='bbox 709 1878 912 1914; x_wconf 83' lang='lat' dir='ltr'>Praeterea</span> <span class='ocrx_word' id='word_1_249' title='bbox 941 1890 1064 1927; x_wconf 88' lang='lat' dir='ltr'>usque</span> <span class='ocrx_word' id='word_1_250' title='bbox 1091 1877 1139 1913; x_wconf 91' lang='lat' dir='ltr'>ad</span> <span class='ocrx_word' id='word_1_251' title='bbox 1159 1891 1220 1914; x_wconf 90' lang='lat' dir='ltr'>an.</span> <span class='ocrx_word' id='word_1_252' title='bbox 1254 1878 1346 1915; x_wconf 83' lang='lat'>1379</span> <span class='ocrx_word' id='word_1_253' title='bbox 1370 1891 1448 1915; x_wconf 89' lang='lat' dir='ltr'>non</span> <span class='ocrx_word' id='word_1_254' title='bbox 1473 1878 1626 1914; x_wconf 87' lang='lat' dir='ltr'>videtur</span> <span class='ocrx_word' id='word_1_255' title='bbox 1657 1891 1741 1915; x_wconf 89' lang='lat' dir='ltr'>eam</span> <span class='ocrx_word' id='word_1_256' title='bbox 1772 1878 1976 1915; x_wconf 89' lang='lat' dir='ltr'>consilium</span> <span class='ocrx_word' id='word_1_257' title='bbox 2002 1892 2206 1916; x_wconf 88' lang='lat' dir='ltr'>commune</span> 
     </span>
     <span class='ocr_line' id='line_1_24' title="bbox 278 1947 2207 1998; baseline 0.002 -16"><span class='ocrx_word' id='word_1_258' title='bbox 278 1947 487 1996; x_wconf 82' lang='lat' dir='ltr'>accepisse.</span> <span class='ocrx_word' id='word_1_259' title='bbox 512 1947 807 1996; x_wconf 89' lang='lat' dir='ltr'>Suppositorum</span> <span class='ocrx_word' id='word_1_260' title='bbox 830 1959 921 1983; x_wconf 88' lang='lat' dir='ltr'>cura</span> <span class='ocrx_word' id='word_1_261' title='bbox 939 1954 1022 1983; x_wconf 89' lang='lat' dir='ltr'>erat</span> <span class='ocrx_word' id='word_1_262' title='bbox 1041 1959 1089 1983; x_wconf 93' lang='lat' dir='ltr'>ne</span> <span class='ocrx_word' id='word_1_263' title='bbox 1105 1948 1144 1983; x_wconf 93' lang='lat' dir='ltr'>in</span> <span class='ocrx_word' id='word_1_264' title='bbox 1160 1947 1300 1990; x_wconf 88' lang='lat' dir='ltr'>rotulo,</span> <span class='ocrx_word' id='word_1_265' title='bbox 1322 1961 1338 1983; x_wconf 79' lang='lat' dir='ltr'>t(</span> <span class='ocrx_word' id='word_1_266' title='bbox 1362 1949 1395 1984; x_wconf 93' lang='lat' dir='ltr'>si</span> <span class='ocrx_word' id='word_1_267' title='bbox 1410 1948 1519 1985; x_wconf 75' lang='lat' dir='ltr'>fieret</span> <span class='ocrx_word' id='word_1_268' title='bbox 1537 1961 1658 1985; x_wconf 88' lang='lat' dir='ltr'>novus</span> <span class='ocrx_word' id='word_1_269' title='bbox 1681 1963 1715 1993; x_wconf 79' lang='grc'>)),</span> <span class='ocrx_word' id='word_1_270' title='bbox 1736 1948 1797 1985; x_wconf 85' lang='lat' dir='ltr'>vel</span> <span class='ocrx_word' id='word_1_271' title='bbox 1818 1950 1997 1998; x_wconf 86' lang='lat' dir='ltr'>antiquus</span> <span class='ocrx_word' id='word_1_272' title='bbox 2021 1963 2037 1984; x_wconf 75' lang='grc' dir='ltr'><em>α</em></span> <span class='ocrx_word' id='word_1_273' title='bbox 2061 1951 2207 1986; x_wconf 89' lang='lat' dir='ltr'>contin-</span> 
     </span>
     <span class='ocr_line' id='line_1_25' title="bbox 276 2015 2203 2068; baseline 0.002 -16"><span class='ocrx_word' id='word_1_274' title='bbox 276 2023 388 2065; x_wconf 84' lang='lat' dir='ltr'>geret</span> <span class='ocrx_word' id='word_1_275' title='bbox 410 2015 570 2052; x_wconf 84' lang='lat' dir='ltr'>rescribi</span> <span class='ocrx_word' id='word_1_276' title='bbox 592 2030 610 2050; x_wconf 79' lang='lat'>»</span> <span class='ocrx_word' id='word_1_277' title='bbox 636 2016 733 2063; x_wconf 83' lang='lat'>(567,</span> <span class='ocrx_word' id='word_1_278' title='bbox 762 2017 821 2059; x_wconf 78' lang='lat'>13,</span> <span class='ocrx_word' id='word_1_279' title='bbox 844 2017 918 2064; x_wconf 74' lang='lat'>24),</span> <span class='ocrx_word' id='word_1_280' title='bbox 939 2017 1350 2066; x_wconf 85' lang='lat' dir='ltr'>praetermitterentur.</span> <span class='ocrx_word' id='word_1_281' title='bbox 1379 2018 1536 2054; x_wconf 85' lang='lat' dir='ltr'>Minime</span> <span class='ocrx_word' id='word_1_282' title='bbox 1560 2019 1798 2068; x_wconf 82' lang='lat' dir='ltr'>exprimitur,</span> <span class='ocrx_word' id='word_1_283' title='bbox 1826 2018 1873 2055; x_wconf 90' lang='lat' dir='ltr'>ad</span> <span class='ocrx_word' id='word_1_284' title='bbox 1903 2032 2016 2068; x_wconf 89' lang='lat' dir='ltr'>quem</span> <span class='ocrx_word' id='word_1_285' title='bbox 2043 2018 2203 2056; x_wconf 92' lang='lat' dir='ltr'>duorum</span> 
     </span>
     <span class='ocr_line' id='line_1_26' title="bbox 277 2098 474 2135; baseline -0.005 -14"><span class='ocrx_word' id='word_1_286' title='bbox 277 2098 474 2135; x_wconf 86' lang='lat' dir='ltr'>paparum.</span> 
     </span>
    </p>

    <p class='ocr_par' dir='ltr' id='par_1_6' title="bbox 276 2154 2207 2552">
     <span class='ocr_line' id='line_1_27' title="bbox 323 2154 2206 2206; baseline 0.002 -16"><span class='ocrx_word' id='word_1_287' title='bbox 323 2155 492 2191; x_wconf 87' lang='lat' dir='ltr'>Januarii</span> <span class='ocrx_word' id='word_1_288' title='bbox 518 2154 540 2189; x_wconf 90' lang='grc'><strong>8</strong></span> <span class='ocrx_word' id='word_1_289' title='bbox 570 2154 807 2191; x_wconf 87' lang='lat' dir='ltr'>Universitas</span> <span class='ocrx_word' id='word_1_290' title='bbox 829 2156 947 2191; x_wconf 88' lang='lat' dir='ltr'>Paris.</span> <span class='ocrx_word' id='word_1_291' title='bbox 986 2156 1066 2205; x_wconf 88' lang='lat' dir='ltr'>regi</span> <span class='ocrx_word' id='word_1_292' title='bbox 1098 2167 1326 2205; x_wconf 90' lang='lat' dir='ltr'>responsum</span> <span class='ocrx_word' id='word_1_293' title='bbox 1347 2155 1455 2192; x_wconf 90' lang='lat' dir='ltr'>dedit</span> <span class='ocrx_word' id='word_1_294' title='bbox 1476 2156 1588 2192; x_wconf 90' lang='lat' dir='ltr'>nobis</span> <span class='ocrx_word' id='word_1_295' title='bbox 1611 2158 1756 2206; x_wconf 90' lang='lat' dir='ltr'>optime</span> <span class='ocrx_word' id='word_1_296' title='bbox 1783 2164 1937 2199; x_wconf 86' lang='lat' dir='ltr'>notum;</span> <span class='ocrx_word' id='word_1_297' title='bbox 1963 2157 2134 2194; x_wconf 82' lang='lat' dir='ltr'>declarat</span> <span class='ocrx_word' id='word_1_298' title='bbox 2165 2171 2206 2194; x_wconf 91' lang='lat' dir='ltr'>se</span> 
     </span>
     <span class='ocr_line' id='line_1_28' title="bbox 276 2223 2206 2276; baseline 0.003 -17"><span class='ocrx_word' id='word_1_299' title='bbox 276 2225 314 2260; x_wconf 91' lang='lat' dir='ltr'>in</span> <span class='ocrx_word' id='word_1_300' title='bbox 338 2225 485 2260; x_wconf 86' lang='lat' dir='ltr'>neutris</span> <span class='ocrx_word' id='word_1_301' title='bbox 506 2223 681 2273; x_wconf 81' lang='lat' dir='ltr'>partibus</span> <span class='ocrx_word' id='word_1_302' title='bbox 699 2236 976 2266; x_wconf 75' lang='lat' dir='ltr'>remansuram,</span> <span class='ocrx_word' id='word_1_303' title='bbox 1001 2237 1088 2260; x_wconf 90' lang='lat' dir='ltr'>cum</span> <span class='ocrx_word' id='word_1_304' title='bbox 1110 2237 1187 2261; x_wconf 90' lang='lat' dir='ltr'>non</span> <span class='ocrx_word' id='word_1_305' title='bbox 1210 2225 1259 2261; x_wconf 89' lang='lat' dir='ltr'>sit</span> <span class='ocrx_word' id='word_1_306' title='bbox 1279 2224 1402 2261; x_wconf 91' lang='lat' dir='ltr'>adhuc</span> <span class='ocrx_word' id='word_1_307' title='bbox 1424 2225 1631 2262; x_wconf 87' lang='lat' dir='ltr'>concordia</span> <span class='ocrx_word' id='word_1_308' title='bbox 1652 2227 1690 2261; x_wconf 90' lang='lat' dir='ltr'>in</span> <span class='ocrx_word' id='word_1_309' title='bbox 1713 2226 1961 2275; x_wconf 90' lang='lat' dir='ltr'>opinionibus</span> <span class='ocrx_word' id='word_1_310' title='bbox 1988 2229 2206 2276; x_wconf 88' lang='lat' dir='ltr'>supposito-</span> 
     </span>
     <span class='ocr_line' id='line_1_29' title="bbox 276 2293 2204 2345; baseline 0.002 -16"><span class='ocrx_word' id='word_1_311' title='bbox 276 2294 404 2329; x_wconf 87' lang='lat' dir='ltr'>rum¹⁰.</span> <span class='ocrx_word' id='word_1_312' title='bbox 421 2294 533 2330; x_wconf 86' lang='lat' dir='ltr'>Certe</span> <span class='ocrx_word' id='word_1_313' title='bbox 551 2294 656 2330; x_wconf 89' lang='lat' dir='ltr'>natio</span> <span class='ocrx_word' id='word_1_314' title='bbox 671 2293 885 2343; x_wconf 87' lang='lat' dir='ltr'>Anglicana</span> <span class='ocrx_word' id='word_1_315' title='bbox 901 2300 942 2330; x_wconf 88' lang='lat' dir='ltr'>ut</span> <span class='ocrx_word' id='word_1_316' title='bbox 958 2294 1063 2330; x_wconf 91' lang='lat' dir='ltr'>natio</span> <span class='ocrx_word' id='word_1_317' title='bbox 1082 2306 1236 2330; x_wconf 87' lang='lat' dir='ltr'>causam</span> <span class='ocrx_word' id='word_1_318' title='bbox 1253 2294 1462 2331; x_wconf 88' lang='lat' dir='ltr'>Clementis</span> <span class='ocrx_word' id='word_1_319' title='bbox 1478 2294 1660 2344; x_wconf 90' lang='lat' dir='ltr'>amplecti</span> <span class='ocrx_word' id='word_1_320' title='bbox 1674 2296 1818 2338; x_wconf 88' lang='lat' dir='ltr'>renuit;</span> <span class='ocrx_word' id='word_1_321' title='bbox 1837 2309 1914 2332; x_wconf 89' lang='lat' dir='ltr'>non</span> <span class='ocrx_word' id='word_1_322' title='bbox 1931 2303 2058 2332; x_wconf 91' lang='lat' dir='ltr'>tamen</span> <span class='ocrx_word' id='word_1_323' title='bbox 2079 2297 2204 2345; x_wconf 89' lang='lat' dir='ltr'>palam</span> 
     </span>
     <span class='ocr_line' id='line_1_30' title="bbox 277 2362 2205 2413; baseline 0.002 -15"><span class='ocrx_word' id='word_1_324' title='bbox 277 2362 472 2399; x_wconf 87' lang='lat' dir='ltr'>Urbanum</span> <span class='ocrx_word' id='word_1_325' title='bbox 492 2363 541 2399; x_wconf 86' lang='lat' dir='ltr'>Vl</span> <span class='ocrx_word' id='word_1_326' title='bbox 559 2362 754 2412; x_wconf 87' lang='lat' dir='ltr'>praetulit,</span> <span class='ocrx_word' id='word_1_327' title='bbox 776 2370 818 2398; x_wconf 88' lang='lat' dir='ltr'>ut</span> <span class='ocrx_word' id='word_1_328' title='bbox 833 2370 993 2413; x_wconf 87' lang='lat' dir='ltr'>apparet</span> <span class='ocrx_word' id='word_1_329' title='bbox 1012 2375 1033 2399; x_wconf 95' lang='lat' dir='ltr'>e</span> <span class='ocrx_word' id='word_1_330' title='bbox 1053 2362 1313 2400; x_wconf 86' lang='lat' dir='ltr'>declaratione</span> <span class='ocrx_word' id='word_1_331' title='bbox 1331 2362 1526 2399; x_wconf 86' lang='lat' dir='ltr'>Februarii</span> <span class='ocrx_word' id='word_1_332' title='bbox 1549 2363 1593 2399; x_wconf 77' lang='lat'>12</span> <span class='ocrx_word' id='word_1_333' title='bbox 1614 2364 1652 2399; x_wconf 91' lang='lat' dir='ltr'>in</span> <span class='ocrx_word' id='word_1_334' title='bbox 1673 2366 1975 2413; x_wconf 85' lang='lat' dir='ltr'>congregatione</span> <span class='ocrx_word' id='word_1_335' title='bbox 1993 2365 2095 2407; x_wconf 88' lang='lat' dir='ltr'>data,</span> <span class='ocrx_word' id='word_1_336' title='bbox 2118 2379 2205 2402; x_wconf 91' lang='lat' dir='ltr'>cum</span> 
     </span>
     <span class='ocr_line' id='line_1_31' title="bbox 277 2432 2205 2483; baseline 0.002 -16"><span class='ocrx_word' id='word_1_337' title='bbox 277 2444 342 2468; x_wconf 89' lang='lat' dir='ltr'>rex</span> <span class='ocrx_word' id='word_1_338' title='bbox 358 2433 552 2468; x_wconf 83' lang='lat' dir='ltr'>nationem</span> <span class='ocrx_word' id='word_1_339' title='bbox 567 2439 790 2470; x_wconf 86' lang='lat' dir='ltr'>accusasset</span> <span class='ocrx_word' id='word_1_340' title='bbox 803 2447 821 2467; x_wconf 75' lang='grc' dir='ltr'>ι(</span> <span class='ocrx_word' id='word_1_341' title='bbox 833 2432 937 2482; x_wconf 89' lang='lat' dir='ltr'>quod</span> <span class='ocrx_word' id='word_1_342' title='bbox 951 2433 1034 2482; x_wconf 89' lang='lat' dir='ltr'>ipsa</span> <span class='ocrx_word' id='word_1_343' title='bbox 1051 2432 1255 2483; x_wconf 88' lang='lat' dir='ltr'>impediret</span> <span class='ocrx_word' id='word_1_344' title='bbox 1266 2432 1369 2482; x_wconf 91' lang='lat' dir='ltr'>quod</span> <span class='ocrx_word' id='word_1_345' title='bbox 1384 2433 1533 2469; x_wconf 89' lang='lat' dir='ltr'>rotulus</span> <span class='ocrx_word' id='word_1_346' title='bbox 1550 2446 1626 2470; x_wconf 91' lang='lat' dir='ltr'>non</span> <span class='ocrx_word' id='word_1_347' title='bbox 1642 2434 1937 2471; x_wconf 89' lang='lat' dir='ltr'>concluderetur</span> <span class='ocrx_word' id='word_1_348' title='bbox 1953 2447 2023 2471; x_wconf 91' lang='lat' dir='ltr'>nec</span> <span class='ocrx_word' id='word_1_349' title='bbox 2040 2436 2205 2472; x_wconf 83' lang='lat' dir='ltr'>mittere-</span> 
     </span>
     <span class='ocr_line' id='line_1_32' title="bbox 276 2501 2207 2552; baseline 0.002 -15"><span class='ocrx_word' id='word_1_350' title='bbox 276 2508 340 2537; x_wconf 87' lang='lat' dir='ltr'>tur</span> <span class='ocrx_word' id='word_1_351' title='bbox 365 2501 507 2538; x_wconf 86' lang='lat' dir='ltr'>Fundis</span> <span class='ocrx_word' id='word_1_352' title='bbox 531 2501 579 2538; x_wconf 89' lang='lat' dir='ltr'>ad</span> <span class='ocrx_word' id='word_1_353' title='bbox 605 2501 843 2539; x_wconf 90' lang='lat' dir='ltr'>Clementem</span> <span class='ocrx_word' id='word_1_354' title='bbox 865 2516 883 2537; x_wconf 72' lang='lat'>³)</span> <span class='ocrx_word' id='word_1_355' title='bbox 905 2503 1054 2549; x_wconf 81' lang='lat'>(569,17</span> <span class='ocrx_word' id='word_1_356' title='bbox 1081 2506 1195 2552; x_wconf 89' lang='lat' dir='ltr'>sqq.).</span> <span class='ocrx_word' id='word_1_357' title='bbox 1223 2503 1334 2539; x_wconf 91' lang='lat' dir='ltr'>Natio</span> <span class='ocrx_word' id='word_1_358' title='bbox 1359 2508 1401 2538; x_wconf 92' lang='lat' dir='ltr'>ut</span> <span class='ocrx_word' id='word_1_359' title='bbox 1423 2503 1529 2551; x_wconf 90' lang='lat' dir='ltr'>prius</span> <span class='ocrx_word' id='word_1_360' title='bbox 1557 2515 1713 2552; x_wconf 87' lang='lat' dir='ltr'>anceps,</span> <span class='ocrx_word' id='word_1_361' title='bbox 1738 2503 1799 2540; x_wconf 91' lang='lat' dir='ltr'>vel</span> <span class='ocrx_word' id='word_1_362' title='bbox 1820 2511 1861 2540; x_wconf 90' lang='lat' dir='ltr'>ut</span> <span class='ocrx_word' id='word_1_363' title='bbox 1887 2512 1977 2540; x_wconf 87' lang='lat' dir='ltr'>tunc</span> <span class='ocrx_word' id='word_1_364' title='bbox 2004 2504 2207 2541; x_wconf 84' lang='lat' dir='ltr'>dicebatur</span> 
     </span>
    </p>
   </div>
   <div class='ocr_carea' id='block_1_4' title="bbox 279 2570 2205 2622">
    <p class='ocr_par' dir='ltr' id='par_1_7' title="bbox 279 2570 2205 2622">
     <span class='ocr_line' id='line_1_33' title="bbox 279 2570 2205 2622; baseline 0.002 -16"><span class='ocrx_word' id='word_1_365' title='bbox 279 2584 296 2605; x_wconf 72' lang='grc' dir='ltr'><em>α</em></span> <span class='ocrx_word' id='word_1_366' title='bbox 322 2571 507 2607; x_wconf 86' lang='lat' dir='ltr'>neutralis</span> <span class='ocrx_word' id='word_1_367' title='bbox 535 2585 570 2615; x_wconf 82' lang='grc'>»,</span> <span class='ocrx_word' id='word_1_368' title='bbox 594 2585 611 2606; x_wconf 72' lang='lat' dir='ltr'>‹ae</span> <span class='ocrx_word' id='word_1_369' title='bbox 638 2570 863 2608; x_wconf 84' lang='lat' dir='ltr'>indifferens</span> <span class='ocrx_word' id='word_1_370' title='bbox 887 2586 921 2615; x_wconf 71' lang='lat'>³),</span> <span class='ocrx_word' id='word_1_371' title='bbox 941 2573 1142 2608; x_wconf 84' lang='lat' dir='ltr'>remansit.</span> <span class='ocrx_word' id='word_1_372' title='bbox 1165 2573 1260 2608; x_wconf 86' lang='lat' dir='ltr'>Tum</span> <span class='ocrx_word' id='word_1_373' title='bbox 1286 2571 1528 2608; x_wconf 86' lang='lat' dir='ltr'>consiliarius</span> <span class='ocrx_word' id='word_1_374' title='bbox 1554 2573 1719 2609; x_wconf 89' lang='lat' dir='ltr'>nationis</span> <span class='ocrx_word' id='word_1_375' title='bbox 1745 2574 1974 2622; x_wconf 90' lang='lat' dir='ltr'>praecipuus</span> <span class='ocrx_word' id='word_1_376' title='bbox 2000 2581 2106 2610; x_wconf 88' lang='lat' dir='ltr'>certe</span> <span class='ocrx_word' id='word_1_377' title='bbox 2136 2574 2205 2610; x_wconf 90' lang='lat' dir='ltr'>fuit</span> 
     </span>
    </p>
   </div>
   <div class='ocr_carea' id='block_1_5' title="bbox 276 2699 1787 2934">
    <p class='ocr_par' dir='ltr' id='par_1_8' title="bbox 317 2699 1659 2738">
     <span class='ocr_line' id='line_1_34' title="bbox 317 2699 1659 2738; baseline 0.003 -10"><span class='ocrx_word' id='word_1_378' title='bbox 317 2701 344 2730; x_wconf 86' lang='lat'>1.</span> <span class='ocrx_word' id='word_1_379' title='bbox 388 2699 459 2729; x_wconf 83' lang='lat' dir='ltr'>Vid.</span> <span class='ocrx_word' id='word_1_380' title='bbox 482 2701 631 2736; x_wconf 63' lang='lat' dir='ltr'>Char-tul„</span> <span class='ocrx_word' id='word_1_381' title='bbox 650 2700 706 2738; x_wconf 84' lang='lat' dir='ltr'>Ill,</span> <span class='ocrx_word' id='word_1_382' title='bbox 721 2705 754 2730; x_wconf 70' lang='grc' dir='ltr'>[ιο</span> <span class='ocrx_word' id='word_1_383' title='bbox 768 2701 846 2730; x_wconf 83' lang='grc'><strong>1419</strong></span> <span class='ocrx_word' id='word_1_384' title='bbox 859 2707 923 2731; x_wconf 83' lang='lat' dir='ltr'>not.</span> <span class='ocrx_word' id='word_1_385' title='bbox 1336 2704 1364 2731; x_wconf 87' lang='grc'>6.</span> <span class='ocrx_word' id='word_1_386' title='bbox 1411 2703 1502 2738; x_wconf 59' lang='lat' dir='ltr'>thid„</span> <span class='ocrx_word' id='word_1_387' title='bbox 1519 2707 1552 2731; x_wconf 82' lang='lat' dir='ltr'>n⁰</span> <span class='ocrx_word' id='word_1_388' title='bbox 1571 2704 1659 2732; x_wconf 83' lang='lat'><strong>1609.</strong></span> 
     </span>
    </p>

    <p class='ocr_par' dir='ltr' id='par_1_9' title="bbox 276 2747 1780 2840">
     <span class='ocr_line' id='line_1_35' title="bbox 316 2747 1780 2791; baseline 0.003 -14"><span class='ocrx_word' id='word_1_389' title='bbox 316 2749 345 2777; x_wconf 92' lang='grc'>2.</span> <span class='ocrx_word' id='word_1_390' title='bbox 390 2747 517 2778; x_wconf 88' lang='lat' dir='ltr'>Minime</span> <span class='ocrx_word' id='word_1_391' title='bbox 533 2749 649 2778; x_wconf 81' lang='lat' dir='ltr'>Romae</span> <span class='ocrx_word' id='word_1_392' title='bbox 667 2750 734 2785; x_wconf 85' lang='lat' dir='ltr'>fuit,</span> <span class='ocrx_word' id='word_1_393' title='bbox 759 2756 792 2779; x_wconf 85' lang='lat' dir='ltr'>ut</span> <span class='ocrx_word' id='word_1_394' title='bbox 816 2749 975 2790; x_wconf 86' lang='lat' dir='ltr'>hucusque</span> <span class='ocrx_word' id='word_1_395' title='bbox 1000 2750 1110 2780; x_wconf 86' lang='lat' dir='ltr'>iterum</span> <span class='ocrx_word' id='word_1_396' title='bbox 1129 2750 1188 2780; x_wconf 86' lang='lat' dir='ltr'>ite-</span> <span class='ocrx_word' id='word_1_397' title='bbox 1336 2753 1366 2781; x_wconf 86' lang='lat'>9.</span> <span class='ocrx_word' id='word_1_398' title='bbox 1412 2752 1457 2781; x_wconf 82' lang='lat' dir='ltr'>De</span> <span class='ocrx_word' id='word_1_399' title='bbox 1472 2762 1533 2791; x_wconf 86' lang='lat' dir='ltr'>quo</span> <span class='ocrx_word' id='word_1_400' title='bbox 1549 2752 1622 2781; x_wconf 85' lang='lat' dir='ltr'>ibid.</span> <span class='ocrx_word' id='word_1_401' title='bbox 1641 2755 1673 2780; x_wconf 85' lang='lat' dir='ltr'>n⁰</span> <span class='ocrx_word' id='word_1_402' title='bbox 1692 2753 1780 2782; x_wconf 82' lang='lat'><strong>1613.</strong></span> 
     </span>
     <span class='ocr_line' id='line_1_36' title="bbox 276 2798 1566 2840; baseline 0.003 -14"><span class='ocrx_word' id='word_1_403' title='bbox 276 2806 406 2837; x_wconf 80' lang='lat' dir='ltr'>rumque</span> <span class='ocrx_word' id='word_1_404' title='bbox 417 2798 621 2827; x_wconf 81' lang='lat' dir='ltr'>scribebatur.</span> <span class='ocrx_word' id='word_1_405' title='bbox 1337 2802 1366 2830; x_wconf 90' lang='lat'>8.</span> <span class='ocrx_word' id='word_1_406' title='bbox 1412 2801 1498 2840; x_wconf 80' lang='lat' dir='ltr'>Sept.</span> <span class='ocrx_word' id='word_1_407' title='bbox 1516 2802 1566 2831; x_wconf 91' lang='lat'>20.</span> 
     </span>
    </p>

    <p class='ocr_par' dir='ltr' id='par_1_10' title="bbox 317 2847 1787 2885">
     <span class='ocr_line' id='line_1_37' title="bbox 317 2847 1787 2885; baseline 0.003 -10"><span class='ocrx_word' id='word_1_408' title='bbox 317 2847 347 2876; x_wconf 89' lang='lat'>3.</span> <span class='ocrx_word' id='word_1_409' title='bbox 390 2847 518 2883; x_wconf 77' lang='lat'><strong>562‚44;</strong></span> <span class='ocrx_word' id='word_1_410' title='bbox 533 2847 657 2883; x_wconf 81' lang='lat'><strong>563,12.</strong></span> <span class='ocrx_word' id='word_1_411' title='bbox 1335 2851 1364 2879; x_wconf 81' lang='lat'>9.</span> <span class='ocrx_word' id='word_1_412' title='bbox 1413 2851 1561 2885; x_wconf 63' lang='lat' dir='ltr'>Chat-tul„</span> <span class='ocrx_word' id='word_1_413' title='bbox 1581 2850 1637 2885; x_wconf 87' lang='lat'>111,</span> <span class='ocrx_word' id='word_1_414' title='bbox 1653 2855 1686 2879; x_wconf 88' lang='lat' dir='ltr'>n⁰</span> <span class='ocrx_word' id='word_1_415' title='bbox 1700 2851 1787 2880; x_wconf 74' lang='lat'><strong>1614.</strong></span> 
     </span>
    </p>

    <p class='ocr_par' dir='ltr' id='par_1_11' title="bbox 316 2895 1672 2934">
     <span class='ocr_line' id='line_1_38' title="bbox 316 2895 1672 2934; baseline 0.003 -10"><span class='ocrx_word' id='word_1_416' title='bbox 316 2895 346 2924; x_wconf 81' lang='lat'>4.</span> <span class='ocrx_word' id='word_1_417' title='bbox 393 2896 542 2931; x_wconf 63' lang='lat' dir='ltr'>Char-ml„</span> <span class='ocrx_word' id='word_1_418' title='bbox 560 2896 616 2931; x_wconf 90' lang='lat'>111,</span> <span class='ocrx_word' id='word_1_419' title='bbox 630 2898 754 2926; x_wconf 85' lang='lat' dir='ltr'><strong>n01609</strong></span> <span class='ocrx_word' id='word_1_420' title='bbox 769 2903 799 2926; x_wconf 85' lang='lat' dir='ltr'>et</span> <span class='ocrx_word' id='word_1_421' title='bbox 814 2903 877 2926; x_wconf 86' lang='lat' dir='ltr'>not.</span> <span class='ocrx_word' id='word_1_422' title='bbox 895 2898 923 2927; x_wconf 86' lang='lat'>1.</span> <span class='ocrx_word' id='word_1_423' title='bbox 1338 2900 1385 2929; x_wconf 92' lang='grc'><strong>10.</strong></span> <span class='ocrx_word' id='word_1_424' title='bbox 1431 2900 1522 2934; x_wconf 65' lang='lat' dir='ltr'>mid„</span> <span class='ocrx_word' id='word_1_425' title='bbox 1538 2904 1570 2928; x_wconf 89' lang='lat' dir='ltr'>n⁰</span> <span class='ocrx_word' id='word_1_426' title='bbox 1585 2901 1672 2929; x_wconf 84' lang='lat'><strong>1616.</strong></span> 
     </span>
    </p>
   </div>
   <div class='ocr_carea' id='block_1_6' title="bbox 318 2944 952 2981">
    <p class='ocr_par' dir='ltr' id='par_1_12' title="bbox 318 2944 952 2981">
     <span class='ocr_line' id='line_1_39' title="bbox 318 2944 952 2981; baseline 0.003 -8"><span class='ocrx_word' id='word_1_427' title='bbox 318 2945 348 2974; x_wconf 83' lang='lat'>5.</span> <span class='ocrx_word' id='word_1_428' title='bbox 392 2944 483 2979; x_wconf 61' lang='lat' dir='ltr'>thid„</span> <span class='ocrx_word' id='word_1_429' title='bbox 499 2949 532 2974; x_wconf 83' lang='lat' dir='ltr'>n⁰</span> <span class='ocrx_word' id='word_1_430' title='bbox 549 2946 624 2975; x_wconf 90' lang='grc'><strong>1607</strong></span> <span class='ocrx_word' id='word_1_431' title='bbox 641 2951 671 2975; x_wconf 82' lang='lat' dir='ltr'>et</span> <span class='ocrx_word' id='word_1_432' title='bbox 686 2950 719 2974; x_wconf 81' lang='lat' dir='ltr'>n⁰</span> <span class='ocrx_word' id='word_1_433' title='bbox 738 2947 826 2981; x_wconf 85' lang='lat'>1610,</span> <span class='ocrx_word' id='word_1_434' title='bbox 845 2953 908 2976; x_wconf 87' lang='lat' dir='ltr'>not.</span> <span class='ocrx_word' id='word_1_435' title='bbox 924 2948 952 2976; x_wconf 89' lang='lat'>5.</span> 
     </span>
    </p>
   </div>
   <div class='ocr_carea' id='block_1_7' title="bbox 2228 1048 2341 1084">
    <p class='ocr_par' dir='ltr' id='par_1_13' title="bbox 2228 1048 2341 1084">
     <span class='ocr_line' id='line_1_40' title="bbox 2228 1048 2341 1084; baseline 0 -10"><span class='ocrx_word' id='word_1_436' title='bbox 2228 1048 2341 1084; x_wconf 85' lang='lat' dir='ltr'>Anceps</span> 
     </span>
    </p>
   </div>
   <div class='ocr_carea' id='block_1_8' title="bbox 2227 2168 2470 2247">
    <p class='ocr_par' dir='ltr' id='par_1_14' title="bbox 2227 2168 2470 2247">
     <span class='ocr_line' id='line_1_41' title="bbox 2315 2168 2384 2193; baseline 0 0"><span class='ocrx_word' id='word_1_437' title='bbox 2315 2168 2384 2193; x_wconf 88' lang='grc'><strong>1379</strong></span> 
     </span>
     <span class='ocr_line' id='line_1_42' title="bbox 2227 2213 2470 2247; baseline 0 -9"><span class='ocrx_word' id='word_1_438' title='bbox 2227 2213 2363 2239; x_wconf 81' lang='lat' dir='ltr'>Neutrius</span> <span class='ocrx_word' id='word_1_439' title='bbox 2379 2213 2470 2247; x_wconf 83' lang='lat' dir='ltr'>partis</span> 
     </span>
    </p>
   </div>
  </div>
 </body>
</html>
