2632 3464
453 414 506 439 207

454 495 513 524 ret,
530 495 563 518 ut
578 488 623 518 eis
634 493 808 527 appareret,
826 487 895 517 ideo
909 487 967 516 hoc
980 486 1160 527 permittere
1176 486 1270 515 salvis
1279 484 1363 524 jura·

455 538 566 567 mentis
577 547 769 577 nequaquam
780 543 920 576 possent.
932 536 1074 566 Breviter
1082 535 1173 565 motis
1186 534 1363 564 racionibus

455 586 527 616 hinc
546 587 617 616 inde
638 587 823 616 concordate
843 592 915 615 sunt
935 586 967 614 in
986 595 1080 615 unum
1100 585 1188 614 ambe
1203 583 1361 617 naciones,

454 635 599 665 videlicet
619 635 708 664 nacio
732 635 884 674 Pycardie
906 641 937 664 et
955 633 1138 674 Anglicana,
1160 633 1244 672 quod
1261 632 1362 661 dictus

455 685 626 714 bacalarius
640 684 746 724 jurare
760 685 888 713 deberet
902 683 1026 722 utrique
1046 682 1168 712 nacioni
1182 681 1363 710 indifferen-

453 740 501 763 ter
508 733 682 773 juramenta
698 733 799 768 solita,
816 733 900 772 quod
915 733 953 761 ad
971 741 1184 771 quamcunque
1203 730 1361 759 nacionem

449 782 606 823 judicatus
621 789 714 817 esset,
731 782 815 822 quod
834 781 893 811 sibi
910 780 1170 810 indissolubiliter
1186 779 1361 814 adhereret,

453 838 484 861 et
507 842 545 861 ex
563 842 645 861 nunc
670 831 730 860 sibi
756 831 807 860 illa
822 829 996 870 juramenta
1017 830 1130 859 faceret
1151 829 1218 858 sine
1239 829 1361 858 fictione

454 891 636 920 quacunque
657 887 687 909 et
706 891 743 909 ex
761 880 866 909 corde.
887 879 989 918 Super
1006 878 1064 908 hoc
1082 878 1170 907 nacio
1191 877 1363 918 Anglicana

453 940 489 960 eo
504 937 577 959 tunc
590 931 828 959 instrumentum
841 928 998 968 publicum
1011 928 1119 957 confici
1134 927 1194 957 sibi
1211 927 1363 956 instanter

452 980 587 1019 petebat.
616 979 655 1008 Et
680 979 725 1008 sic
750 978 809 1007 sibi
833 977 962 1007 licencia
983 978 1053 1006 data
1077 983 1143 1006 erat
1167 978 1204 1006 ab
1231 983 1361 1016 utraque

452 1028 581 1057 nacione
603 1028 707 1057 habito
723 1026 898 1067 juramento
920 1026 1096 1066 utrobique.
1116 1043 1155 1048 ——
1172 1026 1273 1055 Bursa
1296 1024 1361 1065 ejus

452 1078 510 1107 XII
527 1077 630 1107 solidi.

491 1126 583 1156 Anno
603 1125 727 1155 Domini
747 1125 793 1154 M⁰
812 1125 933 1155 C⁰C⁰C⁰
951 1124 1060 1160 LV11⁰‚
1080 1124 1362 1154 determinaverunt

452 1175 503 1205 isti
518 1176 571 1214 qui
584 1181 764 1214 sequentur.

492 1224 598 1254 Primo
612 1223 828 1253 determinavit
842 1223 986 1252 dominus
1001 1222 1157 1262 Nycolaus
1171 1223 1208 1251 de
1222 1222 1307 1252 Calis
1324 1223 1361 1252 de

452 1274 564 1303 Prucia
588 1274 646 1302 sub
668 1272 817 1312 magistro
837 1272 977 1302 Johanne
1000 1273 1037 1301 de
1058 1272 1251 1307 Pomarania,
1275 1271 1361 1311 cujus

450 1323 546 1352 bursa
559 1322 587 1351 X
603 1322 707 1351 solidi.

492 1371 567 1401 Item
585 1371 729 1400 dominus
746 1370 943 1401 Wernherus
961 1370 1043 1410 May,
1064 1371 1116 1410 qui
1131 1369 1248 1410 juravit
1269 1371 1362 1400 satis-

451 1422 550 1450 facere
566 1421 604 1450 de
619 1420 724 1449 bursis
741 1419 806 1449 suis
825 1420 994 1449 secundum
1014 1420 1145 1459 gratiam
1164 1419 1223 1448 sibi
1240 1420 1359 1455 factam,

451 1470 538 1510 cujus
557 1471 652 1499 bursa
667 1471 685 1499 6
702 1469 806 1498 solidi.

492 1520 567 1549 Item
587 1519 803 1548 determinavit
820 1518 964 1547 dominus
986 1518 1149 1548 Servasius
1167 1519 1205 1547 de
1219 1517 1360 1558 Trajecto

451 1569 607 1608 superiori
618 1568 642 1603 ⁴,
657 1567 745 1607 cujus
760 1569 855 1597 bursa
872 1569 908 1597 13
922 1567 1026 1596 solidi.

491 1618 565 1647 Item
595 1617 809 1646 determinavit
833 1617 977 1646 dominus
1005 1617 1201 1646 Giselbertus
1232 1617 1359 1653 Dievor,

450 1667 503 1706 qui
527 1667 632 1706 posuit
655 1666 789 1706 pignora
811 1667 979 1695 secundum
1006 1666 1135 1706 gratiam
1162 1666 1222 1695 sibi
1252 1667 1359 1696 factam

452 1726 508 1755 per
523 1716 695 1751 nacionem,
712 1715 800 1755 cujus
815 1716 910 1744 bursa
925 1715 951 1743 V
967 1715 1069 1744 solidi.

491 1766 566 1794 Item
591 1765 808 1794 determinavit
836 1765 979 1793 dominus
1004 1764 1135 1804 Egidius
1158 1765 1195 1793 de
1217 1764 1359 1805 Traiecto

454 1813 641 1854 superiori²‚
660 1812 746 1852 cujus
764 1815 859 1843 bursa
878 1814 914 1842 13
933 1813 1036 1843 solidi.

492 1863 565 1893 Item
581 1863 798 1892 determinavit
815 1863 957 1892 dominus
973 1862 1129 1892 Johannes
1148 1864 1185 1892 de
1204 1863 1288 1892 Beke
1302 1864 1359 1893 sub

450 1913 598 1952 magistro
615 1912 754 1941 Johanne
769 1912 924 1951 Waspiic,
940 1911 1137 1951 cujusnbursa
1154 1912 1261 1941 nichil.

491 1962 565 1991 Item
590 1962 733 1990 «lominus
762 1961 908 1990 Nicolaus
933 1962 970 1990 de
997 1961 1107 1990 Suecia
1129 1962 1186 1990 sub
1210 1962 1360 2001 magistro

450 2011 579 2040 Hinrico
592 2012 629 2039 de
644 2011 792 2045 Embeke,
807 2009 895 2050 cujus
911 2011 1005 2039 bursa
1019 2011 1054 2039 15
1072 2011 1174 2040 solidi.

490 2061 565 2089 Item
596 2060 740 2089 dominus
771 2060 928 2089 Johannes
954 2060 992 2089 de
1023 2060 1132 2089 Suecia
1166 2061 1223 2090 sub
1252 2061 1359 2090 eodem

449 2110 611 2149 magistro,
630 2108 716 2149 cujus
732 2110 827 2138 bursa
845 2110 880 2138 15
900 2109 1002 2138 solidi.

491 2159 565 2188 Item
589 2158 732 2187 dominus
753 2158 902 2187 Hinricus
924 2158 1025 2187 dictus
1043 2158 1142 2188 Peure
1163 2160 1201 2188 de
1219 2158 1359 2198 Trajecto

449 2208 604 2247 superiori
622 2207 634 2225 ²
660 2208 718 2236 sub
740 2208 888 2247 magistro
908 2207 1090 2247 Reynbaldo
1109 2209 1146 2236 de
1170 2207 1357 2244 Gamundia,

449 2256 536 2296 cujus
555 2258 649 2286 bursa
663 2259 682 2285 ὅ
698 2257 801 2286 solidi.

490 2307 565 2335 Item
588 2306 731 2335 dominus
756 2306 904 2335 Hinricus
928 2305 1099 2345 Scriptoris
1122 2307 1158 2335 de
1183 2306 1359 2347 Slusungen

449 2356 506 2384 sub
543 2355 690 2394 magistro
724 2355 854 2384 Hinrico
883 2355 920 2383 de
955 2354 1107 2390 Embeke,
1144 2354 1230 2395 cujus
1265 2357 1359 2385 bursa

449 2404 555 2434 nichil.

490 2454 564 2482 Item
587 2453 731 2482 dominus
752 2453 906 2482 Patricius
928 2453 1158 2493 sub'magistro
1180 2453 1305 2484 Galtero
1321 2455 1358 2484 de

448 2502 616 2532 WVardelau
635 2502 738 2537 Scot0‚
757 2501 844 2542 cujus
857 2503 951 2531 bursa
966 2503 1001 2531 12
1019 2503 1121 2532 solidi.

490 2552 563 2581 Item
578 2552 722 2580 dominus
737 2551 884 2580 Hinricus
897 2551 976 2580 Bere
993 2553 1050 2581 sub
1064 2553 1212 2592 magistro
1229 2553 1358 2582 Hinrico

449 2602 486 2630 de
504 2601 652 2635 Embeke,
674 2599 761 2640 cujus
777 2601 871 2629 bursa
892 2602 927 2629 12
945 2601 1047 2630 solidi.

491 2650 564 2678 Item
595 2650 739 2678 dominus
766 2649 946 2679 Gerhardus
974 2651 1011 2679 de
1038 2650 1104 2689 Lyn
1127 2652 1183 2680 sub
1209 2651 1358 2691 magistro

450 2699 579 2727 Hinrico
595 2700 633 2727 de
652 2699 799 2734 Embeke,
818 2697 904 2739 cujus
919 2700 1011 2728 bursa
1026 2699 1130 2728 nichil.

489 2748 563 2776 Item
601 2748 744 2777 domInus
779 2747 959 2777 Gerhardus
990 2749 1027 2777 de
1067 2748 1233 2778 Daventria
1249 2748 1261 2767 ³
1301 2750 1357 2779 sub

447 2797 594 2836 magistro
610 2797 749 2825 Johanne
769 2798 805 2826 de
820 2797 968 2831 Lovanio,
989 2796 1075 2837 cujus
1094 2798 1187 2827 bursa
1205 2799 1241 2827 15
1258 2799 1315 2828 sol.

480 2908 502 2932 1.
537 2910 564 2931 ln
578 2909 693 2940 margine
706 2908 854 2939 Trajectum
872 2909 1004 2939 superius.

479 2944 502 2967 2.
537 2946 564 2967 ln
579 2944 694 2975 margine
710 2944 857 2975 Trajectum
872 2944 1002 2975 superius.

997 410 1219 437 AUCTARIUM
1245 407 1505 436 CHARTULARII
1529 410 1703 436 UNIVERS.
1724 409 1843 436 PARIS.

1418 685 1434 710 5

1400 931 1434 957 10

1400 1178 1433 1203 15

1399 1424 1432 1450 20

1397 1671 1431 1697 25

1397 1917 1431 1943 30

1397 2162 1431 2188 35

1397 2407 1430 2433 40

1397 2657 1429 2683 45

2280 4 2286 13 2
2330 0 2347 3 *¹
2361 2 2364 6 ’
2379 0 2386 20 ·..
2398 0 2557 34 fuvfssf‘ffi'ss’.
2567 10 2579 33 f
2591 23 2602 30 .

2327 410 2379 437 208

1514 485 1589 515 Item
1611 486 1754 516 dominus
1779 486 1936 516 Johannes
1966 486 2103 517 Herwici
2131 488 2170 516 de
2194 487 2379 518 Lfineborch

1473 535 1530 564 sub
1544 535 1693 575 magistro
1709 535 1848 574 Hynrico
1860 536 1897 564 de
1910 535 2058 571 Embeke,
2071 535 2157 576 cujus
2171 537 2265 567 bursa
2274 539 2294 567 9
2305 538 2376 574 sol.‚

1472 593 1529 622 pro
1546 584 1658 623 quibus
1675 583 1861 624 fidejubebat
1879 585 2022 614 dominus
2037 584 2184 615 Albertus
2201 587 2239 615 de
2257 586 2379 616 Molen-

1471 632 1546 662 dino
1564 634 1732 663 secundum
1748 634 1877 674 gratiam
1892 634 1951 663 sibi
1965 634 2072 663 factam
2085 644 2143 674 per
2158 635 2328 665 nacionem.

1512 681 1586 711 Item
1626 683 1770 712 dominus
1804 683 1961 712 Johannes
1997 684 2035 712 de
2070 683 2285 724 Ricmestorpe
2321 686 2378 715 sub

1472 731 1621 770 magistro
1637 732 1756 767 eodem,
1771 731 1858 772 cujus
1876 733 1970 761 bursa
1986 732 2091 761 nichil.

1512 779 1587 809 Item
1603 781 1746 810 dominus
1761 781 1949 810 Wilhelmus
1969 782 2006 810 de
2021 781 2185 811 Hollandia
2205 783 2262 812 sub
2280 783 2379 823 magi·

1472 834 1538 858 stro
1552 829 1692 859 Johanne
1708 830 1745 859 de
1759 829 1923 870 Waspich‚
1944 829 2031 870 cujus
2046 831 2141 860 bursa
2158 831 2264 861 nichil.

1512 878 1587 907 Item
1611 879 1754 908 dominus
1778 879 1964 909 Fredericus
1987 879 2222 910 Wanczeberch
2242 882 2300 911 sub
2319 891 2379 911 ma-

1471 927 1570 966 gistro
1589 927 1718 957 Hinrico
1734 929 1772 957 de
1788 928 1935 964 Embeke,
1953 927 2040 968 cujus
2055 930 2150 958 bursa
2163 930 2270 960 nichil.

1512 976 1588 1006 Item
1609 977 1751 1006 dominus
1775 977 1934 1007 Hubertus
1958 978 1995 1007 de
2025 978 2120 1007 Beest
2143 980 2200 1008 sub
2229 980 2378 1020 magistro

1470 1025 1610 1055 Johanne
1630 1026 1722 1062 Mast‚
1743 1024 1830 1066 cujus
1852 1027 1947 1056 bursa
1970 1028 2006 1056 12
2027 1027 2130 1063 solidi,
2152 1034 2240 1058 scuto
2257 1029 2377 1060 valente

1471 1075 1509 1103 36
1522 1075 1652 1104 solidos.

1512 1124 1632 1164 Incepit
1657 1124 1801 1154 dominus
1827 1124 1983 1164 Nycolaus
2009 1125 2114 1154 Macer
2143 1127 2180 1155 de
2211 1126 2376 1157 Almekerc

1471 1173 1550 1202 ultra
1571 1173 1691 1203 Mosam
1715 1173 1874 1213 antiquum
1889 1172 1900 1191 ⁴
1922 1174 1979 1203 sub
2001 1174 2150 1214 magistro
2182 1175 2312 1205 Hinrico
2339 1177 2378 1206 de

1472 1222 1611 1261 Kempis,
1629 1221 1715 1262 cujus
1731 1223 1825 1252 bursa
1842 1222 1948 1251 nichil.

1512 1271 1587 1301 Item
1609 1272 1726 1311 incepit
1745 1271 1776 1300 in
1797 1271 1915 1301 artibus
1933 1272 2076 1302 dominus
2098 1273 2255 1303 Robertus
2273 1274 2378 1304 Moni-

1472 1321 1577 1359 [pen]e
1595 1322 1652 1350 sub
1664 1321 1812 1361 magistro
1829 1320 1954 1350 Galtero
1971 1321 2173 1362 Wardelaug,
2186 1322 2273 1362 cujus
2283 1324 2378 1354 bursa

1473 1370 1508 1398 12
1523 1370 1626 1399 solidi.

1511 1418 1583 1458 (Fal.
1609 1419 1656 1459 34)
1676 1419 1751 1448 Item
1769 1419 1818 1448 die
1840 1429 1922 1448 nona
1939 1419 2055 1448 mensis
2073 1419 2177 1450 Martii
2191 1422 2379 1461 computavit

1470 1468 1614 1497 dominus
1632 1474 1776 1508 receptor
1790 1469 1821 1497 in
1837 1469 1950 1498 Sancto
1970 1469 2127 1499 Maturino
2151 1480 2246 1509 supra
2269 1471 2376 1501 cistam

1470 1517 1622 1553 nacionis,
1655 1524 1684 1547 et
1719 1524 1784 1547 erat
1817 1525 1979 1558 compotus
2015 1529 2089 1548 suus
2125 1520 2315 1559 approbatus
2346 1526 2378 1550 et

1469 1566 1618 1596 remansit
1638 1567 1794 1607 obligatus
1816 1568 1938 1597 nacioni
1961 1568 1992 1597 in
2014 1568 2143 1598 XXVIII
2170 1568 2276 1604 libris,
2301 1569 2376 1600 XIII

1470 1615 1580 1645 solidis
1598 1622 1628 1645 et
1646 1617 1664 1645 6
1682 1617 1830 1652 denariis,
1852 1623 1938 1646 scuto
1959 1617 2080 1647 valente
2100 1617 2226 1646 XXXVI
2244 1618 2374 1648 solidos.

1509 1665 1584 1694 Item
1604 1665 1792 1705 supplicavit
1811 1666 1953 1695 dominus
1972 1666 2120 1695 Hinricus
2141 1667 2377 1697 Wickenborch

1468 1715 1507 1743 de
1535 1714 1706 1744 Wismaria
1732 1715 1964 1755 Razeburgens.
1997 1716 2152 1754 dyocesis,
2190 1722 2223 1746 ut
2250 1716 2378 1747 haberet

1469 1763 1600 1793 litteram
1629 1764 1867 1793 testimonialem
1894 1765 1932 1794 de
1958 1765 2144 1795 bacalariatu
2167 1775 2234 1800 suo,
2263 1771 2293 1795 et
2321 1765 2378 1796 fuit

1469 1813 1660 1852 supplicacio
1677 1823 1733 1843 sua
1750 1823 1909 1843 concessa.

1510 1862 1585 1891 Item
1614 1862 1761 1902 magister
1791 1862 1907 1892 Themo
1940 1863 2117 1893 informavit
2148 1864 2308 1893 nacionem
2338 1865 2376 1894 de

1470 1912 1602 1951 quodam
1625 1904 1712 1941 scuto
1736 1922 1753 1941 a
1769 1911 1928 1952 magistris
1954 1913 1992 1941 de
2014 1913 2145 1942 nacione
2164 1920 2328 1953 perpotato
2343 1913 2376 1943 in

1469 1962 1596 1990 taberna
1617 1962 1660 1989 ad
1679 1962 1849 2000 ymaginem
1872 1961 1956 1990 beate
1978 1962 2100 2000 virginis
2124 1962 2156 1991 in
2179 1962 2249 1992 vico
2271 1962 2377 1992 Sancti

1468 2009 1587 2045 Jacobi,
1597 2020 1661 2049 ·pro
1678 2020 1739 2049 quo
1754 2009 1906 2050 fidejussit
1921 2010 2046 2039 ibidem.

1877 2104 1975 2133 1357

1638 2176 1878 2215 [Malcolinus
1910 2177 1953 2206 de
1982 2177 2203 2215 Dumbrek.]

1509 2256 1599 2286 Anno
1621 2257 1745 2286 Domini
1768 2256 1908 2287 M⁰CCC⁰
1932 2257 2189 2297 quinquagesimo
2213 2263 2311 2293 sexto,
2338 2259 2376 2288 10

1468 2306 1518 2335 die
1550 2306 1665 2335 mensis
1694 2306 1813 2341 Marcii,
1848 2307 1925 2335 facta
1955 2306 2202 2346 congregacione
2235 2307 2374 2337 nacionis

1468 2354 1639 2395 Anglicane
1661 2356 1742 2395 apud
1768 2355 1911 2384 Sanctum
1937 2355 2103 2390 Julianum,
2130 2355 2245 2384 electus
2268 2356 2323 2385 fuit
2343 2356 2375 2385 in

1467 2411 1701 2444 procuratorem
1739 2404 1887 2444 magister
1928 2403 2111 2433 Malcolinus
2145 2405 2182 2433 de
2216 2405 2375 2434 Dumbrek

1469 2454 1592 2489 Scotus,
1603 2454 1633 2482 in
1641 2452 1728 2493 cujus
1736 2453 1951 2493 procuratoria
1961 2459 2027 2482 acta
2038 2459 2109 2482 sunt
2119 2463 2178 2492 que
2189 2460 2372 2493 sequuntur.

1509 2502 1543 2532 In
1565 2502 1675 2542 primis
1700 2502 1847 2532 licentiati
1868 2503 1991 2532 fuerunt
2010 2502 2126 2531 domini
2147 2501 2339 2542 infrascripti
2365 2515 2370 2532 :

1468 2552 1610 2581 dominus
1621 2551 1792 2591 Artolphus
1805 2553 1861 2580 sub
1876 2551 2024 2591 magistro
2035 2550 2163 2580 Alberto
2180 2552 2217 2580 de
2234 2551 2372 2586 Boemia,

1468 2600 1554 2640 cujus
1570 2602 1664 2630 bursa
1680 2601 1769 2630 XIIII
1787 2600 1890 2630 solidi.

1509 2650 1583 2679 Item
1601 2650 1744 2679 dominus
1763 2649 1922 2679 Hubertus
1943 2650 2000 2678 sub
2019 2649 2168 2688 magistro
2186 2649 2314 2678 Alberto
2336 2650 2375 2679 de

1469 2699 1613 2734 Saxonia,
1629 2698 1715 2738 cujus
1732 2699 1826 2728 bursa
1838 2699 1895 2727 XII
1916 2698 2018 2727 solidi.

1508 2749 1582 2777 Item
1599 2748 1741 2777 dominus
1752 2748 1885 2777 Jacobus
1901 2747 1998 2786 Helye
2010 2748 2067 2776 sub
2084 2747 2231 2787 magistro
2244 2747 2374 2777 Alberto

1467 2798 1504 2827 de
1519 2797 1663 2832 Saxonia,
1682 2795 1768 2836 cujus
1785 2798 1879 2826 bursa
1895 2796 1953 2825 XII
1970 2796 2072 2825 solidi.

1496 2911 1519 2933 3.
1554 2911 1599 2933 Eeb
1610 2909 1742 2933 Gerardm
1755 2909 1842 2933 Groet.

1496 2946 1519 2969 4.
1554 2946 1615 2969 de...
1629 2945 1765 2976 antiquum
1778 2944 1843 2968 inter
1855 2943 1936 2967 lineas
1950 2943 2096 2966 charactere
2109 2943 2218 2966 diverso.
