2632 3464
296 466 349 493 745

296 542 353 573 fuit
373 543 528 583 obligatus
552 553 591 573 ex
610 549 698 583 parte
714 543 825 572 domus
849 542 894 571 aa
913 543 1084 581 ymaginem
1103 549 1202 570 nostre

295 593 420 622 Domine
439 592 470 622 in
486 591 614 633 triginta
632 597 765 632 quatuor
779 590 905 626 francis,
921 591 1063 620 undecim
1078 590 1200 625 solidis,

295 647 366 671 octo
391 641 545 677 denariis,
571 641 644 670 item
670 650 687 670 e
715 646 821 670 contra
847 650 885 669 ex
911 646 998 679 parte
1025 640 1135 669 domus
1159 640 1202 667 ad

295 700 386 719 eor-nu
399 692 478 720 cervi
489 690 527 720 de
541 689 693 730 expositis
705 688 818 719 ibidem
832 688 887 718 fuit
903 689 991 718 nacio
1007 688 1068 718 sibi
1083 688 1200 728 obliga-

294 745 336 775 ta,
350 745 381 769 et
396 739 506 769 domus
523 738 644 768 nacioni
660 738 692 768 in
707 737 848 768 ducentis
866 737 1061 777 septuaginta
1079 737 1201 767 duobus

295 787 420 824 francis,
432 797 541 818 novem
555 787 678 823 solidis,
693 787 834 816 undecim
850 786 998 816 denariis.

334 837 406 877 (Fal.
427 837 476 877 32)
506 835 594 866 Facta
621 835 867 876 congregacione
891 835 1028 876 generali
1058 834 1200 865 nacionis

294 885 465 926 Anglicane
487 895 568 915 anno
593 891 627 915 ut
651 895 756 924 supra,
783 884 833 914 die
851 885 903 914 28·
927 884 1043 914 mensis
1069 884 1142 914 Julii
1170 884 1201 914 in

294 935 387 965 nonis
410 935 524 965 Nostre
552 934 696 969 Domine,
725 933 807 973 apud
829 933 973 963 Sanctum
1000 933 1199 969 Maturinum,

295 993 391 1025 super
417 984 478 1013 2⁵¹¹·
507 983 656 1013 articulis.
685 982 808 1012 Primus
841 988 906 1012 erat
933 983 971 1012 de
1001 981 1201 1022 reparacione

296 1034 405 1063 domus
420 1033 478 1062 site
495 1033 527 1062 in
543 1032 612 1062 vico
630 1031 782 1067 Brunelli‚
799 1041 888 1071 quam
907 1031 1043 1071 deputati
1062 1031 1201 1060 nacionis

294 1082 455 1112 visitantes
477 1081 660 1116 retulerunt,
673 1081 756 1120 quod
777 1087 843 1110 erat
862 1080 976 1110 ibidem
990 1090 1051 1110 una
1069 1090 1200 1115 camera,

295 1141 356 1171 que
374 1130 534 1170 indigebat
554 1129 755 1170 reparacione
775 1128 858 1164 tecti,
877 1129 1026 1159 addentes
1043 1130 1126 1169 quod
1144 1139 1202 1168 pro

237 1206 243 1210 .
296 1179 402 1220 paucis
417 1178 564 1219 expensis
582 1188 662 1209 unus
681 1178 784 1218 paries
802 1177 880 1217 ejus,
895 1178 947 1218 qui
964 1188 1026 1207 non
1040 1184 1106 1208 erat
1122 1177 1202 1208 mul-

295 1235 358 1259 tum
383 1227 535 1258 durabilis
560 1233 638 1263 etc..
666 1233 865 1267 repararetur
888 1227 979 1256 simul
1010 1237 1077 1256 cum
1107 1233 1199 1262 tecto,

294 1284 388 1308 totam
412 1286 562 1307 cameram
582 1286 681 1316 usque
702 1277 740 1306 ad
764 1282 877 1306 tectum
899 1276 1009 1306 domus
1027 1276 1201 1316 propinque

295 1327 456 1356 elevando.
479 1325 641 1356 Secundus
662 1331 729 1355 erat
751 1335 846 1365 super
867 1324 1151 1364 supplicacionihus
1173 1331 1203 1354 et

296 1374 430 1415 injuriis.

336 1424 438 1464 Super
453 1423 552 1463 primo
566 1423 695 1453 articulo
707 1423 890 1453 deliberavit
899 1423 987 1453 nacio
998 1423 1081 1463 quod
1091 1424 1201 1453 domus

295 1479 492 1513 repararetur
509 1472 629 1502 meliori
646 1473 736 1502 modo
757 1483 819 1512 quo
836 1479 958 1512 poterat
969 1474 1055 1511 juxta
1073 1473 1202 1512 exigen-

296 1522 373 1552 ciam
385 1522 583 1562 pecuniarum
600 1521 795 1561 possibilium
811 1521 928 1551 haberi.
941 1521 1043 1562 Super
1053 1522 1084 1550 2⁰
1094 1521 1199 1550 nichil.

336 1571 428 1601 Facta
442 1570 688 1611 congregacione
708 1570 847 1610 generali
869 1570 1010 1600 nacionis
1031 1569 1202 1610 Anglicane

295 1630 377 1650 anno
394 1625 427 1650 ut
443 1629 550 1659 supra,
569 1619 668 1659 prima
687 1619 737 1649 die
755 1619 871 1649 mensis
889 1619 1023 1659 Augusti
1044 1618 1075 1648 in
1091 1619 1202 1659 primis

296 1669 411 1699 Nostre
427 1668 559 1698 Domine
574 1669 655 1708 apud
672 1667 816 1698 Sanctum
832 1668 1019 1698 Maturinum
1036 1678 1131 1708 super
1142 1668 1203 1697 2¹²⁰·

295 1717 444 1748 articulis.
465 1717 590 1747 Primus
612 1724 678 1747 erat
694 1718 733 1747 de
751 1717 885 1757 collegio
904 1717 1009 1752 Dacie‚
1026 1727 1121 1757 super
1140 1727 1202 1757 quo

295 1764 496 1797 deliberatum
518 1766 574 1796 fuit
594 1766 626 1796 in
650 1766 859 1796 Universitate
878 1767 915 1796 ad
940 1766 1201 1806 supplicacionem

295 1822 327 1846 et
346 1822 520 1856 requestam
540 1815 691 1850 nacionis,
712 1815 796 1855 quod
819 1815 845 1845 si
869 1815 986 1845 domini
1008 1815 1144 1845 scolares
1164 1816 1202 1846 de

296 1865 390 1895 Dacia
405 1875 467 1894 non
482 1863 597 1894 vellent
615 1870 720 1894 tenere
740 1870 1050 1904 appunctuamentum
1066 1864 1201 1894 habitum

296 1923 352 1954 per
367 1913 618 1947 Universitatem,
640 1913 759 1943 scilicet
773 1913 856 1953 quod
874 1913 984 1943 darent
997 1913 1060 1943 illis
1080 1914 1118 1943 de
1136 1913 1202 1943 col-

294 1962 377 2003 legio
393 1962 589 1992 Laudunensi
602 1961 656 1992 xl,
671 1963 804 1997 francos,
819 1968 850 1992 et
864 1961 943 1992 ultra
954 1969 1083 2003 propter
1098 1973 1201 2002 quem-

295 2012 364 2042 dam
392 2021 529 2041 errorem
547 2011 669 2040 illorum
691 2011 730 2041 de
751 2010 900 2041 Lauduno
921 2011 1005 2040 circa
1026 2018 1201 2051 computum

296 2061 527 2101 reparacionum
542 2066 573 2089 et
589 2060 782 2100 arregiorum
797 2061 907 2090 domus
928 2067 1078 2100 ponerent
1095 2061 1200 2090 decem

295 2110 391 2140 libras
409 2109 439 2139 in
457 2109 617 2148 deposito;
639 2115 711 2139 tunc
727 2108 814 2139 nacio
831 2109 1003 2149 Anglicana
1019 2109 1202 2148 adimpleret

294 2164 617 2199 appunctuamentum,
636 2164 666 2187 et
684 2157 736 2187 illo
757 2158 835 2187 sacto
854 2164 926 2187 tunc
948 2158 1058 2187 domus
1078 2157 1200 2187 illorum

296 2207 459 2238 scolarium
479 2207 695 2236 devolveretur
713 2207 751 2236 ad
772 2216 880 2236 manus
901 2207 1040 2236 nacionis
1062 2207 1200 2247 predicte

295 2257 333 2286 ad
348 2256 509 2286 utilitatem
522 2256 632 2286 domus
647 2261 678 2285 et
692 2255 868 2285 scolarium.
887 2255 926 2285 Et
940 2265 1035 2295 super
1049 2256 1110 2285 isto
1125 2266 1200 2285 con-

294 2305 393 2335 vocati
408 2310 495 2334 erant
510 2303 641 2345 predicti
658 2304 795 2334 scolares
812 2305 851 2334 de
867 2304 961 2334 Dacia
973 2305 1011 2333 ad
1027 2313 1200 2345 congrega-

295 2354 413 2384 cionem
432 2353 583 2388 nacionis,
603 2353 716 2393 quibus
733 2353 822 2383 nacio
839 2353 1006 2393 perswasit
1027 2354 1110 2393 quod
1127 2363 1200 2393 pre-

295 2403 409 2433 dictum
442 2408 752 2443 appunctuamentum
779 2403 992 2437 observarent,
1027 2402 1102 2432 alias
1132 2402 1201 2442 ipsa

296 2452 383 2482 nacio
397 2451 489 2481 vellet
501 2451 669 2491 adimplere
684 2457 715 2481 et
731 2451 832 2481 locare
849 2451 971 2480 domum
985 2450 1071 2491 juxta
1086 2450 1200 2480 delibe-

295 2500 450 2531 racionem
477 2500 706 2530 Universitatis.
731 2500 800 2538 Quo
826 2499 931 2530 audito
959 2499 1042 2529 illico
1070 2499 1200 2540 predicti

296 2549 432 2580 scolares
459 2550 689 2589 respondebant
713 2549 796 2589 quod
827 2549 941 2579 vellent
969 2558 1094 2589 semper
1119 2555 1201 2579 stare

291 2597 410 2638 judicio
430 2603 460 2628 et
476 2598 608 2628 consilio
626 2598 776 2633 nacionis,
797 2598 1006 2638 regraciantes
1024 2597 1146 2627 nacioni
1163 2598 1201 2627 de

297 2647 377 2676 bona
393 2647 574 2677 assistencia
590 2647 620 2676 in
636 2647 774 2687 predicta
791 2646 928 2676 materia.
946 2646 985 2676 Et
1003 2647 1124 2676 tandem
1147 2646 1203 2676 fuit

297 2695 493 2725 concorditer
517 2689 730 2730 deliberatum,
757 2696 840 2735 quod
862 2694 999 2725 scolares
1023 2695 1124 2735 primo
1145 2696 1202 2725 da-

297 2750 367 2774 rent
392 2743 454 2774 illis
480 2745 519 2774 de
544 2744 678 2785 collegio
704 2744 899 2774 Laudunensi
928 2743 980 2774 XL
1010 2744 1145 2779 francos,
1173 2749 1203 2774 et

296 2792 439 2822 dominus
457 2799 600 2832 receptor
618 2803 655 2823 ex
680 2799 766 2833 parte
787 2793 927 2822 nacionis
947 2798 1077 2832 poneret
1096 2793 1201 2822 decem

298 2841 393 2871 libras
417 2841 447 2870 in
474 2851 563 2871 manu
586 2842 752 2876 rectoris‘,
776 2841 807 2871 in
834 2842 946 2881 quibus
973 2841 999 2871 si
1025 2840 1141 2871 domini
1164 2841 1202 2871 de

300 2889 394 2920 Dacia
417 2896 522 2920 essent
546 2890 752 2930 dampnificati
771 2900 828 2930 per
849 2889 1100 2926 Universitatem‚
1119 2890 1201 2930 quod

331 2991 353 3015 l.
387 2990 437 3023 Qui
448 2993 510 3015 tunc
517 2991 568 3023 suit
584 2990 675 3016 Petrus
686 2991 819 3020 Cnncbon,
832 2991 904 3016 lunii
915 2991 1077 3016 w-Oeaeobrin
1091 2992 1127 3016 to.

793 466 907 492 LIBER
932 464 1244 492 PROCURATORUM
1269 465 1449 492 NATIONIS
1469 467 1713 494 ANGLICANAE

1239 986 1272 1012 10

1239 1232 1272 1258 15

1239 1477 1273 1503 20

1239 1723 1274 1749 25

1238 1969 1272 1994 30

1237 2214 1272 2240 35

1238 2458 1272 2486 40

1239 2702 1273 2729 45

2162 470 2213 496 7⁴6

1309 542 1401 577 absit,
1423 543 1590 572 redderent
1613 544 1770 573 nacionem
1797 544 2003 584 indempnem.
2028 546 2117 583 Quod
2139 557 2213 586 pre-

1309 591 1383 620 dicti
1406 592 1542 621 scolares
1565 592 1775 631 promiserunt
1794 594 1962 633 adimplere
1985 604 2020 623 eo
2043 596 2134 624 modo
2152 606 2213 635 quo

1309 639 1423 670 dictum
1435 647 1492 670 est.

1350 689 1511 719 Secundus
1526 690 1674 719 articulus
1689 696 1755 720 erat
1772 700 1866 730 super
1884 691 2167 731 supplicacionibus
2186 700 2215 722 et

1309 736 1442 778 injuriis.
1473 738 1665 778 Supplicavit
1686 740 1834 779 magister
1860 740 2003 780 Rogerus
2031 742 2069 770 de
2097 742 2215 771 Swecia

1309 797 1367 826 pro
1382 788 1473 816 domo
1493 788 1531 817 de
1548 788 1667 817 Swecia
1682 789 1739 818 sita
1754 789 1786 817 in
1801 789 1869 818 vico
1887 789 2037 825 Brunelli,
2056 792 2138 830 quod
2155 791 2214 820 sibi

1309 836 1524 866 restitueretur
1539 843 1569 866 et
1589 837 1684 867 sociis
1704 837 1781 873 suis,
1796 848 1833 867 ex
1850 848 1912 878 quo
1927 845 2015 868 erant
2031 840 2069 869 de
2083 839 2213 869 Swecia.

1311 882 1502 912 Deliberavit
1530 884 1634 919 nacio,
1671 885 1754 924 quod
1788 885 1874 914 nacio
1909 885 2064 925 ignoravit
2094 896 2131 915 an
2166 887 2216 916 illa

1310 932 1420 961 domus
1443 933 1601 972 spectabat
1622 934 1659 962 ad
1682 939 1774 963 totam
1801 933 1967 970 Sweciam,
1990 934 2039 964 vel
2064 936 2101 964 ad
2126 946 2214 964 unam

1309 981 1511 1020 provinciam,
1530 981 1578 1011 vel
1598 983 1637 1011 ad
1652 992 1745 1012 unum
1761 983 1935 1023 collegium,
1957 990 1987 1013 et
2004 984 2048 1013 sic
2066 985 2216 1014 dubitavit

1309 1028 1429 1069 dejure
1446 1030 1578 1070 predicti
1596 1031 1736 1071 magistri
1753 1032 1783 1061 in
1804 1042 1876 1072 quo,
1899 1033 1925 1061 si
1946 1032 2039 1062 vellet
2055 1033 2214 1063 nacionem

1311 1078 1488 1114 informare,
1505 1079 1573 1119 ipse
1589 1081 1734 1109 redderet
1746 1091 1812 1110 eum
1828 1087 2014 1111 contentum.
2029 1082 2068 1111 Et
2085 1082 2130 1111 sic
2144 1093 2215 1122 sup·

1310 1128 1440 1167 plicacio
1449 1127 1515 1168 ejus
1531 1135 1596 1158 erat
1608 1135 1740 1168 protunc
1758 1130 1952 1169 interempta,
1967 1131 2039 1170 quia
2057 1132 2215 1171 predictus

1309 1177 1458 1217 magister
1472 1184 1604 1217 protunc
1617 1188 1678 1207 non
1695 1178 1864 1208 sufficiebat
1875 1180 2041 1209 informare
2056 1181 2215 1210 nacionem

1309 1226 1348 1256 de
1357 1225 1428 1266 jure
1442 1227 1594 1267 predicto.

1715 1321 1813 1351 1397

1311 1391 1383 1432 (Fol.
1427 1391 1503 1431 321»)
1539 1391 1629 1422 Acta
1668 1392 1703 1421 in
1741 1394 2004 1432 procuratoria
2043 1395 2215 1434 magistri

1445 1440 1626 1470 Johannis
1654 1442 1696 1470 de
1725 1442 1825 1482 Dorp
1853 1442 1895 1471 de
1927 1442 2078 1482 Leydis.

1351 1520 1442 1550 Facta
1475 1521 1721 1561 congregacione
1752 1521 1892 1551 nacionis
1929 1521 2099 1562 Anglicane
2136 1533 2216 1552 anno

1312 1570 1436 1600 Domini
1452 1569 1497 1599 Μο
1512 1569 1607 1601 CCC⁰
1618 1571 1680 1605 97·‚
1692 1571 1744 1599 26²
1756 1570 1806 1600 die
1821 1571 1936 1600 mensis
1952 1571 2084 1611 Augusti
2103 1571 2134 1601 in
2151 1572 2216 1611 pri-

1311 1619 1370 1648 mis
1389 1618 1501 1648 Nostre
1523 1619 1654 1648 Domine
1679 1620 1759 1659 apud
1782 1619 1927 1649 Sanctum
1951 1620 2104 1650 sulianum
2123 1631 2217 1660 super

1310 1668 1411 1698 tribus
1434 1667 1583 1697 articulis.
1609 1668 1732 1697 Primus
1757 1675 1823 1698 erat
1846 1669 1883 1697 ad
1908 1668 2082 1709 eligendum
2105 1680 2215 1699 novum

1311 1723 1541 1757 procuratorem
1556 1717 1605 1746 vel
1620 1717 1657 1746 ad
1677 1717 1916 1747 continuandum
1933 1718 2079 1757 priorem.
2099 1718 2217 1748 Secun-

1309 1767 1369 1796 dus
1388 1766 1426 1795 ad
1441 1766 1624 1806 exigendum
1642 1766 1745 1795 debita
1759 1776 1907 1796 novorum
1925 1767 2140 1807 magistrorum
2160 1778 2216 1807 pro

1311 1815 1410 1855 prima
1434 1815 1655 1855 procuratoris„
1683 1816 1730 1844 3⁸¹·
1755 1825 1850 1855 super
1877 1815 2160 1855 supplicacionibus
2187 1823 2217 1846 et

1311 1863 1444 1905 injuriis.
1463 1864 1565 1904 Super
1577 1864 1678 1904 primo
1697 1864 1813 1893 electus
1830 1865 1884 1894 suit
1899 1865 2216 1905 magister·sohannes

1311 1914 1348 1943 de
1364 1913 1452 1952 Dorp
1471 1914 1678 1943 concorditer.
1704 1913 1806 1952 Super
1826 1914 1962 1942 secundo
1978 1914 2136 1943 solverunt
2151 1921 2215 1944 tres

1309 1962 1380 1992 novi
1403 1962 1556 2002 magistri,
1577 1968 1608 1992 et
1627 1962 1758 2001 quilibet
1777 1972 1881 1991 eorum
1902 1972 1994 1991 unum
2011 1964 2157 1992 francum.
2178 1963 2216 1992 Et

1309 2011 1348 2040 de
1370 2011 1470 2040 tribus
1490 2011 1604 2041 francis
1629 2011 1740 2040 solutis
1761 2021 1798 2040 ex
1818 2011 1965 2040 concordi
1989 2011 2215 2041 deliberacione

1309 2059 1449 2090 nacionis
1468 2059 1601 2099 expositi
1624 2060 1747 2089 fuerunt
1761 2060 1821 2089 duo
1844 2060 1874 2089 in
1896 2061 2033 2096 taberna,
2054 2067 2083 2090 et
2101 2060 2214 2090 tercius

1309 2114 1487 2139 reservatus
1504 2119 1563 2149 pro
1576 2115 1715 2149 tempore
1732 2110 1843 2138 futuro.
1865 2109 1966 2148 Super
1980 2109 2075 2139 tercio
2098 2109 2214 2149 suppli-

1309 2158 1390 2188 cavit
1406 2164 1590 2198 procurator
1609 2157 1766 2198 antiquus,
1783 2159 1864 2197 quod
1884 2158 1914 2187 in
1933 2158 2020 2188 factis
2037 2168 2094 2198 per
2114 2159 2213 2198 ipsum

1312 2207 1476 2237 haberetur
1499 2213 1607 2247 gratus
1632 2213 1662 2236 et
1681 2207 1957 2236 recommendatus.
1978 2206 2074 2247 Cujus
2095 2207 2215 2247 suppli-

1308 2256 1392 2286 cacio
1409 2256 1465 2286 fuit
1479 2265 1638 2290 concessa,
1656 2256 1727 2295 quia
1742 2262 1824 2285 recta
1841 2263 1870 2285 et
1884 2256 1999 2285 racioni
2016 2266 2162 2285 consona.

1350 2304 1404 2335 lsti
1432 2311 1504 2334 sunt
1525 2311 1589 2334 tres
1612 2305 1752 2344 magistri
1777 2305 1829 2344 qui
1855 2305 2012 2334 solverunt
2033 2315 2090 2344 pro
2116 2305 2213 2344 prima

1309 2354 1533 2394 procuratoris,
1555 2354 1593 2382 de
1611 2354 1724 2393 quibus
1743 2353 1887 2393 superius
1908 2355 1984 2383 facta
2004 2360 2050 2383 est
2070 2354 2187 2383 mensio
2204 2365 2211 2383 ς

1309 2403 1456 2443 magister
1470 2402 1627 2432 «lohannes
1646 2402 1751 2437 Verlo,
1770 2402 1917 2442 magister
1932 2402 2065 2431 Jacobus
2086 2402 2211 2438 Mathei,

1309 2457 1339 2481 et
1353 2451 1501 2491 magister
1513 2451 1646 2480 Jacobus
1659 2452 1696 2480 de
1711 2450 1863 2480 Haerlem.

1350 2500 1439 2530 Facta
1457 2500 1703 2540 congregacione
1716 2500 1854 2529 nacionis
1870 2500 2039 2539 Anglicane
2055 2500 2085 2528 in
2102 2499 2212 2539 primis

1309 2549 1422 2579 Nostre
1444 2549 1574 2578 Domine
1593 2549 1674 2589 apud
1701 2549 1844 2578 Sanctum
1870 2549 2053 2578 Maturinum
2076 2558 2156 2577 anno
2181 2554 2213 2578 ut

1310 2607 1403 2638 supra
1419 2607 1515 2638 super
1529 2598 1650 2627 duobus
1663 2597 1812 2627 articulis.
1828 2597 1963 2634 Quorum
1978 2597 2095 2636 primus
2109 2597 2214 2626 habuit

1309 2648 1370 2676 duo
1395 2653 1517 2686 puncta.
1543 2646 1678 2676 Primum
1699 2652 1765 2676 erat
1781 2647 1818 2675 ad
1841 2646 2042 2675 ordinandum
2059 2646 2096 2674 de
2119 2646 2213 2675 scolis

1309 2703 1418 2734 septem
1438 2697 1554 2724 arcium
1579 2695 1809 2734 superioribus,
1832 2704 1958 2733 quarum
1984 2704 2058 2723 usus
2081 2694 2214 2733 pertinet

1310 2744 1430 2774 nacioni
1459 2743 1612 2778 Picardie,
1640 2754 1707 2773 nam
1731 2743 1893 2783 requisivit
1917 2743 2003 2772 nacio
2031 2743 2172 2773 Picurdie
2197 2753 2215 2773 a

1311 2794 1439 2823 nacione
1463 2793 1633 2832 Anglicann
1669 2793 1768 2822 scolas
1796 2793 1949 2831 predictas
1981 2791 2025 2821 sic
2059 2792 2212 2831 reparari,

1310 2843 1393 2882 quod
1415 2843 1560 2871 caderent
1579 2842 1636 2870 sub
1660 2851 1717 2871 usu
1729 2840 1752 2870 ¹.
1776 2841 1948 2870 Secundum
1969 2847 2113 2880 punctum
2136 2846 2212 2876 erat,

1311 2900 1379 2920 nam
1397 2890 1519 2930 quidam
1539 2890 1686 2930 magister
1703 2895 1732 2919 et
1751 2889 1844 2929 aliqui
1861 2889 1996 2918 scolares
2016 2889 2154 2918 nacionis
2175 2889 2213 2919 de

1341 2993 1365 3016 2.
1403 2991 1458 3016 rid.
1469 3000 1555 3024 supra,
1570 3000 1594 3023 p.
1608 2992 1660 3018 728.
1678 2991 1705 3015 ¹⁹
1717 2999 1771 3023 sqq.
