2632 3464
296 461 350 488 645
808 461 923 488 LIBER
942 459 1256 487 PROCURATORUM
1276 458 1456 485 NATIONIS
1474 459 1720 486 ANGLICANAE
2173 463 2230 490 646

297 537 426 568 nacione
449 537 664 578 sollempniter
681 543 867 578 congregata
885 542 997 566 extunc
1010 536 1204 570 deliberavit,

297 586 399 627 ipsum
421 586 661 616 continuandum
677 587 742 616 sore
759 596 816 626 pro
834 585 975 626 proxima
991 585 1206 624 procuratoria

297 635 419 666 nemine
457 636 702 670 contradicente,
736 640 767 664 et
798 634 857 664 hoc
890 634 1054 664 videbatur
1084 633 1205 663 nacioni

297 685 455 724 expedire.
475 683 637 725 Adjectum
656 684 714 714 fuit
733 684 828 714 eciam
848 684 931 723 quod
949 683 976 713 si
999 683 1156 723 posterius
1174 682 1205 712 in

295 732 424 763 alterius
456 733 671 773 procui-storia
705 732 818 772 aliquis
851 732 1060 762 determinans
1086 730 1207 771 juraret

296 782 492 822 procuratori
523 781 682 822 sequenti,
714 782 798 822 quod
833 780 1007 821 hujusmodi
1043 781 1205 820 pecuniam

296 831 421 860 cederet
448 831 599 871 magistro
630 830 766 860 Hem-ico
794 830 988 870 procuratori
1010 830 1203 870 precedenti.

296 878 372 909 Item
398 879 628 920 regraciabatur
651 879 847 919 procuratori
872 879 1061 919 precedenti,
1087 879 1206 909 scilicet

297 929 447 968 magistro
464 928 592 958 Thome.

337 977 412 1007 ltem
430 977 462 1007 in
479 978 584 1007 eadem
603 977 849 1018 congregacione
869 977 1018 1017 magister
1035 977 1206 1007 Brunulsus

296 1026 414 1062 Karoli,
431 1026 610 1066 prepositus
626 1025 800 1061 Scarensis,
818 1026 848 1055 in
864 1026 993 1055 nacione
1006 1026 1111 1056 retulit
1125 1036 1206 1066 quo-

296 1075 388 1105 modo
422 1075 579 1105 concessit
615 1085 671 1104 seu
701 1075 942 1105 accommodavit
976 1081 1046 1104 octo
1082 1076 1205 1105 francos

295 1123 444 1164 magistro
458 1124 624 1164 Rodulpbo
637 1125 675 1154 de
687 1124 808 1154 Lubcec
821 1134 917 1164 super
929 1125 1060 1164 quadam
1071 1124 1166 1154 biblia
1178 1123 1202 1159 ⁴,

295 1183 387 1212 quam
401 1172 515 1203 ibidem
533 1173 726 1209 ostendebat,
743 1174 782 1203 de
797 1183 858 1213 qua
873 1173 994 1213 petivit,
1011 1183 1079 1203 cum
1095 1174 1203 1203 festum

294 1221 470 1252 Nativitatis
487 1221 605 1252 Christi
619 1229 703 1252 esset
717 1223 770 1252 diu
785 1222 905 1262 lapsum
921 1229 952 1252 et
966 1223 1038 1262 quia
1050 1223 1206 1262 indigeret

294 1271 448 1311 pecuniis,
460 1272 544 1311 quod
558 1271 655 1300 biblia
666 1272 863 1307 venderetur,
876 1271 926 1301 vel
939 1273 1023 1311 quod
1038 1271 1083 1301 sic
1095 1271 1204 1311 dispo-

295 1326 422 1350 neretur
431 1321 469 1350 de
482 1330 529 1356 ea,
540 1321 624 1360 quod
635 1320 703 1360 ipse
714 1321 893 1360 prepositus
908 1320 1035 1350 haberet
1045 1321 1204 1360 pecuniam

295 1379 394 1398 suam.
418 1369 520 1409 Super
542 1379 604 1409 quo
626 1370 714 1399 nacio
738 1369 937 1405 deliberavit,
961 1370 1044 1409 quod
1067 1370 1205 1409 predicta

295 1417 391 1448 biblia
406 1418 603 1454 venderetur,
625 1424 697 1453 etc.,
718 1419 799 1449 sicut
820 1419 876 1448 fuit
897 1419 1010 1448 ibidem
1033 1419 1143 1449 lectum
1166 1420 1204 1449 de

295 1467 387 1497 modo
412 1477 469 1507 per
492 1477 583 1507 quem
610 1467 765 1497 concessit
785 1468 873 1497 alias.
894 1468 934 1497 Et
959 1468 1144 1508 respiciatur
1165 1469 1203 1498 de

295 1515 354 1546 hoc
384 1516 500 1546 mensis
529 1516 603 1546 Julii
636 1516 667 1546 in
701 1517 915 1557 procuratoria
946 1517 1085 1557 magistri
1117 1518 1203 1547 Petri

296 1563 425 1595 Catwic.
444 1564 607 1605 Adjectum
630 1565 686 1595 fuit
704 1572 805 1595 tamen
827 1567 910 1606 quod
934 1566 1036 1596 dictus
1058 1567 1205 1607 magister

295 1613 464 1644 Brunulsus
477 1620 652 1654 expectaret
667 1624 724 1655 per
740 1615 816 1644 duas
832 1615 1019 1654 septimanas
1031 1615 1080 1645 vel
1097 1616 1204 1655 plures

295 1669 326 1692 et
352 1669 467 1702 quanto
498 1663 619 1693 diucius
650 1670 774 1703 posset,
805 1670 968 1703 antequam
997 1671 1205 1704 exponeretur

293 1711 480 1741 vendicioni.
499 1712 539 1742 Et
554 1712 612 1742 boc
634 1712 795 1742 dicebatur
811 1719 940 1752 propter
960 1713 1066 1752 plures
1083 1724 1201 1744 causas.

334 1760 410 1790 Item
426 1761 503 1790 sacta
517 1761 764 1802 congregacione
779 1762 918 1791 nacionis
930 1772 986 1802 per
998 1761 1203 1801 juramentum

294 1809 497 1850 solempniter
510 1810 688 1850 regencium
703 1816 734 1840 et
748 1821 810 1840 non
826 1811 1003 1851 regencium
1015 1813 1096 1851 apud
1111 1811 1204 1842 Sanc-

296 1863 357 1888 tum
378 1858 532 1888 sulianum
553 1869 720 1899 pauperem
740 1860 777 1889 ad
797 1860 1002 1890 ordinandum
1018 1867 1048 1890 et
1066 1866 1204 1890 statuen-

294 1907 384 1943 dum;
407 1913 438 1937 et
454 1908 650 1948 propositum
670 1914 746 1943 erat,
765 1918 802 1938 ex
820 1919 882 1948 quo
899 1908 957 1938 alie
974 1915 1038 1939 tres
1058 1910 1204 1940 naciones

295 1956 432 1986 sabbatis
453 1956 565 1986 habent
580 1957 705 1987 missam
725 1958 865 1987 nacionis
885 1968 951 1993 sue,
972 1964 1002 1988 et
1022 1959 1116 1988 eciam
1134 1969 1202 1989 cum

294 2005 352 2034 alie
370 2005 528 2035 facultates
546 2005 750 2036 consimiliter
765 2006 906 2046 quolibet
922 2007 973 2037 die
988 2008 1107 2037 sabbati
1120 2007 1203 2038 cele-

294 2054 385 2083 brent
413 2054 538 2083 missam
566 2055 604 2084 ad
639 2054 787 2085 honorem
816 2061 847 2085 et
874 2055 995 2086 laudem
1023 2056 1202 2087 intemerate

294 2102 434 2143 Virginis
449 2103 599 2143 gloriose,
615 2104 699 2144 quod
713 2104 917 2134 consimiliter
931 2105 1019 2135 nacio
1033 2106 1202 2146 Anglicana

293 2151 340 2181 sic
353 2153 466 2182 faceret
480 2159 511 2182 et
527 2153 686 2182 ordinaret
702 2159 732 2182 et
743 2159 902 2189 statueret,
917 2160 946 2183 et
956 2155 993 2183 ad
1010 2154 1067 2183 hoc
1081 2155 1204 2185 suerunt

293 2201 408 2230 ibidem
434 2200 535 2240 aliqua
561 2201 675 2231 motiva
700 2202 840 2232 adducta.
866 2202 906 2232 Et
928 2203 1022 2232 eciam
1049 2204 1086 2232 de
1111 2205 1202 2234 modo

294 2250 536 2290 proponebatur,
555 2251 638 2290 quod
659 2250 820 2280 venientes
843 2250 992 2282 haberent
1012 2252 1090 2282 duos
1111 2253 1202 2283 dena·

294 2298 358 2328 rios
375 2304 405 2328 et
418 2299 564 2328 absentes
580 2299 737 2329 solverent
751 2300 830 2330 duos
845 2301 883 2330 ad
900 2301 990 2330 finem
1009 2307 1042 2330 ut
1060 2301 1200 2342 magistri

294 2346 403 2377 melius
427 2347 628 2377 incitarentur
652 2349 689 2377 ad
714 2348 899 2378 veniendum
921 2350 959 2379 ad
982 2349 1118 2385 missam,
1142 2361 1201 2390 que

293 2395 388 2426 missa
402 2396 586 2426 celebranda
598 2403 682 2427 esset
697 2397 727 2426 in
739 2397 862 2427 Sanctis
873 2397 987 2428 Cosma
999 2405 1028 2428 et
1040 2398 1200 2434 Damiano,

293 2444 346 2474 ubi
360 2451 409 2475 est
419 2444 550 2475 ecclesia
561 2446 718 2486 sepedicte
734 2446 867 2476 nationis
883 2446 1065 2487 Anglicane.
1080 2447 1118 2478 Et
1132 2458 1202 2488 pro-

294 2499 418 2524 curator
438 2494 498 2524 ista
514 2495 690 2534 proposuit.
710 2495 783 2534 quia
799 2495 918 2535 pluries
940 2506 957 2526 a
979 2496 1083 2526 multis
1102 2497 1202 2538 magi-

294 2542 369 2572 stris
390 2543 428 2573 ad
455 2542 510 2572 hec
534 2543 704 2573 iaciendum
729 2544 784 2574 fuit
807 2544 988 2584 requisitus,
1012 2546 1064 2585 qui
1085 2546 1123 2575 ad
1143 2546 1200 2576 hoc

294 2589 445 2622 habebant
459 2592 651 2622 affectionem
665 2599 695 2622 et
709 2593 909 2623 devocionem
922 2593 1099 2634 specialem.

334 2638 375 2670 Et
395 2646 527 2680 protunc
544 2641 575 2670 in
597 2642 703 2671 eadem
723 2642 969 2682 congregacione
989 2642 1069 2673 idem
1088 2654 1202 2684 procu-

294 2694 379 2719 rator
399 2690 574 2729 proposuit,
594 2691 750 2730 quomodo
770 2690 865 2721 multa
890 2691 920 2720 in
946 2691 1021 2720 libra
1042 2692 1201 2722 'meionis'

294 2737 486 2777 temporibus
515 2738 674 2778 preteritis
709 2739 826 2780 scripta
860 2746 976 2775 essent,
1006 2751 1066 2781 que
1097 2748 1202 2772 essent

293 2791 399 2816 contra
422 2786 569 2817 bonorem
592 2788 731 2818 nacionis
753 2788 902 2829 ejusdem,
921 2799 1023 2829 ymmo
1045 2796 1075 2820 et
1095 2797 1203 2821 contra

326 2914 348 2937 1.
387 2913 442 2938 Vid.
450 2922 529 2946 nupto
538 2923 564 2947 p.
572 2916 628 2942 ⁶28.
636 2916 677 2940 8⁹.

324 2950 347 2973 2.
381 2950 536 2982 Deoi'gnntur
545 2949 587 2975 hie
595 2950 663 2975 libor
676 2955 976 2985 procuratorum,.quem
987 2953 1094 2978 edimus.
1109 2954 1200 2978 ΙΙηηνὶ-

292 2992 337 3008 cun
345 2985 473 3016 helmon,
483 2986 515 3010 de
523 2994 573 3018 quo
580 2994 658 3019 cupra
670 2995 696 3019 p.
703 2987 758 3016 ⁶21,
769 2988 808 3015 28,
819 2987 939 3013 honorem
949 2989 995 3021 agi
996 2989 1108 3021 putabat
1117 2997 1198 3013 nuum.

1242 976 1276 1002 10

1242 1222 1276 1248 15

1241 1467 1276 1494 20

1241 1714 1275 1741 25

1240 1960 1274 1986 30

1239 2206 1273 2232 35

1239 2451 1273 2477 40

1238 2695 1272 2722 45

1315 534 1464 564 honorem
1487 535 1620 574 plurium
1643 537 1861 576 magistrorum
1880 543 1909 566 et
1932 538 2025 566 eciam
2042 545 2226 578 procurato—

1314 594 1392 619 rum,
1405 590 1436 613 et
1450 583 1508 613 hoc
1518 584 1574 614 suit
1588 585 1701 614 ibidem
1715 585 1900 615 declaratum
1919 586 2023 616 multis
2034 588 2223 622 racionibus,

1313 643 1391 672 quas
1417 633 1509 662 nimis
1534 633 1660 673 longum
1682 640 1764 663 esset
1787 645 1941 664 enarrare.
1969 635 2008 665 Et
2026 635 2122 675 igitur
2144 637 2223 666 idem

1314 689 1497 722 procurator
1520 683 1626 722 posuit
1647 683 1678 711 in
1701 683 1981 713 deliberacionibus
2006 685 2223 724 magistrorum

1313 731 1396 770 quod
1405 731 1554 761 darentur
1566 731 1627 761 duo
1640 732 1790 772 deputati,
1803 732 1855 771 qui
1867 732 1939 762 talia
1948 733 2096 762 haberent
2106 735 2221 763 delere.

1315 779 1416 819 Super
1445 779 1558 820 quibus
1595 781 1650 810 suit
1679 780 1880 810 deliberatum
1913 782 1997 821 quod
2034 782 2093 811 ista
2123 782 2224 813 omnia

1313 829 1509 858 deferrentur
1530 839 1628 868 usque
1653 830 1691 858 ad
1715 829 1806 865 alias,
1831 837 1861 859 et
1884 837 1955 860 tunc
1980 831 2067 860 fieret
2089 842 2225 871 congre-

1313 878 1401 918 gacio
1422 878 1615 918 sollempnis,
1631 878 1750 908 scilicet
1769 879 1800 908 in
1816 879 1920 918 aliquo
1935 880 1985 909 die
2001 881 2121 910 festivo.

1354 926 1429 956 Item
1450 927 1528 957 facta
1545 928 1791 967 congregacione
1812 928 1952 958 nacionis
1974 930 2081 958 eodem
2099 940 2178 959 anno
2194 936 2224 959 et

1314 986 1430 1011 mense,
1447 976 1496 1006 die
1511 986 1585 1006 vero
1605 977 1751 1006 vicesima
1771 983 1887 1012 octava,
1905 978 1942 1006 ad
1964 977 2107 1008 Sanctum
2126 978 2224 1008 Julia-

1314 1035 1386 1054 num
1415 1035 1583 1065 pauperem
1622 1026 1659 1054 ad
1692 1026 1865 1055 habendum
1894 1026 2074 1062 officiarios,
2106 1028 2224 1058 scilicet

1313 1074 1538 1104 examinatores
1562 1075 1836 1104 determinancium
1863 1082 1892 1104 et
1915 1076 2140 1106 examinatores
2166 1087 2229 1117 pro>

1313 1123 1510 1162 temptamine
1534 1123 1645 1153 Sancte
1673 1123 1829 1154 Genoseve
1854 1131 1885 1154 et
1908 1125 1944 1154 ad
1973 1126 2219 1166 supplicandum,

1313 1182 1408 1212 super
1425 1172 1526 1212 primo
1539 1173 1654 1202 dictum
1671 1173 1727 1203 suit
1743 1174 1826 1213 quod
1845 1174 2036 1213 antiquiores
2052 1181 2115 1204 tres
2131 1176 2222 1205 debe-

1313 1227 1382 1251 rent
1405 1221 1532 1262 eligere,
1557 1228 1587 1251 et
1613 1221 1774 1262 elegerunt
1800 1223 1966 1262 magistros
1991 1224 2160 1254 Jordanum
2184 1225 2227 1254 de

1313 1269 1424 1305 Clivis,
1437 1270 1609 1300 Johannem
1622 1271 1660 1300 de
1677 1271 1835 1307 Hoeclem,
1847 1272 2019 1302 Arnoldum
2032 1273 2069 1302 de
2084 1273 2219 1312 Gliyese.

1312 1321 1358 1348 De
1375 1320 1631 1349 examinatoribus
1651 1322 1758 1350 Sancte
1780 1323 1938 1359 Genoseve.
1965 1322 2115 1361 Magister
2136 1323 2223 1352 Hen-

1313 1368 1397 1398 ricus
1429 1375 1614 1409 procurator
1643 1380 1700 1409 pro
1734 1376 1871 1410 tempore
1903 1372 2092 1410 presentavit
2118 1382 2151 1400 se
2183 1373 2222 1401 ad

1313 1419 1481 1447 secundum
1506 1428 1653 1448 mensem.
1682 1419 1765 1448 Nulli
1795 1421 1917 1449 fuerunt
1941 1420 2162 1459 supplicantes,
2192 1428 2222 1450 et

1313 1476 1389 1506 ergo
1421 1468 1618 1498 deserebatur
1652 1467 1761 1498 electio
1793 1469 2031 1498 examinatorum
2067 1470 2222 1499 bac-halla-

1312 1516 1429 1545 riorum
1443 1515 1554 1546 Sancte
1568 1516 1724 1546 Genofeve
1740 1527 1838 1557 usque
1854 1518 1891 1547 ad
1907 1517 1993 1547 alias.

1353 1565 1425 1605 (Fal.
1440 1566 1486 1605 41)
1501 1565 1576 1595 Item
1590 1576 1670 1595 anno
1687 1566 1810 1596 Domini
1827 1567 1990 1596 millesimo
2004 1569 2221 1597 trecentesimo

1312 1614 1492 1650 LXXXIIB,
1507 1615 1556 1644 die
1571 1615 1670 1654 prima
1680 1615 1797 1645 mensis
1816 1616 1988 1650 Februarii,
2002 1617 2077 1646 sacta
2093 1627 2221 1657 congre-

1312 1663 1441 1704 gacione
1472 1663 1610 1694 nacionis
1635 1664 1808 1704 Anglicane
1834 1676 1891 1705 per
1912 1664 2118 1704 juramentum
2149 1673 2220 1706 post

1311 1722 1460 1752 vesperas
1486 1713 1627 1743 nacionis
1652 1713 1683 1743 in
1706 1714 1836 1743 ecclesia
1857 1714 2038 1744 Sanctorum
2060 1715 2165 1745 Cosmi
2190 1722 2220 1744 et

1314 1761 1452 1791 Damiani
1469 1763 1507 1791 ad
1521 1763 1726 1792 ordinandum
1743 1770 1772 1792 et
1787 1764 1997 1798 statuendum,
2014 1770 2044 1793 et
2062 1764 2219 1804 magistris

1313 1810 1426 1840 ibidem
1440 1811 1654 1851 sollempniter
1664 1813 1860 1852 congregatis
1868 1819 1898 1841 et
1909 1813 2085 1842 convocatis
2097 1813 2220 1842 suerunt

1312 1860 1373 1889 duo
1388 1870 1444 1900 per
1462 1867 1695 1900 procuratorem
1721 1862 1892 1901 proposita.
1916 1861 2052 1891 Primum
2069 1863 2107 1890 de
2126 1863 2220 1892 missa

1312 1909 1496 1939 celebranda
1512 1910 1650 1949 quolibet
1673 1911 1801 1940 sabbato
1826 1911 1863 1939 ad
1886 1910 2033 1940 honorem
2053 1917 2082 1940 et
2100 1911 2218 1940 laudem

1311 1957 1450 1998 Virginis
1463 1958 1612 1998 gloriose,
1626 1959 1706 1989 sicut
1721 1960 1819 1998 magis
1833 1960 1969 1999 tangitur
1985 1960 2014 1988 in
2027 1959 2099 1988 folio
2114 1970 2220 2000 prece-

1311 2007 1406 2036 denti.
1425 2007 1599 2037 Secundum
1618 2014 1682 2037 erat
1700 2009 1738 2037 de
1761 2008 1833 2043 illis,
1851 2019 1910 2048 que
1927 2015 2055 2048 tangunt
2071 2009 2218 2038 honorem

1311 2056 1450 2086 nacionis
1479 2057 1589 2096 (quoad
1621 2058 1802 2097 scripturas)
1833 2064 1862 2087 et
1885 2058 2116 2097 suppositorum
2141 2057 2217 2097 ejus.

1311 2105 1413 2144 Super
1435 2106 1534 2145 primo
1550 2106 1606 2136 fuit
1623 2107 1800 2135 conclusum
1820 2107 1902 2146 quod
1920 2107 2076 2136 videretur
2094 2107 2119 2136 si
2137 2113 2220 2136 essct

1311 2160 1455 2184 statutum
1474 2154 1598 2194 aliquod
1614 2156 1652 2184 de
1671 2155 1739 2190 hoc,
1755 2161 1784 2184 et
1802 2155 1828 2184 si
1847 2156 1902 2190 sic,
1920 2162 2076 2185 teneretur
2090 2162 2119 2185 ct
2137 2156 2219 2184 vide-

1310 2209 1395 2232 retur
1424 2210 1454 2232 et
1481 2204 1724 2240 examinaretur;
1751 2210 1781 2233 et
1807 2204 1833 2233 si
1861 2215 1922 2234 non
1949 2211 2046 2239 esset,
2074 2211 2218 2234 statutum

1310 2252 1506 2282 ordinaretur
1521 2253 1547 2282 si
1563 2259 1670 2292 posset
1683 2254 1764 2282 bono
1780 2254 1870 2283 modo
1885 2254 2033 2282 ordinari.
2053 2253 2092 2282 Et
2106 2254 2143 2282 de
2162 2254 2218 2282 hoc

1310 2300 1407 2331 voluit
1421 2301 1508 2331 nscio
1528 2302 1612 2342 quod
1630 2312 1731 2331 sermo
1743 2301 1755 2319 ³
1777 2302 1931 2341 posterius
1945 2303 2031 2332 fieret
2042 2309 2070 2331 et
2085 2313 2219 2341 congre-

1309 2349 1398 2389 gacio
1416 2350 1572 2390 specialis.
1593 2351 1639 2380 De
1654 2352 1790 2380 secundo
1806 2350 1891 2380 dedit
1904 2357 1933 2380 et
1946 2352 2103 2391 deputavit
2120 2351 2218 2391 magi-

1310 2404 1407 2428 strum
1430 2399 1598 2429 Jordanum
1623 2401 1660 2429 de
1692 2400 1805 2435 Clivis,
1840 2400 2018 2439 magistrum
2047 2400 2216 2429 Johannem

1309 2447 1348 2477 de
1366 2447 1524 2484 Hoeclem,
1542 2449 1721 2489 magistrum
1739 2448 1909 2479 Arnoldum
1924 2449 1961 2478 de
1980 2449 2085 2488 Ghysc
2103 2455 2131 2478 et
2146 2459 2217 2488 pro—

1310 2503 1481 2526 curatorem
1504 2507 1541 2526 ex
1560 2497 1659 2527 officio
1683 2499 1720 2526 ad
1742 2498 1907 2527 videndum
1930 2497 2028 2527 libros
2050 2505 2078 2527 ct
2103 2498 2219 2527 exami-

1310 2546 1459 2581 nandum;
1476 2546 1501 2575 si
1515 2553 1621 2576 essent
1635 2546 1666 2575 in
1677 2556 1713 2575 eo
1722 2546 1824 2586 aliqua
1837 2547 1966 2575 delenda
1978 2546 2096 2575 scilicet
2111 2552 2216 2575 contra

1310 2594 1458 2624 honorem
1481 2595 1620 2625 nacionis
1640 2605 1694 2625 seu
1715 2596 1946 2635 suppositorum
1963 2595 2113 2630 nacionis,
2134 2595 2217 2634 quod

1310 2644 1380 2673 talia
1393 2643 1605 2679 delerentur⁴,
1625 2650 1654 2673 et
1669 2645 1706 2673 ‹lc
1723 2644 1779 2673 hoc
1796 2644 1943 2673 baberent
1959 2644 2078 2683 plenam
2093 2643 2216 2673 delendi

1310 2699 1503 2732 potestatem.
1531 2693 1570 2723 Et
1602 2693 1691 2722 iidem
1722 2695 1844 2722 suerunt
1868 2693 2003 2732 deputati
2033 2703 2089 2732 pro
2117 2692 2217 2732 primo

1309 2748 1424 2781 puncto
1435 2742 1472 2771 ad
1487 2741 1664 2776 videndum,
1679 2742 1705 2771 si
1721 2748 1804 2771 esset
1819 2748 1974 2771 statutum.

1351 2790 1425 2820 ltem
1452 2790 1501 2820 die
1528 2791 1623 2820 tercia
1644 2790 1779 2829 ejusdcm
1808 2790 1922 2819 mensis
1951 2789 2110 2820 Februarii
2140 2791 2215 2819 sacta

1339 2920 1363 2943 3.
1397 2920 1416 2943 1.
1427 2927 1450 2942 e.
1461 2919 1531 2950 quod
1540 2919 1572 2943 de
1584 2918 1639 2942 istiu
1650 2921 1778 2949 ageretur.

1339 2955 1362 2978 11.
1397 2956 1487 2979 Pontem
1501 2954 1566 2978 inter
1579 2962 1655 2977 'incon
1669 2957 1693 2977 et
1704 2954 1782 2978 iidem
1797 2954 1901 2978 [uerunt
1910 2953 2002 2977 eciam.

2249 7 2256 15 ι
2286 3 2299 20 ,“
2363 0 2546 23 †·2····’⁷r;⁷⁷r2»·
2613 0 2625 7 ,-
