2632 3464
416 453 465 479 787
954 447 1177 474 AUCTARIUM
1198 446 1458 474 CHARTULARII
1477 447 1649 475 UNIVERS.
1673 449 1791 476 PARIS.
2281 450 2334 477 788

418 528 555 568 Philippi
571 534 600 557 et
614 527 731 561 Jacobi,
747 527 778 555 in
791 536 863 555 casu
875 536 936 565 quo
952 525 1099 564 magister
1115 524 1234 553 Franco
1247 524 1322 553 inte-

418 578 475 607 rim
496 577 555 607 sibi
575 587 636 606 non
653 576 843 605 satisfaceret
860 587 866 603 e
886 575 955 603 ideo
975 574 1064 603 nacio
1082 573 1222 608 audiens,
1239 573 1323 612 quod

416 628 518 666 quoad
547 625 689 655 victualia
725 624 813 654 valde
842 624 973 653 tenuiter
1009 622 1198 652 retinebatur
1209 645 1216 657 ‚
1254 633 1322 659 ymo

414 678 511 704 socius
528 677 593 712 ejus
607 682 738 703 mortuus
749 675 809 712 fuit
828 684 865 702 ex
882 674 1000 710 defectu
1018 673 1108 700 victus
1120 671 1143 706 ⁴,
1160 671 1229 710 ipsa
1242 677 1323 700 mota

416 725 527 764 pietate
554 723 708 753 concessit
734 722 994 762 supplicacionem
1015 719 1098 760 ejus,
1122 721 1199 750 facta
1222 726 1323 749 tamen

416 774 609 813 obligacione
647 772 819 801 sufficienti.
858 771 1018 800 Secundus
1051 769 1197 799 articulus
1225 779 1324 808 super

417 822 711 862 supplicacionibus.
734 820 925 860 Supplicavit
942 819 1130 848 Wilhelmus
1156 818 1323 848 subbedel—

416 872 464 901 lus
482 878 514 901 ut
534 872 732 910 deputaretur
750 880 830 899 unus
845 868 992 908 magister
1009 879 1046 897 ex
1068 874 1155 907 parte
1170 867 1321 903 nacionis,

417 921 469 961 qui
488 921 613 950 haberet
630 920 730 958 aliqua
747 928 921 958 proponere
939 928 975 947 ex
992 924 1078 956 parte
1098 917 1145 946 sui
1158 917 1320 952 balivatus,

416 981 506 1010 quem
522 970 612 998 habet
627 969 657 998 in
673 969 740 998 vico
757 967 932 1002 Straminis,
950 967 980 995 in
995 967 1134 1006 proxima
1149 976 1323 1006 congrega-

417 1020 503 1048 cione
520 1018 670 1047 facultatis
683 1017 808 1046 arcium.
826 1017 915 1053 Quod
933 1026 1115 1045 concessum
1129 1022 1176 1045 est
1191 1015 1229 1044 ei.

457 1069 547 1097 Facta
582 1066 827 1107 congregacione
859 1065 999 1094 nacionis
1034 1065 1205 1104 Anglicane
1242 1065 1323 1104 apud

417 1118 559 1146 Sanctum
577 1116 773 1150 Maturinum‚
791 1116 822 1144 8ι
836 1115 885 1143 die
903 1114 1018 1143 mensis
1034 1114 1230 1148 Novembris,
1247 1113 1324 1142 hora

415 1167 583 1206 primarum
595 1165 755 1204 super2bu=
763 1164 912 1193 articulis.
926 1163 1049 1192 Primus
1063 1169 1128 1192 erat
1137 1172 1232 1202 super
1245 1163 1322 1192 festo

416 1215 597 1245 Eadmundi.
619 1214 719 1253 Super
740 1223 801 1253 quo
819 1213 1009 1242 deliberabat
1025 1212 1113 1241 nacio
1133 1213 1232 1252 quod,
1251 1212 1323 1251 quia

415 1265 503 1293 nacio
521 1271 584 1293 erat
600 1263 725 1292 multum
745 1269 871 1291 onerata
891 1262 1004 1291 debitis
1029 1262 1153 1291 racione
1169 1261 1322 1290 scolarum

416 1314 665 1347 edificandarum,
695 1312 859 1341 voluerunt
890 1311 1042 1350 magistri,
1074 1311 1158 1350 quod
1193 1310 1324 1349 quilibet

415 1362 521 1391 volens
540 1362 690 1390 interesse
705 1362 781 1390 festo
801 1360 941 1389 nacionis
957 1360 1167 1389 contribueret
1180 1360 1258 1388 duos
1274 1359 1323 1388 vel

415 1419 478 1441 tres
494 1411 623 1446 solidos,
641 1421 678 1439 ne
692 1410 779 1439 nacio
793 1416 974 1448 gravaretur
988 1410 1018 1438 in
1032 1409 1190 1448 expensis,
1210 1409 1322 1438 debitis

415 1461 550 1490 attentis.
569 1460 728 1489 Secundus
751 1459 897 1488 articulus
917 1464 983 1487 erat
1004 1468 1098 1497 super
1115 1458 1324 1497 supplicacio-

416 1511 517 1539 nibus.
536 1510 575 1538 Et
595 1509 811 1548 supplicabant
829 1507 953 1542 bedelli,
971 1508 1054 1547 quod
1072 1507 1202 1547 quilibet
1220 1508 1323 1536 deter-

416 1557 535 1585 minans
563 1556 623 1585 isto
650 1565 730 1584 anno
758 1555 892 1584 solveret
918 1554 963 1584 eis
987 1554 1146 1583 dimidium
1173 1554 1322 1589 francum,

416 1606 496 1635 sicut
504 1605 592 1634 annis
606 1605 762 1644 preteritis
778 1604 833 1633 fuit
846 1604 890 1633 eis
902 1614 1094 1633 concessum.
1107 1604 1265 1633 Concessa
1277 1610 1324 1632 est

418 1654 607 1694 supplicacio
622 1664 679 1693 pro
693 1654 752 1682 isto
768 1663 848 1682 anno
863 1654 1019 1688 duntaxat,
1036 1659 1069 1682 ut
1080 1663 1141 1681 non
1156 1653 1277 1682 trahant
1292 1652 1323 1681 in

418 1703 681 1733 consuetudinem.
701 1702 739 1731 Et
752 1703 789 1731 de
809 1702 866 1731 hoc
881 1702 951 1731 vide
968 1702 998 1730 in
1013 1702 1094 1730 libro
1109 1701 1321 1741 precedenti2,

417 1763 511 1792 quare
530 1753 574 1781 eis
595 1758 642 1781 est
660 1761 818 1786 concessa,
840 1751 911 1790 quia
929 1761 1011 1780 eram
1030 1751 1147 1790 primus
1166 1751 1218 1790 qui
1241 1751 1325 1780 dedit

416 1812 471 1831 els.

825 1893 922 1923 1398

417 1966 489 2006 (Fol.
519 1966 565 2005 45)
590 1964 836 1995 Continuacio
860 1976 953 2005 mag.
978 1965 1134 1995 Arnoldi
1155 1967 1322 1996 Wtwiic.

458 2047 550 2076 Facta
567 2046 814 2086 congregacione
829 2046 968 2075 nacionis
977 2047 1057 2085 apud
1070 2047 1214 2076 Sanctum
1228 2048 1324 2077 Matu-

419 2096 530 2131 rinum,
556 2096 605 2124 die
630 2095 700 2124 lune
727 2097 776 2124 182
797 2096 846 2124 die
874 2095 1074 2129 Novembris,
1101 2106 1195 2135 super
1223 2097 1323 2126 tribus

417 2145 566 2174 articulis.
585 2145 708 2174 Primus
729 2144 876 2173 articulus
893 2145 929 2173 ad
949 2145 1123 2184 eligendum
1143 2153 1324 2184 procurato-

418 2204 482 2223 rem
498 2204 610 2223 novum
625 2194 674 2222 vel
694 2195 731 2222 ad
746 2194 984 2223 continuandum
1003 2194 1171 2233 antiquum.
1193 2195 1232 2223 Et
1249 2205 1324 2224 con—

417 2244 551 2272 tinuatus
568 2243 622 2272 fuit
637 2243 784 2282 magister
798 2242 956 2271 Arnoldus
970 2243 1098 2272 Wtwiic
1115 2244 1321 2273 concorditer.

417 2293 463 2320 2¹¹⁸
475 2293 513 2321 ad
528 2292 711 2320 audiendum
728 2298 901 2330 compotum
912 2291 1094 2330 receptoris.
1109 2292 1147 2321 Et
1158 2298 1230 2321 tunc
1239 2292 1323 2321 illum

418 2341 604 2370 distulerunt
620 2351 718 2380 usque
728 2340 814 2369 alias.
831 2341 877 2368 3¹¹⁸
892 2350 987 2379 super
997 2340 1281 2379 supplicacionibus
1295 2348 1325 2371 et

420 2390 553 2429 injuriis.
571 2390 692 2419 Nullus.

459 2439 520 2468 Sed
547 2439 577 2468 in
604 2440 709 2468 eadem
732 2438 979 2477 congregacione
1002 2438 1090 2467 electi
1118 2439 1240 2468 fuerunt
1263 2440 1323 2469 duo

418 2488 568 2527 magistri,
582 2488 700 2517 scilicet
708 2487 855 2526 magister
866 2487 1040 2526 Heynricus
1053 2488 1091 2516 de
1108 2487 1221 2523 Busco,
1231 2489 1324 2527 magi-

419 2543 482 2565 ster
496 2537 652 2566 ‚lohannes
669 2538 707 2565 de
723 2537 859 2575 Campen
873 2537 910 2565 ad
925 2536 1136 2575 recipiendum
1154 2547 1171 2565 a
1187 2537 1325 2576 quolibet

418 2586 565 2625 magistro
583 2586 600 2614 2
617 2586 743 2620 solidos,
757 2592 786 2614 et
798 2586 835 2614 ad
847 2585 976 2614 ulterius
988 2586 1213 2624 providendum
1231 2596 1325 2625 super

419 2635 604 2664 necessariis
637 2635 667 2663 in
700 2636 776 2664 festo
809 2634 960 2674 predicto,
997 2634 1115 2663 scilicet
1152 2634 1324 2664 Eadmundi

419 2684 515 2722 regis.
534 2684 672 2712 Ulterius
691 2684 721 2712 in
739 2685 844 2712 eadem
863 2684 1106 2723 congregacione
1124 2684 1323 2712 deliberatum

423 2733 490 2766 suit,
508 2734 589 2772 quod
610 2734 671 2761 duo
691 2733 830 2772 magistri
852 2733 971 2761 adirent
990 2733 1169 2772 magistrum
1188 2733 1324 2771 Heynri-

450 2833 471 2855 1.
506 2835 602 2856 Bonum
619 2834 769 2865 esemplum,
788 2835 913 2865 quomodo
928 2837 988 2857 tunc
1006 2833 1124 2865 temporie
1139 2833 1165 2857 in
1181 2833 1325 2857 carceribus

419 2869 538 2891 custoditi
555 2870 661 2893 Parisiis
673 2870 738 2893 male
749 2872 930 2893 tractarentur.
947 2869 1000 2892 Vid.
1015 2870 1050 2892 ad
1060 2869 1123 2892 haec
1135 2869 1263 2898 Chartul.,
1278 2870 1323 2898 ΠΙ,

419 2909 446 2926 n⁰
459 2904 525 2927 1589.

451 2940 473 2962 2.
509 2939 559 2969 Qui
571 2942 654 2963 tamen
665 2949 731 2963 nunc
743 2940 913 2969 desideratur,
923 2940 954 2963 de
969 2949 1018 2971 quo
1031 2948 1109 2971 supra
1127 2948 1151 2971 p.
1167 2941 1222 2968 659,
1234 2943 1285 2964 not.
1300 2942 1322 2963 5.

1361 969 1394 995 10

1361 1215 1394 1240 15

1361 1459 1396 1485 20

1361 1705 1395 1730 25

1362 1951 1396 1977 30

1362 2196 1395 2222 35

1361 2441 1395 2467 40

1362 2684 1394 2710 45

1430 534 1499 554 cum
1522 525 1560 554 de
1583 524 1695 554 Sancta
1715 525 1883 555 Katherina
1893 525 1917 561 ³,
1937 536 2024 555 sacre
2041 526 2197 566 theologie
2213 527 2338 566 profes-

1431 583 1545 609 sorem,
1562 574 1766 613 supplicando
1785 581 1817 604 ut
1830 575 1951 605 veniret
1967 576 2006 604 ad
2025 576 2134 605 festum
2153 581 2294 605 nostrum
2308 581 2339 605 et

1430 621 1612 652 celebraret.
1631 623 1779 653 Similiter
1792 625 1875 663 quod
1890 623 2028 654 adiretur
2042 623 2191 664 magister
2203 623 2338 654 Herber-

1431 681 1489 700 nus
1506 672 1544 700 de
1559 671 1574 701 J
1579 673 1687 707 utfaes,
1706 673 1855 712 magister
1867 672 1898 702 in
1911 673 2074 709 medicina,
2089 673 2127 702 ad
2144 674 2254 703 festum
2268 683 2336 713 pre.

1431 719 1546 749 dictum
1561 720 1662 760 ipsum
1678 721 1848 757 invitando,
1861 728 1977 752 attento
1988 722 2072 761 quod
2087 722 2128 752 sit
2142 722 2338 762 suppositum

1430 769 1536 799 valens
1554 776 1584 798 et
1601 769 1774 800 honestum.

1471 817 1645 848 Notandum
1660 825 1761 849 tamen
1775 820 1860 859 quod
1880 830 1938 859 pro
1958 820 2011 849 illo
2029 830 2110 849 anno
2125 830 2187 850 non
2203 820 2259 850 fuit
2275 821 2340 850 fae-

1431 873 1494 896 tum
1519 868 1683 907 prandium
1707 868 1739 897 in
1765 869 1873 898 eodem
1907 870 1985 898 sesto
1995 892 2003 904 ,
2030 868 2104 908 quia
2133 879 2196 898 non
2230 878 2338 899 omnes

1431 916 1571 956 magistri
1585 917 1730 946 volebant
1740 917 1872 952 solvere,
1889 924 1918 947 et
1931 918 2019 947 nacio
2033 918 2146 948 debitis
2159 918 2252 948 nimis
2265 928 2339 947 one-

1431 971 1496 994 rata
1519 975 1581 995 non
1604 972 1725 1005 poterat
1751 966 1872 996 solvere
1900 967 2070 1003 residuum,
2097 967 2180 1006 quod
2204 967 2340 997 restabat

1431 1014 1511 1043 ultra
1523 1014 1671 1053 pecunias
1691 1022 1832 1054 receptas
1847 1017 1885 1045 ab
1903 1016 2058 1055 aliquibus
2074 1015 2244 1056 magistris.
2265 1015 2338 1045 Ideo

1430 1063 1593 1093 videbatur
1619 1064 1839 1103 expediencius
1868 1075 1930 1094 non
1957 1066 2055 1095 facere
2087 1065 2213 1101 festum,
2247 1075 2338 1104 quam

1432 1113 1531 1142 facere
1550 1112 1750 1148 semifestum‚
1768 1119 1798 1143 et
1816 1113 1875 1143 hoc
1893 1114 2043 1144 avisatum
2063 1113 2119 1144 fuit
2137 1120 2210 1154 post
2225 1123 2339 1154 vespe-

1432 1171 1482 1190 ras
1498 1161 1637 1190 nacionis
1652 1161 1757 1191 multis
1770 1162 1928 1202 magistris
1945 1163 2156 1202 presentibus.

1472 1210 1592 1250 lncepit
1603 1211 1745 1240 dominus
1759 1210 1918 1241 Arnoldus
1933 1212 1971 1241 de
1986 1211 2158 1251 Zutphania
2171 1212 2228 1242 sub
2243 1211 2339 1251 magi-

1432 1266 1497 1288 stro
1513 1259 1651 1298 Nycolao
1669 1259 1871 1289 Monekedam
1893 1261 1931 1290 de
1952 1260 2063 1296 Frisia,
2083 1260 2170 1301 cujus
2192 1261 2289 1291 bursa
2309 1259 2338 1291 11

1432 1308 1535 1338 solidi.

1473 1357 1547 1387 Item
1574 1358 1716 1387 dominus
1742 1358 1856 1388 Paulus
1887 1359 1924 1388 de
1957 1359 2100 1388 Haerlem
2126 1360 2184 1389 sub
2217 1360 2337 1394 eodem,

1433 1405 1518 1446 cujus
1535 1408 1629 1436 bursa
1645 1407 1672 1437 11
1693 1407 1795 1436 solidi.

1838 1503 1855 1531 1
1860 1503 1935 1532 398

1472 1573 1563 1602 Acta
1590 1573 1626 1602 in
1653 1574 1917 1612 procuratoria
1945 1574 2118 1614 magistri
2145 1573 2298 1604 Henrici

1475 1622 1477 1624 ’
1781 1622 1822 1652 de
1852 1623 1988 1652 Busco.

1474 1702 1566 1732 Facta
1597 1702 1845 1742 congregacione
1881 1703 2020 1732 nacionis
2055 1702 2227 1743 Anglicane
2257 1704 2340 1744 apud

1434 1751 1578 1781 Sanctum
1595 1751 1748 1780 Julianum
1766 1761 1944 1790 pauperem,
1964 1752 2014 1781 die
2029 1752 2100 1781 lune
2114 1751 2198 1781 XVI·
2212 1753 2339 1782 Decem·

1433 1802 1510 1836 bris,
1528 1810 1622 1840 super
1639 1800 1700 1828 3¹²⁰·
1719 1800 1867 1830 articulis.
1888 1801 2012 1830 Primus
2030 1807 2095 1830 erat
2109 1802 2147 1830 ad
2163 1801 2339 1841 eligendum

1433 1860 1545 1880 novum
1574 1855 1807 1888 procuratorem
1838 1850 1887 1879 vel
1917 1851 1955 1879 ad
1987 1850 2228 1880 continuandum
2263 1850 2339 1880 anti-

1434 1910 1537 1939 quum.
1558 1899 1603 1927 2¹¹·
1627 1898 1663 1927 ad
1687 1898 1872 1928 audiendum
1891 1906 2067 1938 compotum
2086 1899 2270 1938 receptoris.
2293 1899 2340 1929 3¹·-

1434 1959 1528 1988 super
1551 1947 1835 1986 supplicacionibus
1862 1954 1892 1977 et
1916 1947 2049 1987 injuriis.
2072 1948 2119 1977 De
2142 1948 2259 1988 primo,
2283 1948 2340 1979 suit

1433 1998 1548 2027 electus
1580 1997 1612 2025 in
1648 2003 1881 2035 procuratorem
1906 1997 2053 2037 magister
2083 1995 2264 2037 H[enricus]
2300 1998 2339 2027 de

1434 2047 1547 2076 Busco.
1581 2046 1628 2075 De
1659 2048 1690 2076 2⁰
1713 2052 1875 2084 computus
1899 2045 2099 2075 differebatur
2122 2055 2221 2086 usque
2249 2046 2337 2076 alias.

1434 2096 1534 2136 Super
1549 2096 1580 2125 3⁰
1598 2096 1803 2136 supplicatum
1823 2101 1889 2124 erat
1906 2104 1962 2134 per
1977 2095 2128 2134 quendam
2144 2095 2337 2135 magistrum,

1434 2146 1488 2174 sed
1510 2146 1611 2174 statim
1634 2145 1814 2185 supervenit
1833 2144 2039 2184 congregacio
2056 2144 2207 2173 facultatis
2226 2145 2265 2174 ad
2281 2144 2339 2173 eli-

1433 2195 1566 2234 gendum
1581 2204 1694 2224 novum
1710 2200 1860 2223 rectorem
1873 2192 1897 2228 ⁴,
1917 2199 1946 2222 et
1961 2193 2006 2222 sic
2015 2199 2143 2232 propter
2153 2192 2234 2222 illam
2245 2203 2339 2222 occu-

1434 2244 1591 2282 pacionem
1600 2243 1695 2272 nichil
1705 2253 1799 2282 super
1810 2242 2040 2281 supplicacione
2050 2247 2115 2271 erat
2124 2241 2337 2277 deliberatum,

1432 2302 1526 2331 quare
1543 2302 1601 2332 pro
1616 2302 1678 2321 non
1701 2292 1777 2321 facta
1794 2291 1932 2320 habetur.
1952 2290 1992 2319 Et
2010 2290 2055 2320 sic
2070 2290 2230 2320 brevitatis
2248 2300 2340 2320 causa

1432 2341 1482 2370 hic
1506 2352 1568 2370 non
1588 2341 1746 2376 scribitur,
1768 2350 1806 2370 ne
1830 2341 1944 2369 frustra
1961 2338 2176 2368 memhranas‘⁵
2196 2345 2336 2378 occupet.

1837 2434 1855 2461 1
1860 2432 1934 2461 399

1453 2505 1524 2544 (Fol.
1557 2505 1630 2544 45¹³)
1666 2504 1754 2534 Acta
1783 2504 1818 2534 in
1856 2503 2116 2543 procuratoria
2146 2503 2318 2543 magistri

1701 2553 1858 2582 Gerardi
1887 2554 1929 2582 de
1958 2552 2067 2582 Eten.

1474 2633 1565 2662 Facta
1603 2633 1849 2672 congregacione
1879 2631 2018 2660 nacionis
2052 2631 2225 2671 Anglicane
2257 2632 2339 2671 apud

1434 2682 1577 2711 Sanctum
1595 2682 1794 2716 Maturinum,
1807 2681 1857 2710 die
1869 2681 1939 2710 lune
1952 2681 2002 2709 13·
2018 2680 2066 2709 die
2082 2680 2231 2715 Januarii,
2245 2690 2340 2720 super

1432 2730 1493 2760 35⁰⁵
1510 2730 1659 2759 articulis.
1680 2730 1803 2759 Primus
1819 2735 1885 2758 erat
1898 2730 1937 2758 ad
1949 2721 2125 2768 eligendum
2139 2739 2250 2758 novum
2266 2739 2339 2769 pro-

1463 2834 1486 2855 3.
1520 2832 1661 2855 Henricum
1673 2832 1704 2856 de
1715 2831 1863 2860 Tremonin,
1875 2831 1936 2854 Ord.
1952 2830 2151 2860 Vallinclwlar„
2163 2831 2194 2854 de
2202 2839 2252 2863 quo
2260 2838 2339 2862 :upra

1432 2870 1622 2929 PZ'131E'ZZIZ
1631 2908 1667 2928 eet
1680 2904 1791 2936 Egidius
1801 2904 1912 2933 Jutfaes,
1924 2912 1939 2927 a
1952 2903 2067 2928 Decemb.
2081 2904 2110 2927 16
2124 2912 2166 2927 an.
2177 2904 2246 2933 1399,
2261 2911 2340 2935 usque

1433 2941 1468 2964 ad
1483 2940 1572 2964 Martii
1583 2941 1621 2965 24.

1464 2978 1487 3000 5.
1520 2976 1587 2999 Licet
1600 2975 1680 2999 codex
1695 2975 1845 2999 chartaceus
1860 2975 1900 2998 ait.

2622 2007 2632 2377 20...c...‹—2....i.-n.›..1„.›.4..1-..i..
2626 1971 2632 1982 ,Α
2624 1944 2632 1953 ¹.
2628 1927 2632 1931 i
2622 1854 2632 1904 .2.¹;·..
