2632 3464
722 544 820 575 130⁷

305 617 379 658 (Ful.
412 619 450 647 29
470 617 494 658 ¹³)
529 616 619 646 Acta
657 617 693 646 in
729 615 994 656 procuratoria
1041 614 1212 655 magistri

354 666 544 705 *lobannis
565 666 608 696 de
631 665 768 700 zande,
791 664 884 695 alias
907 665 951 694 de
973 664 1151 704 Campen.

345 741 420 771 Item
437 742 513 772 sacta
529 740 776 781 congregacione
792 739 933 769 nacionis
948 739 1120 779 Anglicane
1133 749 1213 769 anno

306 790 429 820 Domini
456 790 501 820 Μ’
519 789 614 821 CCC⁰
636 789 748 819 XCV1⁰
769 789 937 819 secundum
960 788 1063 818 stilum
1086 789 1214 829 gallica·-

304 849 387 874 num,
413 839 484 869 Vll·
505 839 555 869 die
576 838 696 879 Aprilis
720 838 797 868 hora
819 838 917 878 prima
942 837 1055 867 Nostre
1083 838 1213 867 Domine

303 889 384 928 apud
401 887 545 918 Sanctum
555 888 741 918 Maturinum
755 897 850 927 super
865 887 964 916 tribus
979 887 1128 916 articulis.
1146 887 1213 916 Pri-

305 947 372 967 mus
394 943 459 967 erat
477 938 515 966 ad
539 936 715 977 eligendum
731 946 844 965 novum
863 942 1096 976 procuratorem
1111 936 1160 965 vel
1175 937 1213 965 ad

303 986 542 1016 continuandum
573 986 743 1025 antiquum.
768 985 815 1014 2¹·-
845 991 910 1014 erat
939 995 1034 1024 super
1067 991 1212 1025 computo

302 1034 420 1064 domini
434 1034 681 1075 temptaris-Su
695 1040 761 1064 erat
773 1044 868 1073 super
883 1034 1168 1074 supplicacionibus
1183 1041 1214 1064 et

303 1082 436 1123 injuriis.
465 1083 567 1123 Super
587 1083 688 1124 primo
717 1083 913 1112 continuatus
938 1083 994 1112 suit
1016 1083 1212 1113 concorditer

302 1132 387 1162 nullo
406 1132 590 1163 reclamante
607 1132 754 1172 magister
769 1132 927 1162 Johannes
944 1132 982 1161 de
1002 1132 1116 1167 Zande,
1135 1131 1211 1162 alias

301 1181 340 1211 de
355 1181 503 1221 Campen.
527 1176 629 1221 Super
645 1182 678 1210 2ο
697 1181 811 1211 dilatus
834 1181 890 1211 fuit
904 1187 1036 1220 protunc
1048 1187 1210 1221 compotus

301 1230 418 1260 domini
429 1230 614 1270 recepturis.
625 1229 728 1270 Super
739 1231 772 1260 3⁰
781 1229 911 1260 articulo
920 1229 1015 1259 nichil
1025 1236 1091 1260 erat
1097 1237 1207 1260 actum.

341 1279 418 1309 ltem
444 1280 521 1309 sacta
547 1279 793 1319 congregacione
821 1279 961 1308 nacionis
989 1279 1102 1319 Anglie
1130 1289 1210 1309 anno

301 1338 363 1368 quo
387 1337 493 1368 supra,
520 1327 628 1358 xxvi·
652 1328 702 1358 die
727 1327 847 1368 Aprilis
868 1327 945 1357 hora
971 1327 1070 1367 prima
1097 1328 1210 1358 Nostre

301 1377 432 1407 Domine
447 1378 527 1416 apud
545 1376 690 1407 Sanctum
705 1376 892 1406 Maturinum
909 1386 1004 1416 super
1018 1377 1118 1407 tribus
1133 1377 1210 1407 arti-

300 1426 389 1456 culis.
408 1426 531 1456 Primus
549 1432 615 1456 erat
637 1426 675 1455 ad
693 1425 865 1456 habendum
884 1426 1030 1465 pecunias
1053 1436 1110 1466 pro
1128 1428 1211 1466 lega-

299 1477 383 1504 cione
399 1476 501 1513 fienda
522 1485 633 1504 versus
653 1474 824 1504 Almaniam
841 1474 960 1504 scilicet
975 1485 1076 1504 versus
1096 1478 1211 1504 Franc-

299 1523 466 1563 sordiam⁴‚
489 1524 562 1564 quia
582 1523 785 1554 deliberatum
808 1529 873 1553 erat
897 1534 954 1564 per
972 1523 1210 1554 Universitatem

299 1573 383 1613 quod
398 1573 521 1613 singule
537 1572 694 1603 facultates
711 1578 741 1602 et
755 1573 902 1602 naciones
920 1572 1165 1608 contribuerent,
1181 1580 1212 1602 et

299 1622 346 1652 eis
376 1622 592 1652 restitueretur
621 1631 680 1662 per
708 1621 959 1652 Universitatem.
990 1623 1036 1651 2⁸·
1063 1622 1210 1652 articulus

298 1677 365 1701 erat
383 1671 420 1700 de
435 1670 592 1711 aliquibus
613 1670 712 1700 literis
736 1670 884 1700 faciendis
907 1681 944 1700 ex
965 1677 1053 1711 parte
1070 1671 1210 1702 nacionis

298 1725 329 1750 et
347 1719 521 1760 dirigendis
544 1719 680 1749 dominis
701 1719 858 1759 aliquibus
882 1719 995 1749 ibidem
1017 1720 1049 1749 in
1065 1720 1208 1756 consilio,

298 1769 382 1809 quod
403 1768 603 1798 Francsordie
618 1768 839 1804 celebraretur,
853 1769 1070 1803 existentibus,
1088 1775 1118 1799 et
1134 1769 1210 1799 illud

298 1824 364 1848 erat
380 1817 586 1858 supplicatum
602 1817 724 1847 nacioni
746 1828 802 1858 per
819 1817 896 1847 alias
911 1824 975 1848 tres
990 1818 1148 1853 naciones.
1165 1819 1211 1848 3⁰·

297 1866 446 1897 articulus
460 1866 517 1896 l'uit
530 1876 626 1907 super
638 1866 925 1907 supplicacionibus
941 1873 971 1896 et
987 1866 1119 1907 injuriis.

339 1915 440 1956 Super
453 1915 556 1956 primo
574 1915 705 1946 articulo
719 1915 923 1946 deliberatum
942 1916 997 1946 fuit
1014 1916 1211 1946 concorditer

299 1974 355 2004 per
378 1964 537 1994 nacionem
561 1965 645 2004 quod
666 1965 754 1994 nacio
773 1971 943 2004 exponeret
960 1965 1028 1995 illas
1050 1965 1207 2005 pecunias,

297 2023 374 2053 quas
389 2019 493 2043 rector
507 2013 689 2053 requireret.
704 2013 743 2043 Et
754 2019 886 2054 protunc
895 2014 1009 2044 dictum
1021 2020 1086 2043 erat
1100 2024 1210 2054 recep-

297 2062 357 2092 tori
381 2062 463 2102 quod
481 2062 550 2102 ipse
571 2067 740 2102 exponeret
761 2071 799 2092 ex
821 2068 909 2102 parte
933 2062 1085 2092 nacionis.
1110 2062 1148 2093 Et
1169 2063 1209 2093 ita

298 2111 378 2141 fecit.
406 2110 446 2141 Et
472 2111 627 2141 concessit
651 2110 855 2141 Universitati
886 2121 943 2151 pro
971 2111 1131 2152 legacione
1157 2112 1209 2142 illa

297 2159 479 2200 complenda
494 2170 531 2190 ex
547 2166 632 2200 parte
645 2159 786 2190 nacionis
798 2159 882 2190 XXV
897 2161 1019 2190 francos
1034 2161 1134 2190 minus
1149 2161 1207 2191 llll

297 2208 418 2243 solidis,
442 2214 473 2238 et
493 2214 637 2248 receptor
658 2208 878 2239 Universitatis
895 2209 965 2239 fecit
984 2209 1207 2250 obligacionem

296 2258 334 2287 ad
356 2257 579 2287 restituendum
603 2257 672 2287 illas
693 2258 842 2298 pecunias
867 2258 988 2288 nacioni
1008 2259 1046 2288 de
1069 2259 1208 2298 pecuniis

295 2306 485 2347 recipiendis
499 2316 555 2346 per
568 2305 810 2336 Universitatem
822 2305 846 2336 ¹.

336 2354 438 2395 Super
451 2356 485 2384 2⁰
499 2355 630 2385 articulo
649 2355 850 2385 deliberatum
870 2355 925 2385 suit
946 2356 1031 2395 quod
1049 2355 1138 2386 litere
1153 2357 1208 2386 fle-

295 2410 375 2439 rent,
391 2410 422 2434 et
439 2403 526 2444 prius
544 2404 672 2439 minute,
691 2410 722 2434 et
741 2410 849 2444 postea
871 2404 988 2434 minute
1009 2405 1207 2445 corrigeren-

296 2458 346 2483 tur
361 2462 419 2493 per
435 2452 556 2493 plenam
573 2453 743 2488 nacionem,
761 2459 791 2483 et
808 2453 892 2493 quod
913 2453 1103 2484 scriberetur
1118 2454 1206 2494 prin-

293 2501 495 2543 cipalioribus
515 2502 651 2533 dominis
669 2503 877 2533 existentibus
901 2502 932 2532 in
950 2503 1082 2533 consilio
1100 2503 1153 2533 illo
1174 2503 1205 2533 in

296 2550 494 2582 Francfordia
507 2561 565 2592 per
579 2551 795 2591 imperatorem
806 2551 1003 2582 celebrando.

326 2674 349 2700 ¹.
382 2674 449 2700 Maii
466 2675 496 2700 18
506 2683 550 2700 an.
558 2675 703 2708 praecentis
717 2675 777 2699 1³97
788 2675 973 2707 francfordiae
988 2684 1108 2708 maguum
1123 2677 1205 2701 conei-

295 2709 356 2734 lc'um
363 2709 508 2743 principum
519 2710 707 2739 colebrabatur,
719 2711 751 2735 de
761 2719 812 2743 quo
820 2710 901 2735 adea:
911 2711 1116 2739 Waizsaacxn.
1129 2711 1204 2736 Deut-

295 2744 357 2770 sclu
364 2745 458 2770 meh·
581 2754 607 2775 n.
616 2746 678 2778 1l,p.
685 2747 731 2770 ¹11⁵
739 2750 832 2779 unat
841 2746 973 2774 Lunna.
980 2746 1124 2771 (includes
1131 2747 1204 2772 deut·

295 2780 374 2805 aelian
395 2780 504 2806 Reiclaoa
522 2784 600 2806 'antor
618 2782 704 2814 xunig
718 2782 830 2811 Wenael,
848 2782 879 2810 ΙΙ,
896 2783 942 2806 359
958 2790 1014 2815 sqq.
1034 2783 1143 2807 Cae-otuu
1159 2791 1204 2807 rea·

294 2817 448 2840 Francorum
458 2824 518 2841 nuuc
527 2816 605 2841 etlam
615 2817 718 2841 nuntior
729 2817 822 2842 ibidem
835 2818 911 2845 misit,
925 2818 968 2842 cui
977 2826 1003 2842 u
1015 2818 1135 2850 deputati
1145 2818 1203 2843 vni-

295 2850 423 2876 var-uati·
432 2851 516 2876 Pm‘e.
529 2852 705 2884 adjunxerunt
717 2852 797 2885 (aepa'ec.
814 2853 903 2877 Caroli
911 2853 948 2877 ad
959 2853 1095 2885 meginero«
1109 2854 1201 2879 civium

293 2889 342 2911 ecc.
353 2886 576 2920 Franclordmu.
584 2888 667 2920 April.
676 2889 715 2916 ³0,
729 2888 800 2920 apud
809 2889 1015 2916 Waizuacxn.
1025 2888 1042 2912 Ι.
1054 2897 1086 2917 c..
1095 2893 1122 2912 n·
1135 2890 1199 2922 Μ).

294 2923 333 2947 Bt
341 2921 505 2954 nequet-tibur
514 2926 631 2955 apparea,
642 2931 711 2956 mag.
727 2923 875 2948 Jolaannem
886 2924 1026 2956 Mullingar
1041 2924 1073 2949 dc
1085 2925 1200 2953 Auni-in.

294 2955 369 2981 ictum
381 2956 528 2981 coaffluan-
539 2956 656 2982 nmium
675 2957 860 2987 Uniurnn’laee'u,
872 2958 939 2983 inter
949 2959 1085 2991 deputato:
1099 2959 1201 2984 Univer-

293 2991 381 3016 οἰκεῖ’
393 2991 515 3021 mlu'ou,
527 2991 560 3016 de
571 2992 673 3025 quibua,
684 3000 734 3017 non
746 2993 884 3018 nominalis
899 2993 1016 3028 unaue.
1031 2995 1110 3019 eciam
1125 2995 1202 3019 Theo·

377 3037 492 3057 Auen-02¹·-
504 3036 629 3058 caan-uris
638 3037 727 3059 vasu-n.
738 3038 804 3059 Paria.
812 3049 839 3055 —
850 3037 866 3059 l.

1251 990 1284 1016 10

1248 1236 1281 1261 15

1248 1481 1282 1507 20

1248 1726 1282 1752 25

1247 1971 1281 1998 30

1245 2218 1279 2244 35

1244 2461 1278 2487 40

811 468 925 494 LIBER
945 467 1258 494 PROCURATORUM
1278 463 1458 492 NATIONJS
1478 467 1722 494 ANGLICANAE
2185 469 2235 495 738

1363 543 1466 582 Super
1482 544 1514 572 3⁰
1533 544 1627 573 nichil
1645 551 1710 573 erat
1722 550 1832 573 actum.

1362 591 1438 622 Item
1460 600 1626 622 convocata
1650 594 1768 632 prefata
1794 593 1922 622 nacione
1955 594 2124 633 Anglicana
2154 605 2234 624 anno

1323 641 1449 671 Domini
1462 652 1524 681 quo
1540 652 1645 681 supra,
1657 641 1800 671 XXVIII·
1812 642 1862 670 die
1875 642 2005 681 Aprilis,
2023 643 2096 672 hora
2112 644 2142 672 4·
2160 650 2231 683 post

1321 690 1497 730 prandium,
1527 690 1646 720 scilicet
1670 691 1701 719 in
1730 690 1820 719 nonis
1845 691 1958 720 Nostre
1989 692 2119 720 Domine
2153 694 2233 732 apud

1323 739 1467 769 Sanctum
1484 739 1671 769 Maturinum
1687 749 1782 779 super
1799 740 1920 768 duobus
1938 740 2086 769 articulis.
2107 741 2230 771 Primus

1322 788 1470 818 articulus
1489 789 1545 818 suit
1565 789 1601 817 ad
1624 789 1809 818 audiendum
1831 789 1962 818 minutas
1979 789 2135 819 literarum
2157 791 2234 820 diri-

1321 838 1491 877 gendarum
1512 837 1645 877 singulis
1661 838 1794 866 dominis
1811 837 1975 867 consilium
1993 848 2049 878 per
2065 839 2232 878 imperato-

1322 896 1386 916 rem
1405 886 1435 916 in
1459 886 1658 916 Francfordia
1676 893 1874 916 convocatum
1893 887 2081 918 tenentibus.
2102 889 2148 917 2¹¹-
2170 895 2233 918 erat

1322 945 1418 975 super
1432 935 1717 975 supplicacionibus
1729 942 1759 965 et
1773 934 1907 975 injuriis.
1924 935 2025 975 Super
2041 937 2140 976 primo
2158 938 2231 966 deli-

1322 985 1459 1013 beratum
1483 985 1538 1014 fuit
1562 991 1693 1024 protunc
1723 995 1779 1024 per
1800 984 1921 1024 plenam
1953 986 2124 1020 nacionem,
2147 988 2229 1026 quod

1321 1033 1436 1063 minute
1457 1040 1607 1068 correcte,
1629 1034 1716 1063 sicud
1733 1040 1862 1073 protunc
1883 1044 1941 1074 per
1963 1035 2121 1064 nacionem
2145 1042 2233 1065 erant

1321 1088 1470 1117 correcte,
1494 1082 1749 1122 ingrossarentur
1769 1089 1799 1112 et
1817 1083 2038 1122 expedirentur
2059 1090 2089 1113 et
2111 1085 2230 1124 sigilla-

1320 1137 1427 1160 rentur
1443 1131 1548 1171 sigillo
1563 1141 1675 1171 magno
1689 1132 1839 1166 nacionis,
1855 1139 1884 1161 et
1897 1133 1979 1172 quod
1996 1143 2063 1162 cum
2081 1134 2230 1173 magistro

1318 1179 1458 1209 Johanne
1481 1181 1519 1210 de
1537 1179 1686 1210 Austria³
1708 1181 1912 1216 mitterentur,
1939 1181 1991 1221 qui
2009 1188 2140 1221 protunc
2164 1189 2230 1212 erat

1318 1234 1440 1269 legatus
1456 1229 1677 1259 Universitatis
1696 1230 1734 1259 ad
1753 1231 1885 1259 eundum
1900 1231 1937 1259 ad
1958 1230 2033 1260 illud
2051 1231 2225 1266 consilium,

1319 1283 1349 1308 et
1372 1279 1454 1318 quod
1475 1279 1589 1308 minute
1607 1279 1644 1308 de
1665 1278 1726 1308 illis
1749 1279 1847 1308 literis
1870 1286 1941 1319 post
1963 1280 2226 1320 ingrossacionem

1318 1333 1510 1367 ponerentur
1535 1328 1565 1356 in
1590 1328 1664 1357 sista
1694 1328 1759 1357 sive
1787 1328 1878 1357 archa
1904 1329 2057 1363 nacionis,
2083 1336 2113 1358 et
2141 1331 2224 1369 quod

1319 1383 1463 1416 receptor
1483 1376 1619 1406 solveret
1638 1387 1790 1416 expensas
1812 1378 1966 1407 faciendas
1989 1388 2046 1417 pro
2066 1378 2164 1407 literis
2189 1389 2226 1408 ex

1320 1431 1406 1465 parte
1427 1425 1578 1460 nacionis,
1597 1433 1627 1455 et
1649 1432 1757 1465 postea
1778 1433 1978 1465 computaret.
1999 1426 2037 1456 Et
2055 1427 2094 1457 ita
2117 1427 2222 1457 totali-

1319 1481 1367 1504 ter
1381 1475 1492 1504 sactum
1507 1481 1556 1504 est
1570 1475 1737 1504 secundum
1753 1476 1991 1505 convencionem
2010 1476 2156 1506 habitam.

1361 1523 1462 1563 Super
1478 1524 1509 1553 2⁰
1524 1523 1653 1553 articulo
1664 1524 1758 1553 nichil
1772 1531 1837 1554 erat
1850 1531 1948 1554 actum
1968 1531 2025 1554 etc.

1359 1572 1432 1612 (Fal.
1447 1573 1495 1612 30)
1511 1573 1585 1602 ltem
1598 1573 1712 1612 incepit
1724 1574 1866 1603 dominus
1880 1573 2013 1610 Jacobus
2027 1574 2148 1614 Spronc
2167 1576 2224 1604 sub

1319 1622 1469 1662 magistro
1489 1622 1625 1662 Nycolao
1650 1623 1687 1652 de
1708 1622 1914 1658 Monikedam,
1933 1622 2020 1663 cujus
2042 1624 2134 1653 bursa
2152 1624 2218 1653 XVl

1320 1671 1451 1700 denarii.

1321 1773 1389 1804 Isti
1418 1780 1503 1803 sunt
1533 1773 1725 1803 licenciati
1756 1773 1791 1802 in
1816 1774 1938 1803 eadem
1961 1775 2222 1814 procuratoria

1439 1822 1612 1862 magistri
1641 1822 1823 1852 Johannis
1856 1823 1898 1852 de
1927 1823 2103 1863 Campen.

1360 1916 1434 1946 Item
1452 1916 1630 1946 licenciatus
1646 1923 1693 1946 est
1705 1916 1847 1946 dominus
1865 1916 2017 1946 Henricus
2031 1917 2068 1946 de
2083 1917 2222 1946 Sciedam

1319 1966 1376 1995 sub
1392 1965 1541 2006 magistro
1558 1965 1671 2005 Egidio
1691 1966 1728 1995 de
1743 1966 1870 2000 Juffaes,
1887 1964 1973 2005 cujus
1990 1966 2084 1995 bursa
2103 1965 2145 1995 111
2165 1966 2222 1995 sol.

1360 2014 1436 2044 ltem
1454 2014 1632 2044 licenciatus
1648 2021 1695 2044 est
1715 2014 1857 2044 dominus
1872 2014 2029 2045 Johannes
2044 2015 2144 2044 Aveze
2164 2016 2221 2045 sub

1318 2064 1437 2099 eodem,
1455 2062 1543 2104 cujus
1556 2064 1650 2093 bursa
1666 2063 1691 2091 V
1706 2063 1810 2093 solidi.

1359 2113 1433 2142 ltem
1458 2112 1637 2142 licenciatus
1663 2119 1711 2142 est
1736 2113 1880 2142 dominus
1903 2112 2059 2142 Johannes
2083 2114 2121 2142 de
2149 2113 2223 2142 Die-

1318 2161 1448 2201 borgch,
1461 2162 1518 2191 sub
1537 2155 1655 2196 eodem,
1675 2160 1762 2201 cujus
1777 2162 1869 2191 bursa
1885 2161 1953 2191 XVl
1969 2162 2101 2191 denarii.

1358 2210 1432 2240 ltem
1454 2209 1632 2240 licenciatus
1654 2217 1701 2240 est
1723 2210 1865 2240 dominus
1887 2210 2102 2240 christoforus
2126 2211 2222 2240 Pont-

1318 2260 1375 2289 sert
1395 2260 1453 2289 sub
1477 2259 1626 2299 magistro
1648 2259 1818 2289 Laurencio
1836 2259 2000 2294 Londoris,
2021 2259 2107 2298 cujus
2130 2261 2222 2289 bursa

1316 2307 1357 2338 Vl
1372 2308 1476 2344 solidi,
1494 2308 1566 2338 Vlll
1581 2308 1715 2338 denarii.

1356 2356 1431 2387 ltem
1454 2356 1632 2387 licenciatus
1654 2363 1701 2386 est
1723 2357 1865 2386 dominus
1890 2357 2045 2387 Johannes
2067 2358 2105 2386 de
2130 2357 2221 2387 Verlo

1316 2406 1373 2436 sub
1391 2406 1540 2446 magistro
1557 2406 1670 2446 Egidio
1687 2407 1724 2436 de
1743 2406 1871 2440 Juffaes,
1887 2405 1973 2445 cujus
1997 2407 2089 2435 bursa
2114 2405 2139 2434 V
2161 2406 2219 2435 sol.

1357 2455 1431 2485 ltem
1449 2454 1627 2485 licenciatus
1649 2461 1696 2484 est
1717 2455 1859 2484 dominus
1876 2454 2056 2494 Radulphus
2072 2455 2108 2483 dc
2128 2454 2222 2484 Aem-

1315 2504 1448 2534 sterdam
1462 2505 1520 2534 sub
1533 2504 1652 2538 eodem,
1665 2503 1751 2544 cujus
1764 2505 1857 2533 bursa
1868 2504 1922 2533 Vll
1937 2503 2039 2537 solidi,
2055 2503 2113 2533 llll
2129 2505 2220 2533 dena-

1315 2562 1365 2582 ru.

1313 2676 1414 2700 derit-un
1422 2676 1454 2701 de
1464 2676 1535 2700 Niem
1541 2676 1661 2709 loquitur,
1672 2677 1707 2701 De
1716 2677 1870 2703 Selii-male,
1879 2676 1920 2700 ed.
1935 2676 2031 2703 Eum.
2045 2684 2069 2708 p.
2083 2676 2134 2699 182.
2147 2676 2216 2700 Socii

1312 2711 1436 2736 Iohanni·
1453 2712 1479 2736 in
1496 2712 1547 2736 inea
1565 2715 1589 2736 ee
1602 2712 1627 2735 ιἰι
1638 2712 1821 2744 ροιίενίοι-ἰῠιιι
1833 2711 2002 2744 legationibus
2017 2711 2212 2743 Franz-fordiam

1310 2750 1416 2780 luerunt
1436 2748 1469 2777 (ιί
1479 2750 1546 2772 recte
1562 2747 1728 2780 intelligimur
1744 2747 1876 2779 epistolam
1898 2746 2074 2770 &niver-italie
2095 2754 2138 2771 an.
2159 2748 2220 2771 ¹⁴00

1311 2783 1383 2815 apud
1393 2783 1596 2811 Waizuacnan,
1608 2783 1625 2807 Ι.
1639 2792 1669 2811 c..
1683 2784 1727 2810 ΙΙΙ,
1739 2788 1765 2806 ιι·
1781 2783 1834 2814 134)
1848 2782 1997 2807 nominis-u·
2011 2782 2098 2806 Parvi.
2111 2790 2180 2814 mag.
2193 2791 2217 2807 a.

1311 2818 1451 2850 theologie,
1469 2822 1493 2843 σι
1514 2818 1647 2843 Jobsnnes
1660 2819 1811 2842 Mercutoriu
1828 2818 1919 2850 (lehun
1947 2817 2092 2846 Mnrchant,
2109 2818 2216 2842 maistre

1311 2862 1342 2878 cn
1362 2862 1405 2878 ara
1421 2857 1447 2878 et
1465 2854 1607 2878 bac-bellici·
1623 2862 1654 2877 en
1671 2854 1766 2881 decret,
1789 2856 1815 2877 uc
1832 2854 1884 2884 ipae
1903 2853 1999 2880 veribit.
2020 2852 2045 2877 ιἰι
2064 2852 2137 2876 Arcti.
2160 2857 2215 2878 nal.

1311 2890 1403 2917 Paria..
1417 2889 1441 2914 J.
1456 2890 1509 2918 517,
1527 2895 1554 2913 n·
1568 2890 1630 2921 1⁸³).
1659 2889 1709 2913 Via.
1729 2890 1799 2921 insra
1819 2889 1855 2911 nd
1871 2896 1913 2912 an.
1938 2888 2006 2916 lfa00,
2020 2888 2131 2920 Augusta·
2140 2889 2178 2912 25.

1341 2925 1364 2949 2.
1400 2926 1509 2949 Pncunia
1520 2934 1606 2949 revera
1617 2925 1732 2957 erporila
1744 2927 1791 2951 ent,
1804 2925 1820 2947 ι’.
1833 2932 1852 2947 e.
1866 2924 1951 2948 nuntii
1963 2923 2140 2948 Univeru‘laelir
2152 2932 2215 2956 pro-

1309 2961 1373 2992 fecti
1383 2963 1450 2987 runt,
1461 2963 1487 2984 ut
1499 2969 1530 2984 es:
1542 2961 1610 2992 inlra
1624 2960 1711 2983 relatis
1722 2959 1758 2982 ad
1768 2961 1798 2983 22
1809 2959 1872 2983 Iulii
1882 2962 1998 2991 apparot.

1342 2997 1364 3020 ³.
1398 2997 1434 3020 Dc
1447 3004 1497 3028 quo
1513 3003 1600 3027 supra,
1611 2996 1657 3028 qui
1667 3003 1763 3027 temper
1772 2994 1857 3018 adhue
1870 2995 1906 3019 ad
1917 2994 2045 3019 uodonem
2058 2995 2215 3027 pertinebat,

2111 3040 2135 3059 07

2410 4 2562 24 ⁷‹2·**.¹³''.-²*'··=·'
2587 17 2591 25 ἶ

2442 27 2466 37 μ,
2527 31 2539 38 ,,
2550 26 2575 35 .-ἦ
2591 29 2599 35 ,
2617 28 2629 32 ,,
