2632 3464
275 433 328 460 197

270 519 330 550 ego
349 509 484 540 Thomas
501 511 539 540 de
559 511 649 540 Duns
667 510 748 540 solvi
766 520 825 550 pro
843 510 944 550 prima
965 510 1180 549 procuratoria

272 559 288 588 1
305 565 424 588 scutum
438 570 494 599 pro
507 561 678 599 gamachia
694 559 726 589 in
744 558 1000 599 Quadragesima.

678 653 776 683 1356

348 723 537 754 Johannes
573 722 801 753 Pomeranus
839 723 881 752 de
923 723 1095 752 Prussia.

307 803 399 833 Anno
411 803 537 833 Domini
548 803 637 839 1356,
646 804 678 833 4⁰
687 803 738 834 die
745 803 862 833 mensis
870 803 956 838 Maii,
964 804 1042 833 sacta
1049 814 1178 844 congre-

267 852 396 892 gacione
411 853 629 893 magistrorum
642 852 784 882 nacionis
796 851 969 892 Anglicane
982 853 1083 882 Paris.
1096 853 1179 892 apud

267 901 412 931 Sanctum
424 901 578 932 Julianum
589 911 769 942 pauperem,
781 901 956 941 eligebatur
967 901 1026 931 rite
1038 908 1068 931 et
1081 901 1179 931 racio-

267 950 411 980 nabiliter
430 950 580 990 magister
597 949 756 980 Johannes
778 949 971 980 Pomeranus
990 951 1029 980 de
1049 950 1179 980 Prussia

266 998 298 1028 in
310 1005 544 1039 procuratorem
554 999 695 1028 nacionis
705 999 870 1028 antedicte.
888 999 923 1028 ln
933 998 1021 1039 cujus
1033 1009 1178 1039 procura-

266 1047 346 1077 toria
356 1048 493 1077 facienda
503 1048 627 1077 fuerunt
635 1057 671 1077 ea
683 1057 743 1087 que
756 1054 929 1088 sequuntur
937 1049 994 1078 sub
1006 1048 1062 1078 hac
1074 1059 1175 1078 mauu.

306 1095 412 1126 Primo
433 1097 582 1137 magister
604 1096 761 1127 Johannes
782 1096 889 1127 Ance⁴
909 1103 1014 1127 rector
1031 1098 1177 1138 antiquus

264 1145 454 1185 computavit
465 1146 614 1186 magistro
626 1146 764 1176 Roberto
778 1146 956 1176 Normanno
969 1146 1083 1176 rectori
1097 1157 1177 1176 novo

265 1203 367 1224 coram
382 1193 603 1231 Universitate‚
618 1201 649 1224 et
662 1194 719 1225 fuit
730 1201 894 1235 computus
907 1194 974 1235 ejus
986 1197 1176 1235 approbatus

265 1249 296 1272 et
308 1249 465 1283 receptus.

304 1291 380 1322 Item
406 1293 515 1322 eodem
538 1302 635 1328 anno,
659 1293 711 1322 die
732 1292 806 1322 Maii
830 1293 879 1328 18,
905 1293 994 1323 nacio
1020 1294 1177 1324 concessit

263 1340 392 1371 Nicolao
404 1341 587 1371 subbedello
603 1341 623 1371 4
638 1348 724 1372 scuta
736 1351 861 1382 grossa,
878 1352 940 1372 non
953 1348 1055 1372 tamen
1071 1343 1175 1383 aliquo

260 1387 330 1429 jure
344 1389 394 1420 vel
409 1389 515 1430 rigore
532 1396 624 1426 mota,
641 1391 697 1420 sed
713 1401 750 1420 ex
767 1391 873 1431 gracia
887 1391 1039 1427 absoluta,
1056 1398 1087 1421 et
1103 1392 1176 1432 quia

263 1438 348 1468 nullo
366 1439 457 1468 modo
471 1439 585 1479 aliquis
601 1439 704 1469 taliter
717 1440 846 1475 diceret,
863 1450 896 1470 se
908 1440 946 1470 de
962 1441 1070 1470 merito
1086 1440 1175 1470 habi-

263 1493 365 1518 turum
381 1494 635 1528 consequentem.

303 1536 378 1566 Item
404 1536 454 1566 die
483 1538 520 1566 19
547 1537 622 1566 dicti
646 1538 763 1567 mensis
789 1537 864 1568 Maii
889 1538 1006 1579 incepit
1030 1539 1174 1569 dominus

262 1585 409 1615 Nicolaus
422 1585 526 1615 Snelle
539 1587 598 1616 sub
611 1587 761 1626 magistro
774 1587 956 1617 Hermanno
970 1589 1031 1626 [de]
1045 1588 1172 1625 Rotwil,

262 1632 350 1674 cujus
365 1635 459 1664 bursa
476 1634 583 1665 nichil.

302 1682 378 1712 Item
406 1683 523 1723 incepit
557 1684 702 1714 dominus
728 1684 886 1715 Johannes
919 1685 1101 1715 Hartmanni
1135 1687 1173 1716 de

262 1731 375 1762 Prusia
390 1733 448 1762 sub
462 1732 612 1772 magistro
623 1732 754 1763 Alberto
769 1734 807 1763 de
823 1733 969 1770 Saxonia,
981 1734 1068 1774 cujus
1079 1736 1173 1765 bursa

261 1781 368 1811 nichil.

302 1829 378 1860 Item
401 1830 517 1870 incepit
540 1831 684 1861 dominus
706 1831 898 1862 Rumbaldus
921 1833 959 1862 de
979 1833 1091 1863 Suevia
1114 1835 1172 1864 sub

261 1879 410 1919 magistro
424 1879 601 1910 Hermanno
616 1881 678 1919 [de]
691 1880 818 1917 Rotwil,
832 1881 919 1921 cujus
930 1883 1025 1912 bursa
1035 1884 1053 1912 4
1066 1883 1170 1913 solidi.

302 1927 377 1958 ltem
402 1929 510 1958 eodem
541 1939 622 1959 anno
650 1929 847 1960 Universitas
874 1931 1042 1971 appellavit
1065 1939 1173 1963 contra

261 1977 432 2007 sententias
447 1978 666 2018 episcoporum
682 1979 721 2008 de
736 1979 866 2009 Francia
880 1990 918 2009 ex
931 1987 1019 2020 parte
1036 1981 1172 2011 decima-

260 2035 340 2062 rum,
359 2026 410 2056 die
429 2027 473 2056 111
489 2027 575 2056 Maii.

301 2074 376 2104 ltem
396 2076 503 2104 eodem
523 2081 663 2115 tempore
685 2077 812 2106 suborta
836 2077 891 2107 suit
914 2078 1072 2108 discordia
1091 2079 1172 2109 inter

259 2123 418 2153 nacionem
444 2124 647 2164 Anglicanam
674 2131 705 2155 et
734 2125 926 2156 Picardicam
952 2138 1011 2167 pro
1038 2129 1171 2168 quodam

259 2172 416 2202 bacalario
426 2172 450 2208 ²,
467 2173 519 2213 qui
544 2174 600 2203 suit
615 2175 653 2204 de
669 2174 775 2204 Monte
791 2182 896 2206 sancte
912 2175 1098 2213 Gerdrudis,
1117 2178 1170 2218 qui

258 2221 403 2252 continue
415 2232 472 2262 per
485 2223 503 2252 3
516 2232 615 2252 annos
628 2223 726 2253 tenuit
739 2233 772 2253 se
786 2234 856 2254 esse
868 2225 906 2254 de
920 2226 1048 2256 nacione
1061 2226 1170 2267 Angli-

258 2279 345 2307 cana,
371 2271 403 2300 in
425 2281 485 2311 qua
509 2272 633 2311 quidem
658 2272 787 2303 nacione
810 2273 878 2313 ipse
899 2275 1115 2306 determinavit
1140 2282 1170 2306 et

257 2319 437 2350 licenciatus
464 2321 586 2350 tandem
609 2321 680 2357 suit,
710 2328 758 2351 set
780 2329 890 2362 postea
919 2323 1042 2354 Picardi
1067 2325 1169 2365 ipsum

257 2368 434 2408 petiverunt
448 2375 478 2399 et
494 2370 532 2399 de
547 2370 676 2400 nacione
694 2380 800 2400 eorum
815 2381 885 2401 esse
900 2372 1058 2409 dicebant,
1073 2384 1169 2414 super

258 2427 320 2457 quo
341 2418 421 2447 sacto
446 2418 647 2448 discuciendo
670 2420 793 2450 fuerunt
814 2421 876 2450 dati
900 2422 938 2450 ab
959 2421 1168 2453 Universitate

258 2466 408 2506 deputati.

298 2514 374 2546 ltem
389 2516 497 2546 eodem
513 2522 651 2556 tempore
666 2518 716 2547 die
730 2518 836 2548 ultima
850 2518 924 2549 Maii
936 2520 1024 2550 nacio
1037 2530 1168 2551 conces-

258 2563 300 2594 sit
319 2564 469 2604 magistro
489 2565 619 2595 Alberto
641 2567 679 2596 dc
700 2567 849 2597 Bobemia
871 2570 889 2598 5
912 2575 998 2599 scuta
1016 2570 1167 2600 Johannis

257 2612 337 2642 infra
350 2614 369 2642 2
384 2623 507 2644 menses
522 2624 579 2654 per
596 2615 698 2655 ipsum
714 2616 861 2646 solvenda
877 2619 934 2647 sub
951 2628 1032 2658 pena
1047 2629 1166 2649 excom—

257 2662 492 2699 municacionis,
506 2664 561 2694 sed
577 2665 712 2694 nondum
726 2666 844 2705 recepit
854 2665 878 2696 ³.

291 2786 313 2810 1.
347 2786 405 2810 ruit
415 2789 470 2811 nat.
485 2787 646 2812 Gallicanae.

289 2821 313 2845 2.
345 2821 466 2846 Johanne
482 2823 558 2847 Haut

289 2857 312 2880 3.
346 2858 438 2881 Poma
453 2866 458 2882 z
476 2858 541 2883 Item
554 2867 622 2883 anno
637 2859 728 2884 eodem
743 2863 769 2885 et
782 2861 869 2893 primo
881 2861 923 2886 die
935 2861 1006 2886 Junii
1021 2863 1089 2886 facta
1102 2871 1165 2887 con-

261 2892 414 2923 gregatione
429 2893 547 2917 nacionis
561 2895 705 2926 Anglicane
717 2896 788 2928 apud
801 2897 927 2921 Sanctum
939 2897 1075 2922 Julianum
1084 2907 1165 2931 supra

258 2927 387 2952 eleccione
398 2930 585 2960 procuratoris,
597 2931 646 2955 fuit
655 2933 781 2963 magister
790 2933 923 2957 Johnnnes
934 2933 1094 2958 Pomeranua
1107 2943 1166 2959 con-

256 2962 371 2987 corditer
389 2965 557 2989 continuatu-
579 2965 606 2989 in
628 2970 827 2998 procuratorem
849 2976 896 3000 per
918 2969 1043 3001 majorem
1061 2973 1164 3002 purtem

783 435 895 461 LIBER
914 434 1229 462 PROCURATORUM
1248 434 1428 462 NATIONIS
1447 436 1692 464 ANGLICANAE

1233 709 1250 735 5

1215 954 1250 980 10

1215 1199 1248 1225 15

1212 1448 1246 1474 20

1210 1694 1245 1720 25

1209 1939 1243 1966 30

1207 2185 1241 2212 35

1205 2431 1239 2457 40

1203 2676 1237 2703 45

2147 442 2202 467 198

1695 513 1792 543 1356

1287 577 1360 617 (Fol.
1377 580 1414 608 31
1429 578 1453 618 b)
1470 579 1605 609 Petrus
1625 579 1798 610 Nicholai
1818 581 1860 610 de
1886 581 2014 617 Dacia,
2037 583 2204 612 clericus

1509 623 1757 654 Roskildens.
1783 626 1978 664 dyocesis.

1327 698 1418 728 Anno
1450 699 1575 728 Domini
1612 701 1701 735 1356,
1734 700 1835 740 primo
1866 701 1915 730 die
1953 702 2069 731 mensis
2098 702 2201 738 Junii,

1288 747 1364 777 facta
1379 749 1627 788 congregacione
1641 749 1859 789 magistrorum
1875 751 2014 779 nacionis
2029 750 2204 790 Anglicane

1288 796 1388 826 Paris.
1404 798 1486 836 apud
1502 797 1647 828 Sanctum
1657 798 1672 827 J
1677 798 1811 828 ulianum
1822 809 2001 839 pauperem,
2017 800 2132 829 electus
2146 801 2202 830 fuit

1287 846 1484 876 concorditer
1500 847 1650 886 magister
1666 847 1779 877 Petrus
1796 847 1938 878 Nicholai
1954 849 1991 877 de
2011 849 2106 878 Dacia
2122 850 2200 879 Ros-

1286 895 1421 925 kildens.
1436 897 1581 936 dyocesis
1596 897 1628 926 in
1643 903 1877 936 procuratorem
1892 898 2031 937 predicte
2047 898 2202 934 nacionis,

1286 944 1371 974 nullo
1384 945 1604 985 magistrorum
1618 945 1744 985 penitus
1759 946 1956 982 reclamante,
1974 947 2005 976 in
2021 946 2109 986 cujus
2124 958 2204 988 pro-

1286 994 1440 1024 curatoria
1458 995 1535 1024 sacta
1552 1001 1624 1024 sunt
1641 1005 1700 1034 que
1716 1002 1896 1035 sequentur.

1327 1043 1444 1079 Primo,
1466 1044 1516 1074 die
1538 1050 1626 1074 sexto
1648 1043 1786 1084 ejusdem
1804 1045 1920 1074 mensis
1938 1055 2201 1085 consumpserunt

1286 1092 1427 1133 magistri
1457 1092 1489 1122 in
1520 1093 1648 1123 taberna
1678 1093 1710 1122 in
1738 1093 1808 1123 vico
1832 1093 1958 1124 Cithare
1985 1095 2030 1123 ad
2056 1095 2198 1132 delfinum

1285 1141 1316 1171 3²
1338 1148 1435 1177 scuta,
1457 1142 1495 1171 de
1520 1142 1634 1182 quibus
1661 1142 1801 1172 solvebat
1827 1149 1973 1183 receptor
1994 1143 2068 1179 duo,
2090 1149 2120 1173 et
2139 1154 2199 1184 ego

1285 1191 1433 1230 magister
1448 1190 1560 1221 Petrus
1576 1191 1773 1231 supradictus
1788 1201 1882 1221 unum
1898 1202 1955 1231 pro
1971 1192 2071 1231 prima
2083 1203 2199 1232 procu-

1285 1240 1400 1269 ratoria
1414 1241 1583 1270 secundum
1602 1250 1718 1270 morem
1734 1240 1766 1269 in
1781 1240 1910 1270 nacione
1925 1242 2142 1281 approbatum.

1326 1289 1401 1319 Item
1423 1290 1555 1329 septima
1575 1290 1625 1319 die
1647 1290 1806 1330 magistris
1832 1291 1976 1320 omnibus
2001 1291 2119 1321 vocatis
2140 1302 2199 1331 per

1279 1337 1486 1378 juramentum
1521 1339 1559 1368 ad
1591 1338 1870 1380 congregacionem
1906 1339 2083 1379 generalem
2115 1341 2197 1380 apud

1285 1386 1430 1417 Sanctum
1454 1387 1658 1423 Bernardum,
1685 1388 1887 1418 deliberatum
1911 1388 1967 1418 fuit
1988 1390 2196 1426 concorditer,

1283 1437 1366 1476 quod
1393 1437 1565 1477 appellacio
1594 1443 1702 1467 contra
1723 1437 1867 1467 dominos
1895 1437 2030 1476 prelatos
2054 1438 2196 1475 Francie,

1283 1486 1422 1516 volentes
1457 1486 1696 1516 Universitatem
1727 1496 1858 1527 gravare
1891 1493 1998 1516 contra
2031 1487 2197 1528 privilegia

1283 1535 1321 1564 ad
1353 1535 1534 1565 solvendum
1560 1535 1696 1565 decimas
1724 1542 1755 1565 et
1783 1535 1973 1571 subsidium,
2002 1536 2198 1566 intimaretur

1284 1584 1425 1624 sequenti
1444 1585 1504 1614 die.
1524 1585 1615 1622 Quod
1633 1591 1663 1614 et
1678 1585 1790 1614 sactum
1806 1591 1864 1614 est.

1324 1633 1363 1663 Et
1382 1634 1438 1663 suit
1461 1633 1564 1664 littera
1584 1633 1663 1663 lecta
1684 1634 1721 1663 de
1743 1634 1926 1663 fundacione
1947 1634 2038 1664 unius
2060 1634 2194 1675 Collegii

1282 1693 1339 1723 per
1357 1683 1512 1712 dominam
1532 1684 1569 1712 de
1589 1682 1734 1712 Valencia
1750 1683 1788 1712 de
1808 1684 1867 1713 500
1881 1683 1983 1719 libris,
2003 1689 2033 1712 et
2048 1684 2104 1714 suit
2119 1694 2196 1714 con-

1282 1742 1370 1762 cessa
1387 1739 1418 1762 et
1434 1732 1605 1772 approbata
1616 1731 1641 1761 ⁴.

1323 1782 1397 1812 Item
1422 1791 1504 1811 nono
1530 1781 1579 1811 die
1604 1781 1682 1811 facta
1709 1781 1951 1821 congregatione
1974 1782 2126 1812 facultatis
2156 1783 2194 1812 ad

1282 1830 1427 1860 Sanctum
1444 1830 1609 1866 Julianum,
1623 1830 1678 1860 suit
1696 1840 1845 1860 concessa
1860 1831 1965 1870 gracia
1976 1837 2107 1870 quatuor
2122 1842 2194 1871 pro-

1281 1880 1476 1910 curatoribus
1492 1879 1619 1909 cuilibet
1632 1879 1756 1909 illorum
1771 1889 1829 1919 pro
1847 1890 1908 1909 uno
1926 1880 2092 1910 bacallario
2107 1880 2194 1910 solu-

1281 1929 1320 1958 tis
1339 1929 1509 1958 solvendis.

1321 1977 1396 2008 Item
1422 1978 1541 2008 decima
1564 1978 1614 2006 die
1639 1977 1717 2007 facto
1742 1985 1887 2017 computo
1913 1979 2084 2018 receptoris
2107 1980 2189 2018 apud

1281 2027 1425 2058 Sanctum
1446 2027 1600 2057 Julianum
1626 2027 1783 2067 magistris
1811 2027 1988 2067 specialiter
2015 2038 2110 2067 super
2134 2028 2192 2058 hoc

1280 2077 1407 2111 vocatis,
1423 2077 1585 2106 tenebatur
1598 2076 1686 2106 nacio
1700 2076 1855 2116 receptori
1871 2076 1903 2105 in
1918 2077 1935 2106 7
1953 2083 2038 2106 scuta
2050 2084 2079 2106 et
2089 2079 2107 2106 5
2119 2077 2192 2107 soli—

1280 2126 1340 2161 dis,
1360 2132 1391 2156 et
1413 2132 1486 2156 tunc
1512 2125 1660 2166 magister
1685 2125 1842 2155 Johannes
1862 2126 1900 2155 de
1917 2125 2029 2155 Prucia
2047 2133 2077 2155 et
2091 2126 2192 2166 magi-

1279 2181 1344 2205 ster
1361 2175 1519 2205 Johannes
1539 2174 1708 2204 Harmanni
1727 2175 1764 2203 de
1785 2174 1898 2203 Prucia
1913 2175 2079 2204 manebunt
2094 2175 2191 2204 debiti

1278 2224 1401 2254 nacioni
1418 2224 1450 2253 in
1468 2225 1590 2254 duobus
1609 2223 1720 2259 scutis,
1739 2234 1798 2263 que
1817 2229 1906 2252 antea
1923 2224 2077 2263 receptori
2094 2225 2191 2254 ‹lebe-

1278 2281 1348 2304 rent
1369 2274 1509 2309 dedisse,
1529 2280 1559 2303 et
1576 2273 1649 2313 quia
1666 2273 1726 2303 sibi
1747 2283 1810 2302 non
1831 2273 1999 2309 dederunt,
2019 2273 2140 2303 nacioni
2159 2274 2190 2302 in

1277 2323 1340 2353 illis
1367 2329 1521 2359 tenentur,
1547 2329 1578 2352 et
1604 2323 1660 2352 fuit
1684 2328 1846 2362 compotus
1872 2321 2045 2361 receptoris
2074 2332 2191 2362 appro-

1277 2373 1377 2402 batus.

1318 2421 1393 2451 item
1408 2421 1527 2450 decima
1541 2427 1648 2450 octava
1665 2420 1714 2449 die
1732 2420 1808 2449 sacta
1826 2419 2073 2459 congregacione
2089 2430 2189 2459 gene-

1275 2469 1333 2500 rali
1346 2470 1377 2500 in
1388 2469 1495 2500 terciis
1505 2470 1587 2510 apud
1599 2469 1744 2499 Sanctum
1758 2469 1958 2504 Maturinum,
1972 2469 2108 2508 deputati
2125 2469 2187 2498 dati

1274 2529 1332 2559 per
1350 2519 1590 2549 Universitatem
1610 2519 1648 2548 ad
1663 2518 1907 2547 descindendum
1923 2524 1953 2546 et
1970 2517 2186 2547 deffiniendum

1275 2568 1461 2598 discordiam
1478 2568 1559 2597 inter
1574 2567 1729 2597 Rinenses
1745 2573 1775 2596 et
1793 2566 1932 2596 Saxones
1949 2576 2044 2606 super
2059 2567 2187 2596 distinc—

1275 2617 1358 2647 tione
1371 2617 1599 2657 provinciarum
1614 2617 1780 2646 eorundem
1793 2622 1883 2655 atque
1893 2616 1930 2644 ad
1942 2616 2111 2644 cedandum
2121 2615 2187 2645 bri-

1273 2676 1343 2707 gam
1357 2667 1437 2696 inter
1447 2666 1545 2696 dictas
1558 2665 1735 2706 provincias
1746 2675 1840 2705 super
1853 2664 1911 2694 hoc
1924 2671 2033 2700 ortam,
2044 2665 2187 2694 deserunt

1274 2792 1401 2820 nacionis,
1428 2792 1454 2815 in
1478 2791 1553 2823 cujus
1573 2790 1756 2823 procuratorio
1780 2791 1847 2813 sucta
1870 2788 1989 2813 facienda
2011 2789 2116 2813 suerunt
2135 2797 2186 2822 quc

1274 2831 1425 2860 sequentur.
1439 2828 1468 2851 ln
1483 2826 1577 2859 primis
1592 2830 1710 2858 receptor
1722 2825 1799 2849 solvit
1815 2833 1862 2856 pru
1876 2825 1955 2848 scolis
1969 2825 1983 2848 3
1997 2828 2070 2849 scuta
2083 2825 2183 2849 Johun-

1274 2863 1323 2887 nis.
1343 2863 1421 2887 Verba
1435 2862 1487 2886 alio
1501 2862 1648 2886 charactere
1661 2861 1756 2892 scripta
1770 2860 1854 2884 deleta
1868 2861 1934 2883 eunt.

1305 2900 1328 2922 li.
1362 2898 1456 2930 Agitur
1478 2898 1519 2922 lu'c
1542 2899 1573 2921 ‹11-
1598 2898 1752 2929 sumlatae'one
1773 2895 1881 2928 (follegii
1899 2904 1947 2927 per
1969 2895 2131 2920 conmissum
2151 2896 2184 2919 ‹Ie

1275 2934 1410 2958 Pcnbroclc.
1431 2933 1484 2958 Vid.
1498 2934 1644 2961 Jounnmx,
1658 2938 1684 2956 n·
1697 2934 1750 2956 65⁸.
