2632 3464
283 430 334 455 117

281 505 373 540 cium,
387 505 429 540 ita
441 506 524 545 quod
540 505 620 535 sicut
631 510 811 542 consuetum
825 509 872 533 est
884 503 1057 532 mitteretur
1068 502 1188 531 rotulus

280 552 319 583 ad
341 564 462 594 papam.
487 554 527 584 Et
549 553 692 584 similiter
714 553 965 583 deliberaverunt
986 562 1044 592 per
1065 552 1188 580 modum

281 603 473 643 expedientis
494 604 578 642 quod
599 612 707 632 omnes
730 601 870 631 officiarii
892 601 1111 630 Universitatis
1129 609 1188 640 pro

280 658 353 681 tunc
367 652 536 682 existentes
545 675 552 687 ,
567 651 697 681 scillicet
710 657 825 685 rector,
837 650 947 679 decani
963 655 993 679 et
1007 655 1186 689 procurato-

279 710 342 735 res,
353 701 599 731 inscriberentur
606 700 638 729 in
647 699 748 733 rotulo
762 700 820 729 sub
833 699 956 728 nomine
969 699 1187 728 officiariorum

281 750 528 790 quandocunque
543 749 663 783 rotulus
679 749 862 783 mitteretur,
876 749 915 777 ad
930 748 1104 777 evitandum
1117 747 1188 776 lites

281 805 311 828 et
327 798 516 834 discordias,
532 809 592 838 que
608 804 738 838 propter
750 797 954 827 mutacionem
971 796 1188 826 officiariorum

280 857 354 887 sepe
375 848 458 877 inter
479 847 626 877 naciones
648 853 677 876 et
699 846 842 882 similiter
860 846 1019 875 facultates
1040 852 1107 875 orte
1125 846 1187 874 sue-

279 902 362 926 runt.
386 895 426 926 Et
446 896 618 925 immediate
645 895 787 935 sequenti
810 894 879 924 die⁴
909 896 984 924 facta
1013 904 1188 934 congrega-

279 945 368 975 cione
384 945 522 985 generali
538 945 663 979 ibidem,
679 945 805 974 facultas
819 951 937 984 quarta,
958 944 1088 973 scillicet
1104 943 1187 972 theo·

277 993 436 1034 logorum,
463 993 612 1034 predictis
636 991 916 1023 deliberacionibus
941 993 1126 1022 unanimiter
1153 1002 1186 1021 se

277 1042 416 1083 adjunxit
437 1043 524 1072 sicud
545 1042 603 1072 alie
624 1042 782 1072 facultates
805 1043 1040 1072 declaraverunt
1060 1042 1097 1071 de
1115 1040 1186 1082 jure

278 1092 344 1121 fore
362 1092 545 1122 faciendum.

316 1140 382 1170 Hec
401 1141 503 1170 omnia
520 1147 586 1170 acta
603 1141 727 1170 suerunt
742 1140 829 1170 horis
845 1147 875 1170 et
893 1141 961 1170 loco
974 1140 1077 1175 dictis,
1092 1145 1186 1180 prout

274 1199 333 1230 per
350 1189 505 1229 publicum
522 1190 760 1220 instrumentum
776 1196 879 1229 potest
893 1190 1060 1230 protestari
1071 1189 1096 1219 ².

316 1239 391 1268 Item
409 1240 487 1269 facta
499 1239 746 1279 congregacione
761 1239 900 1268 nacionis
917 1238 1088 1279 Anglicane
1103 1239 1185 1278 apud

276 1287 421 1318 Sanctum
443 1288 630 1318 Maturinum
650 1289 688 1318 ad
708 1288 945 1328 supplicandum
973 1288 1005 1317 in
1025 1287 1183 1317 crastino³

274 1337 492 1367 translacionis
521 1338 619 1367 sancti
649 1337 794 1377 Nicolay,
823 1337 1009 1377 supplicavit
1037 1337 1186 1377 magister

274 1385 426 1416 Rodolsus
448 1387 486 1416 de
511 1386 708 1421 Constancia.
730 1393 764 1416 ut
784 1386 1009 1416 inscriberetur
1030 1386 1061 1415 in
1081 1385 1184 1416 rotulo

275 1434 423 1465 mittendo
438 1436 477 1464 ad
493 1446 614 1475 papam,
628 1446 697 1465 cum
712 1442 785 1465 tunc
802 1436 952 1475 temporis
966 1445 1059 1465 verus
1076 1435 1185 1464 suisset

274 1493 400 1524 regens,
422 1485 505 1524 quod
526 1485 586 1514 sibi
610 1485 807 1515 concorditer
828 1485 860 1514 in
883 1485 1012 1514 nacione
1029 1485 1184 1514 concede-

274 1533 364 1562 batur
378 1533 463 1564 nullo
477 1534 602 1574 penitus
618 1533 813 1564 reclamante.

313 1581 388 1612 Item
411 1583 487 1612 sacta
506 1583 753 1624 congregacione
773 1583 912 1612 nacionis
934 1583 1014 1623 apud
1037 1583 1182 1612 Sanctum

273 1630 460 1661 Maturinum
483 1633 521 1662 ad
546 1633 731 1662 audiendum
756 1638 932 1672 compotum
956 1633 1128 1672 receptoris
1151 1632 1182 1661 in

273 1679 323 1709 die
338 1680 512 1711 dominica⁴
525 1688 597 1721 post
613 1682 723 1711 festum
739 1681 837 1711 sancti
852 1680 1003 1711 Johannis
1021 1688 1091 1710 ante
1105 1681 1182 1711 Por-

272 1734 331 1758 tam
356 1729 506 1765 Latinam,
534 1730 721 1770 compotavit
741 1731 823 1760 idem
843 1737 989 1770 receptor
1011 1731 1103 1760 modo
1127 1730 1181 1770 qui

271 1778 423 1818 sequitur,
453 1779 598 1809 videlicet
624 1780 708 1819 quod
738 1779 896 1809 defalcatis
928 1785 958 1809 et
990 1779 1132 1810 deductis
1164 1790 1181 1809 a

270 1828 406 1868 receptis
432 1834 709 1868 supermanserunt
730 1829 853 1858 nacioni
877 1828 949 1858 XIX
971 1828 1064 1858 solidi
1083 1839 1179 1869 pary-

272 1886 368 1906 siens.

312 1925 387 1956 Item
411 1926 542 1966 repositi
563 1928 686 1957 fuerunt
705 1927 736 1956 in
758 1926 850 1956 archa
872 1927 1011 1957 nacionis
1033 1927 1104 1957 libri
1126 1927 1179 1967 qui

272 1985 330 2014 pro
354 1975 538 2016 pigneribus
557 1976 680 2006 fuerunt
699 1975 827 2016 obligati
847 1986 914 2006 cum
937 1977 1068 2016 quadam
1089 1977 1180 2006 litera

271 2025 411 2055 nacionis
428 2025 532 2065 sigillo
547 2025 766 2056 Universitatis
782 2025 927 2066 sigillata.

311 2073 387 2103 Item
416 2074 532 2114 incepit
568 2074 712 2104 dominus
734 2074 896 2105 'Nicolaus
928 2075 1089 2105 Michaelis
1120 2076 1179 2106 sub

271 2123 420 2163 magistro
440 2123 555 2154 Mathia
574 2125 612 2154 de
633 2123 758 2159 Suecia,
781 2122 869 2164 eujus
889 2125 982 2154 bursa
1003 2124 1063 2154 1111
1086 2125 1179 2155 solidi

271 2182 339 2202 cum
356 2172 400 2202 llI
415 2173 564 2203 denariis.

312 2221 386 2252 Item
417 2223 564 2263 magister
595 2221 754 2252 Johannes
787 2223 825 2252 de
860 2221 1000 2252 Wesalia
1035 2222 1179 2263 promisit

270 2271 392 2300 nacioni
407 2271 537 2312 pignera
557 2272 631 2301 dare
648 2281 706 2311 pro
725 2271 830 2302 bursis
845 2282 900 2302 sex
915 2271 1031 2301 domini
1050 2271 1178 2302 Henrici

269 2320 308 2350 de
323 2319 460 2356 Lubeke,
474 2330 605 2361 quorum
622 2320 759 2361 quelibet
771 2327 819 2351 est
833 2320 906 2351 vm
922 2321 1025 2351 solidi.

309 2368 381 2409 (F'ol.
401 2370 429 2409 6)
447 2369 521 2399 Item
540 2370 617 2400 facta
636 2370 883 2410 congregacione
905 2370 1045 2400 nacionis
1066 2370 1179 2411 Angli-

270 2428 344 2448 cane
363 2419 444 2458 apud
465 2418 610 2449 Sanctum
628 2418 815 2449 Maturinum
832 2419 870 2448 ad
890 2419 1126 2460 supplicandum
1146 2420 1178 2450 in

269 2467 319 2497 die
334 2467 500 2498 mercurii³
515 2474 585 2498 ante
602 2468 712 2498 festum
733 2468 831 2498 sancti
848 2467 977 2504 Urbani,
992 2468 1178 2508 supplicavit

269 2517 418 2557 magister
441 2516 598 2548 Johannes
621 2518 660 2547 de
689 2516 855 2558 Friburgo‚
881 2517 934 2557 qui
958 2524 1031 2548 tunc
1059 2518 1114 2548 fuit
1139 2519 1177 2548 ad

269 2575 342 2596 suas
362 2572 468 2606 partes
494 2573 670 2602 revocatus,
699 2573 730 2596 et
757 2577 825 2596 cum
854 2573 926 2596 tunc
952 2567 1062 2598 suisset
1083 2578 1178 2598 verus

268 2624 394 2655 regens,
410 2621 562 2656 quatenus
577 2615 637 2645 sibi
651 2615 683 2645 in
698 2625 753 2645 sua
766 2615 910 2645 absencia
927 2615 1013 2646 locus
1029 2617 1060 2646 in
1075 2617 1177 2647 rotulo

269 2663 329 2694 sibi
341 2664 464 2695 debitus
478 2670 623 2704 tanquam
641 2665 778 2705 presenti
794 2665 931 2700 daretur,
945 2675 1036 2705 quam
1054 2666 1177 2706 suppli-

269 2713 424 2743 ‹eacionem
433 2713 521 2744 nacio
535 2714 595 2743 sibi
607 2714 805 2744 concorditer
817 2714 983 2750 concessit,
994 2714 1079 2745 nullo
1092 2715 1177 2755 peni-

300 2820 325 2880 ἑ.
357 2820 479 2881 bag-:2215
489 2856 654 2882 inveniuntur
663 2857 689 2881 In
698 2857 817 2882 Chartul.
828 2857 905 2882 Univ.
913 2857 1007 2886 Puris..
1017 2857 1050 2887 Π,
1059 2857 1094 2882 η’·
1106 2858 1178 2882 1182ρ

269 2891 339 2920 1165,
351 2900 395 2916 an.
407 2892 479 2933 1³49..
491 2891 557 2916 Maia·
565 2893 649 2917 19-22,
661 2893 712 2917 Sed
721 2892 899 2941 ima-uria'l'am
913 2901 956 2917 aa.
974 2893 1042 2923 1348,
1055 2893 1176 2919 Νονοηιό.

269 2927 478 2988 Ὧὲιρναῶιεῆἑιὲἕιι
489 2931 557 2953 nunt.
571 2929 607 2952 De
618 2931 716 2953 nuntiae
729 2929 780 2953 νιά.
793 2927 825 2953 ιι“
863 2929 934 2958 11⁶2,
948 2932 1002 2954 noe.

788 428 902 455 LIBER
923 425 1237 454 PROCURATORUM
1258 426 1438 452 NATIONIS
1457 426 1702 452 ANGLICANAE

1225 947 1259 973 10

1224 1193 1257 1220 15

1221 1440 1256 1466 20

1219 1687 1253 1714 25

1217 1934 1252 1960 30

1216 2179 1251 2206 35

1215 2424 1250 2451 40

1175 0 1278 19 ,ne-...wa
1295 0 1456 22 -Ἳςν-ν-γι--τνν
1483 0 1486 2 v
1519 0 1552 17 3³¹
1565 0 1582 9 a
1608 0 1646 7 ι»
1744 0 1914 17 ψ-ηψηῆιῖ
1928 0 1998 16 ‹ww-w
2014 0 2033 8 «,
2075 0 2090 6 .-

2158 429 2211 455 118

1297 508 1347 531 tus
1364 502 1560 531 reclamante.
1581 502 1620 531 Et
1636 512 1694 542 pro
1712 509 1784 531 tunc
1802 503 1962 532 substituit
1978 504 2008 532 in
2027 511 2209 542 procurato-

1297 561 1362 580 rem
1382 561 1440 590 pro
1469 561 1502 580 se
1530 557 1560 580 et
1579 561 1636 590 pro
1656 552 1805 591 magistro
1830 552 1963 581 Rodolfo
1988 553 2025 581 de
2049 553 2205 582 Constan-

1298 600 1345 630 cia
1365 600 1397 629 in
1420 601 1583 639 presencia
1605 601 1744 630 nacionis
1765 601 1899 630 nobilem
1924 601 2025 630 virum
2050 602 2206 631 dominum

1297 648 1518 689 Alexandrum,
1548 659 1607 688 pro
1635 656 1707 678 tunc
1739 650 1903 679 scolarium
1938 651 1975 678 de
2005 650 2210 680 Alemannia⁶

1296 698 1508 738 provisorem,
1526 699 1628 727 dando
1646 699 1740 727 eciam
1761 699 1820 728 sibi
1838 699 2010 738 plenarium
2028 709 2114 728 suum
2131 710 2207 729 con-

1298 757 1422 776 sensum
1439 748 1646 780 substituendi
1659 748 1750 777 alium
1764 748 1790 777 si
1804 757 1932 777 necesse
1949 748 2039 777 fuerit
2053 755 2082 777 et
2096 759 2209 778 secun-

1297 796 1574 826 dum.voluntatem
1594 797 1642 826 sui
1658 797 1842 836 beneplaciti
1858 797 2035 826 ordinandi.

1704 891 1722 919 1
1727 891 1802 920 348

1299 962 1540 1001 [procuratio
1586 963 1759 1003 magistri
1800 962 1985 991 ,lobannis
2024 962 2120 991 Litle
2165 963 2210 991 de

1678 1012 1824 1050 Dacia.]

1336 1092 1427 1122 Anno
1446 1092 1570 1121 Domini
1588 1091 1858 1122 M⁰CCC⁰XLVIII
1875 1098 2063 1131 congregata
2078 1091 2207 1121 nacione

1295 1141 1467 1181 Anglicana
1486 1141 1675 1170 sufficienter
1690 1142 1772 1180 apud
1793 1141 1938 1170 Sanctum
1955 1141 2148 1170 Bernardum
2168 1142 2206 1170 ad

1295 1190 1471 1231 eligendum
1508 1196 1752 1230 procuratorem,
1781 1190 1897 1220 electus
1925 1190 1981 1219 suit
2008 1190 2207 1219 concorditer

1295 1240 1443 1280 magister
1459 1239 1616 1269 Johannes
1635 1239 1713 1269 Litle
1729 1240 1766 1268 de
1788 1239 1883 1268 Dacia
1902 1239 1933 1268 in
1956 1246 2207 1278 procuratorem,

1294 1289 1326 1318 in
1339 1288 1426 1330 cujus
1442 1289 1660 1329 procuratione
1673 1295 1740 1318 acta
1755 1295 1827 1318 sunt
1842 1298 1902 1327 que
1919 1295 2103 1328 sequuntur.

1335 1338 1440 1368 Primo
1456 1338 1573 1368 electus
1589 1338 1644 1367 suit
1659 1338 1806 1378 magister
1823 1337 1985 1367 Gotsridus
2004 1338 2042 1366 de
2059 1337 2205 1366 Parchim

1293 1388 1325 1417 in
1340 1387 1485 1417 nuncium
1501 1388 1539 1416 ad
1553 1397 1664 1427 papam
1678 1397 1774 1426 super
1785 1386 1982 1426 expeditione
1998 1386 2091 1416 rotuli
2101 1386 2124 1415 ⁷.

1334 1437 1410 1466 Item
1445 1437 1624 1466 licenciatus
1657 1436 1712 1465 fuit
1744 1436 1826 1475 apud
1861 1435 2006 1465 Nostram
2042 1435 2203 1464 Dominam

1293 1486 1436 1516 dominus
1455 1485 1612 1515 Johannes
1629 1486 1668 1514 de
1682 1484 1798 1514 Arnem
1819 1485 1876 1514 sub
1898 1485 2048 1524 magistro
2065 1484 2207 1514 Johanne

1292 1536 1331 1565 de
1346 1535 1479 1570 Vesalia,
1497 1534 1584 1575 cujus
1600 1536 1695 1564 bursa
1707 1534 1814 1563 nichil.

1333 1585 1408 1614 Item
1437 1584 1616 1613 licenciatus
1649 1583 1705 1613 fuit
1740 1583 1883 1613 dominus
1916 1582 2128 1612 Theodericus
2165 1584 2204 1613 de

1292 1633 1391 1663 Borre
1404 1634 1486 1673 apud
1497 1633 1641 1663 Nostram
1655 1633 1818 1662 Dominam
1832 1633 1889 1662 sub
1903 1631 2051 1672 magistro
2064 1631 2207 1661 Johanne

1291 1683 1329 1712 de
1344 1682 1481 1718 Vesalia,
1496 1682 1583 1722 cujus
1598 1683 1694 1715 bursa
1708 1683 1727 1711 4
1742 1682 1845 1711 solidi.

1332 1732 1407 1761 Item
1426 1731 1606 1761 licenciatus
1624 1731 1680 1760 suit
1697 1731 1840 1760 dominus
1862 1731 2018 1761 Henricus
2038 1733 2076 1761 de
2098 1731 2204 1760 Herne

1290 1781 1328 1810 de
1357 1781 1448 1810 Unna
1473 1781 1556 1821 apud
1587 1780 1731 1811 Nostram
1766 1780 1927 1810 Dominam
1962 1781 2020 1810 sub
2052 1780 2203 1820 magistro

1289 1829 1415 1867 Andrea
1429 1831 1467 1860 de
1487 1829 1639 1865 Swechia,
1657 1828 1745 1869 cujus
1760 1830 1855 1859 bursa
1870 1830 1890 1858 4
1904 1829 2007 1860 solidi.

1330 1879 1406 1909 Item
1438 1879 1618 1909 licenciatus
1650 1879 1705 1908 suit
1739 1879 1820 1918 apud
1855 1878 2000 1908 Nostram
2037 1879 2200 1908 Dominam

1289 1929 1432 1958 dominus
1458 1928 1638 1968 Ingemarus
1665 1929 1702 1957 de
1728 1927 1891 1967 Helsingia
1914 1929 1952 1957 de
1981 1927 2121 1958 Swechia
2143 1928 2201 1957 sub

1287 1978 1428 2018 predicto
1445 1977 1594 2018 magistro
1609 1977 1745 2012 Andrea,
1765 1976 1852 2016 cujus
1867 1978 1963 2006 bursa
1982 1978 2000 2006 4
2018 1977 2122 2007 solidi.

1329 2026 1404 2056 Item
1417 2027 1597 2057 licenciatus
1610 2026 1666 2056 fuit
1678 2027 1759 2065 apud
1772 2026 1916 2056 Nostram
1929 2026 2091 2055 Dominam
2105 2026 2201 2055 domi·

1288 2086 1347 2106 nus
1371 2075 1554 2106 Guillelmus
1581 2076 1619 2105 de
1649 2075 1797 2115 Clappam
1829 2075 1940 2105 Scotus
1966 2075 2023 2105 sub
2052 2075 2200 2115 magistro

1289 2125 1414 2155 Galtero
1430 2125 1612 2165 Varderlay,
1630 2123 1717 2165 cujus
1732 2125 1827 2154 bursa
1841 2124 1860 2153 4
1876 2124 1979 2154 solidi.

1329 2174 1404 2205 Item
1421 2175 1538 2214 incepit
1549 2174 1692 2204 dominus
1706 2174 1861 2204 Henricus
1874 2173 1991 2204 Thome
2004 2174 2042 2203 de
2059 2173 2200 2204 Swechia

1288 2225 1346 2254 sub
1363 2224 1512 2264 magistro
1527 2223 1652 2253 Andrea
1667 2224 1705 2253 de
1723 2223 1876 2258 Swechia,
1893 2222 1980 2263 cujus
1992 2224 2089 2253 bursa
2103 2223 2121 2252 4
2138 2223 2197 2253 sol.

1327 2273 1404 2303 Item
1422 2273 1537 2313 incepit
1554 2273 1697 2303 dominus
1717 2273 1874 2302 Rikardus
1894 2273 1932 2302 de
1957 2272 2063 2312 Fogov
2087 2272 2197 2302 Scotus

1288 2323 1346 2352 sub
1362 2322 1510 2363 magistro
1533 2322 1658 2351 Galtero
1678 2321 1848 2361 Varderlay
1869 2321 1973 2357 Scuto,
1998 2320 2086 2361 cujus
2104 2323 2199 2351 bursa

1287 2372 1306 2402 5
1321 2371 1426 2402 solidi.

1328 2420 1404 2451 Item
1439 2420 1583 2451 dominus
1613 2420 1796 2450 Guillelmus
1827 2420 1865 2449 de
1895 2419 2052 2450 Brenueth
2085 2419 2196 2449 Scotus

1286 2469 1402 2510 incepit
1431 2470 1488 2500 sub
1515 2470 1622 2500 eodem
1650 2469 1799 2510 magistro
1826 2468 1963 2505 Gahero,
1989 2468 2076 2508 cujus
2103 2470 2196 2498 bursa

1286 2518 1392 2549 nichil.

1328 2568 1403 2598 Item
1419 2568 1633 2598 determinavit
1647 2567 1790 2597 dominus
1810 2567 1963 2597 Henricus
1979 2567 2017 2596 de
2036 2566 2140 2596 Herne
2157 2567 2195 2596 de

1287 2617 1378 2648 Unna
1406 2617 1517 2647 solutis
1544 2617 1702 2648 solvendis
1730 2618 1788 2646 sub
1818 2616 1966 2656 magistro
1991 2615 2129 2646 Johanne
2156 2615 2195 2645 de

1285 2665 1418 2702 Vesalia,
1433 2673 1463 2696 et
1477 2666 1596 2696 remisit
1611 2666 1670 2696 sibi
1684 2666 1771 2696 nacio
1785 2672 1896 2701 totum,
1915 2671 2019 2705 preter
2034 2666 2052 2694 3
2068 2665 2193 2700 bursas,

1286 2715 1406 2746 scilicet
1423 2716 1548 2746 bursam
1570 2716 1702 2746 debitam
1725 2714 1860 2750 bidellis,
1883 2714 1971 2744 aliam
1992 2714 2195 2744 luminaribus

1374 2823 1403 2847 11
1419 2822 1492 2847 Maii.

1374 2858 1402 2882 21
1416 2857 1490 2882 Maii.

1374 2895 1393 2918 Ι.
1407 2902 1430 2918 ε.
1443 2894 1536 2917 domus
1553 2893 1770 2919 Alemannorum,
1787 2891 1818 2915 de
1836 2899 1887 2923 qua
1897 2891 1955 2924 jam
1968 2899 2046 2923 cupro
2059 2899 2085 2923 p.
2101 2891 2139 2920 82.
2154 2891 2192 2915 1⁶.

1374 2929 1426 2954 Sed
1438 2928 1604 2953 renunciavit.
1622 2927 1676 2952 Vid.
1692 2937 1718 2960 p.
1730 2927 1782 2955 119,
1798 2927 1842 2956 10;
1857 2927 1910 2957 120,
1927 2927 1963 2951 ta.

1315 2824 1340 2954 ⁹9³9?
