2632 3464
420 440 468 465 487

798 512 862 541 Sub
878 511 1027 551 magistro
1045 511 1192 540 Mercelio
1213 511 1250 539 de
1271 510 1323 539 In-

757 561 849 600 ghen,
881 571 1010 600 quorum
1039 559 1203 599 cujuslibet
1229 560 1324 588 bursa

456 612 531 641 Item
542 611 654 641 Petrus
667 611 714 639 Ja-
755 610 880 639 Vsolidi
890 616 919 639 et
929 609 1000 638 VIII
1009 609 1137 638 denarii.
1147 608 1324 637 Posuerunt

417 662 512 690 cobus
523 661 560 689 de
573 659 710 689 Catwiic.
757 659 888 698 pignora
895 657 1107 698 etjuraverunt
1114 657 1319 696 procuratori.

458 711 532 739 Item
555 710 667 738 Petrus
699 708 935 737 Bartholomeus
962 708 999 736 de
1021 707 1234 736 Aemsterdam
1264 707 1322 735 sub

419 760 525 788 eodem
547 758 695 796 magistro
716 757 878 791 Mercelio,
902 755 987 796 cujus
1012 757 1106 785 bursa
1125 755 1151 784 V
1179 755 1271 784 solidi
1293 761 1323 784 et

418 807 490 836 VIII
509 807 637 836 denarii.
657 806 755 835 Solvit
771 806 925 845 receptori
943 812 972 834 et
985 804 1099 844 juravit
1114 804 1319 844 procuratori.

456 856 531 885 Item
550 855 694 885 Nicolaus
716 854 865 883 Johannis
886 855 942 883 sub
963 854 1112 893 magistro
1129 853 1268 883 Johanne
1283 853 1322 882 de

418 905 550 939 Stralen,
570 903 656 943 cujus
672 905 767 932 bursa
779 902 806 931 V
824 903 915 932 solidi
933 909 962 932 et
974 902 1045 932 VIII
1065 902 1194 931 denarii.
1212 901 1322 932 Posuit

419 955 551 994 pignora
565 952 719 992 receptori
735 958 765 981 et
777 951 893 991 juravit
909 952 1113 991 procuratori.

457 1003 531 1032 Item
554 1001 764 1030 Theodericus
788 1001 894 1030 Jacobi
918 1001 955 1029 de
975 1000 1129 1030 Alcmaria
1150 1001 1208 1029 sub
1227 1000 1321 1039 magi-

416 1058 480 1081 stro
505 1050 653 1080 Mer-celio
678 1051 715 1078 de
739 1049 870 1089 Inghen,
897 1048 983 1089 cujus
1010 1050 1104 1078 bursa
1131 1049 1190 1078 IIII
1216 1049 1319 1078 solidi.

418 1100 528 1130 Posuit
544 1100 675 1139 pignora
688 1104 718 1127 et
730 1097 846 1138 juravit
859 1099 1065 1138 procuratori.

458 1149 533 1178 Item
569 1148 734 1187 Philippus
750 1148 762 1259 δ

457 515 531 543 Item
562 513 714 542 Mertinus

416 562 577 593 Giisberti.

818 1171 881 1201 Sub
891 1172 1040 1211 magistro
1052 1172 1183 1211 Hugone
1195 1172 1232 1201 de
1244 1172 1321 1201 Her-

416 1198 530 1276 Ρίῗξέ
556 1246 734 1275 Bernardus
775 1227 873 1255 vorst,
896 1231 1026 1260 quorum
1045 1220 1210 1260 cujuslibet
1227 1222 1322 1250 bursa

416 1295 559 1324 Pistoris.
749 1266 762 1428 ς
777 1269 820 1299 ΙΙΙ
838 1270 929 1324 solidi
945 1276 975 1299 et
987 1270 1188 1324 IIII-denarii.
1202 1270 1322 1299 Posue-

456 1345 529 1374 Item
575 1344 734 1373 Gotfridus
775 1325 847 1348 runt
859 1329 992 1374 pignora
1007 1325 1037 1348 et
1047 1325 1229 1358 juraverunt
1248 1329 1322 1358 pro-

417 1393 568 1423 Florencii
577 1394 613 1421 de
621 1392 735 1422 Kalker
775 1374 920 1397 Garatom·

457 1442 530 1471 Item
561 1442 717 1470 Johannes
742 1442 779 1470 de
802 1440 932 1470 Colonia
957 1440 1068 1470 Scotus
1094 1442 1151 1470 sub
1173 1441 1322 1481 magistro

416 1491 554 1521 Johanne
583 1490 742 1525 Lubberti‚
770 1489 857 1529 cujus
885 1490 980 1519 bursa
1007 1490 1046 1518 VI
1075 1490 1178 1519 solidi.
1214 1490 1324 1519 Posuit

416 1541 546 1580 pignora
563 1539 717 1578 receptori
735 1545 764 1568 et
772 1537 887 1578 juravit
899 1539 1105 1578 procuratori.

776 1595 786 1623 s
842 1588 905 1617 Sub
933 1588 1082 1627 magistro
1109 1588 1249 1617 Johanne
1285 1589 1322 1617 de

803 1636 934 1671 Stralen,
943 1647 1072 1676 quorum
1082 1636 1323 1677 cujuslibetbur-

802 1696 835 1715 sa
855 1685 910 1714 VII
937 1692 966 1715 et
988 1686 1094 1715 dimid.
1116 1686 1218 1716 solidi.
1247 1686 1323 1716 Giso

803 1734 895 1764 solvit
907 1736 1061 1774 receptori
1069 1748 1076 1771 ;
1091 1735 1249 1765 Arnoldus
1263 1736 1323 1765 sol-

802 1784 846 1813 vit
862 1784 916 1813 XV
932 1784 1062 1820 solidos,
1078 1791 1107 1814 et
1123 1795 1182 1824 pro
1197 1785 1323 1814 residuo

802 1833 907 1872 posuit
927 1833 1051 1873 pignus,
1075 1840 1105 1862 et
1124 1834 1213 1863 ambo
1235 1832 1323 1873 jura-

801 1888 913 1911 verunt
927 1883 1133 1921 procuratori.

460 1931 533 1960 Item
563 1930 709 1960 Nicolaus
740 1930 823 1970 Pyee
853 1931 910 1960 sub
940 1931 1087 1970 magistro
1123 1931 1259 1960 Henrico
1285 1933 1323 1961 de

419 1981 562 2015 Rossem,
593 1979 680 2019 cujus
713 1980 807 2009 bursa
829 1979 886 2009 VII
910 1979 1000 2009 solidi
1025 1987 1054 2009 et
1077 1981 1184 2010 dimid.
1214 1981 1324 2012 Posuit

419 2030 533 2068 pignus
551 2035 580 2057 et
590 2027 705 2067 juravit
721 2029 927 2067 procuratori.

459 2077 533 2106 Item
554 2077 726 2106 Stanislaus
742 2078 780 2106 de
796 2077 926 2106 Polonia
944 2078 1000 2106 sub
1018 2079 1165 2118 magistro
1178 2080 1323 2110 Conrado

420 2127 456 2155 de
473 2126 641 2165 Hagenoya
661 2126 934 2155 subdeterminavit
951 2136 1007 2165 pro
1028 2127 1190 2158 domicello
1207 2129 1324 2158 Frede-

420 2175 484 2203 rico
514 2175 739 2213 suprascripto,
763 2173 850 2214 cujus
873 2176 967 2204 bursa
992 2176 1096 2211 nichil,
1121 2178 1191 2216 quia
1207 2177 1324 2217 juravit

420 2229 564 2252 statutum
580 2223 780 2262 paupertatis.

459 2271 534 2300 Item
557 2272 690 2301 Jacobus
718 2271 850 2301 Tolnaer
875 2273 932 2301 sub
954 2274 1101 2312 magistro
1125 2274 1264 2305 Johanne
1285 2277 1322 2305 de

421 2320 553 2355 Stralen,
577 2319 663 2360 cujus
691 2321 786 2350 bursa
809 2321 836 2349 V
865 2321 968 2350 solidi.
998 2322 1108 2352 Posuit
1132 2323 1266 2363 pignora
1294 2331 1325 2354 et

414 2369 531 2408 Juravit
547 2370 751 2408 procuratori.

459 2418 534 2447 Item
551 2418 745 2447 Hermannus
757 2419 794 2447 de
807 2419 944 2458 Kempen
958 2421 1015 2449 sub
1026 2420 1174 2460 magistro
1184 2421 1323 2451 Johanne

419 2467 456 2495 de
473 2466 606 2502 Stralen,
630 2466 716 2505 cujus
734 2468 828 2496 bursa
848 2467 873 2496 V
889 2468 991 2498 solidi.
1015 2469 1123 2499 Posuit
1142 2470 1275 2510 pignora
1294 2478 1324 2500 et

414 2514 530 2554 juravit
544 2516 749 2554 procuratori.

460 2564 534 2593 Item
550 2564 683 2593 Thomas
695 2564 802 2594 Wisse
818 2566 1091 2596 subdeterminavit
1105 2568 1162 2596 sub
1175 2569 1323 2608 magistro

421 2612 559 2642 Gerardo
578 2614 614 2642 de
635 2613 749 2642 Kalker
765 2624 801 2643 ex
816 2614 1052 2653 dispensacione
1070 2617 1220 2652 nacionis,
1236 2617 1323 2657 cujus

420 2662 514 2690 bursa
535 2662 575 2690 VI
598 2662 655 2691 sol.
681 2663 790 2691 Posuit
807 2663 920 2702 pignus
937 2670 965 2692 et
981 2663 1097 2703 juravit
1116 2666 1321 2704 procuratori.

461 2710 534 2739 Item
554 2711 827 2741 subdeterminavit
839 2711 998 2742 Gerardus
1014 2713 1134 2742 Dullert
1151 2724 1208 2753 pro
1221 2714 1324 2744 Theo-

420 2759 524 2787 derico
547 2759 653 2788 Jacobi
671 2760 708 2789 de
730 2759 884 2789 Alcmaria
904 2762 961 2790 sub
982 2762 1129 2801 magistro
1152 2763 1269 2792 Thoma
1286 2764 1324 2793 de

421 2806 556 2842 flat-lem,
569 2807 655 2847 cujus
672 2809 765 2837 bursa
782 2809 888 2838 nichil.
899 2809 1016 2840 Juravit
1025 2817 1169 2840 statutum
1183 2813 1323 2851 [pauper-

421 2855 502 2893 tatis]
518 2854 670 2895 etjuravit
683 2857 888 2896 procuratori.

458 1638 532 1667 Item
549 1637 625 1666 Giso
641 1637 758 1676 Duyse,

418 1687 492 1716 alias
511 1688 548 1715 de
572 1686 758 1725 Ratinghen.

459 1736 534 1764 Item
547 1735 705 1764 Arnoldus
723 1735 760 1763 de

419 1784 650 1819 Brfiechhusen,
685 1784 760 1813 alias

419 1834 455 1863 de
475 1834 623 1872 Kempen.

454 2956 475 2979 1.
509 2957 576 2988 Quia
589 2957 643 2980 dies
651 2957 779 2981 dominica
791 2959 850 2989 Ῑαίί.

961 434 1179 461 AUCTARIUM
1197 434 1457 461 CHARTULARII
1481 435 1655 463 UNIVERS.
1677 437 1793 464 PARIS.

1359 954 1393 980 10

1359 1200 1393 1226 15

1360 1444 1393 1470 20

1361 1691 1394 1717 25

1360 1937 1394 1963 30

1360 2183 1394 2208 35

1360 2428 1394 2454 40

1360 2672 1395 2699 45

1594 0 1598 10 ,
1618 0 1623 5 .
1684 0 1886 21 *fliffi‘ssh'ffissv‘a'ss
1912 0 1943 22 ἧς,
1978 4 1999 17 *w
2014 0 2044 18 ¹v„
2132 18 2139 25 K

1734 15 2012 27 w⁴*-*v⁷v
2122 19 2127 28 ,

2285 441 2337 467 488

1473 510 1549 541 Item
1567 512 1622 542 IX⁸
1635 513 1684 542 die
1702 513 1811 543 Marcii
1831 514 1908 544 facta
1927 515 2173 555 congregacione
2196 516 2336 546 nacionis

1431 561 1609 600 regencium
1633 568 1664 591 et
1684 573 1746 592 non
1769 563 1947 602 regencium
1967 574 2024 603 per
2040 563 2246 604 juramentum
2265 572 2339 605 post

1432 610 1626 640 sermonem⁴
1646 612 1728 650 apud
1745 612 1962 642 Predicatores
1981 613 2020 642 ad
2039 612 2212 643 habendum
2231 614 2338 644 conci-

1430 657 1504 688 lium
1522 666 1552 689 et
1571 660 1609 689 ad
1629 661 1877 700 supplicandum,
1894 662 2088 701 propositum
2111 663 2167 692 fuit
2183 664 2338 702 quomodo

1430 707 1462 736 in
1477 718 1620 748 magnum
1634 709 1839 749 prejudicium
1853 710 1993 740 nacionis
2005 717 2099 747 esset,
2113 712 2197 750 quod
2207 718 2338 751 tempta-

1430 762 1514 786 tores
1525 757 1557 786 in
1570 758 1708 787 examine
1724 758 1834 788 Sancte
1853 758 2009 789 Genovefe
2027 761 2178 799 quosdam
2192 760 2339 790 nolebant

1430 811 1592 845 temptare,
1611 807 1764 846 quierant
1782 808 1820 837 de
1838 808 1966 838 nacione
1979 815 2097 844 nostra,
2110 819 2146 838 eo
2164 810 2248 848 quod
2267 809 2339 839 licet

1431 855 1691 885 determinassem
1707 856 1740 885 in
1761 857 1879 886 artibus
1904 857 1936 886 in
1955 856 2014 886 alia
2033 856 2254 894 Universitate,
2275 868 2338 887 non

1430 909 1532 932 tamen
1556 904 1835 935 determinaverant
1854 905 2006 941 Parisius,
2029 916 2098 935 cum
2121 913 2222 936 tamen
2243 906 2337 936 iidem

1430 958 1630 992 temptatores
1641 953 1758 983 nullum
1770 954 1919 984 haberent
1931 955 1969 984 ad
1983 955 2171 985 contrarium
2181 954 2337 995 juramen-

1430 1008 1504 1031 tum.
1526 1002 1600 1031 ltem
1617 1009 1725 1042 postea
1747 1003 1933 1042 supplicavit
1952 1004 2100 1044 magister
2120 1004 2278 1034 Johannes
2299 1005 2338 1034 de

1431 1050 1552 1080 Stralen
1579 1051 1701 1080 nomine
1727 1050 1884 1091 cujusdam
1908 1052 2038 1082 scolaris
2064 1053 2204 1083 nacionis
2230 1060 2338 1083 nostre

1429 1099 1563 1129 volentis
1579 1100 1796 1136 determinare,
1812 1101 1935 1130 nomine
1947 1101 2116 1131 Hermanni
2131 1103 2169 1131 de
2185 1103 2336 1141 Kempen‚

1430 1155 1582 1188 quatenus
1593 1149 1660 1188 ipse
1672 1149 1772 1178 adhuc
1786 1150 1998 1180 admitteretur
2010 1151 2048 1180 ad
2059 1151 2335 1187 determinandum,

1430 1207 1492 1226 non
1507 1198 1649 1228 obstante
1661 1204 1773 1228 statuto
1781 1199 1856 1228 alias
1865 1199 1944 1228 ultra
1958 1199 1986 1228 II
1997 1198 2125 1235 annos²,
2139 1201 2222 1240 quod
2234 1199 2337 1230 nullus

1431 1246 1562 1276 scolaris
1591 1253 1697 1276 nostre
1724 1247 1863 1277 nacionis
1889 1247 1998 1278 nolens
2019 1247 2138 1288 jurare,
2164 1255 2236 1282 etc„
2267 1249 2340 1288 quia

1431 1295 1507 1325 illud
1532 1296 1587 1325 fuit
1609 1302 1753 1325 statutum
1775 1307 1813 1325 ne
1838 1297 1926 1326 nacio
1953 1297 2188 1327 defraudaretur
2211 1298 2244 1326 in
2266 1298 2337 1334 hoc,

1431 1345 1514 1384 quod
1527 1345 1692 1384 aliquando
1707 1345 1850 1385 permisit
1867 1345 1987 1385 aliquos
2004 1352 2165 1386 expectare
2181 1357 2280 1386 usque
2300 1347 2339 1376 ad

1431 1394 1564 1423 medium
1584 1393 1838 1433 Quadragesime‚
1860 1401 1890 1424 et
1906 1401 1978 1424 tunc
1996 1395 2097 1434 primo
2120 1396 2336 1431 determinare,

1432 1444 1484 1483 qui
1506 1450 1606 1472 tamen
1630 1450 1718 1472 erant
1751 1443 1863 1473 divites
1899 1449 1930 1473 et
1962 1445 2073 1473 bursas
2105 1454 2177 1474 suas
2216 1445 2338 1475 solvere

1430 1498 1591 1532 potentes;
1622 1493 1714 1521 modo
1742 1492 1802 1521 ista
1827 1492 1911 1522 racio
1941 1503 2004 1522 non
2028 1493 2156 1523 haberet
2182 1494 2282 1523 locum
2306 1494 2339 1523 in

1432 1541 1609 1570 Hermanno
1627 1541 1779 1580 predicto,
1799 1541 1871 1581 quia
1890 1547 1924 1571 ut
1940 1549 2142 1572 asseruerunt
2159 1548 2220 1572 tam
2239 1543 2339 1583 magi-

1432 1596 1496 1620 ster
1515 1589 1671 1619 Johannes
1689 1590 1850 1630 predictus
1867 1600 1958 1630 quam
1976 1591 2071 1620 eciam
2091 1591 2172 1620 idem
2190 1591 2339 1621 Herman-

1431 1649 1501 1674 nus,
1529 1639 1597 1678 ipse
1622 1639 1818 1668 Hermannus
1844 1649 1906 1668 non
1936 1640 2109 1679 expectavit
2138 1641 2170 1669 in
2200 1641 2338 1670 fraudem

1431 1688 1583 1723 nacionis,
1600 1688 1656 1717 sed
1668 1688 1739 1717 ideo
1752 1688 1825 1727 quia
1836 1698 1899 1717 nou
1917 1689 1973 1718 suit
1986 1699 2118 1728 presens
2130 1688 2271 1718 Parisius
2288 1689 2339 1719 die

1432 1737 1587 1772 mercurii,
1609 1747 1669 1776 qua
1688 1736 1848 1766 debuisset
1866 1737 2023 1777 incepisse
2042 1738 2259 1774 determinare,
2283 1739 2340 1768 sed

1432 1787 1544 1815 absens
1566 1786 1623 1815 fuit
1646 1795 1684 1814 ex
1710 1795 1801 1815 causa
1821 1786 2004 1816 racionabili
2024 1792 2054 1816 et
2073 1787 2260 1822 necessaria,
2281 1797 2339 1816 nec

1432 1835 1571 1865 constitit
1588 1835 1648 1864 sibi
1665 1835 1749 1874 quod
1771 1841 1929 1874 oporteret
1950 1845 2019 1864 eum
2038 1842 2110 1865 tunc
2130 1836 2236 1875 utique
2258 1835 2339 1865 inci-

1431 1894 1506 1925 pere
1522 1884 1738 1913 determinare.

1447 1965 1450 1968 ,
1472 1933 1512 1963 Et
1524 1933 1706 1962 deliberavit
1721 1932 1810 1962 nacio
1823 1944 1829 1962 :
1845 1933 1946 1972 primo
1958 1934 2042 1972 quod
2056 1939 2161 1963 essent
2171 1933 2339 1973 deputandi

1431 1982 1526 2022 aliqui
1542 1982 1683 2022 magistri
1694 1981 1844 2017 nacionis,
1859 1988 1890 2011 et
1899 1982 2127 2021 deputabantur
2142 1989 2336 2021 procurator,

1432 2031 1551 2061 scilicet
1562 2031 1709 2070 magister
1719 2030 1812 2070 Hugo
1825 2031 1863 2060 de
1875 2031 2040 2066 Hervorst,
2058 2037 2088 2060 et
2101 2031 2250 2071 magister
2257 2031 2339 2061 Mer-

1432 2081 1528 2111 celius
1550 2081 1588 2109 de
1607 2079 1736 2120 Inghen,
1759 2080 1812 2119 qui
1832 2079 1981 2109 haberent
1999 2080 2159 2120 requirere
2181 2080 2338 2110 dominum

1431 2136 1594 2164 rectorem,
1619 2135 1653 2158 ut
1678 2128 1820 2168 sequenti
1846 2129 1895 2158 die
1918 2130 2031 2158 faceret
2059 2129 2338 2168 congregacionem

1432 2178 1583 2208 facultatis
1598 2178 1726 2213 arcium,
1746 2184 1776 2207 et
1795 2185 1868 2207 tunc
1887 2177 1981 2207 iidem
2000 2178 2137 2217 deputati
2159 2188 2196 2207 ex
2214 2178 2338 2207 motivis

1432 2238 1491 2267 que
1513 2227 1575 2266 ipsi
1597 2233 1727 2266 possent
1746 2226 1886 2256 invenire
1904 2232 2117 2266 proponerent
2138 2226 2221 2256 istud
2239 2236 2339 2266 nego-

1432 2277 1511 2306 cium
1535 2275 1668 2305 facultati
1695 2276 1818 2305 nomine
1842 2275 1983 2305 nacionis
2015 2275 2230 2315 supplicantis,
2254 2276 2339 2315 quod

1432 2324 1575 2354 dominus
1593 2331 1696 2354 rector
1711 2331 1742 2354 et
1757 2324 1883 2354 facultas
1899 2323 2097 2364 injungerent
2110 2323 2188 2363 ipsis
2206 2330 2338 2363 tempta-

1431 2374 1563 2409 toribus,
1582 2380 1615 2403 ut
1634 2383 1687 2403 eos
1701 2379 1896 2413 temptarent,
1915 2383 1978 2402 non
1995 2373 2136 2402 obstante
2151 2373 2234 2412 quod
2250 2372 2339 2402 Pari-

1432 2423 1497 2452 sius
1513 2432 1575 2452 non
1586 2422 1878 2457 determinaverunt,
1893 2423 1965 2451 dum
1976 2427 2076 2451 tamen
2089 2421 2220 2451 fuissent
2234 2421 2339 2451 debito

1430 2478 1570 2511 tempore
1597 2471 1738 2500 Parisius
1763 2481 1820 2510 pro
1844 2470 2096 2505 determinancia,
2126 2476 2157 2499 et
2178 2469 2340 2510 jurassent

1432 2520 1523 2550 solita
1534 2520 1643 2558 jurari,
1658 2520 1768 2549 solutis
1784 2519 1879 2549 eciam
1895 2519 2064 2549 solvendis.
2080 2518 2120 2548 Et
2134 2519 2190 2548 suit
2202 2519 2339 2548 additum

1432 2570 1515 2609 quod
1528 2575 1599 2598 tunc
1614 2569 1702 2598 naeio
1717 2574 1801 2598 esset
1816 2578 1948 2608 presens
1963 2567 2144 2607 tempestive
2160 2567 2191 2597 in
2205 2578 2340 2607 congre-

1432 2618 1560 2657 gacione
1572 2617 1723 2647 facultatis
1734 2618 1772 2646 ad
1784 2617 2031 2656 supplicandum,
2042 2622 2072 2645 et
2082 2617 2166 2656 quod
2178 2626 2240 2645 non
2253 2617 2342 2646 fieret

1432 2672 1504 2696 tunc
1515 2665 1721 2705 congregacio
1732 2665 1872 2695 nacionis
1882 2674 1939 2704 per
1942 2663 2160 2703 juramentum.
2174 2664 2248 2703 (Fol.
2261 2666 2300 2695 50
2314 2665 2338 2705 ¹³)

1473 2715 1535 2744 Sed
1543 2716 1581 2743 de
1593 2714 1824 2754 supplicacione
1837 2713 1977 2753 magistri
1990 2713 2140 2742 Johaunis
2153 2714 2192 2742 de
2204 2713 2337 2749 Stralen,

1432 2764 1504 2803 quia
1526 2774 1542 2792 a
1563 2763 1717 2803 principio
1737 2773 1805 2792 cum
1824 2763 2059 2802 proponebatur
2078 2762 2134 2791 fuit
2158 2763 2236 2791 facta
2259 2762 2340 2791 diffi-

1432 2812 1541 2848 cultas,
1562 2812 1634 2851 quia
1648 2812 1679 2840 in
1699 2812 1806 2840 eodem
1825 2817 1950 2846 statuto,
1967 2811 2006 2840 de
2024 2820 2085 2850 quo
2103 2811 2247 2850 superius
2263 2811 2341 2840 facta

1433 2867 1480 2890 est
1497 2861 1628 2896 mencio,
1647 2860 1777 2889 habetur
1796 2859 1849 2888 illa
1870 2858 2016 2895 clausula,
2040 2870 2053 2886 α
2073 2859 2156 2888 omni
2174 2859 2340 2899 dispensa-

1463 2963 1486 2986 2.
1520 2962 1568 2987 An.
1581 2962 1650 2990 1374,
1661 2961 1742 2993 April.
1758 2961 1795 2984 25.
1815 2960 1869 2985 Vid.
1880 2969 1967 2992 supra,
1980 2968 2008 2992 p.
2019 2961 2072 2984 452.
