2632 3464
293 433 344 459 1⁰1

331 508 407 539 Item
427 509 546 550 incepit
563 510 708 540 dominus
727 509 882 540 Henricus
903 510 942 539 de
962 510 1124 539 Dordraco
1142 511 1200 540 sub

291 557 440 598 magistro
461 558 603 588 Waltero
624 559 662 588 de
684 557 854 598 Wardalay
872 558 977 593 Scoto,
999 557 1086 598 cujus
1105 559 1201 588 bursa

290 606 350 637 llll
368 606 495 643 solidi⁴,
515 617 576 648 qua
594 607 770 647 inceptione
788 608 820 637 in
842 607 910 637 vico
931 608 1096 637 Straminis
1116 607 1200 637 cele-

288 656 376 685 brata
406 657 564 696 predictus
597 663 784 697 procurator
812 657 1013 697 presentibus
1048 657 1199 697 magistro

287 704 415 735 Galtero
439 706 582 746 predicto
603 712 634 736 et
655 706 804 746 magistro
827 706 968 735 Johanne
992 707 1031 736 de
1057 706 1199 736 Wezalia

285 754 402 783 dictum
417 754 598 794 magistrum
612 754 779 784 Henricum
793 755 832 783 de
843 754 1005 785 Dordraco
1017 755 1056 784 de
1067 755 1196 791 floreno,

287 812 379 842 quem
409 810 475 833 erat
502 803 626 833 nacioni
652 803 792 839 daturus,
822 804 1009 840 informavit,
1042 805 1088 834 sic
1114 806 1197 844 quod

287 851 422 882 libenter
446 853 559 882 faceret
582 852 642 882 sibi
664 853 756 882 modo
775 853 901 891 dic[to]‚
925 853 978 893 qui
998 854 1196 893 postmodum

288 899 406 931 floreno
422 901 544 932 nacioni
559 911 644 931 more
659 901 753 931 solito
768 912 831 931 non
849 902 950 932 soluto
965 903 1106 933 recessit.

695 995 793 1024 1346

283 1063 356 1104 (Fal.
395 1063 473 1105 56¹³)
507 1065 667 1106 Tempus
699 1067 989 1106 procuracionis
1022 1068 1193 1108 magistri

502 1113 687 1144 Johannis
721 1116 764 1145 de
794 1115 971 1146 Wesalia.

321 1194 413 1224 Anno
434 1193 560 1225 Domini
578 1195 624 1225 M⁰
640 1196 722 1226 CCC
740 1196 861 1232 XLV1⁰‚
879 1204 1046 1228 convocata
1064 1198 1192 1228 nacione

280 1242 452 1284 Anglicana
467 1244 655 1275 sufficienter
668 1246 751 1285 apud
767 1246 911 1276 Sanctum
927 1247 942 1276 J
947 1247 1093 1283 ulianum,
1109 1247 1192 1277 elec-

279 1298 330 1322 tus
343 1292 399 1322 fuit
413 1293 562 1334 magister
575 1294 732 1324 Johannes
747 1296 786 1325 de
803 1295 954 1331 Wesalia,
972 1296 1003 1325 in
1017 1296 1104 1336 cujus
1118 1307 1190 1337 pro-

279 1342 443 1372 curacione
458 1343 582 1373 fuerunt
596 1350 662 1374 acta
680 1355 739 1384 que
755 1352 938 1385 sequuntur.

320 1390 437 1427 Primo,
454 1392 603 1432 magister
617 1392 762 1424 Galterus
778 1395 816 1423 de
834 1394 1022 1434 Warderlay
1040 1395 1189 1435 magistro

277 1438 411 1470 Johanni
427 1441 465 1470 de
478 1441 618 1471 Wesalia
628 1442 729 1472 scolas
745 1453 817 1472 suas
832 1443 1046 1483 resignaverat
1061 1445 1119 1474 sub
1133 1444 1189 1474 hac

278 1489 386 1524 forma,
412 1491 495 1530 quod
521 1491 640 1521 scilicet
663 1501 699 1521 ea
720 1502 782 1521 non
806 1493 948 1522 obstante
972 1493 1188 1533 resignacione

276 1545 418 1578 repetere
439 1546 547 1579 posset
570 1541 693 1570 easdem
715 1542 754 1571 ad
773 1542 933 1572 utilitatem
954 1542 1012 1572 sui.
1034 1543 1083 1572 Ad
1104 1544 1188 1583 quod

275 1587 404 1617 firmiter
417 1589 646 1619 observandum
661 1591 810 1631 magister
823 1590 980 1621 lohannes
993 1592 1031 1621 de
1046 1592 1187 1622 Wesalia

276 1636 307 1665 in
328 1638 492 1677 presencia
507 1638 648 1668 nacionis
666 1649 700 1669 se
720 1639 843 1679 plenius
860 1640 1020 1681 obligavit.
1040 1642 1184 1672 Ceterum

275 1686 423 1726 magister
439 1687 597 1717 Johannes
614 1688 653 1717 de
671 1687 811 1718 Wesalia
829 1689 978 1730 magistro
995 1690 1128 1720 Johanni
1146 1692 1184 1721 de

276 1733 431 1776 Friburgo
448 1735 550 1766 scolas
570 1747 647 1776 quas
663 1737 770 1767 habuit
783 1737 872 1778 juxta
891 1739 1014 1768 modum
1034 1740 1185 1769 consimi-

274 1782 333 1812 lem
345 1784 514 1824 deputavit.
528 1784 585 1815 1n²
597 1784 685 1826 cujus
698 1787 921 1826 procuracione
934 1788 1029 1817 nichil
1048 1789 1184 1819 notabile

273 1839 339 1863 erat
352 1834 473 1864 factum.

680 1880 778 1910 1346

271 1951 347 1984 (Fol.
381 1949 458 1986 57)³
491 1950 649 1991 Tempus
685 1953 972 1992 procuracionis
1006 1954 1180 1994 magistri

483 1999 666 2031 Jobannis
696 2002 739 2031 de
769 2001 965 2043 Friburgo.

308 2076 400 2107 Anno
413 2078 538 2109 Domini
550 2065 675 2111 Nicffic
687 2079 796 2116 XLVI,
807 2082 950 2121 proxima
968 2082 1018 2112 die
1032 2082 1157 2112 veneris
1167 2081 1179 2101 ⁴

269 2132 340 2156 ante
376 2127 486 2157 festum
523 2127 663 2169 Crispini
701 2135 731 2158 et
766 2129 970 2170 Crispiniani‚
1012 2136 1180 2160 convocata

269 2175 398 2206 nacione
405 2175 577 2217 Anglicana
591 2177 778 2208 sufficienter
785 2185 860 2219 aput
870 2179 1015 2210 Sanctum
1022 2180 1037 2210 J
1041 2180 1176 2210 ulianum

223 2263 225 2266 Α
267 2233 435 2264 pauperem
461 2226 499 2255 ad
521 2226 698 2266 eligendum
718 2234 963 2267 procuratorem,
984 2229 1100 2259 electus
1123 2229 1180 2259 suit

266 2274 464 2304 concorditer
475 2275 598 2315 penitus
609 2276 694 2306 nullo
707 2276 891 2307 reclamante
904 2278 1052 2318 magister
1064 2278 1176 2308 Johan-

267 2331 323 2352 nes
340 2323 378 2352 de
394 2323 549 2365 Friburgo
563 2325 596 2354 in
609 2331 842 2364 procuratorem
857 2327 939 2357 dicte
954 2327 1106 2357 nacionis.

307 2371 342 2401 ln
361 2371 448 2412 cujus
467 2373 693 2413 procuracione
711 2374 834 2405 fuerunt
851 2382 918 2406 acta
938 2387 998 2416 que
1016 2383 1174 2406 secuntur.

306 2419 412 2451 Primo
427 2422 605 2452 convocatis
624 2423 768 2453 omnibus
790 2425 948 2465 magistris
968 2432 1175 2465 computatum

267 2469 322 2500 fuit
341 2475 373 2500 et
393 2480 587 2506 concessum,
613 2471 698 2501 nullo
723 2473 965 2509 contradicente,
985 2475 1068 2514 quod
1086 2475 1175 2504 nacio

265 2519 405 2558 predicta
428 2525 586 2550 teneretur
610 2520 640 2550 in
666 2531 727 2550 uno
748 2521 865 2552 floreno
885 2533 954 2553 cum
973 2530 1044 2553 octo
1064 2523 1174 2554 solidis

264 2568 440 2608 parysiens.
464 2570 615 2610 magistro
636 2569 782 2601 Gotsrido
804 2572 842 2601 de
864 2571 1092 2612 Gripeswalda.
1116 2573 1174 2603 Cui

264 2617 303 2647 de
326 2617 466 2658 predicta
493 2619 624 2658 pecunia
651 2620 794 2660 promisit
817 2621 906 2650 nacio
933 2621 1112 2651 satisfacere
1136 2623 1174 2652 de

264 2666 405 2706 proxima
417 2667 568 2707 peccunia
583 2678 640 2708 per
654 2669 814 2699 nacionem
830 2669 982 2700 habitura.

305 2714 380 2745 item
410 2725 559 2746 concessa
588 2717 644 2747 fuit
674 2718 814 2758 predicto
843 2719 993 2760 magistro
1027 2719 1174 2751 Gotsrido

293 2821 316 2845 1.
351 2823 379 2846 ln
390 2822 505 2854 margine
515 2823 604 2848 solvit.

293 2857 317 2882 2.
350 2857 409 2881 Alio
427 2858 576 2883 charactere
589 2859 740 2892 diurnoque
751 2862 895 2885 atramento
911 2862 988 2886 verba
1001 2862 1060 2887 ln...
1074 2863 1172 2888 factum

263 2892 362 2925 mipta
371 2895 439 2917 unt.

292 2929 316 2952 8.
351 2928 443 2952 Omnia
452 2929 585 2961 :aquatio
602 2938 680 2962 nuqua
695 2931 732 2955 ad
745 2931 808 2956 item
822 2932 920 2965 incepit
931 2933 1028 2965 scripta
1041 2937 1101 2958 aunt
1113 2942 1172 2967 μνη

259 2962 306 2995 [οἱ.
329 2964 385 2993 56⁵,
408 2964 455 2988 ned
474 2964 559 2989 deleta
576 2967 601 2990 et
627 2969 718 2998 postea
746 2968 876 3000 exscripta
901 2968 948 3001 sol.
976 2970 1015 2994 57.
1045 2970 1091 2994 701
1096 2989 1101 2994 .
1129 2971 1172 2995 50⁸

802 434 916 461 LIBER
937 434 1250 461 PROCURATORUM
1271 435 1452 462 NATIONIS
1470 436 1716 463 ANGLICANAE

1253 710 1270 736 5

1235 955 1267 982 10

1230 1200 1264 1227 15

1226 1446 1261 1472 20

1223 1690 1257 1717 25

1219 1936 1254 1963 30

1216 2180 1251 2207 35

1214 2426 1249 2453 40

1212 2680 1246 2707 45

2169 443 2222 469 102

1309 512 1440 550 quedam
1457 511 1655 552 philosophia
1672 513 1794 543 nacioni
1813 515 1948 554 obligata
1969 518 2051 555 quod
2068 524 2175 556 posset
2188 519 2220 547 in

1308 560 1400 590 domo
1416 571 1470 590 sua
1486 561 1554 600 ipsa
1571 562 1626 596 uti,
1647 562 1692 591 sic
1707 569 1807 592 tamen
1824 565 1906 602 quod
1923 565 2092 604 predictam
2113 566 2220 605 phylo-

1308 609 1450 648 sophiam
1471 611 1581 640 reddat
1602 611 1736 646 nacioni,
1757 613 2004 652 quandocunque
2025 624 2092 643 eum
2114 615 2222 654 requi-

1307 658 1397 687 sierit
1413 659 1512 698 ipsam
1526 661 1563 689 ad
1575 661 1777 690 reddendum.

1348 707 1423 737 Item
1439 709 1545 738 eadem
1561 709 1611 738 die
1622 710 1824 739 deliberatum
1837 711 1892 740 fuit
1905 717 1935 740 et
1948 722 2130 741 concessum
2143 723 2220 741 con-

1306 756 1444 786 corditer
1464 767 1522 796 per
1546 758 1713 798 magistros
1740 765 1773 788 ut
1797 759 1870 788 libri
1893 770 1946 789 seu
1969 760 2058 789 vadia
2079 761 2220 800 predicte

1306 805 1428 835 naeioni
1443 806 1579 846 obligata
1596 808 1806 837 venderentur
1826 815 1956 848 propter
1976 809 2128 838 scolarum
2150 820 2219 848 per-

1306 854 1491 884 solutionem
1512 866 1567 885 nec
1589 867 1652 886 non
1676 857 1807 886 aliorum
1829 858 2016 893 debitorum,
2046 858 2077 887 in
2105 859 2219 898 quibus

1305 903 1394 933 nacio
1410 905 1583 935 tenebatur.

1345 952 1420 982 Item
1440 953 1557 993 incepit
1571 954 1715 984 dominus
1733 955 1891 985 Johannes
1910 955 2004 985 Picus
2025 957 2064 985 de
2083 956 2218 986 Saxonia

1305 1003 1362 1031 sub
1376 1003 1525 1042 magistro
1540 1003 1704 1033 Walthero
1721 1003 1915 1040 Walderlau‚
1938 1004 2026 1044 cujus
2041 1006 2137 1035 bursa
2155 1006 2214 1036 llll

1304 1051 1407 1080 solidi.

1343 1100 1419 1130 Item
1443 1100 1494 1130 die
1510 1100 1618 1140 jovis-'¹
1645 1108 1717 1141 post
1742 1102 1876 1140 [festum]
1911 1102 2048 1132 Simonis
2082 1109 2111 1132 et
2137 1103 2218 1133 Jude

1303 1149 1380 1179 facta
1401 1150 1458 1180 fuit
1478 1151 1686 1191 congregacio
1704 1151 1856 1181 facultatis
1871 1153 1909 1180 ad
1927 1152 2114 1181 audiendum
2130 1162 2216 1181 com—

1301 1205 1407 1238 potum
1422 1200 1540 1240 antiqui
1561 1200 1710 1236 rectoris3
1733 1211 1794 1240 quo
1811 1201 1918 1230 audito
1942 1208 2127 1240 supererant
2144 1208 2215 1230 octo

1301 1247 1393 1277 solidi
1411 1259 1479 1278 cum
1498 1249 1636 1279 dimidio.
1653 1251 1737 1280 Tunc
1750 1249 1953 1279 deliberatum
1967 1250 2024 1279 fuit
2037 1256 2066 1279 et
2080 1260 2212 1280 conces-

1300 1307 1366 1326 sum
1388 1299 1471 1337 quod
1494 1298 1625 1338 quilibet
1643 1305 1827 1337 procurator
1845 1299 1895 1328 vel
1914 1305 2060 1338 receptor
2081 1305 2214 1338 quatuor

1299 1346 1462 1376 nacionum
1482 1348 1667 1376 concederet
1688 1347 1826 1387 quinque
1842 1347 1892 1377 vel
1912 1357 1967 1377 sex
1990 1348 2108 1377 solidos
2133 1358 2215 1378 novo

1298 1396 1412 1425 rectori
1438 1406 1533 1435 super
1560 1395 1712 1435 proximis
1740 1396 1951 1426 refusionibus
1979 1396 2140 1436 magistris
2171 1397 2210 1426 ad

1297 1445 1476 1484 potandum.
1493 1445 1555 1474 Sed
1570 1445 1641 1484 quia
1652 1445 1683 1474 in
1699 1445 1838 1484 predicta
1850 1445 2014 1485 potacione
2030 1445 2111 1475 ultra
2127 1456 2213 1475 sum-

1297 1503 1376 1522 mam
1386 1492 1449 1533 jam
1469 1504 1649 1523 concessam
1667 1494 1765 1524 fuerat
1782 1494 1884 1534 aliqua
1903 1494 2034 1533 pecunia
2050 1500 2122 1524 tunc
2139 1505 2209 1524 con-

1297 1549 1429 1582 sumpta,
1462 1553 1552 1582 quam
1586 1549 1805 1582 procuratores
1837 1543 2050 1583 promiserunt
2086 1544 2211 1573 solvere

1296 1590 1376 1620 sicut
1408 1592 1644 1630 precedentem;
1675 1592 1730 1621 sed
1764 1591 1837 1632 quia
1869 1593 1908 1621 de
1939 1592 2068 1622 nacione
2099 1593 2212 1632 Angli-

1295 1649 1370 1669 cana
1382 1640 1509 1670 dubium
1525 1647 1591 1670 erat
1603 1651 1641 1670 ne
1658 1647 1764 1670 essent
1778 1641 1976 1681 incipientes,
1996 1641 2212 1681 promiserunt

1294 1694 1358 1718 tres
1375 1689 1427 1718 alii
1447 1696 1678 1728 procuratores,
1698 1689 1844 1719 videlicet
1866 1689 2068 1725 Gallicorum,
2094 1690 2206 1729 Pycar-

1293 1738 1403 1767 dorum
1440 1745 1470 1767 et
1507 1738 1756 1768 Normannorum
1796 1739 1878 1768 bona
1914 1739 1973 1768 fide
2010 1739 2206 1779 procuratori

1292 1787 1432 1816 nacionis
1446 1786 1630 1827 Anglicane,
1647 1789 1731 1828 quod
1746 1788 1778 1817 in
1793 1798 1878 1823 casu,
1895 1788 1948 1817 ubi
1961 1788 2101 1828 predicta
2118 1789 2208 1818 nacio

1291 1835 1463 1876 Anglicana
1496 1837 1641 1867 deficeret
1670 1836 1702 1866 in
1734 1838 1987 1873 refundentibus,
2023 1838 2107 1878 quod
2143 1838 2204 1878 ipsi

1291 1885 1405 1916 vellent
1418 1886 1468 1915 vel
1486 1896 1542 1926 per
1556 1896 1589 1916 se
1604 1886 1653 1916 vel
1670 1897 1725 1926 per
1742 1893 1895 1916 rectorem
1911 1887 2082 1927 predictam
2098 1887 2205 1916 nacio-

1290 1943 1360 1963 nem
1384 1933 1587 1975 Anglicanam
1611 1936 1743 1965 reddere
1768 1936 1965 1975 indempnem
1990 1937 2028 1965 de
2058 1937 2205 1966 omnibus

1290 1984 1442 2023 expositis
1463 1984 1543 2014 ultra
1563 1985 1652 2024 prius
1670 1995 1829 2014 concessa.
1850 1985 1891 2014 Et
1909 1985 1954 2014 sic
1975 1985 2107 2025 quilibet
2131 1996 2207 2025 pro·

1289 2039 1465 2062 curatorum
1481 2039 1554 2063 tunc
1569 2033 1684 2063 ibidem
1699 2034 1793 2064 solvit
1804 2035 1823 2063 6
1839 2034 1958 2064 solidos
1977 2044 2045 2063 cum
2060 2035 2203 2070 dimidio,

1289 2092 1368 2122 quos
1381 2082 1476 2112 solvit
1487 2089 1632 2122 receptor
1644 2083 1784 2113 nacionis
1802 2089 1909 2113 nostre
1926 2090 1999 2113 tunc
2013 2084 2140 2113 ibidem.

1329 2132 1405 2162 Item
1420 2132 1610 2162 sufficienter
1622 2139 1730 2163 vocata
1743 2133 1872 2162 nacione
1883 2132 2054 2173 Anglicana
2066 2134 2105 2162 ad
2118 2134 2204 2162 ordi-

1288 2183 1422 2212 nandum
1441 2182 1479 2211 de
1495 2182 1590 2212 scolis
1605 2188 1636 2212 et
1649 2192 1707 2222 pro
1723 2182 2010 2222 supplicacionibus
2024 2183 2074 2212 die
2094 2181 2177 2222 jovis
2190 2182 2204 2202 θ

1287 2238 1357 2261 ante
1382 2232 1516 2270 [festum]
1539 2230 1678 2267 Martini,
1702 2231 1876 2261 ordinatum
1890 2232 1988 2261 fuerat
2008 2233 2091 2271 quod
2114 2232 2204 2262 nacio

1287 2290 1350 2310 non
1362 2281 1538 2320 resignaret
1550 2280 1669 2320 aliquas
1685 2291 1757 2311 suas
1774 2281 1887 2317 scolas,
1902 2287 1932 2310 et
1949 2288 2129 2320 preceptum
2144 2282 2201 2311 suit

1286 2329 1408 2359 bedello
1432 2329 1571 2359 nacionis
1591 2330 1840 2360 Normannorum
1862 2336 2014 2370 quatenus
2035 2330 2103 2369 ipse
2125 2340 2202 2370 pro-

1285 2385 1408 2408 curaret
1422 2379 1524 2415 sedes,
1541 2389 1687 2419 scampna
1698 2385 1728 2409 et
1741 2379 1842 2409 hostia
1856 2385 1956 2409 serata
1970 2379 2065 2408 scolis
2082 2379 2200 2409 nostris

1284 2429 1329 2457 ad
1353 2430 1471 2468 longum
1494 2429 1655 2464 introitum,
1683 2435 1713 2458 et
1741 2429 1844 2459 balivo
1868 2428 1970 2458 claves
1996 2428 2134 2458 traderet
2161 2429 2198 2457 ad

1285 2478 1481 2517 portandum,
1509 2477 1592 2517 quod
1620 2477 1688 2517 ipse
1715 2477 1858 2517 promisit
1881 2487 1915 2507 se
1943 2477 2022 2507 velle
2046 2477 2199 2507 citissime

1283 2526 1465 2566 adimplere.

1325 2575 1399 2605 ltem
1421 2575 1527 2604 eadem
1548 2575 1795 2616 congregacione
1815 2576 1944 2604 durante
1967 2584 2116 2604 concessa
2142 2575 2199 2605 suit

1284 2624 1476 2664 supplicacio
1507 2624 1648 2664 magistri
1677 2624 1827 2654 Johannis
1858 2625 1896 2653 de
1925 2624 2080 2664 Friburgo
2112 2623 2198 2653 nullo

1283 2673 1524 2709 contradicente,
1542 2674 1626 2713 quod
1643 2673 1732 2703 nacio
1753 2674 1854 2713 ipsum
1876 2679 2035 2713 reputaret
2052 2683 2110 2713 pro
2127 2679 2196 2703 actu

1283 2729 1410 2763 regente
1423 2732 1481 2762 per
1495 2728 1591 2752 totum
1610 2722 1702 2752 istum
1718 2732 1841 2751 annum.

1282 2828 1446 2861 congregatio
1464 2830 1521 2852 erat
1534 2829 1670 2861 aenigmata
1682 2828 1718 2852 ad
1730 2828 1799 2852 diem
1812 2828 1914 2852 veneris
1927 2831 1987 2852 ante
1999 2829 2093 2853 festum
2105 2829 2196 2861 Symo-

1281 2864 1323 2889 ni·
1336 2867 1362 2888 et
1371 2864 1447 2892 sudo,
1459 2863 1508 2888 Ιιοι·
1516 2867 1553 2888 est
1571 2864 1607 2888 ad
1621 2865 1650 2889 27
1662 2864 1752 2889 octob.

1312 2901 1336 2924 Ιι.
1370 2901 1400 2924 20
1412 2899 1538 2924 octobris.

1312 2937 1335 2959 ⁵.
1369 2935 1383 2958 2
1397 2934 1555 2960 Novembris.

1311 2971 1335 2994 8.
1369 2971 1384 2994 0
1401 2970 1561 2994 Nouembris.
