2632 3464
1285 0 1300 12 ,⁴¹

563 3 567 10 ⁴
719 0 1283 23 &warnis-eas³222„:cry-x-wpaze‹za-1·2
1482 0 1489 7 2

655 21 823 39 ¹·1v‘'‘›'“
866 21 873 26 '¹
971 34 973 36 ,
1016 20 1029 30 ’ν
1084 21 1087 25 '
1128 22 1145 33 ,’
1226 24 1228 26 ’

264 409 320 436 309

267 491 328 521 tur,
352 485 450 525 qui[a]
473 491 503 515 et
524 484 586 514 illis
607 494 668 524 que
690 483 855 514 voluerunt
877 481 984 522 jurare
1015 486 1174 516 statutum,

267 534 314 564 eis
335 540 423 564 erant
445 533 576 563 remisse
597 533 690 563 burse
713 531 876 566 similiter;
899 529 952 559 alii
977 529 1100 559 suerunt
1122 528 1175 568 qui

266 593 330 613 non
347 583 470 612 fuerunt
488 582 613 612 omnino
633 590 788 621 pauperes
807 585 838 609 et
857 584 944 608 erant
963 578 995 607 in
1012 577 1176 617 multiplici

267 631 463 667 differencia;
487 631 534 661 eis
554 636 620 660 erat
638 631 716 660 facta
733 628 845 670 gratia,
867 633 897 657 et
917 627 1074 667 aliquibus
1093 626 1177 666 quod

267 681 378 710 darent
392 681 505 710 bursas
523 685 686 720 antequam
704 678 881 718 reciperem
899 677 1030 717 gradum
1046 675 1177 705 ulterio-

266 739 344 765 rem,
367 729 524 769 aliquibus
547 734 614 758 erat
631 727 782 758 terminus
801 725 922 766 positus
941 724 1175 759 determinatus,

266 778 411 808 videlicet
421 787 520 808 annus
534 776 584 807 vel
600 775 758 811 dimidius,
776 775 832 805 sed
847 784 955 804 omnes
970 774 1008 804 de
1021 774 1053 804 3⁰
1066 773 1176 803 ordine

267 827 381 857 dabant
394 826 514 856 literam
531 824 684 856 officialis.

309 876 382 906 Item
415 874 631 905 determinavit
665 873 810 904 dominus
842 872 955 902 Petrus
1055 871 1120 901 Sub

267 925 368 955 dictus
383 923 486 960 Heelt,
505 922 591 963 cujus
609 923 704 953 bursa
719 921 746 951 V
760 921 864 951 solidi.
1011 920 1160 960 magistro

309 974 383 1004 Item
413 971 629 1002 determinavit
664 970 809 1001 dominus
842 970 956 1000 Petrus
1002 969 1176 999 Guilhelmo

268 1023 361 1062 Faey,
379 1020 467 1062 cujus
479 1022 574 1052 bursa
586 1020 614 1050 V
631 1019 735 1050 solidi.
1029 1018 1142 1048 Buzer.

309 1071 384 1102 ltem
405 1069 621 1101 determinavit
641 1069 786 1099 dominus
810 1067 963 1098 Herman-
1058 1067 1123 1097 Sub

267 1130 326 1150 nus
344 1119 519 1150 Overvecht
535 1117 623 1158 cujus
637 1119 734 1148 bursa
746 1118 766 1147 9
782 1117 886 1147 solidi.
1010 1117 1161 1156 magistro

308 1168 383 1199 Item
407 1167 624 1198 determinavit
640 1167 784 1197 dominus
804 1165 962 1196 lohannes
1019 1165 1160 1195 Johanne

267 1217 404 1253 Busche,
423 1216 509 1258 cujus
524 1218 619 1247 bursa
634 1217 654 1246 9
668 1216 772 1246 solidi.
1033 1214 1146 1254 Proys.

307 1266 380 1307 (1101.
396 1267 445 1307 55)
457 1265 532 1296 Item
545 1266 577 1295 in
587 1265 725 1306 predicta
737 1264 979 1305 congregatione
990 1263 1177 1303 supplicavit

266 1315 416 1356 magister
439 1314 572 1344 Michael
599 1313 754 1349 Veschou,
789 1313 934 1354 quatinus
966 1312 1107 1342 Arnoldo
1137 1312 1176 1342 de

267 1363 403 1404 Rogiten
419 1364 513 1393 burse
531 1372 586 1393 sue
601 1363 639 1392 de
655 1363 780 1393 licentia
795 1368 826 1392 et
840 1361 1015 1401 inceptione
1031 1367 1177 1400 expecta-

267 1418 375 1442 rentur
388 1422 487 1452 usque
504 1412 543 1442 ad
561 1413 671 1442 festum
692 1411 790 1441 sancti
806 1410 958 1440 Johannis
975 1409 1127 1449 Baptiste‚
1147 1415 1178 1439 et

268 1470 302 1490 se
321 1460 433 1491 obtulit
454 1470 570 1500 ponere
591 1460 722 1500 pignora
743 1459 942 1494 sufficientia,
962 1469 1021 1499 que
1042 1458 1177 1499 [suppli-

269 1509 361 1548 catio]
376 1515 448 1539 tunc
460 1519 610 1539 concessa
625 1509 681 1539 suit
695 1509 766 1539 sibi.

309 1557 384 1588 ltem
411 1557 596 1598 supplicavit
627 1557 776 1597 magister
803 1556 960 1586 Johannes
989 1555 1092 1595 Scalpi
1120 1566 1178 1595 pro

268 1605 395 1637 Galtero
405 1605 529 1636 'rx-nhil·
547 1606 692 1647 quatinus
710 1606 770 1636 sibi
785 1606 879 1636 burse
893 1611 1130 1645 expectarentur
1140 1605 1178 1634 de

267 1655 502 1686 determinantia
514 1661 543 1685 et
555 1654 698 1685 licentia²
709 1665 808 1694 usque
820 1655 858 1684 ad
868 1655 977 1684 festum
987 1654 1176 1693 Jo[hannis]‚

268 1703 322 1744 qui
350 1703 566 1734 determinavit
599 1704 658 1734 sub
690 1703 839 1743 magistro
866 1703 985 1733 Thoma
1010 1703 1048 1732 de
1076 1703 1176 1737 Dons,

267 1750 356 1792 cujus
368 1753 463 1782 bursa
476 1753 495 1782 9
510 1751 618 1788 solidi,
631 1762 691 1792 que
705 1751 896 1792 supplicatio
908 1752 964 1782 suit
976 1761 1136 1781 concessa.

310 1801 385 1831 item
412 1801 694 1831 determinaverunt
725 1801 777 1831 isti
808 1801 827 1830 4
856 1806 1034 1840 sequentes,
1065 1800 1178 1840 quibus

269 1850 364 1880 burae
379 1856 467 1880 erant
478 1850 620 1886 remisse,
637 1849 710 1890 quia
721 1849 905 1890 juraverunt
920 1856 1076 1879 statutum.

309 1898 434 1929 Primus
451 1904 518 1929 erat
533 1898 587 1939 qui
604 1898 820 1929 determinavit
836 1898 980 1928 dominus
1002 1898 1179 1938 Heynricus

270 1947 386 1983 Monic,
416 1948 470 1988 qui
500 1947 718 1978 determinavit
743 1948 801 1978 sub
829 1948 979 1988 magistro
1003 1947 1179 1977 Guilbelmo

271 1996 384 2032 Buser,
403 1996 491 2037 cujus
505 1997 599 2027 bursa
612 1995 719 2026 nichil.

312 2045 386 2075 item
397 2044 612 2075 determinavit
625 2045 768 2075 dominus
780 2044 956 2085 Heynricus
972 2044 1180 2075 Culemborch

270 2094 329 2124 sub
341 2093 492 2134 magistro
507 2093 649 2124 Men-cilio
663 2094 702 2124 de
717 2093 847 2135 inghen‚
861 2093 949 2134 cujus
964 2094 1059 2124 bursa
1071 2093 1177 2124 nichil.

311 2142 386 2173 Item
404 2142 621 2173 determinavit
637 2143 782 2173 dominus
802 2142 960 2173 lohannes
1061 2143 1120 2173 sub

274 2191 354 2227 Kon,
369 2190 456 2232 cujus
471 2192 566 2222 bursa
582 2191 678 2221 nichil
1014 2192 1164 2232 magistro

311 2240 386 2271 Item
397 2240 612 2270 determinavit
622 2241 766 2271 dominus
780 2239 961 2271 Gherardus
1006 2240 1169 2271 Gberardo

271 2284 368 2329 Kipot
377 2288 402 2325 ⁸,
421 2287 508 2330 cujus
523 2290 618 2319 bursa
635 2289 742 2319 nichil.
1003 2289 1178 2320 Swechten.

304 2367 327 2392 1.
361 2368 382 2391 Ι.
399 2376 421 2392 ε.
435 2367 523 2400 'tn-ayt.

303 2403 327 2428 2.
361 2404 410 2428 uu.
421 2402 497 2427 addit
507 2407 719 2436 expectarentur.

302 2439 326 2462 3.
360 2437 412 2471 Qut*
423 2438 654 2471 cognonit-abatur
667 2439 699 2463 de
712 2439 819 2464 Kalkar.

302 2474 327 2498 6.
360 2474 451 2499 Exulat
470 2474 496 2498 ia
516 2474 592 2498 Arch.
615 2474 737 2503 Uni-rm..
757 2475 825 2499 thee.
847 2475 910 2504 xw,
929 2475 974 2507 (¹¹-
989 2475 1082 2504 lias-e,
1098 2481 1126 2500 n*²
1143 2476 1182 2507 19)

273 2509 466 2534 incitamentum
479 2510 516 2533 ad
526 2518 577 2534 ram
590 2518 634 2534 an.
646 2510 716 2538 1³⁶⁵,
730 2512 744 2535 δ
754 2510 846 2534 Martii
857 2518 862 2534 :

303 2544 433 2570 officiali·
465 2545 622 2570 Pariaienain
655 2546 819 2578 preabyteria
858 2546 981 2571 omnibu·
1010 2547 1122 2571 nalutem
1156 2548 1182 2572 in

273 2579 391 2605 Domino.
416 2580 472 2605 Nini
494 2580 570 2605 vobi·
589 2581 739 2606 conatiterit
759 2581 829 2614 quod
848 2581 982 2606 soh-nne·
1001 2582 1133 2607 Arnoldua
1152 2583 1183 2607 de

273 2615 390 2644 caen-001,
406 2615 518 2640 clericu-
534 2615 652 2640 Pari-in·
667 2616 776 2641 studen-
794 2617 819 2641 in
839 2617 963 2642 facultate
973 2618 1080 2646 artium,
1093 2618 1184 2643 reddi-

273 2650 343 2675 derit
355 2653 381 2675 et
397 2651 507 2676 solverit
520 2651 599 2679 intra.
613 2655 755 2684 antequam
769 2653 884 2685 accipiat
896 2653 1012 2685 aliquem
1026 2653 1108 2678 alium
1120 2662 1183 2686 gra-

273 2685 346 2714 dum,
370 2686 471 2711 nationi
497 2686 642 2719 Anglicane
672 2687 850 2720 quadraginta
879 2691 980 2720 neptem
1006 2688 1114 2718 solidor,
1140 2697 1185 2713 ux

273 2721 395 2746 don-rio·
408 2721 559 2754 parisiens..
573 2722 600 2746 in
612 2722 709 2755 quibu·
720 2723 804 2747 eidem
817 2723 917 2748 nationi
927 2726 1029 2748 tenetur
1036 2731 1086 2756 pro
1095 2724 1184 2749 burni-

273 2758 300 2781 αἱ
315 2756 395 2781 coeli·
408 2757 472 2786 auia,
486 2761 566 2790 prout
581 2757 651 2782 idem
666 2758 770 2783 debitor
781 2759 919 2783 confessu·
937 2762 978 2783 eat
988 2759 1014 2783 in
1023 2759 1083 2791 jure
1095 2767 1184 2784 coram

275 2791 360 2821 nobit,
374 2792 449 2816 vobi·
466 2793 622 2818 mand-mu·
636 2797 767 2826 quatenns
779 2794 876 2826 ipanm,
887 2802 965 2826 quem
978 2794 1001 2819 ai
1014 2794 1041 2819 in
1053 2794 1103 2819 hoc
1117 2795 1186 2820 deie-

274 2827 348 2854 cerit.
360 2827 505 2852 municione
517 2829 656 2861 premi-u.
670 2829 697 2853 in
713 2829 762 2854 hoc
777 2830 878 2862 scripto
893 2830 1184 2863 exc[ommunicamua]‚

274 2862 551 2896 exc10mmnnieatunj
565 2871 580 2888 ι
593 2864 669 2888 nobi·
682 2865 770 2897 palam
784 2869 810 2889 et
822 2865 927 2898 publice
940 2866 1078 2891 nuncietia.
1090 2866 1185 2891 Datum

274 2905 345 2922 anno
357 2903 389 2922 a·
401 2903 462 2923 ccc·
472 2903 569 2927 unm.
580 2899 623 2924 die
633 2900 755 2924 mercurii
770 2903 832 2933 pont
845 2901 1007 2925 Brandonen.

307 2935 331 2958 ὗ.
357 2935 406 2958 Seu
411 2934 498 2966 pocius
504 2934 638 2959 nra-fdu-
644 2934 839 2960 dec-nundin.
847 2938 912 2960 Ante
919 2937 932 2960 7
941 2937 1065 2969 Septemb.
1072 2945 1116 2961 an.
1124 2937 1183 2961 ¹³67

775 407 888 433 LIBER
907 404 1221 432 PROCURATORUM
1250 403 1431 431 NATIONIS
1448 405 1693 430 ANGLICANAE

1214 925 1248 951 10

1213 1169 1247 1196 15

1214 1414 1249 1440 20

1215 1659 1250 1684 25

1216 1903 1251 1930 30

1217 2147 1250 2173 35

2139 407 2192 433 310

1325 480 1413 510 Nunc
1427 487 1573 510 secuntur
1588 481 1640 520 qui
1658 487 1829 520 posuerunt
1845 481 1950 510 literas
1968 482 2116 511 officialis.

1325 529 1449 558 Primus
1467 535 1515 558 est
1526 529 1713 559 Wilhelmus
1729 530 1767 558 de
1779 529 1932 564 Trebron,
1947 531 2190 569 quidetermina-

1283 577 1328 607 vit
1338 578 1395 607 sub
1413 578 1562 617 magistro
1580 577 1697 606 Thoma
1714 578 1752 607 de
1770 578 1870 613 Dons,
1890 578 1942 617 qui
1958 579 2061 617 posuit
2072 580 2190 609 literam

1285 626 1423 656 officialis
1443 627 1482 656 ad
1503 626 1684 656 solvendum
1703 627 1735 656 in
1751 627 1829 656 sesto
1847 627 2082 663 Pentheeostes‚
2103 628 2191 668 cujus

1284 676 1380 705 bursa
1393 675 1420 704 V
1439 675 1543 705 solidi.

1326 723 1401 753 Item
1418 724 1634 754 determinavit
1648 724 1791 754 dominus
1810 725 1966 754 Jordanus
1985 725 2130 765 Wanghe
2149 727 2187 756 de

1286 773 1384 803 Clivis
1398 774 1456 802 sub
1474 773 1622 813 magistro
1638 773 1778 803 Mercilio
1800 775 1838 802 de
1860 774 1989 814 inghen,
2013 775 2065 814 qui
2087 775 2191 814 posuit

1285 822 1404 852 literam
1428 822 1567 852 officialis
1594 823 1678 862 quod
1704 822 1855 857 solveret,
1884 829 2045 863 antequam
2066 830 2191 863 caperet

1285 871 1362 900 alios
1380 872 1507 911 gradus,
1525 870 1612 910 cujus
1629 872 1723 901 bursa
1739 872 1766 901 X
1784 871 1889 901 solidi.

1326 920 1402 949 Item
1423 919 1640 949 determinavit
1662 920 1806 950 dominus
1825 920 1982 950 lohannes
2001 920 2133 950 Arnoldi
2156 922 2193 950 de

1286 969 1398 998 Hersel
1420 969 1478 999 sub
1504 969 1654 1009 magistro
1677 968 1847 999 Wilhelmo
1872 969 1984 1005 Buser,
2010 970 2063 1009 qui
2089 970 2195 1010 posuit

1285 1018 1375 1048 etiam
1390 1018 1480 1047 talem
1496 1017 1614 1047 literam
1624 1017 1647 1054 ⁴,
1665 1017 1752 1058 cujus
1769 1019 1863 1047 bursa
1876 1018 1903 1047 V
1921 1018 2023 1048 solidi.

1326 1067 1401 1097 Item
1429 1066 1644 1096 determinavit
1664 1066 1807 1096 dominus
1830 1066 2046 1097 Ghiselbertus
2072 1069 2130 1097 Bot
2153 1069 2191 1097 de

1284 1116 1370 1146 Nova
1384 1116 1515 1146 ecclesia
1533 1116 1590 1146 sub
1606 1116 1754 1156 magistro
1770 1115 1956 1145 Guillhelmo
1973 1116 2083 1151 Buser,
2105 1116 2193 1156 cujus

1283 1166 1379 1195 bursa
1406 1165 1433 1194 V
1458 1165 1562 1200 solidi,
1590 1171 1620 1194 et
1653 1165 1710 1194 iste
1740 1175 1808 1194 cum
1839 1165 1960 1194 duobus
1990 1165 2192 1205 sequentibus

1284 1215 1374 1244 etiam
1398 1215 1502 1254 posuit
1522 1214 1641 1244 literam
1666 1213 1804 1244 officialis
1829 1215 1911 1254 quod
1936 1214 2081 1250 solveret,
2107 1222 2195 1245 ante-

1285 1274 1375 1304 quam
1390 1263 1482 1293 alium
1498 1264 1627 1303 gradum
1643 1263 1807 1303 reciperet.

1327 1313 1400 1342 Item
1422 1311 1638 1342 determinavit
1658 1311 1803 1342 dominus
1827 1311 1925 1341 Adam
1947 1313 1986 1341 de
2008 1312 2118 1342 Gonda
2137 1313 2196 1343 sub

1285 1361 1435 1401 magistro
1451 1361 1590 1390 Johanne
1608 1361 1722 1400 Proys,
1739 1360 1826 1401 cujus
1842 1362 1936 1390 bursa
1952 1361 2011 1390 llll
2029 1361 2132 1391 solidi.

1326 1410 1401 1440 Item
1424 1410 1640 1439 determinavit
1665 1410 1808 1439 dominus
1828 1409 2030 1439 Gherardus³
2050 1411 2088 1439 de
2106 1410 2191 1440 Gha-

1286 1459 1410 1488 mundia
1427 1459 1484 1488 sub
1498 1459 1646 1499 magistro
1656 1457 1798 1488 Gerardo
1814 1458 1989 1494 Swechten,
2002 1458 2089 1498 cujus
2102 1460 2197 1489 bursa

1285 1508 1312 1538 V
1327 1508 1431 1538 solidi.

1327 1557 1401 1587 Item
1423 1557 1638 1587 determinavit
1659 1557 1803 1586 dominus
1828 1557 1984 1586 Johannes
2014 1558 2052 1586 de
2083 1557 2195 1587 Prusia

1287 1607 1344 1636 sub
1370 1607 1518 1646 magistro
1548 1606 1718 1637 Wilhelmo
1744 1606 1855 1642 Buser‚
1883 1606 1936 1645 qui
1970 1606 2070 1635 etiam·
2091 1607 2196 1646 posuit

1286 1655 1406 1685 literam
1445 1655 1584 1685 officialis
1624 1656 1662 1684 ad
1695 1655 1877 1685 solvendum
1915 1655 2052 1695 plenarie
2064 1678 2070 1690 ,
2107 1661 2194 1684 ante-

1287 1715 1377 1745 quam
1402 1705 1535 1745 aliquem
1559 1705 1651 1735 alium
1671 1705 1800 1745 gradum
1823 1705 1965 1744 recipiat,
1988 1704 2075 1744 cujus
2103 1706 2197 1734 bursa

1286 1753 1314 1783 V
1326 1753 1430 1784 solidi.

1328 1802 1403 1833 Item
1425 1802 1640 1832 determinavit
1661 1802 1804 1832 dominus
1830 1801 2025 1831 Hermannus
2053 1801 2197 1831 Levenov

1288 1852 1345 1882 sub
1361 1851 1510 1892 magistro
1528 1850 1669 1880 Gerardo
1687 1850 1851 1885 Swectem,
1869 1849 1955 1889 cujus
1971 1851 2064 1880 bursa
2081 1850 2106 1879 V
2120 1850 2192 1885 sol„

1287 1900 1341 1941 qui
1357 1900 1462 1940 posuit
1477 1900 1597 1930 literam
1611 1899 1761 1935 officialis,
1779 1906 1809 1930 et
1829 1899 1922 1929 solvit
1932 1898 1956 1928 ⁶.

1329 1949 1404 1979 Item
1417 1949 1632 1979 determinavit
1644 1949 1787 1979 dominus
1803 1948 1957 1988 Nycolaus
1970 1948 2008 1977 de
2022 1948 2194 1978 Crucinaco

1288 1999 1346 2028 sub
1370 1998 1519 2038 magistro
1548 1997 1701 2033 Mamilio,
1729 1997 1816 2038 cujus
1846 1998 1939 2027 bursa
1967 1996 1992 2025 V
2018 1996 2122 2032 solidi,
2144 1997 2197 2037 qui

1288 2047 1392 2087 posuit
1405 2047 1524 2077 literam
1542 2046 1680 2076 officialis
1697 2057 1796 2087 usque
1813 2047 1851 2076 ad
1865 2047 1974 2076 festum
1992 2046 2137 2085 Remigii.

1330 2096 1404 2126 ltem
1410 2096 1624 2126 determinavit
1630 2095 1794 2125 dominus-l
1799 2095 1937 2125 ohannes
1946 2094 2118 2124 Kenczwiil

1289 2146 1346 2176 sub
1361 2145 1510 2186 magistro
1528 2144 1668 2174 Gerardo
1683 2145 1721 2174 de
1738 2144 1902 2174 Swechten
1920 2142 2007 2184 cujus
2024 2145 2119 2173 bursa

1288 2194 1315 2224 V
1332 2194 1434 2224 solidi.

1330 2243 1405 2274 ltem
1413 2243 1629 2273 determinavit
1636 2243 1778 2272 dominus
1789 2242 1938 2272 Ludolsus
1947 2243 1984 2271 de
1997 2242 2119 2271 Altonis

1290 2293 1348 2323 sub
1361 2292 1510 2332 magistro
1524 2291 1699 2322 Guilhelmo
1714 2291 1828 2327 Buzer,
1840 2290 1928 2330 cuius
1943 2292 2037 2320 bursa
2051 2290 2076 2319 V
2092 2300 2117 2319 s.

2161 2142 2202 2287 Remigii.

1290 2366 1498 2398 magisteriatum
1512 2367 1611 2391 artibuo
1621 2366 1740 2395 obtinuit,
1750 2369 1777 2390 ut
1787 2375 1800 2390 e
1808 2367 1925 2398 nequeunti
1931 2366 2098 2389 instrumento
2109 2364 2187 2396 (ΑΙ-οὶ]
2194 2382 2199 2387 .

1290 2403 1413 2427 Univen.
1422 2402 1516 2430 Paria..
1530 2402 1599 2426 thec.
1612 2403 1675 2430 xw,
1688 2407 1716 2425 n·
1727 2402 1764 2430 14,
1779 2405 1886 2434 apparet
1899 2410 1906 2425 .·
1920 2403 1992 2425 Anno
2006 2401 2107 2425 Domini
2121 2400 2202 2423 mille-

1291 2439 1358 2462 simo
1370 2438 1460 2463 CCC-⁴
1473 2438 1523 2462 LX·
1536 2438 1658 2469 septimo,
1672 2437 1713 2461 die
1727 2438 1819 2461 martis
1833 2437 1858 2461 in
1874 2437 1964 2469 vigilia
1978 2437 2035 2460 festi
2050 2435 2200 2459 Nativitati·

1290 2474 1365 2498 beate
1377 2473 1456 2498 Μανία
1471 2474 1594 2505 Virginis.
1609 2482 1697 2497 voram
1711 2473 1787 2497 nobis
1798 2473 1904 2496 officiali
1918 2472 2059 2496 parisiensi
2074 2479 2201 2503 pei-sona-

1291 2510 1352 2534 liter
1361 2509 1519 2533 constitutus
1534 2509 1668 2533 Erhardus
1679 2509 1710 2533 de
1722 2508 1869 2533 Gnmundia
1880 2508 1990 2532 clericus
2003 2507 2112 2531 scolaris
2127 2506 2201 2530 Pari-

1292 2546 1382 2574 aienu..
1391 2546 1543 2577 recognovit
1556 2545 1625 2569 bona
1636 2545 1687 2569 fide
1699 2553 1726 2568 se
1737 2544 1832 2568 debere
1843 2547 1868 2567 et
1883 2544 1999 2575 legitime
2008 2543 2088 2566 teneri
2100 2542 2202 2565 solvere

1291 2585 1317 2605 et
1329 2581 1437 2606 reddere
1447 2581 1549 2604 nacioni
1563 2581 1681 2605 Almanie
1693 2580 1749 2612 (sic)
1762 2583 1809 2604 aut
1821 2580 1898 2604 latori
1908 2579 2073 2611 presencium
2083 2586 2130 2610 pro
2142 2578 2202 2609 ipsa

1292 2616 1460 2649 neptuaginta
1474 2616 1540 2640 duos
1556 2616 1655 2640 solidos
1671 2616 1822 2648 parisiens„
1839 2615 1864 2639 in
1882 2615 1977 2647 quibua
1995 2614 2080 2638 cidem
2099 2614 2200 2637 nncioni

1292 2652 1427 2677 ssrhardus
1444 2655 1547 2676 tenetur
1566 2652 1670 2676 racione
1687 2655 1713 2675 et
1730 2660 1810 2675 cnnsu
1829 2651 2038 2677 bucbnlnrentun.
2056 2649 2163 2673 licencie
2177 2652 2204 2673 et

1292 2687 1449 2720 magisterii,
1461 2696 1540 2720 quam
1551 2688 1660 2719 pecunie
1673 2695 1804 2711 summam
1814 2687 1899 2710 dictus
1912 2686 2045 2710 Erbarduu
2060 2685 2204 2709 reddiderit

1292 2727 1318 2748 et
1326 2723 1436 2748 solverit
1442 2726 1540 2756 quanto
1546 2724 1624 2748 citius
1631 2724 1756 2755 poterit...
1765 2723 1814 2746 nub
1823 2731 1889 2754 penu
1896 2721 2201 2745 excommunicationis...

1323 2760 1375 2783 Hoc
1392 2759 1584 2783 instrumentum
1600 2761 1689 2783 notatu
1707 2758 1812 2790 dignum
1830 2760 1867 2781 eal
1883 2757 1953 2789 quod
1965 2757 2022 2789 jam
2038 2758 2144 2788 apparel
2155 2764 2203 2779 ναι·

1292 2795 1369 2819 Natio
1384 2794 1520 2819 Almannie
1530 2803 1579 2826 pro
1592 2797 1712 2818 consucta
1726 2794 1878 2825 Anglicana,
1893 2792 1962 2824 quod
1974 2800 2058 2816 omnen
2074 2791 2203 2823 hucusque

1293 2830 1369 2863 sugit.
1393 2829 1457 2854 duce
1481 2830 1590 2854 ΒυιΑιο
1607 2830 1765 2861 affirmante,
1783 2837 1825 2853 an.
1849 2829 1907 2852 1³77
1930 2830 2029 2851 tantum
2049 2827 2080 2850 de
2101 2826 2202 2850 nomine

1293 2866 1406 2890 nacionis
1425 2865 1547 2889 mutando
1562 2865 1694 2889 comitium
1715 2865 1804 2889 initum
1820 2872 1873 2888 ene
1888 2864 1934 2888 (De
1953 2862 2073 2888 Patroni·
2089 2866 2203 2895 quatuor

1295 2902 1440 2930 nationum.
1455 2909 1481 2933 p.
1500 2901 1548 2932 70).

1324 2938 1348 2961 6.
1388 2937 1464 2961 Verba
1476 2940 1502 2960 et
1515 2937 1594 2960 solvit
1603 2936 1730 2968 posterius
1744 2935 1846 2959 addila.
