2632 3464
254 1462 398 1495 Receptor

426 408 483 425 χιιι
1263 402 1302 442 IN
1304 403 1326 428 T
1330 403 1529 443 RODUCTIQ
1539 423 1541 428 .

428 477 465 511 S.
491 475 687 513 Ludovici.
717 479 796 514 Hoc
824 490 870 514 ex
898 477 1067 514 Elencho
1086 486 1379 527 procuratorum
1408 483 1458 530 (p.
1484 481 1659 529 945-961)
1682 484 1907 532 patet.-Qui
1936 497 2005 534 per
2026 487 2357 545 vacationesipro-

426 553 580 582 curator
601 554 695 590 erat,
724 560 744 582 a
767 554 968 596 receptore
1002 548 1049 583 20
1081 548 1151 584 sol.
1176 549 1389 598 recipiebat
1410 550 1498 596 (vid.
1527 551 1624 588 infra
1647 564 1730 601 cap.
1757 553 1814 595 11,
1838 565 1876 602 p.
1898 555 2358 614 L11,g,4?).,.Ex÷1Elcnqho

426 616 541 651 etiam
558 623 731 665 apparet,
745 616 910 653 eundem
926 629 1041 666 saepe
1050 618 1316 654 continuatum
1333 626 1371 656 et
1383 619 1528 668 pluries
1541 621 1578 656 in
1595 627 1883 670 procuratorem
1897 622 2170 667 electumesse.
2190 636 2354 669 *ui-ww}

476 685 502 719 E
519 692 672 721 vetusto
694 685 887 722 facultatis
913 687 1050 722 artium
1073 688 1238 723 statuto¹
1259 689 1348 723 anni
1375 689 1481 734 1288,
1507 698 1734 739 procurator
1755 703 1877 728 novus
1896 704 2038 729 nomen
2060 701 2233 735 summat
2247 694 2355 739 diem

424 752 625 790 electionis
642 755 680 789 in
698 756 862 804 registro
879 755 1089 792 inscribere
1105 756 1292 800 debebat;
1312 758 1467 807 jurabat
1479 759 1492 781 2
1511 761 1548 795 in
1568 761 1811 797 institutione
1828 773 1894 797 sua
1911 763 2039 801 omnia
2054 764 2163 801 acta³
2182 746 2356 814 tempere

423 825 706 872 procurationis
723 838 815 862 suae
835 838 876 862 se
897 827 1220 876 conscripturum,
1240 819 1468 876 praesertim
1483 830 1639 865 nomina
1658 829 1947 879 graduatorum.
1963 832 2354 882 ,Quamfnegligentes

422 893 578 942 quidam
595 894 748 937 suerint,
768 896 862 932 satis
879 895 1000 944 liquet
1016 908 1037 932 e
1057 896 1184 932 Libro.

471 963 542 998 Die
569 963 770 999 electionis
795 970 1022 1014 procurator
1046 964 1243 1008 abdicans,
1272 973 1314 1002 ut
1337 973 1525 1004 statuerat
1547 969 1652 1005 natio
1675 981 1736 1005 an.
1770 970 1862 1006 1340
1889 972 1937 1019 (p.
1966 971 2027 1014 43,
2057 971 2130 1018 24),
2155 956 2355 1024 librumet

421 1045 622 1081 papyrum,
642 1033 811 1081 sigillum
834 1046 921 1070 cum
942 1033 1113 1070 clavibus
1138 1042 1341 1084 apportare
1364 1035 1541 1079 debebat,
1572 1050 1621 1074 ne
1642 1051 1846 1075 successor
1865 1040 1904 1075 in
1926 1039 2001 1076 ulla
2026 1053 2067 1077 re
2087 1041 2349 1089 impedit-ebur.

422 1102 590 1138 Durante
612 1102 739 1138 officio
761 1103 888 1139 nullus
915 1115 957 1140 se
985 1104 1189 1141 absentare
1211 1107 1337 1154 potuit
1358 1107 1441 1143 sine
1463 1119 1656 1143 consensu
1680 1109 1861 1151 nationis,
1890 1121 1988 1158 quae
2010 1117 2101 1145 tunc
2123 1110 2238 1146 alium
2260 1111 2353 1147 sub-

420 1171 618 1207 stituebat.
650 1174 690 1207 ln
720 1172 822 1208 nulla
848 1174 962 1209 etiam
990 1175 1146 1210 natione
1168 1176 1371 1224 quisquam
1386 1176 1499 1212 simul
1518 1176 1646 1213 officio
1673 1180 1934 1227 procuratoris
1952 1180 2119 1215 nationis
2137 1188 2176 1216 et
2192 1182 2352 1216 rectoris

420 1242 688 1277 Universitatis
707 1242 813 1291 fungi
830 1244 968 1292 potuit.
2249 1240 2251 1242 V
2278 1241 2279 1244 Ἴ

466 1311 525 1346 Ab
547 1324 608 1348 an.
633 1312 725 1347 1392
741 1312 904 1361 quilibet
924 1322 1151 1362 procurator
1171 1314 1355 1352 abdicans
1371 1317 1516 1352 nationi
1539 1317 1782 1367 supplicavit,
1802 1325 1843 1354 ut
1864 1319 1901 1354 in
1919 1319 1997 1354 suis
2012 1320 2200 1356 anteactis
2219 1328 2351 1369 gratus

417 1379 624 1416 haberetur
640 1388 678 1417 et
694 1394 713 1417 a
730 1383 887 1418 natione
908 1382 1197 1432 approbaretur.

468 1451 622 1486 Praeter
642 1459 873 1499 receptorem
888 1465 1129 1488 commanem
1139 1454 1343 1501 facultatis
1364 1457 1508 1491 artium
1529 1456 1567 1490 in
1587 1455 1818 1505 quibusdam
1839 1457 2110 1493 occasionibus
2131 1458 2349 1495 institutum

418 1519 514 1564 (259,
541 1520 609 1562 233
639 1520 723 1561 273,
747 1521 819 1568 29),
845 1534 894 1557 ne
917 1529 1024 1558 sexta
1049 1522 1165 1558 bursa
1187 1525 1400 1573 suppositis
1424 1525 1605 1574 imposita
1631 1525 1766 1562 alienis
1792 1525 1925 1562 usibus
1951 1528 2125 1570 serviret,
2153 1519 2350 1577 quaelibet

416 1590 521 1624 natio
547 1589 594 1624 ab
620 1591 777 1639 antiquo
798 1600 1031 1640 receptorem
1047 1594 1238 1640 pecuniae
1258 1595 1425 1630 nationis
1439 1594 1584 1630 habuit.
1604 1596 1725 1631 Grave
1748 1594 1785 1631 id
1809 1609 1945 1632 munus
1968 1597 2250 1646 antiquioribus
2269 1611 2350 1635 ma-

414 1660 547 1707 gistris
569 1672 645 1695 non
667 1660 892 1709 regentibus
910 1661 1194 1704 conferebatur,
1211 1675 1299 1698 cum
1316 1664 1429 1699 animi
1450 1665 1708 1701 maturitatem
1727 1666 1764 1700 in
1786 1665 2018 1715 recipiendis
2035 1666 2367 1718 exponendisque.

416 1731 575 1765 summis
602 1731 785 1779 exigeret,
811 1729 940 1767 valore
969 1739 1208 1767 monetarum
1230 1733 1417 1782 imprimis
1443 1735 1480 1769 in
1506 1733 1589 1770 dies
1614 1735 1797 1771 variante.
1824 1735 2043 1772 Secundum
2059 1737 2276 1785 juramenta
2301 1737 2349 1774 ab

414 1799 461 1834 iis
483 1800 705 1848 praestita4,
735 1801 765 1836 si
792 1813 921 1836 errore
948 1801 1007 1837 vel
1037 1803 1161 1850 gratia
1186 1802 1460 1851 praejudicium
1489 1803 1646 1853 aliquod
1680 1805 1825 1841 nationi
1855 1805 2051 1848 fecissent,
2073 1820 2089 1840 α
2112 1805 2160 1842 de
2187 1808 2350 1856 pecunia

415 1867 544 1904 debita
567 1870 713 1905 nationi
735 1870 957 1907 satisfacere
975 1885 991 1905 1>
1015 1870 1230 1915 debebant;
1255 1873 1384 1921 itaque
1400 1874 1615 1922 receptoria
1639 1887 1714 1910 non
1735 1887 1755 1910 a
1773 1874 2007 1924 pauperibus
2026 1875 2293 1925 quaerebatur.

465 1939 626 1974 Statutis
646 1952 705 1975 an.
731 1940 944 1976 1346-1350
960 1940 1070 1976 factis
1092 1942 1164 1987 (97,
1183 1943 1204 1977 8
1226 1954 1300 1991 sq.,
1323 1942 1404 1986 146,
1428 1943 1501 1990 24),
1524 1944 1725 1993 pecuniam
1747 1957 1813 1980 seu
1835 1943 1944 1980 vadia
1965 1945 2002 1980 in
2024 1944 2199 1994 quolibet
2218 1958 2349 1983 mense

414 2016 582 2057 recepta,
610 2016 697 2045 ante
718 2008 832 2046 finem
855 2011 997 2046 mensis
1019 2012 1056 2046 in
1077 2024 1203 2047 arcam
1227 2013 1394 2048 nationis
1416 2025 1603 2062 reponere
1626 2021 1804 2063 receptor
1824 2013 2063 2062 adigebatur.
2090 2016 2176 2063 lpse
2199 2023 2348 2064 partem

415 2077 578 2114 bedellis
595 2078 765 2115 debitam
781 2080 816 2114 in
835 2079 910 2116 fine
927 2082 1070 2116 mensis
1091 2081 1331 2125 refunderet;
1346 2090 1384 2118 et
1405 2083 1579 2132 quolibet
1597 2096 1729 2120 mense
1749 2091 1971 2133 compotum
1987 2085 2025 2120 in
2045 2086 2348 2134 congregatione

414 2148 582 2183 nationis
598 2147 788 2184 redderet.
807 2150 857 2184 At
871 2151 1024 2198 saepius
1040 2150 1205 2186 vidimus
1226 2151 1386 2187 dilatum
1401 2165 1488 2188 esse
1504 2160 1742 2202 computum,
1763 2167 1779 2187 ε(
1795 2154 1882 2202 quia
1894 2165 1971 2189 non
1987 2154 2203 2202 comparuit
2218 2166 2348 2204 recep—

415 2223 475 2252 tor
493 2231 529 2259 »3
549 2224 683 2266 postea
701 2219 738 2252 in
760 2218 1026 2255 vacationibus
1042 2227 1083 2255 ut
1099 2222 1371 2269 procuratoris,
1391 2222 1441 2257 ita
1456 2221 1668 2270 receptoris
1685 2233 1824 2257 munus
1839 2220 2068 2258 dormiebat.

465 2288 729 2324 Communiter
753 2287 801 2323 ad
831 2301 972 2324 annum
996 2297 1174 2338 receptor
1198 2290 1413 2340 eligebatur
1443 2291 1539 2337 (561,
1572 2291 1644 2338 28),
1680 2290 1748 2327 sed
1780 2303 1911 2327 revera
1935 2298 2012 2327 tam
2046 2293 2347 2341 opportunitatis

414 2369 543 2400 causa,
573 2370 686 2406 quam
713 2358 866 2407 quando
893 2360 1048 2408 negotia
1073 2359 1187 2408 longa
1213 2361 1366 2409 incepta
1389 2367 1512 2404 erant,
1544 2368 1586 2396 ut
1613 2361 1804 2409 reparatio
1832 2360 2049 2397 scholarum
2076 2360 2136 2397 vel
2162 2361 2345 2406 domuum

415 2428 596 2469 nationis,
629 2435 834 2464 renovatus
862 2435 944 2464 erat
972 2430 1152 2478 antiquus
1176 2437 1373 2479 receptor3
1397 2431 1451 2466 sic
1473 2431 1660 2466 Henricus
1685 2429 1734 2466 de
1760 2430 1903 2467 Thenis
1926 2443 1988 2466 an.
2015 2430 2239 2474 1371-1376;
2261 2433 2347 2467 Jor-

413 2496 536 2532 danus
575 2496 623 2533 de
649 2496 765 2533 Clivis
791 2498 1002 2533 1379-1383
1031 2506 1068 2534 et
1097 2506 1252 2547 postea;
1283 2499 1468 2549 Aegidius
1501 2499 1550 2536 de
1583 2499 1729 2536 Jutfaes
1758 2512 1819 2535 an.
1860 2500 1953 2535 1392
1989 2499 2137 2536 electus
2175 2499 2345 2536 nondum

414 2579 473 2602 an.
503 2567 608 2609 1399,
627 2580 703 2616 quo
719 2567 910 2616 epidemia
928 2575 1101 2604 mortuus
1121 2576 1182 2605 est
1198 2568 1441 2606 abdicaverat
1457 2570 1555 2616 (804,
1575 2570 1619 2605 41
1637 2585 1644 2612 ;
1663 2570 1747 2613 807,
1770 2570 1843 2616 24).
1864 2571 1997 2618 Itaque
2018 2582 2079 2605 an.
2099 2570 2191 2606 1403
2216 2569 2345 2606 multis

415 2637 609 2685 magistris
626 2649 739 2685 aegre
753 2636 965 2673 ferentibus
982 2652 998 2672 «
1018 2637 1194 2681 invidias,
1218 2640 1317 2675 rixas
1329 2647 1367 2675 et
1382 2639 1642 2676 dissentiones
1654 2640 1743 2675 oriri
1760 2640 1796 2674 in
1813 2640 1969 2675 natione
1989 2651 2035 2675 ex
2056 2640 2345 2675 continuatione

454 2796 480 2822 1.
526 2794 595 2824 Vid.
618 2796 767 2830 (Μανικὰ,
784 2795 824 2831 11,
841 2795 890 2824 22.
1432 2797 1555 2826 fuerunt
1580 2796 1687 2836 plures
1715 2795 1975 2835 congregationes
2007 2795 2188 2835 generales,
2216 2802 2244 2823 et
2271 2795 2345 2833 quid

451 2844 479 2872 2.
526 2843 595 2873 Vid.
615 2846 763 2880 Cltartul„
780 2845 820 2880 11,
837 2850 869 2874 n⁰
884 2846 943 2875 549
958 2851 987 2875 et
1002 2846 1071 2876 672.
1430 2848 1543 2882 sactum
1559 2847 1618 2883 suit
1635 2846 1703 2874 hinc
1718 2846 1787 2874 inde
1806 2845 1877 2874 bene
1891 2847 1995 2880 scitur,
2013 2851 2043 2874 et
2063 2844 2135 2884 quia
2157 2844 2226 2873 aliis
2244 2843 2344 2883 impe-

451 2894 479 2923 3.
526 2894 592 2923 Hoc
608 2901 707 2923 tamen
719 2894 926 2933 juramentum
943 2895 1075 2935 quisque
1092 2906 1148 2935 pro
1162 2895 1321 2924 conscien-
1431 2895 1527 2929 ditus,
1544 2895 1647 2923 omnia
1660 2894 1798 2924 scribere
1812 2904 1874 2923 non
1889 2894 1990 2934 potuit
2007 2906 2019 2921 n
2035 2900 2230 2933 procurator.

410 2944 450 2973 tia
465 2953 519 2973 sua
531 2951 714 2983 procurator
727 2946 930 2982 observabat;
948 2947 986 2974 cf.
1001 2956 1030 2984 p.
1044 2946 1114 2980 300,
1135 2946 1170 2974 16
1185 2957 1191 2974 ;
1213 2958 1226 2972 ιι
1245 2946 1321 2974 facte
1472 2946 1499 2973 4.
1545 2944 1616 2974 Vid.
1633 2946 1783 2979 Char-tul„
1802 2943 1842 2979 ll,
1859 2944 1930 2973 672.
