2632 3464
445 420 498 446 179

444 495 532 536 cujus
547 497 642 525 bursa
657 495 752 525 nichil
766 502 832 525 erat
845 506 904 536 pro
921 501 1005 525 tunc.
1026 495 1089 525 Sed
1099 495 1216 536 juravit
1234 496 1265 525 in
1279 505 1355 535 pre-

446 546 552 575 sencia
574 545 716 574 nacionis
745 546 829 585 quod
853 545 1101 585 quandocunque
1129 545 1294 579 ditaretur,
1323 551 1356 574 ut

442 595 622 625 satisfacere
637 600 755 634 posset,
772 600 802 624 et
814 594 1033 634 ‘quantocicius
1047 595 1128 623 idem
1143 594 1301 624 Johannes
1317 594 1355 622 de

443 644 549 674 bursis
567 644 632 673 suis
650 643 773 673 nacioni
790 644 992 673 satisfaceret.

777 718 1026 759 incipientes.

485 790 560 820 Item
582 791 697 830 incepit
716 790 860 820 dominus
879 790 1037 819 Johannes
1058 791 1095 819 de
1111 789 1257 819 Velstede
1274 790 1355 819 Saxo

440 841 482 870 de
494 840 681 870 Brunswich
695 840 753 869 sub
772 839 920 879 magistro
935 839 1051 868 Thoma
1064 839 1200 874 Kolarst,
1212 849 1270 878 pro
1283 845 1355 868 tunc

445 896 658 929 procuratore,
676 888 764 928 cujus
783 889 877 918 bursa
893 890 911 918 5
928 888 1032 917 solidi.

485 939 559 968 Item
583 938 699 977 incepit
720 937 863 967 dominus
887 937 1044 966 Johannes
1071 938 1133 976 [de]
1156 937 1356 966 Wanzberch

444 989 502 1017 sub
521 988 670 1027 magistro
688 986 830 1021 Alberto.
845 985 932 1026 cujus
945 987 1040 1016 bursa
1055 987 1073 1015 5
1089 986 1192 1015 solidi.

485 1036 559 1066 Item
580 1036 629 1065 die
651 1036 768 1065 mensis
790 1036 908 1065 decima
928 1036 1069 1075 septima,
1094 1036 1171 1065 facta
1186 1045 1356 1076 congrega-

443 1087 533 1116 cione
562 1085 702 1114 nacionis
729 1086 811 1124 apud
836 1085 982 1114 Sanctum
1007 1084 1206 1120 Maturiuum,
1231 1085 1356 1124 quidam

444 1135 620 1165 bacularius
637 1134 829 1169 licenciatus‚
849 1134 992 1163 dominus
1014 1134 1171 1163 Johannes
1195 1135 1257 1173 [de]
1278 1134 1356 1163 Olo-

442 1194 564 1218 muncz,
590 1183 777 1223 supplicavit
804 1183 960 1213 humiliter
986 1190 1020 1212 ut
1046 1183 1134 1212 nacio
1160 1184 1198 1212 de
1222 1184 1356 1222 quodam

442 1234 602 1265 ommisso.
619 1232 786 1272 juramenti
807 1232 1021 1272 procuratoris
1040 1232 1197 1267 videlicet,
1215 1233 1254 1262 ad
1271 1234 1356 1272 quod

441 1283 657 1322 unusquisque
675 1282 887 1311 licenciandus
903 1288 1066 1321 antequam
1078 1281 1260 1311 licencietur
1272 1288 1355 1311 tene-

441 1339 507 1367 tur,
536 1333 620 1371 quod
647 1331 827 1371 ignoranter
860 1331 965 1360 omisit
988 1330 1069 1360 idem
1093 1331 1268 1366 Johannes,
1294 1331 1354 1360 sibi

441 1381 618 1421 indulgeret
633 1386 663 1410 et
674 1381 870 1415 concederet,
887 1386 921 1410 ut
936 1381 974 1409 ad
986 1378 1355 1420 juramentum“procura-

441 1431 520 1461 toris
559 1430 800 1469 permitteretur.
835 1429 893 1459 Cui
930 1435 1001 1459 tunc
1033 1439 1217 1459 concessum
1255 1436 1303 1459 est
1338 1440 1356 1459 a

442 1480 583 1517 nacione,
598 1480 682 1519 quod
697 1479 796 1508 adhuc
807 1477 928 1518 juraret
939 1479 1147 1518 procuratori.
1162 1478 1201 1508 Et
1215 1489 1282 1508 cum
1296 1479 1354 1508 hoc

441 1530 530 1559 nacio
545 1539 648 1559 secum
665 1528 860 1567 dispensavit
873 1528 910 1557 de
924 1527 1085 1563 ommisso‚
1098 1529 1264 1558 dummodo
1271 1528 1355 1568 jura-

442 1585 500 1614 ret,
514 1579 598 1618 quod
616 1578 674 1607 hoc
692 1588 754 1607 non
769 1583 854 1607 esset
870 1577 1019 1607 omissum
1030 1587 1067 1606 ex
1078 1577 1180 1617 aliqua
1194 1577 1352 1617 superbia,

443 1628 563 1658 malicia
585 1634 636 1657 aut
665 1626 912 1667 presumptione.
939 1626 978 1655 Et
1007 1626 1053 1655 sic
1084 1627 1156 1656 fecit
1183 1633 1213 1656 et
1239 1626 1356 1667 juravit

442 1684 561 1717 postea.

484 1727 558 1756 Item
584 1727 613 1755 in
638 1726 743 1755 eadem
767 1725 1015 1765 congregacione
1038 1726 1224 1755 concordate
1245 1731 1317 1755 sunt
1337 1727 1355 1755 4

441 1776 589 1805 naciones
611 1774 764 1804 facultatis
790 1774 901 1804 artium
932 1781 961 1803 et
984 1775 1088 1803 sedata
1120 1780 1168 1804 est
1191 1775 1281 1814 briga
1303 1774 1355 1804 illa

441 1831 509 1854 orta
536 1835 573 1853 ex
600 1835 647 1859 eo,
680 1824 763 1863 quod
786 1824 930 1853 dominus
955 1823 1158 1852 cancellarius
1185 1823 1215 1852 in
1244 1824 1355 1853 Sancta

443 1874 606 1907 Genofiefa,
626 1883 694 1902 cum
713 1872 886 1902 licentiaret
902 1873 1077 1902 bacularios
1098 1873 1196 1912 prime
1215 1873 1355 1902 audicio-

440 1923 506 1957 nis,
522 1933 614 1952 unum
633 1922 785 1951 Gallicum
802 1922 971 1951 secundum
988 1922 1216 1961 depositionem
1238 1923 1356 1951 exami-

440 1979 582 2001 natorum
602 1972 632 2000 in
646 1971 789 2000 omnibus
803 1971 992 2010 postposuit,
1008 1977 1038 2000 et
1055 1981 1091 2000 ex
1111 1981 1147 2000 eo
1161 1972 1245 2010 quod
1261 1981 1355 2001 unum

443 2022 606 2061 Anglicum
635 2021 666 2049 in
698 2021 729 2049 2²
749 2021 907 2049 auditione
938 2020 1106 2060 gallicavit.
1140 2020 1242 2060 Super
1264 2031 1355 2060 quam

442 2070 640 2100 concordiam
664 2070 808 2099 dominus
831 2076 934 2098 rector
955 2069 1088 2108 sumpsit
1117 2069 1355 2099 instrumentum

444 2120 612 2160 publicum,
628 2129 723 2158 super
734 2119 785 2148 illa
801 2119 882 2148 enim
895 2119 1062 2148 concordia
1077 2125 1142 2148 erat
1153 2119 1355 2159 congregatio

444 2169 660 2209 principaliter
676 2169 763 2198 facta.

485 2219 559 2248 Item
577 2219 653 2247 facta
665 2217 912 2258 congregacione
927 2218 1067 2246 nacionis
1081 2218 1162 2256 apud
1178 2217 1355 2247 Predicato-

444 2278 506 2302 res,
524 2268 574 2296 die
593 2267 708 2296 mensis
728 2267 875 2296 vicesima
889 2267 935 2301 2²,
956 2267 993 2295 ad
1011 2267 1261 2306 supplicandum,
1280 2277 1356 2306 sup-

443 2317 637 2357 plicaverunt
666 2323 730 2345 tres
762 2316 881 2345 domini
914 2328 920 2344 :
951 2316 1095 2345 dominus
1130 2315 1288 2345 Arnoldus
1318 2317 1355 2345 de

447 2367 599 2395 Essendia
612 2367 649 2394 de
664 2365 858 2404 Aldendorp,
875 2365 1019 2394 dominus
1033 2365 1165 2394 Mathias
1183 2366 1221 2394 de
1235 2365 1354 2399 Lintze,

444 2415 587 2444 dominus
621 2414 778 2444 Johannes
811 2415 872 2453 [de]
906 2414 1080 2446 Olomuntz,
1119 2420 1150 2443 ut
1185 2414 1230 2443 eis
1262 2415 1356 2443 burse

444 2475 562 2497 eorum.
588 2475 664 2504 quas
683 2464 805 2493 nacioni
826 2474 862 2492 ex
882 2470 967 2503 parte
986 2463 1114 2492 licencie
1138 2470 1167 2492 et
1185 2463 1357 2503 magisterii

444 2520 639 2547 tenerentur,
667 2523 743 2552 quas
762 2519 892 2552 propter
919 2519 1129 2552 paupertatem
1152 2519 1182 2541 et
1205 2513 1356 2542 defectum

444 2564 575 2603 pecunie
596 2562 718 2592 solvere
738 2572 800 2591 non
818 2568 964 2601 possent,
985 2562 1230 2591 misericorditer
1250 2561 1357 2590 remit-

444 2619 594 2641 terentur.
620 2612 740 2649 Quibus
763 2612 991 2640 concedebatur
1015 2611 1208 2650 supplicacio
1233 2621 1355 2645 eorum,

444 2662 559 2690 additis
585 2661 821 2690 condicionibus
845 2660 930 2695 istis,
949 2660 1094 2689 videlicet
1115 2661 1199 2699 quod
1215 2659 1357 2699 jurarent

446 2712 506 2740 duo
527 2722 532 2739 :
549 2710 649 2750 primo
662 2716 695 2739 ut
708 2720 770 2739 non
784 2710 934 2739 haberent
946 2710 1026 2738 unde
1043 2709 1216 2743 solverent;
1232 2710 1263 2737 2⁰
1274 2709 1357 2748 quod

446 2759 561 2789 vellent
592 2759 713 2788 solvere
744 2759 868 2798 quando
891 2758 1071 2798 pecunniis,
1098 2758 1212 2797 quibus
1236 2757 1356 2787 solvere

447 2815 575 2847 possent
587 2810 676 2843 bene,
694 2808 920 2837 habundarent.
937 2806 977 2836 Et
992 2807 1051 2836 ista
1066 2807 1127 2836 duo
1141 2806 1357 2846 unusquisque

446 2858 576 2887 istorum
597 2857 799 2897 singulariter
827 2857 857 2886 in
886 2856 1050 2896 presencia
1076 2856 1214 2885 nacionis
1242 2855 1356 2884 ibidem

479 2960 500 2983 l.
542 2960 594 2983 Vizl.
609 2959 727 2983 Cbnrtul.
746 2959 868 2982 Univers.
884 2958 966 2986 Paris,
980 2959 1012 2986 II,
1030 2967 1056 2990 p.
1070 2959 1117 2982 674
1131 2958 1175 2990 (5).

993 419 1217 446 AUCTARIUM
1237 418 1498 446 CHARTULARII
1518 419 1691 447 UNIVERS.
1714 420 1832 448 Panis.

1394 940 1428 967 10

1394 1184 1427 1211 15

1393 1431 1427 1457 20

1393 1676 1426 1703 25

1393 1924 1426 1950 30

1393 2170 1427 2196 35

1394 2416 1428 2442 40

1395 2664 1429 2690 45

2326 423 2378 450 18⁰

1460 494 1589 535 juravit,
1611 502 1641 526 et
1659 497 1706 526 sic
1728 497 1944 537 unusquisque
1965 497 2094 528 istorum
2114 499 2207 528 trium
2232 499 2377 529 domino-

1465 554 1532 574 rum
1548 551 1670 575 tenetur
1684 547 1795 576 bursas
1812 556 1884 576 suas
1899 546 2023 576 nacioni
2036 556 2127 587 quam
2142 547 2204 577 cito
2216 548 2375 578 ditabitur.

1506 594 1580 623 Item
1621 594 1653 624 in
1693 596 1798 625 eadem
1834 596 2082 636 congregacione
2123 596 2380 636 supplicaverunt

1464 642 1579 672 bedelli
1594 643 1735 674 nacionis
1754 650 1860 674 nostre
1879 644 2003 675 nacioni
2020 651 2053 674 ut
2065 645 2265 676 adhiberetur
2276 656 2378 676 reme-

1465 691 1548 722 dium
1573 693 1611 722 ad
1632 692 1690 723 hoc
1712 694 1797 733 quod
1819 693 1876 729 illi,
1898 703 1967 723 cum
1987 694 2101 734 quibus
2126 694 2328 734 dispensatur
2345 695 2378 724 in

1465 741 1595 771 nacione
1625 742 1664 771 de
1699 742 1806 772 bursis
1840 742 1906 772 suis
1942 753 2019 782 quas
2053 749 2200 773 tenentur
2236 745 2374 779 nacioni..

1468 801 1482 818 α
1504 790 1575 820 dum
1594 796 1696 820 tamen
1714 791 1906 823 satisfaciant
1927 791 2059 822 bedellis
2077 793 2116 821 de
2138 792 2204 822 suis
2222 793 2339 830 bursis,
2361 805 2375 820 ι»

1465 849 1537 869 raro
1550 845 1601 869 aut
1618 849 1774 880 nunquam
1788 840 1984 870 satisfaciunt
1997 841 2054 876 eis,
2070 851 2126 870 nec
2140 851 2207 871 cum
2226 842 2264 871 ad
2279 841 2382 871 licen-.

1466 888 1543 917 ciam
1553 894 1605 918 aut
1617 888 1829 929 magisterium
1842 889 1958 919 fuerint
1967 890 2131 930 permissi,
2144 891 2186 920 ad
2198 891 2377 921 memoriam

1466 937 1706 967 satisfactionem
1725 938 1889 968 bursarum
1911 939 2040 978 prefatis
2055 939 2187 969 bedellis
2199 940 2378 980 ‘dignaren-

1464 992 1516 1016 tur
1545 996 1703 1016 revocare.
1746 987 1866 1024 Quibus
1905 989 2134 1018 concedebatur
2166 989 2380 1024 concorditer,

1466 1036 1550 1075 quod
1566 1035 1669 1065 nullos
1685 1046 1753 1065 cum
1770 1036 1884 1076 quibus
1901 1037 1990 1066 nacio
2008 1038 2247 1077 dispensaverit,
2264 1039 2377 1068 bursas

1464 1084 1605 1114 nacionis
1629 1085 1827 1121 remittendo,
1848 1086 1887 1115 ad
1911 1085 2045 1125 aliquem
2066 1087 2208 1126 gradum,
2231 1087 2379 1117 videlicet

1465 1134 1770 1170 determinacionem,
1786 1134 1946 1164 licenciam
1960 1141 2012 1164 aut
2026 1136 2251 1175 magisterium,
2269 1135 2377 1166 admit-

1464 1189 1619 1218 terentur,
1641 1183 1703 1213 nisi
1721 1193 1755 1213 se
1773 1183 1862 1223 prius
1882 1193 1951 1213 cum
1969 1184 2100 1214 bedellis
2118 1184 2197 1224 ipsis
2217 1186 2255 1215 de
2271 1185 2377 1215 bursis

1465 1232 1604 1272 ipsorum
1619 1232 1821 1262 amicabiliter
1835 1233 2059 1272 expediverint.

1808 1308 2034 1339 Licenciati.

1505 1379 1580 1409 Item
1597 1379 1779 1409 licenciatus
1798 1379 1855 1409 fuit
1870 1379 2014 1409 dominus
2035 1379 2194 1409 Johannes
2214 1381 2253 1410 de
2268 1380 2381 1410 Sittart

1465 1430 1523 1459 sub
1541 1429 1691 1469 magistro
1708 1427 1838 1458 Alberto
1857 1429 1895 1458 de
1911 1428 2057 1464 Saxonia,
2075 1428 2162 1469 cujus
2178 1430 2272 1459 bursa
2284 1431 2302 1460 5
2316 1430 2374 1460 sol.

1506 1478 1581 1507 Item
1601 1477 1782 1507 licenciatus
1805 1478 1861 1507 fuit
1880 1478 2025 1507 dominus
2048 1478 2170 1508 Stacius
2193 1478 2376 1509 Velhowere

1464 1528 1503 1557 de
1521 1527 1644 1556 Sladem
1664 1527 1722 1556 sub
1738 1527 1890 1566 magistro
1905 1526 2048 1563 Alberto,
2065 1526 2152 1567 cujus
2171 1528 2266 1557 bursa
2283 1528 2301 1557 5
2312 1527 2374 1558 sol.

1465 1587 1533 1606 cum
1551 1576 1691 1606 dimidio.
2377 1601 2380 1604 .

1505 1626 1580 1656 Item
1598 1625 1779 1655 licenciatus
1794 1625 1851 1655 fuit
1868 1625 2012 1655 dominus
2027 1625 2188 1655 Arnoldus
2202 1626 2240 1655 de
2258 1625 2377 1656 Alden-

1464 1676 1544 1715 dorp
1571 1676 1609 1704 de
1634 1675 1800 1709 Essendia,
1832 1675 1889 1704 sub
1912 1674 2062 1714 magistro
2091 1675 2248 1704 Themone
2272 1675 2375 1711 Judei‚

1465 1723 1552 1765 cujus
1567 1725 1663 1754 bursa
1679 1723 1786 1754 nichil.

1506 1774 1581 1804 Item
1603 1773 1783 1803 licenciatus
1806 1773 1862 1803 fuit
1881 1773 2025 1803 dominus
2046 1772 2179 1802 Mathias
2200 1774 2238 1802 de
2264 1773 2377 1803 Lincze

1465 1824 1523 1853 sub
1534 1823 1684 1863 magistro
1694 1821 1834 1852 Iohanne
1848 1822 1885 1851 de
1897 1822 2021 1860 Quercu
2033 1821 2165 1858 Gallico,
2179 1821 2266 1862 cujus
2282 1823 2377 1852 bursa

1464 1872 1571 1903 nichil.

1505 1922 1580 1951 Item
1605 1921 1749 1951 dominus
1777 1921 1933 1950 Henricus
1957 1921 1995 1949 de
2020 1919 2141 1950 Linden
2161 1922 2199 1950 de
2222 1921 2377 1951 Essendia

1465 1977 1536 2011 post
1558 1971 1691 2000 medium
1711 1970 1955 2010 Quadragesime
1974 1970 2136 1999 substituit
2152 1980 2246 2000 unum
2261 1971 2383 2000 subde-1

1464 2017 1708 2055 terminatorem,
1721 2019 1774 2059 qui
1781 2018 1898 2059 juravit
1908 2019 2105 2058 procuratori
2113 2018 2288 2059 juramenta
2298 2018 2375 2049 sub-

1465 2069 1739 2099 determinancium
1753 2067 1776 2097 ⁴.

1506 2119 1581 2148 Item
1598 2118 1778 2147 licenciatus
1797 2117 1853 2146 fuit
1873 2117 2016 2146 dominus
2033 2117 2190 2146 Robertus
2206 2117 2384 2158 Monipeny

1466 2168 1577 2198 Scotus
1600 2169 1658 2197 sub
1680 2167 1830 2207 magistro
1856 2166 2021 2195 Malcolino
2045 2167 2083 2195 de
2108 2166 2269 2202 Dunbrek,
2288 2165 2376 2206 cujus

1465 2218 1559 2246 bursa
1574 2218 1592 2246 5
1609 2216 1714 2246 solidi.

1506 2267 1581 2296 Item
1596 2265 1776 2295 licenciatus
1793 2265 2002 2305 fuitdominus
2015 2264 2203 2294 wilhelmus
2216 2265 2254 2294 de
2268 2264 2378 2305 Spyny

1466 2317 1523 2346 sub
1541 2315 1691 2355 magistro
1711 2314 1851 2344 Johanne
1869 2315 1906 2343 de
1928 2313 2034 2343 Peblis
2055 2313 2160 2348 Scoto,
2177 2313 2264 2353 cujus
2282 2315 2379 2344 bursa

1465 2366 1484 2394 4
1500 2364 1592 2394 solidi
1606 2370 1636 2393 et
1652 2365 1671 2393 6
1684 2363 1816 2393 denarii.

1507 2414 1582 2444 Item
1598 2413 1778 2442 licenciatus
1796 2412 1851 2441 suit
1864 2412 2008 2441 dominus
2021 2411 2180 2441 Arnoldus
2197 2412 2235 2440 de
2253 2412 2376 2441 Celario

1466 2464 1503 2492 de
1535 2462 1681 2497 Lochem,
1711 2461 1920 2501 Trajectensis
1952 2461 2112 2500 dyocesis,
2144 2461 2202 2490 sub
2229 2461 2376 2500 magistro

1467 2512 1628 2541 Bernardo
1644 2512 1682 2540 de
1701 2510 1825 2540 Celario
1837 2511 1931 2539 fratre
1944 2520 2011 2544 suo,
2029 2508 2116 2549 cujus
2127 2511 2223 2539 bursa
2239 2511 2256 2538 5
2270 2509 2374 2539 solidi.

1874 2604 1892 2632 1
1897 2604 1971 2633 355

1497 2676 1684 2706 Johannes
1709 2676 1751 2705 de
1782 2675 1978 2704 Veltstede
2007 2675 2049 2703 de
2077 2673 2339 2704 Bruneswich.

1507 2756 1579 2796 (Ful.
1611 2756 1659 2795 25)
1686 2755 1777 2785 Anno
1808 2754 1934 2784 Domini
1964 2753 2128 2783 millesimo
2159 2753 2376 2783 trecentesimo

1467 2804 1566 2840 LV⁰²‚
1589 2806 1666 2834 facta
1690 2804 1936 2844 congregacione
1956 2802 2095 2832 nacionis
2119 2802 2290 2843 Anglicane
2316 2809 2376 2831 tam

1467 2854 1645 2894 regencium
1683 2863 1773 2893 quam
1810 2863 1872 2882 non
1907 2852 2085 2892 regencium
2119 2853 2201 2891 apud
2232 2851 2376 2881 Sanctum

1498 2957 1519 2979 2.
1556 2955 1685 2987 Principio
1698 2954 1806 2987 Aprilis.
