2632 3464
400 435 451 460 855

400 512 444 539 8Ἧι
460 519 554 548 super
578 507 808 546 supplicacione
828 505 1020 544 quorundam
1042 503 1229 533 scholarium
1251 513 1308 532 vo-

401 559 532 588 lencium
549 556 758 586 haccallariari
775 555 880 583 eodem
899 564 991 588 anno,
1011 553 1191 582 habencium
1209 552 1308 582 defec-

400 615 462 637 tum
477 608 508 636 in
527 606 620 635 certis
638 605 727 634 libris
740 603 900 643 requisitis
915 603 951 631 ad
970 603 1098 642 gradum
1114 601 1307 630 baccallaria-

400 664 448 686 tus
471 657 501 686 in
526 656 654 689 artibus,
679 653 933 693 supplicaverunt
957 652 1051 691 igitur
1074 661 1128 680 sex
1150 650 1308 679 scholares

400 713 432 736 ut
450 707 537 734 nacio
562 704 655 734 vellet
674 713 741 732 cum
762 703 806 731 eis
829 702 1011 740 dispensare
1035 701 1072 729 de
1095 700 1174 729 libro
1198 700 1308 738 leopi-

400 766 499 784 corum
533 764 622 793 quem
646 763 707 781 non
730 751 923 785 audiverunt,
947 749 1042 788 aliqui
1062 759 1124 778 non
1144 749 1306 788 complete,

401 805 495 843 aliqui
514 802 609 832 nichil
627 802 809 831 audiverunt
826 800 863 828 de
885 799 938 828 illo
951 799 1041 828 libro.
1061 798 1136 827 Item
1150 797 1308 837 supplica-

399 854 444 883 vit
461 863 539 882 unus
558 852 635 880 alter
653 850 783 880 scolaris
798 855 830 877 ut
846 849 933 877 nacio
952 847 1046 877 vellet
1061 857 1165 876 secum
1178 847 1308 886 dispen-

401 910 469 931 sare
494 903 530 930 de
558 901 637 930 libro
659 901 807 934 Priorum,
833 907 921 937 quem
951 907 1012 926 non
1036 897 1162 926 audivit.
1188 896 1308 933 Quibus

402 950 686 991 supplicacionibus
709 948 795 976 sactis
822 947 910 976 nacio
937 946 1134 975 concorditer
1153 945 1309 975 concessit

400 1011 463 1035 eas,
481 1001 539 1029 ista
563 998 744 1027 condicione
763 1003 862 1025 tamen
884 994 1037 1035 adjuncta,
1057 995 1202 1024 videlicet
1225 995 1308 1034 quod

400 1050 431 1078 in
448 1055 606 1089 posterum
629 1047 770 1076 audirent
789 1051 903 1084 quanto
919 1045 1016 1074 cicius
1037 1044 1174 1084 poterint
1188 1043 1306 1078 audire,

400 1105 430 1128 et
442 1099 524 1138 quod
538 1097 632 1126 eciam
643 1106 704 1124 non
715 1095 889 1124 traheretur
900 1094 931 1122 in
946 1093 1215 1133 consequenciam,
1226 1093 1308 1132 quod

403 1148 478 1176 illud
491 1146 622 1185 amplius
634 1146 721 1174 fieret
735 1144 779 1173 eis
793 1144 842 1173 vel
861 1143 928 1172 aliis
947 1143 1193 1182 quibuscumque
1208 1149 1266 1171 etc.

441 1197 532 1225 Facta
554 1193 801 1234 congregacione
820 1192 958 1222 nacionis
979 1193 1060 1231 apud
1081 1192 1226 1221 Sanctum
1242 1191 1309 1220 Ma-

400 1246 533 1275 turinum
551 1254 630 1273 anno
649 1253 710 1282 quo
727 1252 832 1281 supra,
847 1241 917 1270 Vlla
935 1241 1055 1276 Marcii,
1068 1241 1143 1270 hora
1158 1242 1203 1270 8v³
1215 1251 1310 1280 super

402 1294 632 1334 supplicacione
643 1292 834 1331 quorundam
852 1290 1037 1320 scholarium
1050 1290 1222 1319 volencium
1236 1291 1310 1319 bac-

403 1343 555 1373 callariari
572 1343 678 1371 eodem
694 1350 784 1375 anno,
802 1350 863 1369 non
883 1340 1065 1368 habencium
1086 1340 1234 1379 pecunias
1253 1349 1309 1378 pro

402 1392 551 1432 presenti,
570 1401 630 1430 quo
651 1390 802 1419 mediante
826 1395 954 1428 possent
976 1389 1153 1418 satisfacere
1175 1388 1308 1424 nacioni,

400 1449 430 1470 et
445 1441 696 1480 supplicaverunt
711 1449 764 1467 sex
775 1438 944 1472 scholares,
962 1448 1091 1477 quorum
1105 1439 1176 1472 duo,
1191 1438 1310 1467 scilicet

401 1491 472 1520 Otto
489 1491 526 1519 de
543 1488 741 1522 Montfordia,
758 1487 912 1516 Hem-icus
932 1487 1131 1516 Morderecht
1148 1488 1185 1515 de
1205 1487 1309 1516 Mont-

400 1540 508 1574 fordia,
538 1539 696 1578 pecierunt
717 1537 899 1566 dilacionem
925 1537 1122 1575 pecuniarum
1148 1546 1247 1575 usque
1271 1537 1309 1565 ad

400 1599 492 1618 unum
512 1598 667 1623 mensem;
690 1587 740 1615 alii
761 1587 814 1621 4⁰¹,
834 1586 953 1615 scilicet
969 1585 1126 1615 Johannes
1144 1585 1181 1614 de
1201 1585 1307 1620 Gulsa,

401 1637 568 1667 Nicholaus
584 1636 733 1666 Johannis
752 1637 789 1665 de
809 1635 1014 1670 Amsterdam,
1034 1635 1167 1664 Jacobus
1190 1635 1310 1664 Becker

401 1689 438 1716 de
454 1687 649 1716 Amsterdam
668 1691 697 1714 et
718 1685 875 1714 Johannes
896 1685 1033 1723 Dyemen
1056 1684 1093 1712 de
1114 1684 1309 1712 Amsterdam

401 1736 562 1776 pecierunt
592 1734 774 1763 dilacionem
802 1733 1002 1773 pecuniarum
1030 1743 1128 1772 usque
1159 1733 1197 1761 ad
1230 1733 1308 1762 duos

402 1795 534 1814 menses.
561 1784 680 1820 Quibus
704 1782 989 1822 supplicacionibus
1012 1782 1100 1811 sactis
1121 1782 1210 1810 nacio
1234 1791 1309 1810 con-

402 1834 497 1863 cessit
510 1844 573 1868 eas,
584 1839 614 1862 et
627 1833 684 1861 hoc
698 1833 788 1861 modo
800 1831 1111 1866 consueto,videlicet
1121 1832 1202 1870 quod
1215 1840 1309 1870 pone—

402 1890 470 1912 rent
490 1883 622 1922 pignora
637 1881 761 1911 domino
783 1881 937 1920 receptori
958 1881 989 1909 in
1010 1881 1217 1919 proporcione
1238 1890 1309 1909 sex-

402 1932 563 1972 quialtera,
577 1938 607 1960 et
619 1930 731 1963 ceteris
745 1931 913 1959 secundum
927 1935 1039 1959 statuta
1051 1929 1202 1964 nacionis,
1220 1936 1277 1959 etc.

810 2023 908 2052 1403

432 2095 701 2125 Procuratoria
733 2095 903 2133 magistri
939 2095 1148 2124 Cuonrardi
1181 2095 1280 2134 Lang

722 2145 763 2172 de
795 2143 988 2182 Esslinga.

442 2224 531 2253 Facta
553 2223 802 2262 congregacione
826 2222 964 2251 nacionis
985 2223 1065 2262 apud
1083 2222 1226 2252 Sanctum
1243 2223 1309 2252 Ma-

402 2274 535 2302 turinum
553 2273 583 2301 in
605 2272 715 2311 primis
736 2272 849 2300 Nostre
871 2272 1001 2300 Domine
1022 2282 1101 2300 anno
1118 2282 1179 2310 quo
1203 2282 1307 2311 supra,

401 2323 439 2351 Χεὶ
453 2322 502 2350 die
518 2322 634 2350 mensis
648 2320 756 2349 Marcii
774 2331 868 2359 super
884 2321 1005 2349 duobus
1021 2321 1169 2350 articulis.
1186 2321 1309 2350 Primus

401 2378 466 2400 erat
487 2372 524 2399 ad
547 2371 722 2409 eligendum
747 2380 858 2398 novum
885 2376 1116 2408 procuratorem
1139 2370 1186 2399 vel
1210 2370 1310 2399 conti-

402 2421 555 2449 nuandum
577 2419 746 2458 antiquum.
774 2418 934 2447 Secundus
956 2418 1102 2447 articulus
1126 2426 1190 2447 erat
1216 2429 1310 2458 super

402 2468 685 2508 supplicacionibus
700 2474 729 2496 et
745 2466 879 2505 injuriis,
899 2467 999 2506 Super
1013 2468 1112 2506 primo
1125 2468 1179 2496 suit
1195 2468 1310 2497 electus

402 2518 598 2546 concorditer
614 2516 698 2546 nullo
712 2516 896 2545 reclamante
918 2516 948 2544 in
968 2522 1197 2554 procuratorem
1213 2517 1310 2556 magi-

403 2573 467 2595 ster
478 2567 663 2595 Cuonradus
682 2565 769 2604 Lang
787 2566 824 2593 de
847 2565 1002 2604 Esslinga.
1022 2565 1128 2601 Quoad
1143 2566 1309 2594 secundum

402 2616 562 2644 articulum
590 2614 777 2654 supplicavit
801 2613 948 2653 magister
973 2614 1147 2642 Richardus
1173 2614 1308 2649 Loenen,

402 2675 469 2693 cum
493 2665 523 2693 in
554 2664 649 2693 tercia
671 2663 917 2703 congregacione
942 2669 1010 2692 ante
1037 2663 1125 2692 istam
1151 2663 1310 2702 predictus

404 2713 550 2752 magister
566 2723 623 2741 una
640 2723 706 2741 eum
721 2712 790 2741 aliis
806 2712 962 2752 magistris
979 2712 1087 2740 fuisset
1099 2712 1258 2740 ordinatus
1274 2713 1311 2740 ad

403 2762 634 2790 examinandum
651 2762 787 2791 scolares
806 2761 944 2790 volentes
961 2761 1074 2790 habere
1091 2761 1219 2800 gradum
1239 2761 1311 2789 bac-

404 2811 588 2845 callariatus‚
618 2812 688 2839 item
709 2810 895 2849 juravisset,
915 2816 1142 2848 consequenter
1166 2809 1313 2838 solvisset

399 2859 566 2898 jocundum
585 2861 747 2889 adventum
764 2859 795 2888 in
818 2860 954 2893 taberna,
973 2865 1001 2887 et
1023 2865 1093 2897 post
1108 2858 1313 2887 examinasset

404 2909 538 2937 scolares
558 2909 658 2947 quoad
680 2908 849 2947 predictum
869 2908 997 2947 gradum
1012 2907 1092 2936 sicut
1108 2907 1159 2936 alii
1172 2907 1312 2946 magistri

404 2958 441 2985 ad
459 2957 691 2986 examinandum
707 2957 839 2986 ordinati
852 2957 999 2992 fecerunt,
1016 2956 1100 2985 nullo
1115 2955 1310 2990 reclamante,

944 427 1166 454 AUCTARIUM
1187 426 1447 454 CHARTULARII
1467 428 1640 454 UNIVERS.
1663 427 1780 455 PARIS.

1346 949 1379 974 10

1347 1194 1380 1220 15

1347 1440 1380 1467 20

1347 1685 1380 1711 25

1347 1931 1380 1957 30

1347 2177 1380 2202 35

1348 2422 1381 2448 40

1349 2666 1382 2692 45

1350 2910 1384 2936 50

2269 429 2322 456 856

1421 509 1454 533 ut
1479 504 1615 542 prefatus
1644 503 1792 543 magister
1819 504 1994 539 asserebat,
2025 503 2327 543 quatinusvplaoeret

1417 552 1540 582 nacioni
1560 553 1645 592 quod
1668 553 1736 592 ipse
1754 552 1874 582 scilicet
1890 553 2039 592 magister
2058 552 2232 584 Richardus
2251 563 2326 593 par-

1417 607 1478 631 tem
1511 611 1597 631 suam
1631 601 1830 641 pecuniarum
1852 602 1890 631 ab
1923 601 2104 632 examinatis
2133 608 2326 642 receptarum

1417 650 1554 686 haberet,
1576 660 1639 680 non
1661 652 1803 680 obstante
1820 651 1904 690 quod
1927 650 2022 690 aliqui
2045 650 2186 691 magistri
2211 651 2327 681 exami-

1417 705 1541 729 natores
1559 699 1620 729 sihi
1633 700 1784 729 resistunt
1801 701 1903 739 quoad
1919 699 1996 729 illud
2011 699 2149 730 ultimum
2168 705 2326 739 punctum,

1417 758 1454 778 eo
1471 749 1555 788 quod
1574 748 1733 788 predictus
1750 748 1899 788 magister
1918 747 2093 778 Richardus
2115 749 2224 779 eodem
2246 758 2327 781 anno

1417 807 1473 827 nec
1489 797 1545 827 fuit
1559 807 1674 837 regens
1692 807 1748 827 nec
1766 798 1872 827 senior
1887 807 1949 827 non
1969 807 2083 838 regens
2098 804 2205 827 nostre
2220 797 2327 828 nacio-

1416 846 1477 876 nis.
1497 846 1666 876 Videbatur
1688 847 1810 876 nacioni
1832 847 1916 886 quod
1934 857 1972 876 ex
1993 856 2055 886 quo
2074 847 2113 875 ad
2137 847 2240 876 omnia
2254 856 2327 886 pre-

1417 896 1499 925 dicta
1511 895 1568 925 suit
1581 896 1736 925 admissus
1749 896 1984 935 prenominatus
1999 895 2147 935 magister
2159 896 2251 926 modo
2264 905 2326 935 quo

1417 955 1523 984 supra,
1538 945 1620 984 quod
1635 951 1707 974 tunc
1721 945 1909 974 racionabile
1924 951 2009 974 esset
2021 945 2123 984 ipsum
2137 954 2247 984 capere
2258 954 2328 984 par·

1416 1000 1478 1023 tem
1496 995 1534 1024 de
1550 994 1692 1034 pecuniis
1705 995 1742 1023 ab
1754 993 1935 1024 examinatis
1949 994 1988 1023 ad
2003 994 2176 1033 predictum
2194 994 2325 1033 gradum

1418 1043 1562 1082 receptis.
1583 1043 1726 1073 Secundo
1748 1043 1934 1082 supplicavit
1950 1049 2135 1082 procurator
2154 1043 2327 1082 precedens

1419 1092 1563 1132 quatinus
1590 1092 1622 1121 in
1649 1092 1725 1121 actis
1750 1101 1807 1131 per
1834 1092 1936 1131 ipsum
1966 1092 1999 1121 in
2031 1101 2086 1121 sua
2114 1092 2327 1131 procuratoris

1418 1141 1583 1171 haberetur
1597 1147 1704 1180 gratus
1722 1147 1752 1170 et
1768 1141 2045 1176 recommendatus‚
2063 1147 2120 1170 etc.
2139 1139 2235 1181 Cujus
2251 1151 2328 1181 sup-

1418 1190 1582 1230 plicacioni
1596 1190 1703 1219 annuit
1710 1190 1809 1225 nacio,
1825 1196 1882 1219 etc.

1825 1284 1922 1313 1403

1539 1356 1766 1386 Procuracio
1805 1355 1941 1395 magist
1951 1356 1981 1384 ri
2022 1354 2206 1384 Bernardi

1736 1404 2004 1444 Vloghelingh.

1459 1486 1550 1516 Facta
1571 1485 1818 1526 congregacione
1835 1485 1975 1514 nacionis
1995 1485 2077 1524 apud
2100 1484 2243 1514 Sanctum
2260 1484 2328 1515 Ma·

1418 1536 1551 1565 turinum
1573 1535 1604 1564 in
1623 1535 1733 1574 primis
1753 1535 1866 1564 Nostre
1883 1534 2015 1563 Domine
2035 1543 2115 1562 anno
2135 1543 2196 1573 quo
2220 1543 2326 1573 supra,

1418 1591 1524 1613 octava
1548 1584 1598 1613 die
1619 1583 1750 1622 Aprilis,
1776 1593 1871 1622 super
1888 1583 2009 1612 duobus
2032 1582 2181 1612 articulis.
2202 1582 2326 1612 Primus

1418 1634 1455 1663 ad
1467 1633 1642 1673 eligendum
1657 1642 1770 1662 novum
1783 1638 2015 1672 procuratorem
2030 1631 2079 1661 vel
2092 1631 2131 1660 ad
2146 1631 2325 1661 continuans

1418 1684 1488 1712 dum
1507 1682 1677 1721 antiquum.
1703 1682 1749 1710 2¹¹·
1766 1691 1862 1720 super
1884 1680 2169 1720 supplicacionibus
2195 1686 2225 1709 et
2246 1679 2328 1720 inju-

1418 1732 1484 1761 riis.
1504 1731 1605 1771 Super
1619 1731 1720 1771 primo
1736 1730 1933 1760 concorditer
1950 1730 2006 1759 fuit
2022 1729 2138 1758 electus
2158 1729 2190 1758 in
2212 1739 2328 1768 procu·-

1418 1787 1551 1810 ratorem
1586 1780 1670 1809 nullo
1706 1779 1936 1809 contradicente
1972 1778 2120 1818 magister
2149 1777 2328 1808 Bernardus

1419 1828 1638 1869 Vloghelingh.
1664 1829 1765 1868 Super
1788 1828 1819 1856 2⁰
1842 1828 2028 1868 supplicavit
2048 1833 2232 1867 procurator
2255 1834 2328 1865 pre·-

1419 1879 1543 1914 cedens,
1557 1878 1701 1917 quatinus
1715 1877 1881 1906 haberetur
1895 1883 2002 1916 gratus
2015 1882 2046 1905 et
2059 1876 2326 1905 recommendatus

1419 1928 1449 1957 in
1477 1927 1552 1957 actis
1578 1937 1636 1966 per
1657 1927 1758 1966 ipsum
1781 1932 1919 1965 tempore
1941 1925 2175 1965 procuracionis
2200 1934 2266 1954 sue.
2283 1923 2329 1961 Et

1419 1986 1566 2006 concessa
1580 1976 1635 2005 fuit
1651 1975 1853 2015 supplicacio.

1822 2067 1920 2096 1403

1639 2139 1888 2170 Continuacio
1918 2137 2099 2179 ejusdem.

1460 2223 1550 2252 Facta
1568 2221 1816 2261 congregacione
1839 2220 1978 2249 nacionis
1996 2219 2077 2258 apud
2099 2218 2243 2248 Sanctum
2260 2217 2328 2247 Ma-

1418 2272 1553 2301 turinum
1571 2281 1651 2300 anno
1666 2280 1727 2309 quo
1743 2279 1849 2309 supra,
1865 2268 1921 2297 Vl¹
1931 2268 1981 2297 die
1999 2267 2083 2302 Maii,
2099 2276 2193 2306 super
2208 2267 2329 2296 duobus

1419 2320 1567 2350 articulis.
1584 2319 1708 2349 Primus
1722 2319 1759 2347 ad
1776 2318 1951 2358 eligendum
1969 2327 2081 2346 novum
2096 2321 2328 2356 procuratorem

1419 2369 1466 2399 vel
1490 2370 1527 2398 ad
1546 2368 1786 2398 continuandum
1803 2367 1972 2406 antiquum.
1989 2366 2035 2395 2¹¹·
2055 2375 2149 2404 super
2170 2363 2329 2403 supplica-

1419 2418 1561 2448 cionibus
1584 2423 1613 2447 et
1637 2416 1770 2456 injuriis.
1797 2415 1844 2444 De
1866 2415 1965 2455 primo
1983 2413 2178 2443 continuatus
2197 2413 2252 2442 suit
2270 2422 2328 2452 per

1419 2468 1579 2496 nacionem
1605 2466 1763 2505 predictus
1782 2464 1929 2504 magister
1956 2463 2146 2492 Bernardus.
2173 2461 2275 2500 Super
2297 2462 2329 2490 2⁰

1420 2522 1603 2555 procurator
1621 2514 1808 2554 supplicavit
1826 2519 1859 2542 ut
1874 2513 1905 2542 in
1921 2512 2008 2541 sactis
2029 2511 2093 2541 suis
2110 2516 2194 2540 esset
2212 2519 2328 2539 recom-

1420 2566 1590 2594 mendatus.
1607 2563 1647 2593 Et
1659 2572 1809 2592 concessa
1824 2562 1881 2591 suit
1896 2560 2098 2600 supplicacio.

1460 2614 1532 2653 (Fol.
1549 2612 1622 2652 68b)
1637 2613 1728 2641 Facta
1738 2610 1985 2650 congregacione
1996 2609 2135 2638 nacionis
2147 2618 2226 2637 anno
2238 2608 2326 2642 1403,

1419 2662 1535 2691 XXlllu
1549 2662 1598 2691 die
1617 2661 1689 2690 Maii
1706 2670 1800 2699 super
1815 2660 1937 2689 duobus
1951 2657 2100 2687 articulis.
2122 2657 2246 2686 Primus
2264 2662 2330 2686 erat

1421 2721 1515 2750 super
1538 2711 1655 2739 honore
1678 2709 1828 2743 nacionis,
1849 2708 1921 2747 quia
1937 2717 1994 2747 per
2015 2706 2136 2746 aliquos
2155 2706 2259 2745 inique
2284 2706 2329 2734 fa-

1421 2761 1559 2789 mabatur
1581 2759 1612 2787 in
1637 2757 1857 2792 Universitate,
1878 2756 2010 2796 qualiter
2030 2755 2170 2795 magistri
2189 2753 2328 2783 nacionis

1421 2814 1694 2847 corrumperentur
1709 2806 1850 2846 pecuniis
1865 2815 1922 2844 pro
1937 2806 2015 2834 facto
2030 2803 2240 2834 restitucionis
2253 2803 2329 2832 obe-

1421 2857 1541 2886 diencie
1579 2855 1750 2885 Benedicti.
1777 2855 1914 2883 Fuerunt
1942 2853 2037 2882 eciam
2066 2852 2328 2892 congregaciones

1422 2905 1572 2935 facultatis
1587 2904 1754 2943 theologie,
1770 2903 1908 2932 nacionis
1925 2902 2054 2932 Francie
2069 2911 2103 2931 ac
2120 2901 2213 2930 eciam
2225 2901 2327 2930 Picar-

1422 2954 1471 2984 die
1506 2964 1600 2993 super
1631 2952 1757 2982 materia
1790 2951 1936 2988 ecclesie,
1971 2951 2093 2991 quando
2125 2949 2331 2979 ventilabatur
