2632 3464
277 424 331 451 373
593 428 612 459 χ

278 500 427 540 magister
441 499 575 530 Thomas
597 499 708 529 Scotus
724 498 808 538 quod
824 502 933 537 posset
950 495 1067 535 imponi
1086 494 1188 524 rotulo

279 549 348 579 sine
372 549 515 588 pecunia,
538 548 611 588 quia
630 547 728 577 nollet
747 546 924 586 supplicare
945 554 1003 584 pro
1018 543 1186 579 beneficio3

279 597 367 638 cujus
382 597 574 638 supplicacio
590 602 657 628 erat
670 596 865 635 interempta.

686 688 784 718 1370

303 761 552 791 Continuacio
580 758 753 800 magistri
783 758 941 788 Jordani
973 758 1017 787 de
1046 757 1166 787 Clivis

547 809 584 839 in
610 813 909 849 procuratorem.

317 888 408 919 Anno
430 888 555 919 Domini
576 897 638 928 quo
663 897 769 927 supra,
793 887 910 916 mensis
929 886 1116 917 Novembris
1135 886 1185 915 die

276 937 402 974 xvl11·,
420 938 498 967 sacta
514 937 758 977 congregatione
779 936 913 966 nationis
937 936 1018 975 apud
1041 935 1185 965 Sanctum

276 987 430 1017 lulianum
454 986 531 1016 hora
554 986 654 1026 prime
677 986 716 1015 ad
740 985 916 1025 eligendum
938 991 1184 1024 procuratorem,

276 1037 315 1066 ad
329 1036 515 1066 audiendum
529 1041 705 1075 compotum
719 1034 892 1074 receptoris
907 1040 938 1063 et
952 1035 991 1063 ad
1004 1033 1185 1074 supplican—

276 1085 359 1120 dum,
379 1085 574 1114 continuatus
594 1094 677 1114 eram
695 1085 727 1114 3⁰
741 1094 800 1123 ego
814 1083 970 1113 Jordanus
983 1083 1021 1112 de
1037 1082 1136 1112 Clivis
1153 1083 1184 1112 in

275 1139 508 1174 procuratorem
530 1133 728 1163 concorditer
749 1133 787 1162 ab
807 1133 962 1162 omnibus.
987 1132 1186 1171 Computavit

275 1189 431 1222 receptor,
473 1188 504 1212 et
538 1181 672 1222 singulis
705 1181 890 1221 computatis
922 1181 1036 1211 mansit
1068 1181 1184 1210 nationi

275 1231 394 1261 debens
406 1230 553 1261 XXXIIII
570 1231 689 1260 solidos
707 1237 737 1260 et
753 1230 796 1260 Ill
810 1230 968 1266 denarios,
985 1237 1016 1260 et
1030 1229 1087 1260 suit
1103 1239 1183 1259 com-

275 1286 370 1320 putus
392 1281 430 1310 ab
446 1280 590 1310 omnibus
608 1281 810 1320 approbatus.

316 1329 510 1369 Supplicavit
524 1328 672 1369 magister
687 1328 872 1368 Radolphus
885 1329 923 1358 de
939 1328 1063 1358 Lubeke
1080 1335 1183 1368 quate-

275 1388 334 1408 nus
351 1384 459 1418 posset
473 1378 548 1418 poni
564 1378 596 1407 in
615 1377 718 1407 rotulo
731 1384 874 1417 tanquam
890 1387 1033 1417 presens,
1051 1387 1112 1407 non
1125 1378 1183 1407 ob-

275 1433 374 1457 stante
387 1427 470 1467 quod
485 1426 626 1456 Parisius
636 1433 763 1456 venerat
775 1433 847 1466 post
859 1427 1022 1456 terminum
1040 1426 1183 1466 assigna-

275 1481 339 1505 tum
349 1485 366 1505 a
384 1475 519 1510 natione,
533 1475 613 1505 ultra
629 1485 718 1515 quem
734 1475 895 1504 venientes
913 1475 1061 1504 deberent
1075 1474 1182 1504 haberi

273 1534 333 1565 pro
358 1524 539 1555 absentibus
556 1525 657 1564 quoad
670 1524 770 1554 locum
781 1524 813 1553 in
824 1524 926 1553 rotulo
937 1529 968 1553 et
981 1523 1072 1553 etiam
1088 1534 1182 1564 quan-

274 1579 338 1603 tum
350 1574 388 1603 ad
401 1573 585 1603 solutionem
600 1573 741 1613 pecunie,
758 1571 845 1613 cujus
856 1572 1042 1612 supplicatio
1057 1573 1182 1603 attentis

274 1622 417 1662 dampnis
432 1631 490 1662 per
504 1632 572 1652 eum
585 1622 688 1662 passis
706 1622 739 1651 in
750 1622 811 1657 via,
831 1622 903 1661 quia
918 1621 1070 1662 spoliatus
1081 1623 1182 1651 omni-

274 1671 332 1701 bus
347 1677 407 1700 tam
425 1671 566 1711 pecuniis
584 1681 674 1711 quam
690 1670 792 1706 libris,
809 1671 860 1710 pie
876 1670 932 1700 fuit
946 1681 1105 1700 concessa.

315 1720 388 1750 Item
403 1720 435 1749 in
450 1719 572 1760 vigilia⁴
599 1720 772 1750 Eadmundi
793 1726 864 1759 post
875 1729 1024 1759 vesperas
1046 1720 1181 1750 nationis

273 1769 350 1798 sacta
374 1769 616 1809 congregatione
641 1769 775 1799 nationis
797 1769 829 1798 in
848 1769 980 1798 ecclesia
997 1768 1180 1799 Sanctorum

272 1817 385 1848 Cosme
409 1824 440 1848 et
467 1818 606 1847 Damiani
632 1819 858 1858 proponebam,
878 1817 982 1857 primo
1006 1819 1090 1857 quod
1112 1829 1180 1848 cum

271 1866 380 1907 plures
402 1867 616 1907 magistrorum
635 1867 776 1897 volentes
793 1867 868 1907 poni
887 1867 918 1896 in
933 1867 1049 1902 rotulo,
1071 1868 1181 1897 condi-

272 1915 428 1945 tionaliter
451 1916 551 1946 solum
571 1916 723 1946 dederunt
748 1916 993 1956 supplicationes
1018 1926 1055 1946 eo
1076 1917 1179 1953 modo,

272 1965 352 1995 sicut
366 1964 543 1995 continetur
560 1965 591 1994 in
610 1965 689 1995 facto
706 1965 813 1995 ultime
832 1965 1086 2005 congregationis
1107 1975 1181 2005 pre-

271 2013 361 2044 terite
378 2014 603 2054 procuratorie‚
624 2020 654 2043 et
671 2024 738 2044 cum
754 2013 881 2044 nuntius
899 2014 1044 2044 continue
1062 2020 1181 2054 peteret

271 2073 287 2092 a
309 2072 357 2092 me
379 2062 525 2102 pecunias
547 2069 700 2103 receptas,
721 2063 794 2103 quia
814 2073 876 2093 non
897 2070 1005 2103 posset
1021 2063 1097 2093 alias
1120 2063 1180 2093 sibi

269 2111 435 2152 providere
452 2112 490 2141 de
505 2111 691 2142 necessariis
706 2122 775 2142 cum
790 2112 860 2142 aliis
878 2112 1007 2148 nuntiis,
1023 2122 1062 2142 an
1079 2113 1179 2152 place-

270 2166 318 2190 ret
332 2160 447 2190 nationi
464 2161 546 2200 quod
564 2161 717 2190 traderem
738 2160 799 2191 sibi
817 2161 916 2191 dietas
937 2161 1096 2200 pecunias,
1117 2172 1179 2192 non

270 2210 412 2239 obstante
427 2209 605 2239 conditione
622 2209 810 2249 supradicta.
833 2210 873 2239 Et
891 2210 1054 2240 videbatur
1071 2210 1179 2251 majori

270 2258 351 2298 parti
364 2258 447 2298 quod
463 2258 520 2294 sic,
536 2265 566 2288 et
580 2259 663 2298 quod
682 2268 740 2299 ego
756 2258 932 2299 indempnis
950 2269 1051 2289 essem
1067 2260 1179 2289 haben-

270 2307 340 2337 dus.
372 2307 447 2337 Item
477 2307 629 2347 proposui
658 2318 697 2336 an
731 2308 893 2348 expediret
923 2318 979 2347 pro
1015 2309 1066 2338 die
1098 2309 1179 2338 beati

272 2355 438 2392 Edmundi‚
455 2356 574 2386 scilicet
590 2356 620 2386 in
640 2356 747 2392 missa,
765 2357 919 2386 adducere
939 2357 1061 2397 aliquos
1079 2358 1178 2388 bonos

270 2411 414 2435 cantores
440 2411 569 2446 propter
593 2404 739 2446 majorem
765 2405 1010 2446 solempnitatem
1032 2406 1101 2436 festi
1121 2407 1179 2437 sub

271 2454 518 2484 remuneratione
546 2454 693 2489 nationis,
722 2465 789 2484 cum
818 2455 849 2484 in
878 2455 1020 2495 vesperis
1048 2462 1179 2495 propter

271 2502 422 2532 defectum
439 2509 599 2533 cantorum
615 2503 757 2534 confusio
772 2514 834 2533 non
843 2504 962 2534 modica
974 2504 1051 2534 saeta
1069 2504 1177 2540 fuerat,

271 2557 302 2581 et
326 2551 461 2582 nationis
487 2551 536 2581 vel
557 2551 743 2582 cantantium
767 2562 821 2582 seu
845 2552 1026 2582 ululantium
1043 2553 1161 2583 derisio
1168 2565 1176 2590 ;

272 2600 354 2640 quod
367 2600 512 2630 omnibus
526 2600 689 2631 videbatur
704 2601 863 2641 expedire·

312 2647 386 2678 Item
402 2649 472 2689 ipso
497 2649 547 2679 die
566 2649 648 2679 beati
667 2649 840 2680 Eadmundi
866 2651 904 2680 de
930 2660 1001 2680 sero
1018 2657 1179 2691 computa-

271 2702 382 2727 verunt
413 2703 633 2737 procuratores
659 2699 741 2735 sesti,
772 2705 803 2729 et
832 2700 1018 2739 computatis
1044 2699 1178 2740 singulis

271 2754 329 2785 per
347 2755 402 2776 eos
423 2746 575 2786 expositis
595 2748 781 2778 ascendebat
802 2758 920 2778 summa
939 2749 976 2778 ad
1002 2748 1177 2789 quindecim

271 2793 380 2830 libras,
399 2794 468 2825 XVI
485 2795 603 2826 solidos
618 2802 648 2826 et
661 2795 687 2825 V
701 2797 857 2827 denarios.

303 2908 327 2932 1.
362 2909 392 2933 1⁹
402 2909 556 2934 Novembris.
571 2910 646 2934 25-410
659 2910 685 2935 in
695 2914 751 2935 1¹1⁸·
757 2914 818 2943 poet
828 2912 883 2941 ³74,
897 2913 936 2937 ²2⁶.

302 2945 326 2968 2.
359 2947 451 2976 Supra.
467 2953 494 2977 p.
507 2945 562 2973 859,
573 2946 612 2974 Ἃ,
625 2949 671 2972 εἰσ.
685 2946 798 2972 vnoeme.

782 421 896 449 LIBER
917 417 1231 447 PROCURATORUM
1251 417 1432 444 NATIONIS
1450 417 1695 443 ANGLICANAE

1223 939 1257 966 10

1222 1185 1256 1211 15

1220 1429 1255 1455 20

1219 1675 1253 1701 25

1218 1920 1252 1946 30

1217 2165 1251 2191 35

1217 2410 1250 2437 40

1216 2654 1250 2681 45

2152 416 2204 442 374

1338 493 1413 523 Item
1443 493 1474 522 in
1507 493 1614 522 eodem
1645 493 1723 521 festo
1753 492 1891 532 magistri
1924 492 2056 521 Thomas
2084 492 2206 521 Marcer

1297 542 1421 577 Scotus,
1454 541 1609 571 Henricus
1639 541 1739 580 Helye
1762 541 1800 570 de
1835 541 1959 575 Kalker,
1991 547 2020 569 et
2048 541 2205 570 Johannes

1296 591 1404 621 Bloem
1414 590 1426 608 ²
1440 590 1600 620 solverunt
1615 590 1745 630 quilibet
1757 599 1851 619 unum
1861 590 1996 618 francum
2007 588 2204 628 projocundo

1295 640 1423 670 introitu
1450 640 1482 668 in
1517 639 1646 679 primam
1681 638 1966 678 congregationem.
2004 637 2043 667 Et
2083 639 2206 668 fuerunt

1294 689 1421 719 XXXVI
1437 688 1579 728 magistri
1597 688 1732 717 nationis
1750 694 1856 717 nostre
1875 687 1906 716 in
1921 687 2053 726 prandio
2069 687 2138 726 ipso
2154 687 2204 716 die

1294 737 1376 767 beati
1399 737 1566 772 Edmundi‚
1588 747 1719 776 quorum
1746 736 1877 776 quilibet
1897 737 1988 765 dabat
2013 746 2068 765 seu
2092 746 2205 765 conce-

1294 787 1387 816 debat
1406 786 1524 816 nationi
1550 786 1709 815 dimidium
1739 786 1894 820 francum;
1925 785 2085 814 residuum
2112 785 2205 814 solvit

1294 841 1448 874 receptor.

1335 884 1411 913 Item
1425 883 1557 924 quadam
1574 883 1633 912 alia
1648 883 1697 912 die
1714 884 1790 912 sacta
1806 882 2049 922 congregatione
2069 882 2205 911 Univer-

1294 933 1394 963 sitatis
1412 939 1442 962 et
1456 933 1590 962 nationis
1606 932 1698 962 simul
1709 932 1785 961 hora
1796 932 1954 961 tertiarum
1965 932 2046 970 apud
2058 931 2203 960 Sanctum

1294 983 1499 1018 Bernardum‚
1522 981 1710 1022 supplicavit
1732 981 1882 1020 magister
1903 980 2060 1010 Johannes
2086 980 2203 1020 Scalpi,

1293 1038 1445 1072 quatenus
1470 1037 1578 1071 posset
1607 1030 1682 1070 poni
1709 1030 1741 1059 in
1769 1029 1870 1059 rotulo
1900 1036 2043 1068 tanquam
2072 1039 2203 1069 presens

1293 1081 1408 1110 nemini
1433 1079 1654 1120 prejudicando
1676 1079 1708 1108 in
1731 1078 1973 1118 supplicatione,
1997 1078 2069 1108 licet
2090 1088 2204 1118 super-

1291 1129 1430 1160 venisset
1457 1135 1529 1168 post
1552 1129 1716 1158 terminum
1746 1128 1822 1157 alias
1850 1128 2028 1167 deputatum
2052 1137 2109 1166 pro
2129 1138 2203 1166 pre-

1293 1179 1450 1214 sentibus,
1482 1177 1569 1217 cujus
1610 1177 1796 1217 supplicatio
1838 1177 1894 1206 fuit
1931 1186 2090 1206 concessu.
2127 1176 2201 1206 Item

1293 1228 1480 1268 supplicavit
1502 1227 1650 1266 magister
1663 1226 1761 1256 Adam
1780 1227 1818 1255 de
1836 1225 1978 1260 Catwiic,
1996 1226 2079 1265 quod
2095 1232 2203 1265 posset

1292 1277 1366 1317 poni
1390 1277 1421 1306 in
1441 1276 1542 1306 rotulo
1560 1286 1618 1316 pro
1638 1275 1766 1305 dimidio
1786 1276 1901 1310 sranc0,
1923 1275 1995 1314 quia
2019 1285 2081 1304 non
2099 1275 2201 1304 inten-

1291 1327 1379 1356 deret
1394 1325 1570 1366 supplicare
1586 1335 1642 1365 pro
1661 1325 1820 1354 beneficio.
1840 1323 2036 1364 Supplicacio
2049 1325 2203 1354 coneede-

1292 1376 1392 1405 batur.

1333 1424 1407 1454 Item
1431 1424 1561 1464 quadam
1589 1423 1639 1452 die
1673 1422 1815 1462 sequenti
1850 1423 1927 1451 facta
1959 1423 2201 1462 congregatione

1291 1473 1443 1503 facultatis
1466 1483 1561 1512 super
1579 1472 1691 1502 salario
1711 1471 1824 1501 bedelli
1842 1477 1872 1501 et
1889 1472 1927 1500 ad
1950 1471 2199 1511 supplicandum,

1291 1523 1465 1552 ordinatum
1501 1528 1531 1551 et
1566 1531 1747 1551 concessum
1789 1521 1844 1550 fuit
1876 1520 2074 1550 concorditer
2116 1522 2199 1560 quod

1291 1571 1443 1606 bedellus,
1456 1570 1575 1600 scilicet
1588 1570 1731 1600 dominus
1743 1569 1900 1599 Johannes
1917 1569 2028 1604 Balivi,
2047 1570 2085 1598 dc
2098 1569 2200 1609 quali-

1290 1621 1342 1650 bet
1358 1620 1482 1649 natione
1504 1620 1631 1649 haberet
1650 1618 1827 1659 quindecim
1849 1619 1981 1647 francos.
2004 1618 2077 1648 Item
2098 1619 2200 1648 dictus

1290 1669 1430 1699 bedellus
1450 1679 1553 1698 amore
1575 1668 1709 1698 nationis
1726 1667 1848 1697 dicebat
1870 1677 1903 1696 se
1926 1667 2004 1696 velle
2027 1669 2198 1697 contentari

1290 1725 1360 1748 ante
1375 1728 1533 1748 recessum
1549 1727 1637 1747 suum
1653 1717 1684 1746 in
1705 1724 1774 1747 octo
1792 1717 1918 1752 francis,
1935 1717 2100 1746 dummodo
2116 1717 2200 1746 natio

1290 1767 1547 1797 certitudinaliter
1568 1773 1641 1806 post
1660 1766 1871 1796 reversionem
1894 1776 1979 1795 suam
2000 1765 2059 1795 sibi
2076 1766 2200 1796 satissa-

1289 1823 1374 1846 ceret
1397 1817 1434 1846 de
1458 1816 1596 1851 residuo,
1624 1815 1742 1845 scilicet
1763 1815 1832 1844 aliis
1856 1821 1986 1854 septem,
2011 1816 2094 1854 quod
2116 1815 2199 1844 natio

1289 1865 1499 1895 indubitanter
1514 1865 1574 1894 sibi
1585 1865 1684 1894 facere
1698 1864 1852 1904 promisit.
1871 1864 1945 1893 Item
1962 1864 1992 1893 in
2006 1865 2110 1893 eadem
2127 1875 2198 1894 con-

1289 1914 1470 1955 gregatione
1485 1921 1629 1954 regentes
1645 1913 1778 1943 nationis
1795 1913 1953 1942 Gallicane
1967 1920 2200 1952 proposuerunt

1289 1970 1396 1994 contra
1425 1973 1486 1993 non
1519 1969 1676 2003 regentes,
1709 1963 1793 2002 quod
1822 1962 1999 2002 preferendi
2033 1969 2138 1992 essent
2167 1962 2198 1991 in

1289 2012 1392 2043 rotulo
1406 2023 1469 2042 non
1480 2011 1661 2051 regentibus
1670 2011 1694 2047 ³,
1708 2022 1769 2040 non
1778 2012 1920 2040 obstante
1933 2011 2155 2040 consuetudine
2167 2011 2198 2040 in

1288 2061 1487 2091 contrarium.
1510 2061 1549 2091 Et
1569 2061 1681 2091 auditis
1701 2060 1951 2101 allegationibus,
1973 2060 2146 2090 rationibus
2169 2067 2198 2089 et

1288 2110 1411 2140 motivis
1441 2110 1603 2149 utriusque
1631 2109 1740 2149 partis,
1771 2108 1854 2138 natio
1881 2119 1940 2148 pro
1975 2107 2083 2148 majori
2111 2115 2198 2148 parte

1288 2160 1425 2189 decrevit
1439 2159 1523 2199 quod
1539 2165 1682 2198 regentes
1698 2165 1804 2188 essent
1819 2158 2007 2198 preferendi;
2025 2164 2196 2197 verumpta—

1288 2219 1357 2238 men
1381 2208 1453 2248 quia
1472 2207 1530 2237 alie
1556 2207 1696 2237 nationes
1724 2208 1838 2236 dabant
1862 2207 2037 2246 deputatos,
2062 2217 2119 2235 nos
2140 2217 2198 2246 pro

1288 2258 1454 2288 concordia
1462 2257 1728 2287 conformabamus
1742 2266 1799 2286 nos
1811 2256 1901 2296 ipsis,
1913 2262 1942 2285 et
1954 2256 2023 2285 data
2035 2255 2091 2285 suit
2103 2257 2196 2295 depu-

1288 2307 1359 2336 tatis
1381 2312 1518 2346 potestas
1536 2306 1743 2335 sententiandi
1763 2316 1821 2345 pro
1842 2315 1901 2334 una
1917 2311 2004 2344 parte
2019 2304 2068 2334 vel
2089 2304 2195 2339 altera,

1288 2366 1326 2386 ne
1345 2365 1400 2396 per
1418 2355 1476 2385 hoc
1498 2355 1618 2384 rotulus
1636 2354 1823 2384 differretur.
1846 2354 1920 2383 Item
1943 2353 2026 2383 circa
2048 2353 2197 2393 pecunias

1287 2405 1407 2435 debitas
1423 2403 1557 2439 bedello,
1579 2403 1698 2434 scilicet
1722 2403 1848 2433 domino
1865 2402 1998 2432 Johanni
2016 2402 2138 2437 Ballivi,
2158 2403 2196 2431 de

1288 2463 1443 2484 consensu
1469 2459 1499 2482 et
1526 2453 1683 2483 voluntate
1711 2452 1810 2492 ipsius
1840 2451 2013 2481 ordinatum
2042 2457 2089 2480 est
2113 2452 2196 2490 quod

1287 2503 1370 2533 natio
1383 2508 1488 2532 nostra
1502 2502 1583 2532 illam
1602 2501 1772 2542 pecuniam,
1790 2501 1908 2530 scilicet
1924 2507 2041 2540 septem
2060 2501 2194 2535 francos,

1286 2552 1387 2582 tradet
1411 2551 1544 2581 Johanni
1572 2551 1694 2580 bedello
1723 2549 1887 2590 principali
1918 2549 2051 2578 nationis
2077 2555 2194 2583 nostre,

1287 2600 1511 2641 quamprimum
1532 2600 1615 2630 natio
1637 2606 1743 2630 nostra
1763 2599 1854 2629 fuerit
1875 2605 1984 2637 potens
2005 2597 2142 2632 solvere,
2166 2604 2197 2627 et

1287 2649 1438 2690 requisita
1470 2649 1562 2679 suerit
1597 2659 1655 2689 per
1686 2649 1800 2678 dictum
1838 2647 2008 2677 Johannem
2041 2646 2194 2676 bedellum

1286 2705 1438 2729 nostrum.

1327 2747 1400 2788 (Fal.
1432 2748 1480 2788 20)
1510 2747 1585 2777 Item
1614 2747 1663 2777 die
1693 2753 1797 2776 sancte
1829 2744 2018 2775 Katherine³
2046 2744 2077 2774 in
2103 2744 2194 2774 nonis

1287 2796 1400 2827 Nostre
1429 2796 1559 2826 Domine
1585 2797 1661 2825 sacta
1684 2794 1925 2834 congregatione
1952 2793 2086 2823 nationis
2113 2793 2194 2833 apud

1318 2913 1342 2936 ³.
1374 2913 1422 2936 Mn.
1436 2921 1446 2936 ι
1461 2920 1511 2936 non
1526 2915 1617 2943 regent
1631 2920 1653 2934 u.

1317 2949 1341 2972 4.
1375 2947 1493 2971 Novemb.
1508 2948 1547 2971 25.
