2632 3464
294 393 351 428 '265

296 477 349 514 lis,
367 477 399 507 in
417 487 478 517 qua
495 477 639 517 promisit
658 476 780 506 solvere
798 474 921 504 nacioni
940 475 960 503 6
978 473 1113 504 florenos
1133 473 1206 503 boni

295 527 445 567 ponderis
470 533 500 556 et
523 527 628 556 decem
655 525 728 560 sol..
757 530 846 554 scuto
877 523 997 553 valente
1027 528 1148 552 centum
1177 528 1207 552 et

296 575 434 616 quinque
458 575 531 610 sol.,
554 575 614 604 sub
638 583 719 614 pena
741 571 1081 603 excommunicacionis.
1109 570 1206 611 Cujus

297 625 448 654 terminus
467 623 639 663 exspirabit
658 632 739 652 anno
762 621 886 651 Domini
902 620 948 650 Μ0
967 619 1062 651 CCC⁰
1082 620 1133 655 62,
1156 619 1206 649 die

297 674 424 704 veneris
438 679 510 713 post
521 675 641 702 Letare.

337 722 414 752 Item
429 721 588 752 Johannes
608 721 647 750 de
664 719 786 750 Rostok
807 718 1043 758 Zwer[inensis]
1061 717 1206 757 dyocesis

297 771 403 811 posuit
430 771 563 800 litteram
593 769 743 804 officialis,
772 769 804 798 in
833 778 894 808 qua
917 767 1061 807 promisit
1084 767 1207 796 solvere

297 819 419 850 nacioni
441 829 535 849 unum
558 817 693 858 regalem
714 817 764 847 vel
786 827 880 846 unum
897 816 1047 846 florenum
1065 822 1095 846 et
1113 825 1207 845 unum

298 878 445 909 grossum
473 868 633 907 antiquum
660 867 718 896 sub
746 876 828 906 pena
865 864 1205 895 excommunicacionis.

298 916 396 957 Cujus
419 917 568 947 terminus
595 915 765 955 exspirabit
793 925 874 944 anno
900 914 1024 944 Domini
1045 914 1090 944 M⁰
1113 913 1208 944 CCC⁰

296 967 349 1002 63,
368 966 418 995 die
433 965 541 995 martis
555 971 630 1005 post
644 965 754 994 festum
771 964 883 994 Sancte
900 963 1060 993 Trinitatis
1071 962 1093 992 ⁴.

339 1014 415 1045 Item
432 1014 637 1044 Fridmannus
652 1014 691 1043 de
708 1013 809 1053 Praga
823 1013 929 1052 posuit
944 1012 1075 1042 litteram
1093 1011 1208 1041 officia-

297 1063 348 1099 lis,
365 1063 398 1093 in
416 1073 477 1103 qua
492 1062 638 1103 promisit
651 1062 773 1092 solvere
787 1062 910 1091 nacioni
925 1062 1062 1101 quinque
1076 1070 1207 1101 grossos

298 1118 459 1142 turonens.
479 1113 538 1142 sub
555 1122 636 1152 pena
655 1110 985 1141 excommunicacionis
1005 1110 1086 1139 trina
1107 1109 1208 1139 moni-

297 1161 387 1191 cione
412 1161 611 1202 precedente.
639 1159 736 1200 Cujus
767 1160 918 1190 terminus
946 1159 1099 1199 expirabit
1129 1168 1209 1188 anno

301 1209 427 1240 Domini
440 1210 485 1239 Μθ
500 1209 595 1240 CCC⁰
611 1210 662 1244 62,
681 1209 731 1238 die
745 1209 817 1239 lune
834 1215 907 1248 post
925 1206 1141 1247 Quasimodo².

339 1258 415 1289 Item
441 1258 599 1288 Henricus
622 1258 703 1298 Lupi
723 1257 923 1288 deAWesalia
946 1263 1067 1286 tenetur
1088 1257 1210 1286 nacioni

298 1307 331 1338 in
346 1308 447 1338 tribus
461 1307 588 1337 florenis
599 1308 673 1337 boni
687 1307 849 1347 ponderis,
861 1316 941 1346 quos
956 1306 1077 1336 solvere
1092 1306 1211 1346 promi-

300 1357 342 1387 sit
367 1357 427 1386 fide
450 1362 480 1386 et
500 1355 689 1396 juramento,
722 1362 752 1385 et
780 1356 818 1385 de
848 1355 906 1385 hoc
936 1355 1042 1395 posuit
1078 1355 1210 1385 litteram

299 1405 464 1446 sigillatam
488 1415 545 1435 suo
566 1405 697 1445 proprio
719 1404 835 1444 sigillo.
860 1403 956 1444 Cujus
978 1404 1128 1434 terminus
1145 1410 1211 1434 ter-

299 1454 434 1485 minatur
461 1464 542 1484 anno
573 1453 699 1484 Domini
734 1453 780 1482 Μθ
812 1453 907 1484 CCC⁰
934 1454 988 1488 61,
1023 1453 1073 1482 die
1112 1453 1210 1483 XXVI

299 1503 430 1544 Aprilis.

712 1595 806 1625 1361

340 1667 413 1707 (1⁷01.
435 1666 508 1708 45)³
620 1667 805 1697 Henricus
834 1668 876 1696 de
903 1667 1074 1706 Kempen.

341 1747 433 1778 Anno
446 1747 576 1777 Domini
592 1748 667 1777 1361
678 1746 702 1782 ⁴,
720 1747 836 1777 electus
858 1747 914 1776 suit
929 1747 1077 1787 magister
1094 1747 1210 1776 Henri-

300 1807 355 1828 cus
386 1797 424 1826 de
456 1797 595 1836 Kempen
625 1796 657 1826 in
687 1802 920 1836 procuratorem
951 1797 1032 1836 apud
1065 1796 1209 1826 Sanctum

298 1846 315 1876 J
319 1846 454 1876 ulianum
473 1847 552 1875 sacta
563 1845 822 1886 congregacione.

342 1895 417 1925 ltem
435 1895 651 1924 determinavit
673 1894 816 1924 dominus
837 1893 986 1923 Gofridus
1007 1894 1045 1923 de
1066 1894 1208 1930 Bruscia,

301 1943 389 1982 cuius
403 1945 498 1974 bursa
516 1954 571 1974 sex
588 1943 693 1983 grossi
710 1943 839 1983 antiqui.

342 1993 417 2023 Item
435 1993 616 2022 licenciatus
630 1992 686 2022 suit
701 1992 782 2022 idem
795 1991 1000 2027 Godefridus‚
1015 1991 1102 2032 cujus
1116 1993 1211 2022 bursa

301 2052 357 2072 eex
373 2042 476 2082 grossi
490 2041 618 2081 antiqui.

342 2091 418 2120 ltem
450 2090 629 2120 licenciatus
668 2090 723 2120 suit
753 2090 896 2120 dominus
926 2089 1069 2120 Andreas
1101 2090 1209 2130 Bloyr,

301 2138 390 2180 cujus
407 2141 502 2169 bursa
518 2149 572 2169 sex
590 2139 695 2179 grossi
711 2139 840 2179 antiqui.

344 2189 418 2218 ltem
434 2188 577 2218 omnihus
593 2187 777 2228 computatis
796 2188 878 2217 inter
897 2188 1056 2217 nacionem
1074 2194 1210 2217 nostram

300 2243 333 2268 et
348 2237 493 2267 nuncium
506 2237 544 2267 ad
560 2236 675 2266 curiam
690 2237 869 2272 Romanam,
885 2236 1041 2277 obligatur
1051 2237 1139 2266 nacio
1151 2237 1211 2266 sibi

300 2286 332 2316 in
350 2287 389 2316 33
405 2286 501 2316 scutis
513 2285 676 2315 lobannis.

333 2388 357 2412 1.
389 2388 483 2412 ἕπεσθαί
489 2386 521 2411 de
532 2386 580 2410 hoc
590 2387 784 2411 ''miramo-neum
794 2386 903 2411 inArcb.
915 2387 1028 2411 vniven.
1037 2387 1130 2414 Parin..
1142 2387 1210 2411 thee.

301 2423 366 2452 xw,
379 2427 408 2447 n·
419 2423 434 2447 2
449 2431 454 2447 :
471 2431 483 2446 α
499 2422 636 2447 Univereis
655 2425 791 2454 presentes
806 2422 898 2446 literne
912 2422 1071 2455 inspecturi·
1089 2422 1212 2446 officiali·

302 2458 386 2483 Paria.
399 2458 512 2482 salutem
526 2458 554 2482 in
569 2457 689 2482 Domino.
708 2457 803 2482 Notum
822 2457 932 2482 facimus
945 2457 1015 2490 quod
1032 2466 1121 2482 coram
1135 2457 1212 2482 nobis

301 2498 411 2527 propter
433 2493 483 2518 hoc
506 2493 682 2526 perennaliter
705 2493 864 2518 coustitutu-
890 2493 1024 2518 johanne·
1047 2493 1081 2518 de
1103 2493 1210 2529 Rontok,

298 2530 363 2554 cler.
385 2529 461 2562 dyoc.
482 2529 652 2558 zwerinenn„
682 2529 793 2554 scolaris
818 2529 949 2561 Pasti-iu·
971 2529 1159 2562 in]ceptu[rue]
1185 2530 1212 2554 111

300 2564 413 2591 artibus.
434 2565 588 2597 recognovit
609 2568 635 2589 et
658 2565 795 2589 confessus
821 2564 871 2588 t'uit
892 2572 921 2589 ee
941 2564 1036 2589 debere
1055 2568 1081 2589 et
1098 2565 1211 2590 teneri...

302 2600 404 2626 unciani
415 2600 557 2633 Anglicnne
572 2601 598 2624 in
610 2609 663 2625 uno
678 2601 771 2632 reguli.
785 2600 854 2632 quod
868 2609 916 2632 pro
930 2604 990 2625 tnnc
1001 2600 1085 2625 veluit
1094 2601 1212 2625 Parisino

301 2644 382 2661 nuum
406 2637 533 2660 florenum
557 2636 603 2668 [et]
619 2635 712 2668 u[nnm
737 2636 872 2668 grossum]
895 2636 1042 2668 antiquum,
1064 2639 1090 2660 et
1112 2637 1162 2660 boc
1180 2636 1213 2660 de

303 2671 391 2696 bunio
401 2671 535 2696 solvendi·
546 2680 595 2704 pro
606 2671 767 2704 incepeione,
779 2671 847 2703 quod
859 2671 948 2704 regule
956 2671 1065 2696 reddere
1075 2675 1100 2696 et
1111 2672 1212 2696 solvere

302 2707 466 2739 procur-tori
477 2711 522 2731 eut
535 2707 664 2739 receptori
678 2707 746 2731 infre
758 2710 812 2731 tren
822 2715 935 2731 annos...
949 2707 1044 2731 Datum
1055 2715 1095 2731 un.
1110 2707 1212 2731 Domini

302 2742 444 2767 millesimo
455 2741 528 2775 [CCC
538 2742 589 2771 Lx,
603 2742 645 2767 die
654 2742 746 2766 martie
761 2742 832 2774 poet]
848 2743 943 2766 sentum
956 2743 1094 2767 Trinitatis
1108 2751 1119 2766 11
1130 2743 1211 2779 (1³60,

302 2778 317 2802 2
330 2777 421 2810 Iunii).

333 2813 358 2837 2.
391 2813 586 2837 lantrumeneum
607 2812 640 2837 de
659 2812 707 2837 Ιιοι·
726 2815 812 2837 emetat
832 2813 857 2837 in
878 2813 955 2837 Arch.
980 2813 1091 2838 Univen.
1118 2814 1211 2841 Paris..

303 2849 370 2873 thee.
388 2847 451 2876 XIV,
466 2853 495 2872 11·
507 2849 522 2872 ⁶
535 2856 541 2872 ι

335 2884 408 2907 Anno
424 2882 527 2907 Domini
543 2883 579 2907 H·
595 2883 669 2908 CCC·
682 2883 743 2912 Lx·,
757 2883 799 2908 die
815 2883 877 2908 lune
889 2884 930 2916 (1³
942 2883 1034 2916 April.)
1047 2887 1108 2916 poet
1122 2884 1213 2916 Quasi-

302 2918 379 2942 modo
398 2918 489 2950 genili,
515 2926 603 2943 eorem
628 2918 714 2950 nobis,
738 2918 843 2944 officiali
867 2919 1017 2948 Pnrieienei,
1039 2919 1214 2952 personaliter

797 399 911 426 LIBER
937 397 1250 425 PROCURATORUM
1271 397 1451 423 NATIONIS
1474 397 1719 423 ANGLICANAE

1245 918 1279 944 10

1246 1162 1279 1188 15

1247 1407 1282 1434 20

1247 1652 1282 1679 25

1247 1897 1282 1924 30

1248 2142 1282 2168 35

2168 398 2221 424 266

1355 472 1431 502 Item
1454 473 1542 502 nacio
1564 479 1686 502 tenetur
1713 472 1891 502 Rosthach⁵
1920 474 2079 502 dimidium
2102 480 2222 503 scutum

1313 521 1474 551 Johannis.

1355 571 1431 600 Item
1453 571 1601 610 magister
1621 570 1769 600 Albertus
1791 577 1821 600 et
1842 571 1990 610 magister
2010 571 2163 600 Henricus
2185 572 2224 601 de

1316 619 1455 659 Kempen
1471 626 1501 649 et
1515 619 1663 659 magister
1677 619 1890 648 Theodericus
1910 620 1948 648 de
1970 620 2058 648 Onna
2076 620 2225 650 rehabent

1314 675 1456 699 mutones
1474 679 1580 698 eorum
1596 678 1675 708 quos
1691 669 1779 698 nacio
1796 668 1842 698 eis
1855 669 2028 698 tenebatur.

1356 717 1453 748 1101οθ
1477 728 1557 747 anuo
1589 718 1714 753 eodem,
1743 717 1793 747 die
1817 717 1855 746 25
1881 718 1998 746 mensis
2027 717 2112 752 Maii,
2143 718 2224 758 idem

1316 766 1486 797 Godsridus
1499 767 1615 806 incepit
1628 766 1660 796 in
1671 767 1790 796 artibus
1803 767 1861 796 sub
1878 767 2027 806 magistro
2042 766 2170 796 Alberto
2187 768 2224 796 de

1316 815 1460 851 Saxonia,
1478 822 1508 845 et
1523 815 1672 845 satisfecit
1686 816 1724 845 de
1737 815 1891 845 omnibus.

1356 865 1431 894 Item
1444 865 1525 894 idem
1541 864 1690 904 magister
1709 864 1879 894 Godsridus
1897 866 1935 894 de
1954 864 2066 894 Pruzia
2082 871 2111 894 et
2127 865 2224 904 magi-

1316 920 1380 944 ster
1394 913 1591 943 Hermannus
1604 914 1642 943 de
1655 913 1793 942 Marcbia
1807 914 1968 943 solverunt
1978 913 2036 943 ΙΙΙἰ
2046 914 2095 943 die
2109 914 2224 943 mensis

1314 963 1388 993 Julii
1401 963 1575 1002 symbolum
1591 972 1698 992 eorum
1716 962 1847 1002 quilibet
1861 972 1918 1002 pro
1933 963 2061 992 introitu
2077 963 2177 1002 primo
2195 969 2226 992 et

1314 1022 1373 1052 pro
1385 1012 1608 1052 procuracione
1619 1012 1658 1040 ad
1668 1011 1854 1041 voluntatem
1867 1012 2085 1052 magistrorum
2097 1018 2130 1041 ut
2142 1018 2225 1041 tene—

1315 1062 1437 1090 bantur.

1358 1159 1432 1189 Item
1461 1169 1541 1189 anno
1571 1158 1696 1188 Domini
1722 1138 1754 1188 llll
1777 1138 1856 1189 CCl]
1881 1158 1964 1193 LXI,
1988 1169 2007 1187 x
2031 1159 2081 1188 die
2110 1159 2226 1188 mensis

1316 1208 1412 1244 Iunii,
1432 1209 1627 1238 continuatus
1652 1208 1707 1237 fuit
1728 1207 1809 1237 idem
1835 1208 1983 1247 magister
2007 1207 2161 1237 Henricus
2188 1208 2227 1237 de

1319 1257 1459 1297 Kempen
1474 1267 1530 1297 per
1547 1263 1640 1286 totam
1655 1257 1862 1286 vacacionem.

1723 1351 1818 1380 1361

1432 1422 1653 1461 {Godfridus
1686 1421 1837 1461 Cayphe
1868 1422 1911 1450 de
1941 1420 2114 1462 Pruzia.]

1359 1502 1450 1532 Anno
1473 1502 1597 1531 Domini
1617 1502 1705 1537 1361,
1729 1502 1764 1530 12
1784 1501 1834 1530 die
1854 1501 1969 1531 mensis
1986 1501 2131 1541 Augusti,
2151 1501 2228 1530 sacta

1319 1551 1565 1591 congregacione
1594 1551 1733 1580 nacionis
1764 1550 1935 1590 Anglicane
1969 1551 2048 1589 apud
2083 1550 2227 1579 Sanctum

1318 1600 1471 1630 Julianum
1498 1609 1664 1639 pauperem
1696 1609 1792 1639 super
1823 1599 1972 1629 electione
2003 1599 2226 1638 procuratoris,

1319 1649 1434 1679 electus
1453 1649 1508 1678 fuit
1523 1649 1555 1677 in
1574 1655 1805 1688 procuratorem
1821 1648 1973 1678 antedicte
1996 1648 2135 1678 nacionis
2153 1658 2229 1677 con-

1319 1699 1465 1733 corditer,
1488 1697 1573 1727 nullo
1598 1698 1816 1738 magistrorum
1843 1704 1902 1726 tam
1931 1697 2109 1737 regencium
2138 1707 2228 1737 quam

1318 1757 1380 1777 non
1395 1747 1572 1787 regencium
1590 1747 1714 1786 penitus
1729 1746 1923 1782 reclamante,
1939 1746 2087 1786 magister
2102 1745 2229 1775 Godfri-

1319 1797 1377 1826 dus
1409 1796 1536 1836 Cayphe
1565 1796 1602 1825 de
1629 1795 1752 1831 Pruzia,
1779 1795 1987 1825 Warmiensis
2013 1795 2169 1834 dyocesis,
2197 1795 2228 1824 in

1319 1845 1406 1885 cujus
1422 1845 1645 1884 procuracione
1661 1851 1727 1874 acta
1740 1845 1863 1874 fuerunt
1878 1855 1912 1874 ea
1926 1854 1986 1884 que
1999 1844 2030 1873 in
2045 1844 2156 1884 papiro
2170 1844 2228 1873 ista

1319 1894 1526 1924 continentur.

1361 1943 1395 1972 ln
1413 1943 1524 1983 prim0‚
1539 1943 1646 1972 eodem
1659 1952 1751 1978 anno,
1772 1952 1877 1972 mense
1894 1942 2098 1982 Septembris,
2120 1942 2227 1971 collata

1319 1992 1374 2022 suit
1395 1993 1526 2032 quedam
1548 1991 1717 2031 capellania
1735 1998 1886 2031 perpetua
1905 1993 1943 2021 ab
1962 1991 2170 2021 Universitate
2190 1992 2226 2020 ad

1318 2041 1503 2081 peticionem
1519 2041 1635 2070 domini
1653 2041 1745 2070 Ducis
1761 2040 1959 2070 Normannie.

1361 2090 1435 2120 ltem
1459 2091 1566 2120 eodem
1589 2089 1639 2119 die
1659 2089 1808 2129 magistro
1833 2090 1961 2129 Symoni
1983 2090 2021 2118 de
2044 2089 2228 2119 Lumbardia

1319 2139 1420 2169 littera
1433 2138 1750 2168 recommendacionis
1771 2148 1918 2168 concessa
1934 2145 2009 2167 erat.

1361 2187 1435 2218 ltem
1451 2189 1558 2217 eodem
1574 2198 1666 2223 anno,
1688 2194 1746 2217 etc.
1764 2188 1825 2217 duo
1842 2188 1880 2216 de
1898 2187 2019 2216 nunciis
2035 2186 2229 2217 Universita-

1320 2237 1359 2267 tis
1368 2247 1384 2266 a
1395 2236 1480 2266 curia
1490 2237 1694 2266 Avinionensi
1704 2242 1867 2272 venerunt,
1880 2236 1995 2265 relictis
2007 2236 2075 2266 aliis
2086 2237 2228 2265 omnibus

1320 2286 1461 2322 mortuis,
1479 2286 1581 2315 rotulo
1600 2295 1663 2315 non
1682 2286 1805 2326 signato
1813 2285 1836 2314 ⁷.

1319 2387 1487 2415 constitutus.
1499 2386 1673 2411 Fridmannus
1686 2386 1718 2410 de
1727 2386 1822 2418 Praga,
1832 2386 1943 2410 clericus
1952 2385 2063 2410 diocesis
2076 2385 2226 2417 Prugensis,

1319 2423 1471 2455 recognovit
1493 2431 1520 2446 ee
1537 2422 1631 2446 debere
1653 2425 1678 2446 et
1702 2422 1818 2453 legitime
1838 2422 1919 2446 teneri
1947 2422 2048 2445 solvere
2070 2424 2095 2445 01
2119 2420 2228 2445 reddere

1319 2458 1422 2482 nncioni
1446 2458 1596 2490 Anglicane,
1625 2457 1665 2481 vel
1690 2457 1855 2489 procuratori
1881 2457 1936 2488 ejus
1965 2456 2083 2481 Parisios
2113 2456 2228 2488 quinque

1319 2503 1428 2527 grossos
1443 2497 1576 2518 turonens.
1598 2494 1702 2525 argenti
1722 2493 1753 2517 de
1770 2502 1837 2517 cuno
1855 2493 1979 2525 Philippi,
2001 2493 2132 2524 quondam
2157 2493 2227 2524 regie

1320 2530 1438 2558 Francie.
1458 2538 1507 2562 pro
1529 2530 1617 2554 bursis
1637 2529 1668 2553 de
1688 2529 1834 2561 inceptione
1855 2528 2026 2561 [magistratui
2047 2528 2175 2560 capienda
2201 2529 2227 2552 in

1320 2565 1417 2590 artium
1430 2566 1562 2593 facultate,
1578 2565 1711 2589 solvendis
1726 2565 1810 2589 eidem
1823 2564 1922 2588 nationi
1933 2565 1974 2588 vel
1987 2564 2151 2595 procuratori
2162 2564 2226 2596 ejus,

1320 2601 1362 2625 vel
1374 2601 1512 2633 receptori,
1526 2601 1594 2624 infra
1607 2600 1673 2624 duo·
1691 2608 1772 2624 annos
1790 2609 1805 2624 u
1817 2600 1878 2623 data
1894 2599 2055 2632 presentium
2073 2603 2229 2631 computen—

1320 2637 1367 2661 doe
1381 2645 1408 2660 ue
1418 2636 1548 2668 obligavit
1561 2636 1610 2660 sub
1625 2644 1693 2668 penu
1704 2635 1993 2663 excommunicacionis,
2005 2635 2074 2659 trina
2085 2635 2229 2659 municione

1320 2671 1469 2704 ιιι-0111111110.

1351 2707 1375 2731 3.
1413 2706 1587 2730 Veriaimiliter
1598 2707 1669 2730 dcent
1681 2706 1772 2737 solium
1786 2714 1872 2730 unum.

1352 2743 1376 2767 4.
1409 2743 1501 2766 Poutea
1513 2741 1633 2774 epatium.
1648 2742 1818 2774 Congregalio
1832 2749 1915 2765 menae
1924 2741 1990 2764 Maii
2000 2739 2185 2764 celebrabatur.
2202 2742 2230 2764 ln

1321 2786 1366 2801 me.
1379 2777 1512 2810 sequentia
1524 2786 1602 2809 unque
1611 2777 1816 2809 congregatione
1830 2776 1882 2800 alio
1893 2776 2042 2800 charactere
2051 2775 2156 2808 scripta.

1351 2813 1375 2838 5.
1411 2812 1501 2844 Utique
1510 2812 1624 2836 Johanni
1638 2812 1669 2836 de
1681 2812 1788 2836 Rostok.

1351 2850 1375 2872 6.
1410 2849 1481 2879 Quae
1494 2850 1643 2879 sequuntur,
1665 2847 1718 2871 alio
1736 2847 1893 2876 charactere,
1913 2855 1991 2871 manu
2013 2849 2040 2871 ut
2060 2846 2160 2871 videtur
2177 2847 2231 2872 Go-

1321 2883 1426 2908 den-idi.

1352 2920 1374 2943 7.
1409 2920 1502 2943 Revera
1516 2927 1565 2942 non
1579 2918 1706 2943 invenimr
1715 2918 1742 2942 in
1752 2919 1812 2950 fleg.
1829 2917 1940 2950 Supplic.
1954 2918 2097 2942 Innocentii
2110 2917 2151 2942 Vl.
