2632 3464
312 459 372 486 -809

315 535 528 575 discrepante.
542 534 644 575 Super
653 534 685 564 2⁰
696 533 828 564 articulo
842 532 1028 573 supplicavit
1039 532 1140 572 primo
1151 531 1227 561 anti-

314 594 402 624 quus
417 590 601 624 procurator
617 583 719 614 statim
738 582 912 613 nominatus
929 582 1063 617 nacioni,
1075 587 1227 621 quatenus

318 640 446 674 peracta
455 639 593 673 tempore
604 632 695 662 officii
710 632 759 662 sui
773 637 872 672 grata,
885 637 983 661 amata
993 637 1023 660 et
1038 639 1227 660 recommen-

313 683 392 712 -data
415 682 528 712 habere
553 681 744 722 dignaretur.
770 680 872 721 ipsum
899 690 1024 720 quoque
1051 685 1172 720 gratum
1198 685 1229 708 et

317 731 611 766 recommendatum,
623 737 682 760 etc.
700 728 798 770 Cujus
811 729 936 770 quidem
951 728 1142 768 supplicacio
1156 738 1227 758 con-

319 780 458 811 corditer
473 780 617 810 unanimo
635 779 728 809 modo
745 778 830 809 nullo
844 778 1030 808 reclamante
1045 777 1228 807 admitteba-

315 836 380 860 tur.
406 830 438 859 2⁰
466 829 721 870 supplicaverunt
745 828 807 858 duo
832 827 960 858 alterius
985 825 1224 856 universitatis·

317 877 490 914 bacallarii,
525 877 645 908 scilicet
676 877 802 908 Yvanus
835 875 961 906 Richeri
972 875 985 894 ²
1018 882 1049 906 et
1072 874 1228 905 'Ludolfus

319 927 418 958 Ludis
429 926 454 964 ⁸,
469 933 620 967 quatenus
634 933 779 966 tanquam
795 925 974 955 bachallarii
993 925 1024 954 in
1043 923 1134 964 hujus
1150 924 1228 954 alme

323 976 543 1006 Universitatis
571 975 675 1006 studio
702 975 947 1005 admitterentur.
972 974 1073 1014 Super
1096 983 1227 1014 quorum

319 1025 556 1066 supplicacione
579 1025 678 1054 fuerat
702 1023 889 1054 unanimiter
910 1023 995 1053 nullo
1019 1022 1228 1052 dissenciente

315 1074 534 1109 deliberatum,
554 1074 638 1114 quod
659 1072 829 1113 persolutis
850 1071 1068 1113 persolvendis
1086 1082 1144 1102 nec
1164 1081 1228 1101 non

310 1122 429 1163 juratis
439 1121 583 1163 jurandis
596 1122 657 1162 ipsi
669 1122 768 1152 libere
781 1127 924 1161 tanquam
940 1121 1084 1151 bacalarii
1097 1121 1127 1150 in
1136 1119 1227 1161 hujus

316 1171 398 1202 alme
414 1171 634 1202 Universitatis
651 1170 755 1200 studio
769 1179 971 1211 perseverare
986 1176 1125 1210 possent.

316 1277 536 1318 Sequuntur
575 1277 721 1307 nomina
756 1275 1083 1307 determinantium
1115 1276 1227 1307 istius

403 1325 489 1357 anni
517 1326 665 1356 Domini
693 1326 744 1355 Μο
773 1325 914 1356 CCCC⁰
941 1326 1141 1355 secundum

603 1375 728 1405 stilum
758 1381 940 1405 nostrum.

359 1464 465 1495 Primo
481 1463 696 1494 determinavit
708 1463 822 1493 Petrus
840 1463 878 1492 de
896 1462 1043 1493 Carniola
1058 1463 1115 1492 sub
1132 1462 1228 1502 magi-

317 1520 388 1544 stro
404 1513 551 1543 Heinrico
566 1513 604 1542 de
620 1512 768 1547 Gorkam,
787 1511 874 1551 cujus
888 1512 984 1541 bursa
999 1511 1043 1541 111
1057 1511 1160 1541 solidi.

359 1562 435 1592 Item
455 1561 671 1592 determinavit
697 1560 855 1591 lohannes
880 1561 965 1591 Kern
991 1562 1050 1590 sub
1078 1561 1227 1601 magistro

313 1611 459 1641 Johaune
474 1610 606 1646 Botbur‚
622 1609 709 1650 cujus
722 1611 817 1639 bursa
831 1609 875 1639 111
891 1609 984 1639 solidi
995 1609 1018 1639 ὅ.

359 1659 516 1690 Satisseeit
540 1659 632 1689 michi
662 1659 855 1699 procuratori
884 1658 1010 1688 Yvanus
1037 1658 1163 1689 Richeri
1188 1659 1227 1688 de

320 1708 432 1739 Erlach
451 1708 579 1738 alterius
601 1708 820 1738 Universitatis
837 1707 1032 1737 bachalarius
1053 1708 1090 1737 de
1108 1707 1224 1743 bursis,

315 1758 373 1798 qui
398 1768 468 1788 cum
489 1767 644 1787 consensu
670 1757 808 1786 nacionis
826 1767 884 1796 pro
910 1756 1087 1786 bachalario
1114 1757 1227 1786 admit-

316 1807 441 1837 tebatur
463 1805 632 1847 persolutis
653 1805 882 1845 persolvendis,
901 1811 931 1836 et
943 1804 1087 1845 jurandis
1101 1804 1224 1845 juratis,

317 1854 410 1896 cujus
423 1856 516 1885 bursa
530 1855 558 1885 ll
574 1855 678 1885 solidi.

725 1949 823 1978 1400

361 2019 470 2060 [Acta
498 2021 535 2049 in
564 2019 826 2059 procuratoria
854 2019 1012 2049 Gerardi
1037 2019 1183 2058 BrantJ.

361 2100 433 2140 (Fal.
451 2099 500 2139 53)
522 2099 614 2128 Facta
630 2099 877 2139 congregacione
898 2099 1069 2139 Anglicane
1085 2099 1226 2130 nacionis

315 2159 401 2178 anno
415 2158 478 2188 quo
496 2157 602 2188 supra,
620 2147 675 2177 lx·
695 2148 745 2177 die
762 2148 879 2178 mensis
893 2148 1013 2183 Marcii,
1030 2149 1111 2188 apud
1129 2149 1227 2178 Sanc-

320 2204 383 2228 tum
399 2197 586 2227 Maturinum
603 2196 683 2226 infra
697 2202 834 2226 octavam
852 2203 882 2226 et
896 2207 1007 2227 nonam
1022 2197 1115 2228 horas
1132 2208 1228 2238 super

315 2247 442 2276 <luobus
464 2245 613 2276 articulis.
638 2245 762 2276 Primus
782 2251 848 2275 erat
864 2246 903 2275 ad
921 2245 1096 2286 eligendum
1114 2257 1226 2277 novum

322 2301 568 2336 procuratorem,
584 2294 633 2324 vel
646 2301 705 2324 etc.
724 2294 885 2324 Secundus
898 2295 1045 2325 articulus
1055 2302 1122 2325 erat
1133 2306 1228 2336 super

319 2344 609 2384 supplicacionibus
629 2349 686 2373 etc.
711 2343 819 2380 Quoad
840 2343 972 2383 primum
990 2344 1151 2374 articulum
1172 2345 1228 2375 suit

351 2454 374 2478 1.
407 2453 511 2478 Scilicet
520 2453 708 2478 Universitatis
719 2453 915 2477 Vindobonens.

351 2490 375 2514 2.
408 2491 438 2514 11⁸
456 2489 535 2514 Arch.
556 2488 678 2513 Univera.
702 2488 859 2517 vindobon..
879 2491 904 2512 el
924 2489 1026 2521 quiden·
1045 2490 1071 2513 in
1090 2489 1228 2514 Mati-iouia

320 2525 454 2554 Univera..
473 2525 493 2553 l,
511 2524 639 2549 invenitur
655 2523 703 2556 sol.
722 2525 774 2548 27¹²
793 2524 830 2548 ad
851 2532 895 2548 an.
916 2524 977 2548 1³92
995 2524 1063 2549 inter
1078 2524 1228 2550 ahenea-e·

320 2560 469 2585 intitulatae
487 2560 592 2585 Yvann·
612 2559 644 2583 de
662 2559 779 2583 Non-co.
800 2561 827 2583 ln
843 2560 906 2583 Actu
927 2560 976 2583 sac.
993 2560 1102 2584 urcium.
1122 2560 1228 2593 legimus

316 2596 366 2628 sol.
379 2596 410 2620 08
420 2596 435 2616 b
451 2603 457 2620 z
471 2595 544 2627 (¹³⁹⁵
555 2595 628 2619 lunii
637 2596 661 2625 8)
671 2595 705 2619 ud
718 2594 859 2619 videndum
870 2595 985 2619 scolare·
997 2598 1162 2627 presentato·
1179 2604 1228 2628 pro

319 2630 440 2656 mnino
458 2630 652 2655 baccalariatus
669 2630 695 2654 in
713 2629 815 2654 artibus
831 2633 858 2654 εἰ
874 2630 907 2654 nd
925 2629 1131 2662 dispensandum
1148 2639 1229 2664 super

319 2666 482 2698 quibu-dnm
492 2674 583 2691 eorum
594 2665 740 2690 defectibus
754 2666 776 2689 ai
785 2665 918 2690 videretur
927 2665 1077 2697 expediens,
1086 2670 1111 2691 et
1124 2667 1229 2691 ruerunt

321 2701 371 2726 viai
383 2702 408 2731 0,
419 2701 548 2726 scilicet...
558 2701 594 2733 (2)
604 2701 709 2725 Yvanus
726 2701 850 2732 Reychari
866 2700 898 2725 ds
910 2700 1048 2725 monaco...
1062 2701 1106 2734 qui
1125 2703 1229 2727 luerunt

318 2736 431 2761 aduini
445 2736 479 2761 ud
492 2744 610 2761 mnan.
627 2736 691 2761 thid.
703 2736 751 2768 sol.
767 2738 798 2760 86
809 2737 880 2766 (1399
892 2738 958 2769 Aug.
972 2737 1011 2769 17)
1025 2737 1074 2761 ruit
1086 2737 1228 2770 diapenta-

318 2776 378 2797 tum
393 2780 484 2796 cum...
502 2772 591 2797 Yvano
609 2772 766 2797 baccalariin
781 2779 861 2804 super
880 2775 998 2804 tempore
1015 2775 1042 2796 et
1059 2772 1162 2797 actibus
1181 2781 1229 2806 per

319 2807 426 2832 eosdem
452 2807 615 2840 complendi·
637 2807 781 2832 seeundum
803 2809 924 2834 formam,
941 2810 1048 2840 excepto
1070 2808 1160 2833 Yvano
1182 2809 1227 2841 qui

323 2850 435 2875 parvum
447 2842 577 2867 delectum
593 2842 685 2867 babuit
697 2843 723 2867 in
736 2843 836 2867 lectura
849 2843 943 2871 solum.
956 2850 1016 2867 cuin
1031 2851 1083 2875 quo
1098 2843 1227 2876 simplici-

319 2882 362 2902 ter
374 2877 424 2902 tuit
434 2877 626 2910 <li-pennatum.

353 2915 376 2937 3.
408 2914 458 2938 Aa.
470 2913 531 2938 1³⁹4
541 2914 568 2938 ιἰι
579 2913 717 2938 Hatricula
726 2914 847 2939 Univera.
859 2913 1004 2938 vindobon.
1014 2916 1038 2937 et
1050 2914 1151 2946 quidem
1162 2914 1229 2939 inter

322 2949 438 2973 Saxone·
448 2949 595 2974 incunt-ue
609 2950 666 2977 (fol.
682 2950 732 2982 30).
748 2951 776 2974 ln
789 2951 852 2974 Acta
865 2950 915 2974 ῐιο.
929 2953 979 2973 art.
991 2949 1038 2982 sol.
1053 2950 1082 2973 7⁶
1093 2950 1107 2970 b
1121 2949 1228 2983 legin-cu

322 2984 361 3008 ad
374 2993 419 3008 an.
436 2985 505 3014 1898,
518 2984 633 3009 onemo.
650 2985 680 3009 10
697 2992 703 3009 2
724 2984 761 3010 Ad
779 2985 920 3010 videndum
937 2986 1052 3010 scolares
1069 2993 1097 3009 aa
1115 2985 1227 3010 examini

969 31 974 33 .
1004 26 1014 30 s
1072 22 1184 39 ¹‚·<-3*·„
1210 20 1339 37 *‘.-·2··'⁷„-.
1361 19 1459 35 ,¹⁴:⁴²

972 41 1076 69 *gf-*avg
1096 38 1099 43 '
1118 33 1259 65 ;ι“.(,·,ι·’·ε,γ
1334 41 1343 53 <
1399 38 1402 40 ’

822 457 937 484 LIBER
956 455 1271 484 PROCURATORUM
1290 455 1471 482 NATIONIS
1489 455 1734 483 ANGLICANAE

1265 977 1298 1003 10

1264 1222 1298 1248 15

1265 1467 1299 1494 20

1263 1712 1298 1739 25

1262 1955 1296 1982 30

1263 2200 1297 2226 35

2186 459 2239 485 810

1335 531 1451 561 electus
1468 531 1500 560 in
1521 538 1752 571 procuratorem
1777 533 1925 573 magister
1946 533 2125 564 Gherardus
2142 534 2240 564 Brant

1334 581 1374 610 de
1382 580 1577 616 Davanteria,
1587 581 1708 610 nemine
1719 582 1935 621 magistrorum
1947 589 2118 612 recusante.
2131 583 2240 620 Quoad

1335 630 1375 658 2¹¹¹
1389 628 1551 658 articulum
1565 630 1751 669 supplicavit
1767 631 1909 660 dominus
1923 631 2080 661 Johannes
2098 632 2241 661 Brukner

1335 679 1374 707 de
1391 677 1566 708 Goberstad
1582 685 1615 708 ut
1633 679 1672 708 ad
1685 679 2013 709 subdeterminanciam
2029 681 2241 711 admitteretur

1335 733 1479 767 tanquam
1504 737 1634 767 pauper,
1661 727 1748 767 cujus
1775 728 1965 768 supplicacio
1989 736 2054 759 erat
2079 739 2238 766 concessa,

1336 776 1408 816 quia
1416 775 1534 816 juravit
1551 782 1695 806 statutum
1713 777 1915 817 paupertatis.

1417 883 1631 923 Sequuntur
1657 884 1803 914 nomina
1830 885 2160 915 determinancium

1667 932 1780 963 istius
1808 934 1907 963 anni.

1375 1021 1452 1051 Item
1473 1022 1574 1061 primo
1599 1022 1814 1052 determinavit
1839 1023 1981 1052 dominus
2010 1023 2175 1053 Heinricus
2201 1025 2239 1053 de

1336 1070 1508 1100 Dintheren
1523 1071 1581 1100 sub
1591 1071 1740 1111 magistro
1755 1071 1924 1101 Wilhelmo
1941 1071 2027 1108 Bloc,
2044 1071 2131 1112 cujus
2146 1074 2240 1102 bursa

1334 1118 1362 1149 V
1376 1119 1479 1149 solidi.
1619 1155 1622 1158 ῃ

1375 1168 1451 1198 Item
1466 1169 1682 1199 determinavit
1701 1169 1843 1199 dominus
1862 1169 2019 1200 lohannes
2042 1170 2186 1200 Brukner
2201 1172 2239 1200 de

1335 1217 1520 1254 Goberstad‚
1540 1217 1626 1258 cujus
1641 1219 1735 1248 bursa
1752 1218 1858 1248 nichil.

1376 1266 1452 1296 Item
1460 1267 1603 1296 dominus
1614 1267 1772 1297 Arnoldus
1781 1268 1818 1297 de
1828 1267 1942 1303 Arsen,
1950 1267 2036 1307 cujus
2045 1269 2138 1298 bursa
2146 1268 2201 1298 Vll
2212 1279 2237 1299 s.

1376 1315 1451 1346 Item
1469 1316 1615 1346 Nicolaus
1631 1316 1847 1352 Possessoris,
1866 1316 1953 1356 cujus
1972 1318 2067 1346 bursa
2081 1317 2149 1347 xvl
2167 1319 2238 1347 den.

1376 1364 1452 1394 Item
1471 1365 1670 1395 Coenrardus
1688 1365 1786 1401 Driel‚
1808 1365 1894 1405 cujus
1915 1367 2006 1395 bursa
2023 1366 2091 1395 XVl
2109 1367 2238 1396 denarii.

1377 1413 1451 1443 Item
1464 1414 1621 1444 lohannes
1637 1415 1675 1444 de
1690 1414 1838 1450 Arnhem‚
1854 1414 1940 1454 cujus
1956 1416 2050 1444 bursa
2062 1415 2131 1445 XVI
2145 1416 2240 1445 dena-

1335 1473 1386 1492 ru.

1376 1570 1593 1610 Sequuntur
1623 1571 1768 1600 nomina
1796 1571 2198 1602 subdeterminancium

1665 1620 1779 1649 istius
1806 1619 1906 1649 anni.

1375 1709 1451 1739 Item
1467 1709 1740 1739 subdeterminavit
1753 1709 1910 1740 lohannes
1924 1708 2059 1750 Hfigilen
2073 1712 2129 1740 sub
2145 1711 2238 1751 magi-

1335 1764 1400 1788 stro
1419 1758 1554 1788 Henrico
1572 1759 1610 1788 de
1628 1758 1827 1788 Ghorinchen
1845 1761 1902 1788 sub
1917 1760 2079 1800 principali
2094 1760 2239 1789 determi-

1334 1814 1441 1837 natore
1462 1807 1603 1837 Arnoldo
1621 1809 1659 1836 de
1680 1807 1794 1842 Arsen,
1813 1807 1900 1848 cujus
1923 1810 2016 1839 bursa
2038 1809 2143 1845 nichil,
2167 1809 2239 1849 quia

1328 1855 1445 1896 juravit
1455 1862 1599 1886 statutum
1616 1857 1817 1896 paupertatis.

1740 1950 1836 1979 1400

1374 2020 1446 2061 (Fbl.
1468 2020 1542 2061 53¹³)
1562 2020 1653 2050 Acta
1681 2021 1716 2050 in
1742 2021 2002 2060 procuratoria
2026 2021 2196 2062 magistri

1533 2069 1713 2100 Johannis
1741 2071 1784 2099 de
1810 2069 2036 2110 Galencoep.

1375 2149 1494 2179 indicta
1508 2150 1754 2190 congregacione
1770 2150 1908 2179 nacionis
1919 2151 1999 2190 apud
2009 2150 2152 2180 Sanctum
2164 2151 2238 2180 Ber·

1334 2199 1482 2228 naerdum
1499 2209 1579 2228 anno
1597 2209 1658 2238 quo
1677 2208 1786 2238 supra,
1807 2205 1893 2228 sexta
1909 2199 1958 2228 die
1976 2199 2090 2228 mensis
2107 2199 2237 2239 Aprilis,

1335 2247 1411 2277 hora
1432 2253 1538 2277 octava
1562 2257 1656 2287 super
1673 2248 1794 2277 duobus
1812 2247 1962 2277 articulis.
1985 2248 2107 2277 Primus
2125 2249 2161 2278 ad
2181 2249 2238 2278 eli-

1335 2297 1468 2336 gendum
1489 2306 1602 2326 novum
1622 2302 1853 2335 procuratorem
1874 2296 1922 2326 vel
1943 2297 1980 2326 ad
2000 2297 2237 2326 continuandum

1334 2344 1493 2385 antiquum
1515 2351 1573 2374 etc.
1592 2344 1718 2374 Electus
1738 2345 1793 2375 fuit
1815 2345 2011 2375 concorditer
2026 2345 2181 2375 Johannes
2199 2347 2238 2375 de

1335 2463 1384 2487 pro
1401 2454 1486 2486 gradu
1501 2454 1574 2480 baec.
1594 2458 1746 2487 presentare
1759 2456 1906 2479 volentes...
1925 2456 1987 2479 ltem
2005 2455 2127 2487 Ludolsua
2143 2456 2238 2480 defecit

1335 2491 1362 2514 in
1374 2494 1470 2522 quarto
1486 2493 1600 2514 tractatu
1612 2490 1683 2515 Petri
1697 2491 1775 2515 uelie.
1790 2492 1855 2515 ltem
1866 2491 1967 2515 audivit
1982 2499 2030 2523 pro
2045 2494 2105 2515 tunc
2123 2492 2237 2516 Priorum

1335 2526 1404 2550 circu
1417 2526 1587 2558 principium.
1601 2526 1666 2550 Item
1682 2526 1709 2550 in
1726 2526 1879 2558 Algoriomo.
1893 2527 1955 2551 ltcm
1970 2527 1995 2550 in
2009 2526 2114 2551 exordio
2131 2527 2237 2551 secundi

1335 2560 1460 2585 Priorum.
1475 2561 1539 2584 ltem
1552 2561 1578 2584 in
1593 2562 1608 2585 0
1619 2561 1801 2593 questionibus
1814 2561 1917 2594 septimi
1931 2561 2095 2586 rhina-orum.
2113 2575 2139 2580 —
2160 2562 2236 2591 thid..

1334 2596 1381 2629 sol.
1401 2597 1429 2620 77
1449 2596 1519 2625 (1397
1540 2597 1584 2620 1-6
1601 2597 1762 2629 Ianuarii)...
1785 2597 1817 2621 ad
1837 2597 1995 2621 audiendum
2017 2597 2238 2629 supplicacionsm

1335 2631 1472 2664 cuju-dam
1485 2632 1689 2660 baccalariandi.
1703 2633 1824 2657 videlicet
1836 2633 1937 2657 Ludolfi
1950 2633 1981 2656 de
1992 2632 2079 2661 Ludis,
2091 2634 2135 2664 qui
2147 2633 2240 2665 petivit

1335 2667 1564 2699 dispensationem
1577 2676 1658 2700 super
1670 2668 1762 2692 habitu
1776 2668 1883 2700 proprio
1893 2671 1918 2692 et
1929 2668 2038 2700 pecunia
2052 2668 2169 2692 facultati
2183 2670 2237 2693 nol-

1335 2702 1428 2731 venda,
1442 2707 1468 2727 et
1479 2703 1632 2727 conclusum
1644 2703 1692 2727 ruit
1703 2703 1771 2735 quod
1786 2703 1823 2727 nic
1834 2711 1914 2735 unque
1929 2703 1962 2726 ad
1973 2703 2145 2735 pingwiorem
2159 2704 2239 2728 sortu-

1336 2746 1405 2764 nam.
1419 2738 1484 2762 ltem
1495 2738 1592 2762 tercius
1605 2739 1732 2763 articulus
1745 2742 1801 2762 crat
1815 2739 1847 2762 ad
1862 2738 2000 2762 videndum
2012 2739 2127 2763 scolares
2138 2740 2238 2763 exami-

1335 2776 1412 2798 natos
1429 2781 1477 2805 pro
1489 2773 1575 2806 gradu
1592 2774 1784 2798 bucculariutua
1804 2774 1829 2797 in
1847 2774 1948 2797 artibus
1967 2777 1993 2797 et
2007 2777 2081 2798 erunt
2096 2775 2239 2806 presentati

1335 2809 1409 2834 inti...
1423 2808 1547 2840 Ludolfiu
1559 2809 1682 2834 Ludin.-
1691 2809 1755 2833 lbid.
1768 2809 1804 2832 ad
1815 2817 1858 2832 an.
1874 2810 1942 2836 1³97,
1956 2809 2089 2838 Maruifl,
2100 2810 2140 2840 lo!
2162 2811 2191 2834 82
2203 2811 2216 2830 b
2231 2818 2236 2834 :

1335 2844 1452 2873 Qum-tu·
1473 2845 1521 2869 fuit
1540 2844 1665 2869 Ludoll'us
1686 2844 1765 2868 Ludi·
1783 2853 1842 2868 cum
1860 2853 1911 2876 quo
1931 2844 1979 2868 ruit
1994 2844 2184 2877 dispensatum.
2201 2845 2238 2869 nic

1334 2879 1404 2912 quod
1415 2880 1465 2904 int
1473 2880 1553 2904 etiam
1564 2880 1596 2904 ud
1605 2880 1684 2904 uliam
1694 2880 1895 2904 Univeraitatem
1907 2879 1928 2903 ni
1938 2887 1988 2904 non
1997 2880 2132 2905 commodo
2143 2881 2238 2905 reverti

1353 2918 1434 2940 ouat-

1335 2923 1352 2948 Ρ
1365 2951 1389 2977 la.
1422 2952 1512 2975 Postea
1524 2951 1634 2983 epatium
1649 2950 1773 2974 dimidiae
1788 2950 1908 2983 paginae.
