2632 3464
420 433 471 459 819

419 508 622 549 plicacionem
637 507 725 536 nacio
742 507 906 542 concessit,
923 505 1041 546 adjecta
1057 505 1239 535 condicione
1256 506 1326 540 ista,

420 558 564 587 videlicet
579 557 605 586 si
619 567 656 586 ex
670 562 758 596 parte
775 555 914 596 magistri
929 554 1100 584 Coenrardi
1111 565 1167 595 per
1181 554 1327 594 majorem

419 612 536 646 partem
552 606 703 635 ordinarii
721 615 776 644 per
794 615 827 634 se
844 604 893 634 vel
909 615 965 644 per
979 604 1159 644 magistrum
1175 604 1327 633 Herman-

421 665 492 685 num
516 654 763 695 prenominatum
792 664 853 683 non
880 654 1046 693 legeretur,
1070 654 1154 692 quod
1180 653 1328 692 magister

420 703 618 734 Coenrardus
639 714 673 732 ac
693 702 758 742 ejus
780 702 944 742 fidejussor
961 712 1018 741 pro
1038 702 1156 741 locagio
1175 702 1327 731 scolarum

419 749 620 782 satisfaceret.

461 802 551 830 Facta
561 801 806 840 congregacione
817 800 955 829 nacionis
971 809 1067 839 penes
1077 799 1222 829 Sanctum
1230 799 1327 828 Matu-

420 851 522 880 rinum
538 851 569 879 in
587 850 696 889 primis
711 849 823 879 Nostre
838 849 979 884 Domine,
989 849 1088 878 XV11=
1102 848 1151 877 die
1166 848 1324 883 Octobris,

421 910 517 939 super
536 899 597 927 2¹³¹¹⁸
615 898 763 928 articulis.
783 898 907 928 Primus
923 898 1099 927 continebat
1113 897 1214 936 aliqua
1233 907 1327 936 punc-

420 955 460 978 ta.
485 948 622 978 Primum
648 948 704 977 fuit
729 948 764 976 ad
789 947 1019 986 exsequendum
1043 946 1212 975 deliberata
1233 955 1328 985 super

421 998 499 1026 sacto
524 997 640 1026 domini
660 995 878 1035 archydiaconi
900 996 931 1024 in
956 995 1134 1034 precedenti
1158 1004 1327 1034 congrega-

421 1046 520 1075 cione.
541 1046 641 1085 Super
658 1056 718 1084 quo
733 1051 849 1084 puncto
860 1044 964 1074 multis
977 1044 1134 1083 magistris
1150 1045 1188 1073 de
1199 1043 1327 1072 nacione

422 1094 587 1125 verisimile
608 1100 673 1123 erat
699 1093 834 1133 (attentis
853 1093 998 1132 expensis
1017 1099 1046 1122 et
1067 1092 1226 1122 laboribus
1249 1102 1327 1131 quos

421 1144 509 1172 nacio
521 1143 626 1172 habuit
637 1153 694 1182 pro
710 1144 801 1172 domo
817 1143 855 1171 de
868 1152 929 1182 qua
942 1151 1043 1171 sermo
1055 1142 1153 1181 prius)
1167 1142 1326 1170 nacionem

420 1193 514 1221 nichil
530 1193 643 1221 debere
657 1191 882 1230 archydiacono
891 1203 898 1227 5
918 1197 1018 1220 tamen
1034 1192 1072 1219 ad
1090 1191 1188 1230 magis
1203 1197 1327 1220 conten-

419 1242 544 1271 tandum
565 1241 666 1280 ipsum
689 1241 774 1270 dedit
790 1240 878 1269 nacio
900 1250 954 1269 sex
976 1241 1150 1279 deputatos,
1172 1239 1224 1279 qui
1243 1239 1328 1269 vide-

420 1291 496 1319 bunt
510 1290 607 1319 libros
624 1289 836 1329 procuratoris
854 1295 884 1318 et
901 1289 1085 1328 recepturis,
1102 1295 1132 1317 et
1144 1289 1239 1317 eciam
1254 1288 1328 1318 visi-

420 1341 527 1369 tabunt
548 1339 669 1368 archam
685 1339 824 1367 nacionis
840 1339 876 1367 ad
895 1338 1123 1377 inquirendum,
1141 1338 1168 1366 si
1186 1338 1328 1366 omnibus

421 1389 567 1427 expensis
589 1388 677 1417 sactis
695 1398 751 1426 per
765 1387 924 1416 nacionem
941 1397 997 1426 pro
1015 1387 1095 1416 dicta
1110 1388 1202 1416 domo
1214 1396 1328 1426 pensa-

421 1437 460 1467 tis
470 1448 504 1466 ac
520 1437 615 1466 eciam
630 1437 800 1471 laboribus,
812 1436 880 1475 ipsa
890 1436 1115 1475 archydiacono
1131 1436 1163 1464 in
1171 1435 1275 1475 aliquo
1289 1435 1330 1465 sit

420 1486 567 1526 obligata,
585 1493 614 1515 et
629 1486 655 1515 si
671 1486 727 1520 sic,
743 1486 826 1525 quod
840 1485 867 1514 ei
883 1485 1021 1520 satisfiat,
1035 1485 1106 1524 (Fol.
1124 1485 1172 1524 56)
1186 1485 1330 1514 observa-

421 1535 461 1564 tis
481 1542 580 1564 tamen
603 1534 838 1564 condicionibus
859 1534 1042 1574 prescriptis
1067 1540 1097 1563 et
1120 1534 1275 1563 conclusis
1296 1533 1327 1562 in

420 1584 599 1623 precedenti
614 1583 871 1623 congregacione.

462 1633 636 1662 Secundum
660 1639 806 1672 punctum
835 1632 971 1672 ejusdem
1003 1632 1124 1661 articuli
1154 1632 1225 1667 fuit,
1257 1632 1329 1671 quia

421 1682 563 1711 dominus
580 1682 754 1721 Stephanus
767 1682 798 1710 in
812 1682 941 1710 Bavaria
957 1682 1018 1710 dux
1036 1681 1066 1710 in
1082 1681 1168 1710 brevi
1185 1682 1222 1710 de
1238 1681 1328 1710 Pari-

421 1731 486 1760 sius
500 1737 565 1759 erat
578 1741 771 1766 recessurus,
789 1731 873 1770 quod
886 1730 973 1759 nacio
987 1730 1088 1769 ipsum
1104 1729 1203 1759 adiret
1218 1731 1255 1759 ad
1268 1730 1327 1759 sibi

422 1781 733 1809 recommendandum
749 1780 858 1808 factum
873 1779 1002 1808 ecclesie
1021 1785 1050 1808 et
1063 1779 1234 1814 nacionem‚
1247 1785 1277 1808 et
1291 1780 1327 1808 ad

422 1829 659 1868 supplicandum
689 1829 831 1867 quatinus
862 1828 968 1868 regine
995 1828 1056 1857 filie
1086 1838 1140 1857 sue
1169 1828 1328 1857 nacionem

421 1878 601 1917 dignaretur
627 1878 887 1906 recommendare.
916 1877 1006 1914 Quod
1032 1883 1178 1916 punctum
1206 1877 1328 1906 nacioni

424 1926 547 1965 placuit.

462 1975 603 2004 Tercium
620 1982 766 2015 punctum
786 1974 923 2015 ejusdem
943 1974 1064 2004 articuli
1083 1975 1148 2010 fuit,
1166 1975 1237 2014 quia
1254 1982 1329 2003 tem-

420 2035 493 2063 pore
515 2026 707 2053 mortalitatis
729 2027 814 2053 multi
834 2025 972 2063 magistri
991 2031 1019 2052 et
1042 2026 1174 2052 scolares
1194 2026 1330 2052 nacionis

424 2076 563 2102 Par-isius
583 2075 705 2111 fuer-unt
720 2072 860 2108 mortui⁴,
881 2073 964 2112 quod
987 2083 1043 2111 pro
1058 2073 1103 2102 eis
1121 2073 1329 2102 celebraretur

422 2122 564 2151 officium.
584 2122 623 2151 Et
640 2123 753 2161 placuit
766 2122 897 2151 nacioni.

464 2171 624 2201 Secundus
643 2171 789 2200 articulus
810 2171 864 2200 suit
884 2181 978 2210 super
996 2171 1281 2211 supplicacionibus
1299 2177 1329 2200 et

423 2219 557 2260 injuriis.
577 2221 622 2249 De
641 2231 703 2260 quo
716 2220 822 2255 nichil,
839 2220 911 2259 quia
925 2220 1027 2249 nullus
1045 2220 1239 2260 supplicavit.

424 2328 637 2367 Sequuntur
671 2327 819 2356 nomina
854 2327 1063 2366 regentium
1098 2327 1209 2356 istius
1244 2327 1328 2356 anni

473 2387 548 2406 cum
578 2376 790 2405 nominibus
821 2386 969 2405 suorum
1000 2375 1275 2415 fidejussorum.

466 2466 615 2505 Magister
633 2465 790 2495 Arnoldus
804 2466 841 2494 de
858 2465 990 2504 Vytwiic
1003 2471 1156 2504 receptor.

464 2515 614 2554 Magister
636 2515 793 2543 Johannes
816 2514 977 2553 Baupour;
1001 2513 1153 2554 fidejussit
1173 2520 1326 2553 receptor.

465 2564 614 2603 Magister
627 2563 782 2593 Johannes
798 2564 835 2592 de
857 2563 1029 2602 Zuytfania;
1046 2562 1184 2602 fidejussi
1202 2573 1259 2602 ego
1274 2563 1329 2592 Jo-

426 2613 543 2642 hannes
559 2614 596 2642 de
614 2613 710 2651 Dorp.

466 2662 615 2701 Magister
640 2661 822 2690 Guillelmus
842 2661 932 2696 Bloc;
952 2661 1100 2700 magister
1117 2660 1273 2689 Johannes
1292 2661 1329 2689 de

424 2711 584 2750 Zuytfania
601 2710 799 2750 re[spondit].

465 2760 614 2799 MagIster
631 2759 787 2789 Johannes
805 2760 841 2788 de
860 2757 1097 2794 Francfordia²3
1117 2758 1264 2798 magister
1280 2758 1329 2788 Jo-

425 2808 542 2838 hannes
558 2808 757 2849 re[spondit].

457 2920 478 2943 1.
520 2921 572 2943 Vid.
588 2929 611 2951 p.
625 2921 679 2948 803,
691 2923 741 2943 not.
755 2921 776 2943 3.

457 2957 479 2978 2.
513 2958 585 2979 Anno
606 2956 727 2987 completo
746 2955 948 2986 Heidelbergam
965 2954 1048 2986 petiit,
1067 2955 1112 2977 ubi
1131 2954 1277 2978 intitulatus
1294 2956 1331 2977 ent

963 429 1186 456 AUCTARIUM
1206 427 1464 456 CHARTULARH
1482 428 1656 455 UNIVERS.
1679 428 1797 455 PARIS.

1365 948 1398 974 10

1366 1193 1399 1219 15

1366 1439 1399 1464 20

1366 1685 1399 1711 25

1365 1931 1399 1956 30

1366 2176 1399 2202 35

1366 2421 1399 2447 40

1367 2665 1400 2691 45

2283 429 2337 455 820

1476 505 1628 545 Magister
1647 505 1823 544 Heynricus
1843 506 1881 535 de
1899 505 2082 542 Gorichem3
2105 506 2255 546 respondi
2270 516 2342 546 ego.

1476 553 1627 594 Magister
1640 554 1838 584 Coenrardus
1852 555 1890 583 de
1902 555 2084 595 Esselinga;
2103 555 2251 595 magister
2266 555 2344 585 Her-

1436 613 1565 632 mannus
1580 603 1618 632 de
1633 603 1798 643 Esselinga
1813 604 2012 643 re[spondit].

1476 651 1627 692 Magister
1648 652 1828 682 Ber-nardus
1849 652 2029 692 Flogelink;
2056 653 2207 692 respondi
2230 663 2290 693 ego
2310 659 2346 684 ut

1436 710 1536 740 prius.

1476 749 1627 789 Magister
1642 750 1838 780 Hermannus
1854 750 2001 786 Ummen;
2021 751 2182 790 respondi.

1475 798 1627 838 Magister
1640 798 1798 829 Arnoldus
1814 800 1851 829 de
1865 799 2040 839 Zuytfania3
2057 800 2207 840 magister
2217 799 2344 830 Guillel-

1436 857 1503 877 mus
1522 847 1599 878 Bloc
1616 848 1788 888 respondit.

1841 942 1938 971 1400

1476 1012 1566 1041 Acta
1595 1011 1632 1041 in
1662 1012 1926 1051 procuratoria
1952 1012 2124 1053 magistri
2149 1012 2304 1043 Jordani

1736 1062 1778 1090 de
1815 1061 2042 1091 Derthesen.

1477 1140 1569 1170 Facta
1585 1141 1832 1181 congregacione
1850 1141 1990 1171 nacionis
2015 1142 2096 1181 apud
2115 1142 2259 1172 Sanctum
2277 1141 2345 1172 Ma-

1437 1190 1571 1219 turinum
1595 1190 1627 1219 in
1652 1190 1761 1229 primis
1776 1190 1889 1220 Nostre
1910 1190 2042 1220 Domine
2058 1197 2197 1230 tempore
2213 1201 2346 1231 congre-

1437 1239 1577 1279 gacionis
1588 1238 1808 1269 Universitatis
1821 1240 1929 1268 eodem
1942 1249 2023 1268 anno
2038 1246 2071 1269 ut
2081 1250 2187 1279 supra,
2202 1239 2286 1269 XVI·
2295 1240 2346 1270 die

1436 1288 1552 1317 mensis
1583 1288 1740 1323 Octobris,
1769 1298 1864 1327 super
1890 1289 2010 1318 duobus
2043 1289 2192 1318 articulis.
2220 1289 2345 1319 Primus

1437 1343 1503 1367 erat
1524 1338 1561 1366 ad
1589 1337 1765 1378 eligendum
1794 1347 1906 1366 novum
1933 1344 2183 1376 procuratorem;
2208 1339 2254 1367 2¹¹·
2280 1343 2346 1368 erat

1438 1396 1532 1425 super
1553 1386 1839 1425 supplicacionibus
1858 1392 1888 1415 et
1906 1385 2040 1426 injuriis.
2059 1386 2211 1423 Quantum
2226 1387 2265 1416 ad
2278 1387 2345 1427 pri—

1437 1445 1518 1464 mum
1549 1435 1711 1464 articulum
1743 1434 1859 1464 electus
1889 1435 1945 1464 suit
1971 1436 2168 1465 concorditer
2198 1436 2346 1476 magister

1436 1484 1451 1514 J
1456 1485 1592 1514 ordanus
1605 1485 1643 1514 de
1657 1484 1842 1514 Derthesen.
1860 1483 1961 1523 Super
1973 1485 2005 1513 2⁰
2019 1484 2147 1514 articulo
2160 1485 2260 1524 primo
2273 1495 2344 1525 sup-

1437 1533 1565 1573 plicavit
1589 1534 1796 1573 predecessor
1821 1543 1906 1563 meus
1937 1539 1970 1562 ut
1999 1533 2088 1563 nacio
2121 1534 2213 1564 vellet
2242 1534 2344 1574 ipsum

1437 1582 1550 1611 habere
1572 1588 1693 1622 gratum
1709 1588 1740 1611 et
1761 1583 2039 1612 recommendatum
2057 1582 2088 1611 in
2110 1583 2186 1612 actis
2205 1589 2345 1623 tempore

1437 1631 1651 1671 procuratorie
1671 1641 1735 1661 sue.
1761 1631 1836 1661 Item
1853 1631 2106 1671 supplicaverunt
2128 1632 2242 1661 bedelli
2262 1633 2346 1674 quod

1438 1681 1574 1720 placeret
1583 1681 1716 1716 nacioni‚
1727 1687 1761 1710 ut
1769 1681 1843 1720 ipsi,
1854 1681 1934 1710 sicut
1945 1687 1974 1710 et
1984 1681 2059 1710 alias
2069 1682 2214 1717 fecerant,
2223 1682 2262 1711 de
2270 1691 2345 1721 quo·

1437 1730 1512 1759 libet
1541 1729 1780 1759 determinatum
1810 1730 1841 1758 in
1870 1730 1987 1759 artibus
2017 1737 2163 1769 caperent
2186 1730 2345 1760 dimidium

1438 1779 1585 1808 francum.
1605 1779 1724 1816 Quibus
1741 1778 2026 1818 supplicacionibus
2043 1779 2151 1808 annuit
2164 1780 2262 1809 nacio.

1479 1828 1569 1857 Facta
1585 1828 1831 1867 congregacione
1845 1829 1981 1857 nacionis
1996 1829 2135 1857 Almanie
2148 1830 2230 1868 apud
2248 1828 2346 1858 Sanc-

1437 1883 1500 1906 tum
1522 1877 1709 1906 Maturinum
1732 1886 1812 1906 anno
1835 1883 1865 1906 et
1888 1876 1964 1906 hora
1987 1883 2021 1906 ut
2044 1887 2149 1916 supra,
2172 1877 2274 1907 X1111·
2295 1877 2345 1907 die

1438 1925 1553 1955 mensis
1578 1925 1763 1955 Novembris
1787 1935 1882 1965 super
1899 1926 2020 1955 duobus
2044 1925 2193 1955 articulis.
2221 1926 2345 1956 Primus

1438 1981 1503 2004 erat
1517 1985 1611 2014 super
1632 1975 1709 2004 festo
1731 1974 1914 2004 Eadmundi.
1935 1968 2096 2004 Secundus
2113 1985 2207 2015 super
2224 1974 2346 2015 suppli·

1437 2024 1627 2059 cacionibus,
1640 2030 1698 2053 etc.
1714 2023 1816 2063 Super
1831 2023 1930 2062 primo
1947 2023 2076 2053 articulo
2092 2024 2243 2053 conclusit
2257 2024 2345 2054 nacio

1437 2074 1520 2112 quod
1538 2073 1625 2102 fieret
1642 2073 1751 2102 festum
1774 2074 1803 2100 in
1821 2074 1947 2101 ecclesia
1963 2080 1991 2101 et
2008 2074 2037 2101 in
2060 2073 2196 2108 taberna,
2215 2079 2248 2102 ut
2269 2073 2346 2102 soli-

1437 2128 1499 2151 tum
1514 2128 1561 2151 est
1573 2122 1650 2159 fieri,
1670 2128 1700 2151 et
1713 2121 1770 2150 hoc
1784 2121 1931 2161 expensis
1946 2121 2097 2151 nacionis.
2110 2123 2210 2161 Super
2227 2123 2257 2151 2⁰
2269 2122 2345 2152 arti-

1437 2171 1506 2200 culo
1521 2171 1627 2206 nichil,
1645 2171 1717 2210 quia
1729 2170 1831 2200 nullus
1850 2170 2046 2209 supplicavit.

1842 2264 1939 2293 1400

1478 2336 1550 2376 (Fol.
1568 2336 1643 2376 561‘)
1672 2335 1921 2365 Continuacio
1948 2335 2121 2375 magistri
2151 2335 2304 2364 Jordani

1742 2385 1785 2414 de
1814 2384 2038 2414 Derthesen.

1479 2466 1570 2495 Facta
1587 2465 1835 2504 congregacione
1849 2466 1984 2493 nacionis
1997 2465 2135 2493 Almanie
2149 2464 2231 2503 apud
2249 2463 2348 2493 Sanc-

1438 2521 1500 2544 tum
1511 2514 1699 2543 Maturinum
1713 2514 1744 2543 in
1758 2513 1866 2553 primis
1882 2513 1994 2543 Nostre
2012 2513 2154 2548 Domine,
2166 2512 2282 2542 XV111=
2296 2513 2346 2543 die

1439 2563 1555 2593 mensis
1577 2562 1775 2598 Novembris,
1796 2572 1891 2602 super
1907 2562 2028 2591 duobus
2051 2561 2201 2591 articulis.
2221 2561 2346 2592 Primus

1438 2618 1504 2641 erat
1534 2612 1571 2641 ad
1605 2612 1779 2651 eligendum
1813 2617 2056 2651 procuratorem.
2089 2610 2250 2640 Secundus
2282 2617 2347 2643 erat

1439 2671 1533 2700 super
1551 2660 1836 2700 supplicacionibus
1849 2666 1879 2689 et
1891 2658 2023 2699 injuriis.
2038 2658 2140 2698 Super
2155 2659 2255 2698 primo
2270 2659 2346 2689 arti-

1438 2710 1507 2739 culo
1523 2710 1611 2739 nacio
1626 2709 1822 2739 concorditer
1839 2708 2020 2738 deliberavit
2037 2718 2094 2747 pro
2111 2708 2345 2738 continuacione

1439 2759 1579 2798 magistri
1595 2758 1724 2788 Jordani
1744 2756 1924 2797 supradicti.
1944 2757 2045 2796 Super
2068 2757 2099 2785 2⁰
2116 2757 2246 2787 articulo
2270 2767 2348 2797 sup-

1439 2807 1564 2847 plicavit
1579 2813 1773 2847 procurator‚
1790 2812 1940 2846 quatenus
1964 2806 2041 2835 visis
2062 2806 2138 2835 actis
2161 2812 2191 2835 et
2208 2805 2296 2836 factis
2314 2805 2346 2835 in

1440 2926 1484 2941 an.
1502 2918 1559 2941 1401
1578 2917 1625 2940 sub
1639 2917 1741 2940 nomine
1757 2916 1891 2940 ,lohannes
1908 2916 2055 2947 Lugenator
2071 2915 2103 2939 de
2122 2916 2260 2947 Dyppurg.
2289 2915 2344 2939 Vid.

1441 2954 1558 2981 Tonrxs,
1570 2952 1700 2980 Mutrikel,
1713 2953 1732 2979 l,
1745 2953 1784 2983 82,
1797 2955 1820 2976 et
1833 2959 1910 2983 supra
1924 2959 1951 2983 p.
1963 2952 2016 2980 739,
2026 2951 2064 2975 12.
