2632 3464
279 426 332 453 285

323 502 399 532 {tem
420 502 525 531 eadem
551 500 600 530 die
624 499 740 540 incepit
763 498 894 528 Michael
921 498 960 527 de
981 497 1106 526 Viscow
1130 497 1189 526 sub

282 551 432 592 magistro
447 550 580 580 Tedrico
594 550 633 579 de
651 548 752 583 Unna,
767 546 855 587 cnjus
868 547 962 576 bursa
975 546 1003 576 X
1018 546 1122 575 solidi.

323 600 398 630 item
429 599 564 630 secunda
589 599 640 628 die
669 597 754 628 Junii
778 597 857 626 facta
881 595 1130 635 congregacione
1151 595 1190 624 ad

283 649 459 690 eligendum
480 653 712 688 procuratorem
735 652 766 676 et
787 646 864 675 facto
881 651 1025 684 computo
1047 650 1191 683 receptor

283 705 405 729 tenetur
422 697 543 727 nacioni
563 697 595 726 in
611 695 685 726 Vlll
700 695 790 724 libris
806 693 845 723 vl
865 693 976 723 solidis
996 693 1023 722 V
1042 693 1189 727 denariis,

283 754 314 777 et
330 747 362 776 in
380 747 441 776 isto
459 745 714 786 computabantur
726 745 820 774 burse
831 742 1024 772 licentiature
1041 741 1191 771 lobannis

284 797 323 826 de
336 796 402 826 Neu
420 801 451 825 et
463 793 629 824 Tbeodrici
647 793 792 824 Damero.

689 881 787 912 1863

285 957 359 997 (Ποῖ,
390 955 437 995 49)
475 954 781 985 Procuratorium
811 953 982 993 magistri
1012 952 1193 982 lobannis

500 1003 626 1044 Scalpi
654 1013 720 1044 per
747 1002 978 1032 vacationes.

325 1085 416 1116 Anno
426 1084 567 1125 predicto
583 1085 660 1113 sacta
670 1081 916 1122 congregacione
927 1081 1067 1111 nacionis
1082 1080 1195 1120 Anglie

286 1135 368 1175 apud
384 1134 531 1164 Sanctum
549 1132 703 1163 lulianum
714 1141 882 1172 pauperem
894 1132 924 1160 2·
939 1131 989 1160 die
1003 1130 1018 1160 J
1023 1130 1099 1165 unii,
1114 1129 1203 1169 elec-¹

286 1191 337 1214 tus
352 1183 410 1213 fuit
427 1183 458 1212 in
479 1187 712 1222 procuratorem
735 1180 884 1220 magister
904 1179 1061 1209 Johannes
1083 1179 1197 1218 Scalpy

286 1243 345 1274 per
361 1232 539 1262 vacationes
556 1230 698 1261 durantis
720 1230 804 1259 illius
822 1229 906 1263 anni,
928 1227 1014 1269 cujus
1032 1229 1063 1257 in
1082 1238 1198 1268 procu—

289 1281 405 1312 ratorio
421 1287 486 1310 acta
505 1281 628 1310 suerunt
644 1289 704 1319 que
719 1285 876 1309 secuntur.

328 1331 363 1361 ln
397 1330 509 1370 primis
545 1329 693 1369 magister
723 1327 935 1358 Theodericus
972 1327 1010 1356 de
1046 1326 1199 1356 Holandia

290 1379 478 1420 supplicavit
493 1378 525 1408 in
544 1378 672 1408 nacione
685 1383 836 1417 quatenus
851 1376 940 1406 nacio
957 1375 1084 1405 haberet
1097 1375 1198 1415 ipsum

291 1428 571 1459 recommendatum
594 1427 766 1466 reputando
787 1426 888 1465 ipsum
910 1435 1016 1454 verum
1041 1430 1199 1464 regentem

289 1483 420 1518 propter
437 1477 548 1507 multas
569 1485 690 1510 causas,
706 1485 762 1504 nec
778 1485 839 1504 non
858 1474 960 1503 dando
976 1473 1035 1503 sibi
1054 1473 1197 1503 litteram.

291 1527 366 1557 lnde
390 1535 537 1556 concessa
563 1525 620 1554 suit
643 1524 846 1564 supplicacio,
872 1529 902 1552 et
927 1523 999 1563 quia
1023 1532 1084 1552 non
1109 1522 1202 1552 solvit

290 1576 401 1605 bursas
418 1573 668 1608 determinantie‚
685 1573 812 1602 licencie
830 1578 860 1602 et
879 1571 1061 1612 magisterii,
1080 1571 1201 1611 obliga-

289 1624 335 1654 vit
353 1634 386 1654 se
408 1623 491 1664 quod
518 1633 607 1663 quam
635 1622 695 1652 sito
717 1621 779 1661 (sic)
802 1621 921 1651 veniret
944 1621 982 1650 ad
1006 1620 1201 1660 pinguiorem

291 1674 455 1707 fortunam,
479 1682 532 1702 eas
552 1671 688 1701 solveret
707 1670 846 1706 indilate,
869 1677 900 1700 et
917 1679 1012 1710 super
1032 1669 1090 1699 boc
1111 1679 1201 1698 unam

292 1722 412 1752 literam
433 1721 490 1751 sub
510 1730 591 1761 pena
607 1719 937 1750 excommunicacionis
959 1718 1065 1759 posuit
1082 1719 1119 1748 ad
1139 1718 1203 1748 cis-

292 1778 364 1806 tam,
382 1770 487 1810 sigillo
502 1769 642 1800 officialis
655 1769 831 1809 sigillatam.

332 1819 450 1850 Eodem
466 1819 517 1849 die
534 1818 678 1848 dominus
693 1818 848 1848 Henricus
866 1818 904 1847 de
921 1817 1032 1847 Hassia
1049 1816 1203 1856 supplica-

292 1869 338 1899 vit
362 1868 484 1898 nacioni
509 1874 661 1908 quatenus
688 1873 830 1906 parceret
854 1867 914 1896 sibi
937 1867 975 1896 de
1006 1866 1111 1896 bursis
1138 1865 1203 1895 suis

293 1918 523 1957 magistratum,
537 1917 618 1946 sicut
624 1916 801 1956 benigniter
811 1916 880 1945 fecit
889 1916 926 1945 de
940 1915 1046 1954 ali[i]s‚
1057 1925 1156 1954 usque
1166 1914 1204 1944 ad

296 1966 494 2007 pinguiorem
520 1966 672 1995 fortunam
694 1971 804 2005 posset
824 1964 941 1994 venire.
966 1964 1125 1995 Concessa
1150 1963 1206 1993 suit

297 2025 352 2045 sua
375 2014 568 2055 supplicacio
590 2015 648 2044 sub
666 2020 756 2054 pacto
775 2014 857 2054 quod
879 2023 970 2043 unam
993 2013 1124 2043 litteram
1147 2013 1204 2042 sub

296 2074 377 2105 pena
391 2063 724 2093 excommunicacionis
736 2063 843 2092 factam
859 2062 1086 2103 sigillatamque
1101 2062 1205 2102 sigillo

297 2113 415 2143 domini
434 2111 574 2142 officialis
595 2111 696 2142 Paris.
717 2118 847 2152 poneret
865 2112 903 2142 ad
921 2112 1040 2147 cistam,
1061 2121 1150 2151 quam
1171 2121 1205 2141 se

295 2162 334 2192 ad
365 2161 472 2191 cistam
501 2170 616 2201 ponere
638 2160 796 2200 obligavit.
819 2160 897 2198 Qui‘
922 2160 1038 2200 incepit
1059 2161 1091 2189 2·
1109 2159 1205 2189 seria²

297 2216 370 2250 post
390 2209 619 2240 Penthecosten
641 2210 699 2238 sub
719 2209 868 2249 magistro
890 2209 1068 2239 Hermanno
1088 2209 1206 2239 Consul

300 2260 338 2289 de
354 2258 498 2289 Saxonia.

339 2307 414 2338 Item
436 2307 514 2337 sacta
534 2307 783 2348 congregacione
803 2307 942 2336 nacionis
959 2307 1041 2347 apud
1061 2306 1205 2337 Sanctum

298 2356 453 2388 lulianum
476 2357 516 2386 26
540 2356 591 2386 die
613 2357 729 2386 mensis
752 2355 852 2391 Junii,
878 2355 1064 2396 supplicavit
1085 2355 1207 2386 nacioni

298 2405 448 2447 magister
467 2404 625 2435 Johannes
645 2405 748 2445 Scalpi
764 2411 837 2435 tunc
857 2405 1006 2445 temporis
1024 2412 1208 2445 procurator

299 2454 439 2484 nacionis
465 2460 618 2494 quatenus
639 2454 728 2484 nacio
753 2455 938 2484 concederet
960 2454 1020 2484 sibi
1046 2454 1207 2494 pecuniam

301 2503 361 2534 sibi
389 2502 525 2533 debitam
554 2503 768 2544 procuratorie
795 2513 850 2532 sue
874 2513 932 2543 per
956 2503 1150 2538 vacaciones,
1179 2509 1209 2532 et

299 2552 383 2593 quod
402 2552 469 2592 ipse
488 2562 588 2592 usque
603 2552 640 2582 ad
661 2552 793 2582 reditum
809 2562 897 2582 suum
915 2552 952 2581 de
971 2551 1116 2582 Flandria
1133 2552 1210 2582 sub-

301 2601 445 2631 stitueret
471 2607 702 2641 procuratorem
725 2601 788 2641 (qui
813 2601 936 2641 quidem
966 2601 1209 2641 subprocurator

300 2650 536 2690 nuncupabatur
550 2650 698 2690 magister
714 2650 874 2680 Marcilius
894 2650 932 2680 de
957 2649 1086 2691 lnghen)
1111 2659 1209 2690 usque

300 2699 339 2728 ad
354 2698 498 2729 reditum.
516 2698 557 2729 Et
573 2708 722 2729 concessa
736 2699 792 2729 fuit
806 2708 862 2729 sua
877 2698 1079 2739 supplicacio.

343 2746 417 2777 item
438 2747 546 2778 eodem
567 2747 617 2778 die
639 2747 741 2778 dictus
761 2747 957 2778 Hermannus
978 2749 1016 2777 de
1038 2747 1207 2788 Northeym

302 2795 490 2836 supplicavit
513 2796 634 2827 nacioni
659 2802 810 2837 quatenus
839 2796 928 2827 nacio
953 2802 1078 2837 caperet
1107 2797 1145 2826 ab
1173 2806 1211 2827 eo

335 2875 358 2899 1.
393 2874 443 2903 Qui
447 2892 495 2899 .....
507 2875 621 2900 s-xoni·
631 2874 685 2900 alio
697 2874 854 2900 charactere.

339 2910 364 2934 2.
397 2910 427 2934 2²
439 2909 513 2934 Μαίί.

335 2946 359 2970 8.
394 2946 424 2970 ts
432 2944 504 2970 Jum.
515 2947 564 2970 Ne.
575 2948 660 2979 primo
671 2946 746 2971 snm.

789 422 901 449 LIBER
922 420 1236 448 PROCURATORUM
1255 419 1436 446 NATIONIS
1455 419 1699 446 ANGLICANAE

1231 940 1265 966 10

1234 1185 1267 1211 15

1237 1429 1271 1455 20

1239 1673 1273 1700 25

1241 1917 1276 1944 30

1243 2162 1277 2188 35

1244 2406 1279 2432 40

1247 2651 1282 2679 45

974 0 1218 18 *mvmgvanxezss.,„-·-v·
1254 0 1259 2 *
1292 0 1337 11 rm
1367 0 1404 6 vv>-

2153 418 2207 444 286

1298 496 1316 524 2
1342 495 1477 524 florenos
1499 505 1556 534 pro
1578 495 1683 524 bursis
1708 494 1837 524 licencie
1861 504 1927 528 sue,
1949 500 1979 523 et
2002 504 2058 533 pro
2080 495 2206 523 residuo

1297 544 1395 573 libros
1424 544 1530 584 posuit
1555 543 1587 572 in
1615 544 1729 583 pignus
1758 553 1856 582 usque
1892 544 1929 572 ad
1964 543 2096 582 primum
2126 543 2207 572 diem

1298 593 1442 633 Augusti.
1460 593 1498 622 Et
1513 602 1662 622 concessa
1678 592 1733 622 suit
1748 602 1803 621 sua
1819 592 2023 631 supplicacio.

1715 686 1812 715 1863

1365 757 1560 787 Mercilius
1589 757 1631 786 de
1659 756 1800 797 lnghen
1829 758 1871 786 de
1899 756 2138 796 Novymagio.

1341 837 1432 866 Anno
1456 837 1579 866 Domini
1601 838 1706 872 13630,
1737 838 1776 866 26
1806 837 1856 866 die
1879 837 1996 866 mensis
2015 836 2111 871 Junii,
2135 837 2212 865 facta

1302 886 1547 926 congregacione
1561 885 1701 916 nacionis
1717 887 1799 926 apud
1813 886 1957 916 Sanctum
1970 885 2123 915 sulianum
2140 896 2212 925 pau-

1301 945 1418 976 perem,
1442 935 1590 975 magister
1606 935 1741 965 Joannes
1761 935 1865 975 Scalpi
1884 934 2071 975 supplicavit
2091 934 2212 964 nacioni

1301 991 1336 1014 ut
1358 985 1460 1024 possit
1479 994 1578 1024 usque
1599 985 1636 1013 ad
1655 985 1787 1014 reditum
1810 994 1899 1014 suum
1917 985 1955 1013 de
1977 984 2120 1013 Flandria
2143 984 2214 1013 sub-

1303 1033 1430 1063 stituere
1454 1040 1699 1073 procuratorem.
1731 1033 1890 1063 Concessa
1918 1033 1974 1062 fuit
2005 1043 2061 1063 sua
2090 1033 2214 1072 suppli-

1303 1083 1399 1117 cacio,
1427 1083 1592 1112 dummodo
1618 1088 1719 1112 tamen
1743 1082 1833 1111 talem
1863 1082 2066 1112 substitueret
2096 1082 2161 1122 qui,
2189 1082 2215 1111 si

1304 1132 1372 1172 ipse
1388 1142 1450 1161 non
1463 1132 1590 1166 rediret,
1604 1137 1742 1161 maneret
1756 1137 1942 1171 procurator
1954 1141 2011 1171 per
2020 1131 2213 1161 vacaciones.

1305 1180 1345 1210 Et
1373 1180 1559 1210 substitutus
1586 1187 1634 1210 est
1657 1180 1793 1210 unanimi
1818 1190 1974 1210 consensu
1998 1180 2217 1220 magistrorum

1305 1230 1454 1269 magister
1482 1229 1641 1259 Mercilius
1671 1230 1708 1259 de
1738 1229 1870 1269 lnghen‚
1900 1230 1930 1259 in
1956 1228 2043 1269 cujus
2072 1239 2218 1269 procura·

1307 1279 1395 1308 cione
1408 1285 1475 1308 acta
1490 1285 1562 1308 sunt
1577 1278 1633 1308 hec
1649 1289 1709 1318 que
1724 1285 1906 1318 sequuntur.

1348 1328 1453 1357 Primo
1469 1338 1560 1362 anno,
1580 1338 1641 1367 quo
1660 1338 1754 1368 supra
1773 1327 1857 1357 venit
1878 1328 2021 1357 dominus
2040 1327 2219 1357 Bernardus

1307 1376 1415 1406 Aucati
1433 1377 1471 1406 de
1489 1376 1704 1416 Gronynghen
1727 1377 1902 1406 licentiatus
1926 1377 1956 1406 in
1974 1377 2104 1412 artibus,
2127 1377 2221 1406 frater

1308 1426 1419 1461 minor,
1451 1426 1570 1455 scilicet
1597 1426 1653 1455 xl·
1687 1426 1737 1455 die
1764 1425 1837 1455 Julii
1868 1426 1944 1455 sacta
1973 1426 2220 1466 congregacione

1308 1475 1448 1505 nacionis
1462 1475 1602 1515 predicte
1619 1476 1701 1515 apud
1714 1474 1858 1504 Sanctum
1873 1475 2025 1504 Julianum
2040 1485 2219 1515 pauperem,

1310 1524 1497 1564 supplicavit
1512 1524 1646 1559 nacioni,
1665 1534 1734 1554 cum
1747 1524 1814 1563 ipse
1831 1530 1864 1554 ut
1878 1525 2012 1554 asseruit
2027 1524 2127 1563 aliqua
2141 1525 2222 1553 bona

1309 1583 1367 1614 per
1383 1573 1500 1602 obitum
1516 1573 1623 1602 matris
1640 1583 1694 1603 sue
1712 1574 1749 1603 ad
1769 1583 1802 1602 se
1821 1573 1963 1603 devoluta
1982 1574 2142 1613 acquirere
2160 1583 2222 1602 non

1311 1628 1429 1662 posset,
1449 1622 1537 1651 nacio
1557 1622 1650 1652 vellet
1672 1622 1733 1652 sibi
1753 1623 1924 1652 concedere
1945 1622 2064 1651 literam
2088 1622 2222 1652 testimo—

1310 1671 1422 1700 nialem
1435 1671 1473 1700 de
1489 1671 1559 1706 hoc,
1574 1672 1656 1711 quod
1674 1671 1741 1711 ipse
1755 1678 1838 1701 esset
1852 1671 2031 1701 licenciatus
2047 1671 2078 1700 in
2091 1671 2221 1701 artibus.

1312 1720 1379 1757 Que
1395 1719 1588 1760 supplicacio
1606 1719 1691 1750 nullo
1708 1721 1927 1760 magistrorum
1946 1720 2129 1750 reclamante
2148 1731 2224 1749 con-

1312 1779 1400 1799 cessa
1424 1769 1489 1804 suit,
1513 1770 1584 1799 dum
1606 1775 1706 1799 tamen
1727 1770 1880 1799 scriberet
1900 1770 1957 1799 sub
1978 1769 2030 1799 illa
2049 1771 2119 1799 data
2142 1769 2224 1799 illius

1312 1818 1373 1848 diei
1390 1819 1421 1848 in
1437 1828 1495 1858 qua
1516 1819 1614 1858 petiit,
1632 1825 1661 1848 et
1679 1819 1847 1848 dimitteret
1862 1819 1982 1858 copiam
2003 1818 2101 1848 litere.

1355 1867 1429 1897 Item
1443 1868 1521 1897 sacta
1538 1868 1786 1908 congregacione
1807 1868 1888 1907 apud
1906 1867 2050 1897 Sanctum
2071 1867 2224 1897 sulianum

1314 1926 1479 1956 pauperem
1505 1918 1555 1946 15⁰
1572 1917 1632 1946 kal.
1656 1915 1812 1956 Augusti³
1834 1927 1979 1946 reversus
2005 1917 2061 1946 suit
2078 1917 2226 1957 magister

1312 1965 1470 1995 lohannes
1489 1965 1592 2005 Scalpi
1616 1966 1786 2005 predictus,
1808 1966 1860 2005 qui
1883 1965 2069 2006 supplicavit
2090 1966 2224 2001 nacioni,

1314 2024 1381 2044 cum
1407 2014 1474 2054 ipse
1498 2021 1531 2044 ut
1554 2015 1688 2044 asseruit
1711 2025 1791 2044 nunc
1817 2015 1944 2044 haberet
1969 2025 2061 2054 agere
2086 2015 2117 2044 in
2142 2015 2227 2044 curia

1314 2063 1463 2099 Romana,
1478 2070 1630 2103 quatenus
1644 2064 1732 2093 nacio
1749 2065 1786 2092 ab
1803 2064 1872 2103 ipso
1889 2070 1918 2094 et
1935 2063 2003 2093 loco
2018 2064 2116 2104 ipsius
2134 2064 2227 2094 vellet

1314 2122 1424 2152 capere
1445 2113 1643 2142 substitutum
1665 2119 1898 2153 procuratorem
1920 2123 2018 2153 usque
2040 2114 2076 2143 ad
2096 2114 2226 2143 reditum

1315 2171 1415 2197 suum,
1432 2168 1461 2191 et
1478 2162 1663 2191 substitutus
1683 2168 1747 2191 erat
1763 2161 1923 2192 Mercilius
1946 2162 2105 2202 predictus
2129 2173 2227 2202 usque

1314 2211 1352 2240 ad
1373 2211 1504 2240 reditum
1528 2221 1627 2246 suum,
1654 2211 1694 2241 ita
1717 2217 1816 2240 tamen
1839 2212 1921 2251 quod
1946 2212 1972 2241 si
1999 2212 2126 2241 redierit
2150 2212 2227 2241 infra

1314 2260 1507 2295 vacaciones‚
1529 2261 1612 2299 quod
1630 2267 1815 2300 procurator
1836 2261 1876 2290 sit
1898 2261 2153 2300 quemadmodum
2173 2261 2229 2290 suit

1316 2309 1415 2348 prius,
1434 2315 1465 2338 et
1482 2318 1630 2338 concessa
1643 2315 1709 2338 erat
1726 2309 1929 2349 supplicacio.

1357 2357 1431 2387 ltem
1445 2367 1526 2387 anno
1540 2357 1664 2387 Domini
1683 2359 1783 2394 13630,
1801 2359 1835 2388 15
1852 2358 1913 2388 kal.
1925 2358 2005 2398 Aug.
2019 2358 2042 2394 ⁴,
2064 2359 2111 2387 die
2130 2359 2227 2388 sancti

1315 2406 1509 2446 Arnulp[h]i,
1535 2405 1751 2436 Coenraerdus
1769 2407 1913 2447 superior
1929 2407 2067 2437 bedellus
2089 2407 2228 2437 nacionis

1317 2455 1489 2496 Anglicane
1505 2455 1586 2485 diem
1602 2466 1690 2486 suum
1705 2457 1815 2486 clausit
1829 2463 2010 2486 extremum.

1358 2505 1433 2535 Item
1449 2515 1529 2535 anno
1547 2515 1608 2545 quo
1622 2515 1728 2545 supra,
1746 2507 1795 2535 13⁰
1812 2505 1872 2535 kal.
1886 2505 2019 2545 Augusti
2031 2505 2043 2523 ³
2060 2506 2136 2534 sacta
2157 2515 2228 2535 con-

1317 2553 1504 2594 gregacione
1520 2554 1660 2584 nacionis
1676 2554 1847 2594 Anglicane
1865 2555 1946 2594 apud
1964 2554 2107 2583 Sanctum
2127 2554 2228 2584 Matu-

1318 2602 1431 2639 rinum,
1449 2602 1566 2633 electus
1584 2609 1631 2633 est
1650 2603 1680 2632 in
1697 2603 1849 2633 bedellum
1874 2603 2066 2643 superiorem
2091 2603 2228 2643 predicte

1318 2651 1458 2682 nacionis
1479 2651 1637 2682 lohannes
1662 2652 1701 2682 de
1723 2651 1868 2682 Treveris
1894 2662 1950 2692 per
1974 2662 2066 2681 voces
2091 2652 2225 2681 omnium

1319 2700 1536 2741 magistrorum
1557 2701 1670 2731 ibidem
1692 2701 1892 2731 existencium
1913 2701 1996 2730 nullo
2017 2711 2122 2730 corum
2138 2701 2229 2741 peni-

1318 2755 1368 2779 tus
1382 2749 1578 2785 reclamante,
1591 2756 1621 2780 et
1633 2750 1815 2779 deliberavit
1827 2750 1914 2779 nacio
1930 2749 2067 2790 predicta
2079 2756 2230 2790 quatenus

1318 2798 1368 2828 die
1393 2805 1542 2838 sequente
1565 2798 1796 2828 celebrarentur
1820 2799 1950 2839 exequie
1979 2798 2092 2828 bedelli
2117 2799 2231 2829 mortui

1349 2878 1374 2902 4.
1408 2878 1455 2901 Mu.
1466 2877 1551 2910 primo
1561 2877 1635 2901 Julii.

1351 2914 1375 2937 δ.
1406 2915 1455 2937 Me.
1467 2912 1551 2946 primo
1563 2913 1637 2938 Julii.
