2632 3464
275 424 327 451 193

316 499 391 529 Item
413 499 558 530 dominus
583 499 774 529 Remboldus
799 497 902 528 Vener
923 497 1132 527 determinans
1154 504 1184 527 et

274 548 454 578 licenciatus
480 549 539 578 sub
565 548 714 588 magistro
743 547 921 576 Harmanno
949 547 1010 585 [de]
1040 546 1182 586 Rotwyl‚

275 595 363 637 cujus
380 598 475 627 bursa
490 598 509 627 4
524 596 628 627 solidi.

315 646 391 676 Item
403 646 583 676 licenciatus
596 645 652 675 suit
664 645 806 675 dominus
824 643 996 674 Goswinus
1009 645 1067 674 sub
1084 643 1183 684 magi·

274 701 340 725 stro
356 695 493 725 Henrico
511 695 572 734 [de]
591 694 719 733 Kempe,
736 692 824 733 cujus
842 694 936 722 bursa
953 694 971 723 5
989 693 1093 722 solidi.

314 744 390 773 Item
408 743 552 773 dominus
568 742 753 772 Franciscus
768 742 807 771 de
826 741 939 782 Lippia
956 742 1014 772 sub
1032 741 1182 781 magistro

272 792 402 822 Alberto
419 793 458 822 de
473 791 618 828 Saenia,
630 790 718 831 cujus
732 791 826 821 bursa
837 791 856 820 3
872 790 965 820 solidi
977 797 1006 820 et
1015 791 1035 820 6
1049 790 1180 826 denarii,

272 841 322 871 cui
353 842 440 871 nacio
466 841 552 871 dedit
573 839 714 870 inducias
745 850 845 880 usque
877 841 916 870 ad
945 840 1055 869 festum
1083 839 1181 870 sancti

271 890 423 920 Johannis
458 890 597 930 Baptiste
623 889 764 929 proximo
799 890 944 924 futurum,
970 895 1003 919 ut
1035 889 1181 929 superius

272 939 382 979 patuit,
400 940 459 969 sub
472 949 553 979 pena
567 938 768 979 privacionis.

313 988 388 1018 [tem
401 988 544 1018 dominus
553 986 712 1017 Arnoldus
729 988 768 1016 de
783 987 996 1017 Brunisberch
1010 988 1068 1017 sub
1083 987 1181 1027 magi-

272 1043 337 1067 stro
354 1037 484 1067 Alberto
500 1037 539 1066 de
555 1036 700 1072 saxonia,
715 1035 802 1076 cujus
817 1037 912 1066 bursa
927 1036 1033 1066 nichil.

313 1086 387 1115 Item
402 1086 546 1116 dominus
564 1085 721 1115 Johannes
738 1086 777 1115 de
795 1085 936 1115 Culmine
954 1087 1012 1115 sub
1030 1086 1180 1126 magistro

270 1134 412 1170 Alberto‚
426 1133 514 1174 cujus
528 1135 624 1164 bursa
638 1134 743 1164 nichil.

311 1183 351 1213 Et
376 1183 480 1213 omnia
504 1183 650 1223 superius
677 1183 834 1213 nominata
858 1183 975 1223 scripta
1003 1184 1127 1213 suerunt
1150 1190 1180 1214 et

270 1232 368 1262 teneri
389 1233 504 1262 debent
521 1239 668 1272 quantum
690 1233 729 1262 ad
749 1232 819 1262 illos
843 1232 895 1272 qui
918 1243 981 1262 non
1003 1233 1177 1269 solverunt,

270 1288 358 1312 scuto
372 1282 492 1312 valente
510 1281 546 1311 13
565 1281 684 1311 solidos
701 1291 771 1311 cum
787 1282 806 1310 4
823 1282 970 1311 denariis.

310 1331 386 1360 Item
405 1330 586 1360 licenciatus
605 1330 662 1360 fuit
682 1330 826 1360 dominus
848 1330 1003 1360 Heni-icus
1025 1332 1064 1360 de
1086 1330 1181 1360 Beest

268 1380 306 1410 ad
318 1379 460 1409 Sanctam
471 1379 658 1409 Genovefam
669 1380 727 1409 sub
738 1379 887 1419 magistro
898 1379 1055 1409 Tbemone
1067 1379 1082 1410 J
1087 1380 1178 1415 udeo,

269 1427 357 1468 cujus
375 1429 470 1458 bursa
485 1428 512 1458 V
527 1428 631 1458 solidi.

310 1477 380 1516 (Fol.
402 1479 440 1508 30
454 1477 479 1517 b)
500 1477 575 1507 ltem
593 1477 632 1506 22
649 1477 698 1507 die
718 1476 855 1517 ejusdem
875 1477 992 1507 mensis
1013 1478 1089 1507 facta
1103 1487 1180 1507 con·-

267 1526 454 1566 gregacione
462 1526 601 1555 nacionis
613 1526 784 1566 Anglicane
797 1527 835 1556 ad
848 1526 1096 1566 supplicandum,
1107 1537 1179 1566 sup-

268 1574 462 1615 plicaverunt
486 1575 505 1604 4
529 1575 646 1604 domini
673 1574 867 1611 licenciandi,
894 1575 1014 1605 scilicet
1034 1575 1178 1605 dominus

268 1623 432 1654 Conradus
456 1624 494 1653 de
523 1623 623 1660 Goch,
653 1624 797 1654 dominus
827 1624 983 1654 Hem-icus
1012 1625 1050 1654 de
1077 1624 1176 1660 Goch,

266 1672 410 1702 dominus
427 1673 561 1703 lacobus
581 1673 619 1702 de
640 1672 727 1702 Goch
750 1679 780 1702 et
799 1673 942 1704 dominus
958 1673 1124 1704 Cornelius
1140 1674 1178 1703 de

267 1721 423 1761 Breydelo
435 1721 636 1758 licenciandi,
651 1721 796 1762 quatinus
810 1722 946 1762 placeret
961 1723 1083 1752 nacioni
1099 1722 1178 1763 ipsis

266 1771 305 1800 de
335 1770 440 1800 bursis
467 1770 534 1800 suis
559 1781 660 1811 usque
687 1772 725 1800 ad
750 1771 859 1801 festum
892 1771 1094 1801 Pentecostes
1119 1772 1177 1801 sub

266 1819 357 1850 bonis
371 1819 558 1860 pignoribus
572 1820 644 1849 dare
660 1820 812 1856 inducias,
827 1821 910 1860 quod
926 1830 1107 1851 concessum
1122 1821 1178 1851 fuit

266 1868 391 1898 ibidem.

306 1917 381 1947 Item
398 1917 514 1947 ibidem
529 1918 645 1947 electus
661 1918 717 1947 suit
733 1918 882 1958 magister
899 1918 1015 1958 Symon
1027 1919 1066 1948 de
1082 1919 1176 1948 Kete-

265 1977 324 2006 nys
347 1966 459 1997 Scotus
482 1967 514 1996 in
537 1967 776 1997 examinatorem
803 1967 915 1998 Sancte
937 1967 1093 1998 Genovefe
1117 1979 1176 2008 pro

264 2016 297 2045 2⁰
313 2025 419 2045 mense
431 2015 454 2045 ⁴.

305 2065 380 2094 Item
398 2064 584 2104 supplicavit
600 2065 749 2105 magister
765 2065 882 2095 Themo
897 2076 955 2106 pro
968 2067 1124 2107 deputatis
1137 2068 1175 2096 ad

264 2113 388 2149 Tabari‚
405 2113 458 2153 qui
473 2115 733 2144 concedebantur.

304 2162 379 2192 ltem
395 2162 448 2192 23·
465 2163 515 2192 die
535 2162 673 2203 ejusdem
690 2164 806 2194 mensis
826 2164 903 2194 facta
925 2165 1174 2205 congregacione

263 2211 403 2241 nacionis
430 2210 602 2252 Anglicane
630 2213 808 2253 regencium
840 2219 869 2243 et
902 2224 964 2243 non
995 2215 1174 2254 regencium

261 2261 344 2300 apud
370 2260 515 2291 Sanctum
539 2261 726 2292 Maturinum
751 2263 789 2292 ad
809 2262 1026 2299 ordinandum,
1051 2264 1173 2293 ordina-

262 2316 374 2340 verunt
399 2310 439 2340 ob
466 2310 675 2340 reverenciam
702 2312 791 2341 beate
818 2311 970 2352 Virginis,
996 2314 1079 2352 quod
1107 2312 1172 2353 ejus

262 2358 423 2398 pecuniam
438 2366 622 2399 procurator
637 2366 668 2389 et
682 2367 826 2400 receptor
841 2371 981 2391 seorsum
995 2363 1174 2401 ponere[n]t

261 2417 279 2437 a
296 2407 427 2447 pecunia
454 2408 610 2444 nacionis,
640 2419 679 2438 ne
709 2409 762 2438 illa
788 2410 934 2449 pecunia,
961 2411 1056 2440 semel
1085 2412 1172 2442 beate

260 2455 383 2496 Virgini
401 2457 553 2492 dedicata,
565 2458 604 2486 ad
624 2457 774 2488 humanos
795 2469 870 2488 usus
888 2459 1019 2499 amplius
1039 2470 1172 2490 conver-

261 2510 390 2540 teretur,
410 2505 460 2535 vel
481 2506 582 2536 saltim
602 2513 635 2536 ut
655 2507 778 2537 occasio
798 2508 1014 2538 conversionis
1033 2509 1171 2548 predicte

260 2554 391 2594 pecunie
406 2554 438 2583 in
453 2565 528 2584 usus
543 2565 606 2585 non
623 2556 693 2595 pios
713 2556 926 2596 reprimenda,
948 2557 1074 2597 tali[ter]
1096 2569 1171 2598 pos-

262 2602 303 2632 sit
316 2602 440 2642 penitus
457 2604 622 2634 removeri.

300 2650 450 2692 Adjunxit
469 2652 558 2683 etiam
576 2654 716 2693 predicta
734 2654 822 2684 nacio
841 2655 923 2694 quod
946 2662 1089 2696 receptor
1105 2657 1170 2696 qui-

261 2709 382 2740 cunque
409 2702 498 2737 foret,
525 2703 771 2743 quandocunque
799 2709 829 2733 et
857 2704 1033 2744 ubicunque
1067 2705 1169 2736 debite

261 2749 431 2789 requisitus
443 2750 581 2790 predicte
594 2751 717 2781 nacioni
730 2762 791 2781 non
806 2753 906 2783 minus
919 2754 957 2783 de
973 2753 1024 2783 illa
1039 2755 1170 2794 pecunia

292 2842 315 2866 1.
348 2843 439 2867 Postea
456 2851 508 2868 mm
520 2846 546 2868 el
556 2844 667 2869 dimidia
679 2844 748 2870 linea
763 2845 847 2870 deleta
860 2849 906 2875 uc,
919 2846 1016 2871 scilieet
1030 2856 1038 2872 :
1049 2847 1099 2877 Qui
1112 2852 1169 2873 sta-

260 2877 308 2902 tim
324 2881 386 2910 post
399 2879 634 2911 congregacionem
650 2883 711 2905 ante
728 2881 860 2913 palacium
878 2890 927 2915 pro
936 2883 1077 2915 gemacht’o
1089 2884 1170 2910 solvit

260 2914 470 2974 Ξὲἰὲιῖὲίῗέἐθ
480 2915 531 2975 sol.
542 2915 575 2940 Et
587 2923 636 2948 ego
646 2921 802 2948 procurator
814 2917 911 2942 ibidem
923 2918 988 2943 mlvi
1000 2927 1049 2951 pro
1059 2921 1168 2945 nacione

339 2995 452 3014 Auentina·
468 2995 591 3015 caan-larii
601 2995 689 3017 [laima.
701 2997 758 3018 Paris
776 3008 803 3014 —
811 2998 827 3018 l.

777 423 891 450 LIBER
916 421 1230 450 PROCURATORUM
1254 421 1435 449 NATIONIS
1456 422 1703 450 ANGLICANAE

1218 947 1252 973 10

1217 1191 1251 1218 15

1217 1437 1251 1463 20

1215 1684 1249 1711 25

1213 1931 1247 1958 30

1211 2177 1245 2203 35

1209 2423 1243 2450 40

1207 2667 1241 2694 45

2150 427 2201 452 194

1291 507 1383 537 quam
1403 499 1441 527 de
1460 499 1591 538 pecunia
1613 499 1753 528 nacionis
1773 506 1929 530 teneretur
1948 502 2078 531 reddere
2101 503 2203 532 racio-

1291 556 1372 576 nem.

1332 595 1407 624 Item
1431 595 1612 626 licenciatus
1629 596 1686 626 fuit
1707 597 1850 627 dominus
1872 597 2036 628 conradus
2057 600 2094 628 de
2115 599 2201 629 Goch

1291 644 1350 673 sub
1378 644 1527 684 magistro
1563 645 1700 675 Henrico
1730 646 1767 675 de
1802 646 1956 686 Kempen,
1987 647 2074 687 cujus
2108 650 2203 678 bursa

1291 694 1310 722 5
1325 693 1430 728 solidi,
1446 695 1484 723 ad
1502 694 1643 724 Sanctam
1660 694 1860 724 Genovefam.

1332 742 1406 771 Item
1425 743 1568 773 domiuus
1592 744 1746 774 Henricus
1771 745 1808 773 de
1834 744 1921 774 Goch
1943 745 2122 776 licenciatus
2144 748 2203 776 sub

1290 791 1440 831 magistro
1455 792 1594 822 Johanne
1612 794 1650 822 de
1669 793 1780 823 Calore
1792 792 1816 829 ²,
1840 793 1927 833 cujus
1949 795 2042 824 bursa
2060 797 2078 824 5
2097 796 2200 830 solidi,

1290 840 1328 869 ad
1347 840 1488 870 Sanctam
1505 841 1704 871 Genovefam.

1331 889 1406 919 Item
1419 890 1599 920 licenciatus
1615 891 1671 920 suit
1685 892 1829 922 dominus
1843 892 1977 922 Jacobus
1990 894 2027 922 de
2042 893 2128 922 Goch
2144 895 2203 923 sub

1289 939 1436 977 magistro
1450 939 1590 969 Johanne
1605 941 1644 970 de
1663 940 1786 976 Calore,
1803 940 1890 981 cujus
1906 943 1999 971 bursa
2015 943 2032 972 5
2046 942 2149 978 solidi,
2163 945 2200 972 ad

1290 987 1433 1018 Sanctam
1451 987 1650 1018 Genovesam.

1330 1037 1405 1066 Item
1424 1037 1568 1068 dominus
1587 1038 1753 1068 Cornelius
1773 1040 1811 1068 de
1833 1039 2012 1079 Breydelo³
2036 1041 2092 1071 suit
2106 1051 2203 1081 repu-

1287 1092 1368 1116 tatus
1383 1087 1593 1116 determinans
1607 1098 1664 1127 per
1678 1088 1807 1128 gratiam
1824 1089 1930 1118 factam
1950 1090 2099 1130 magistro
2114 1090 2202 1120 Hen-

1287 1135 1354 1164 rico
1373 1135 1502 1175 Kempe,
1519 1136 1606 1176 cujus
1624 1138 1719 1166 bursa
1735 1139 1753 1167 5
1771 1137 1875 1167 solidi.

1329 1184 1369 1214 Et
1379 1185 1459 1214 idem
1470 1185 1613 1215 dominus
1626 1185 1790 1216 Cornelius
1803 1187 1842 1216 de
1858 1186 2013 1227 Breydelo
2029 1188 2086 1218 fuit
2103 1189 2202 1218 licen-

1289 1233 1386 1263 ciatus
1407 1234 1446 1263 ad
1470 1233 1612 1264 Sanctam
1633 1234 1821 1266 Genovel'am
1845 1237 1904 1266 sub
1924 1237 2074 1277 magistro
2094 1237 2202 1268 Gode-

1289 1283 1375 1312 fredo
1392 1282 1555 1313 Vastinelli
1565 1283 1589 1319 ⁴,
1610 1283 1697 1324 cujus
1713 1285 1808 1314 bursa
1823 1286 1841 1314 5
1857 1286 1960 1315 solidi.

1329 1331 1404 1361 ltem
1424 1332 1541 1372 incepit
1557 1333 1701 1363 dominus
1720 1333 1890 1364 Goswinus
1906 1335 1944 1364 de
1965 1335 2199 1376 Dotyngheym,

1288 1380 1376 1421 cujus
1394 1382 1488 1411 bursa
1503 1383 1521 1411 5
1537 1382 1645 1418 solidi,
1663 1383 1721 1412 sub
1741 1383 1891 1423 magistro
1911 1383 2048 1414 Henrico
2068 1385 2198 1425 Kempe.

1329 1430 1403 1459 Item
1430 1431 1483 1460 28²
1502 1431 1553 1460 die
1577 1431 1693 1461 mensis
1720 1431 1829 1462 Marcii
1853 1433 1929 1462 sacta
1949 1435 2198 1474 congregacione

1288 1479 1427 1509 nacionis
1441 1479 1613 1520 Anglicane
1629 1487 1688 1510 tam
1703 1481 1876 1521 regentium
1892 1492 1983 1521 quam
2003 1493 2065 1511 non
2084 1494 2199 1523 regen-

1287 1528 1362 1558 tium
1378 1529 1415 1558 ad
1431 1528 1576 1558 Sanctum
1593 1529 1748 1560 sullanum
1767 1540 1934 1570 pauperem
1955 1531 1992 1560 ad
2012 1532 2198 1562 audiendum

1287 1584 1463 1617 compotum
1478 1579 1650 1618 receptoris
1667 1585 1696 1608 et
1708 1579 1746 1608 ad
1762 1580 2010 1609 substituendum
2024 1580 2115 1610 alium
2130 1581 2197 1611 loco

1286 1627 1471 1666 receptoris‚
1503 1627 1547 1656 ibi
1578 1628 1739 1658 substituit
1763 1628 1852 1658 nacio
1876 1629 2056 1669 magistrum
2081 1630 2199 1660 Johan-

1286 1686 1356 1705 nem
1380 1677 1418 1706 de
1444 1676 1545 1716 Aquis
1569 1677 1638 1706 loco
1662 1678 1847 1717 recepturis,
1877 1688 1912 1708 eo
1938 1679 2021 1718 quod
2049 1679 2197 1719 magister

1285 1725 1443 1755 Johannes
1458 1726 1496 1755 de
1511 1725 1665 1762 Lovanio,
1680 1733 1752 1756 tunc
1766 1733 1921 1767 receptor,
1936 1737 1994 1768 pro
2010 1728 2196 1768 quibusdam

1285 1774 1426 1815 negociis
1452 1775 1513 1805 sibi
1533 1775 1720 1805 necessariis
1750 1777 1920 1816 cogebatur
1949 1776 2115 1813 devillare,
2143 1779 2196 1818 qui

1285 1824 1435 1864 magister
1459 1824 1616 1854 Johannes
1645 1825 1682 1854 de
1712 1824 1849 1854 Lovanio
1879 1825 1982 1855 taliter
2008 1828 2198 1867 computavit

1285 1883 1388 1903 coram
1423 1873 1568 1909 nacione,
1600 1874 1684 1914 quod
1715 1874 1868 1910 ultimate,
1903 1875 2027 1915 dempta
2065 1877 2195 1916 pecunia

1284 1922 1476 1952 bedellorum
1514 1929 1544 1952 et
1585 1923 1715 1962 pecunia
1752 1924 1840 1952 beate
1877 1923 2016 1964 Virginis
2054 1935 2195 1955 seorsum

1284 1972 1402 2011 posita,
1419 1972 1541 2011 sibique
1561 1973 1600 2002 40
1620 1972 1678 2002 sol.
1698 1982 1755 2012 pro
1774 1972 1874 2002 officio
1892 1973 2018 2009 solutis,
2036 1974 2119 2004 nulla
2137 1985 2195 2014 pro

1284 2020 1379 2050 scolis
1392 2021 1587 2050 satisfacione
1602 2022 1689 2057 sacta,
1705 2022 1866 2051 tenebatur
1879 2023 2038 2062 predictus
2051 2031 2196 2064 receptor

1283 2069 1406 2100 nacioni
1432 2069 1464 2099 in
1492 2070 1532 2100 20
1558 2070 1660 2106 libris,
1691 2077 1779 2100 scuto
1802 2071 1923 2101 valente
1954 2072 1991 2102 13
2020 2073 2138 2102 solidos
2165 2080 2195 2103 et

1282 2119 1301 2148 4
1317 2118 1476 2154 denarios,
1491 2130 1569 2159 quas
1586 2120 1625 2149 20
1639 2119 1736 2149 libras
1752 2121 1858 2150 eadem
1875 2120 1926 2150 die
1940 2127 2014 2160 post
2030 2122 2194 2161 prandium

1283 2178 1384 2198 coram
1411 2168 1540 2198 nacione
1565 2169 1604 2198 ad
1634 2168 1779 2198 Sanctum
1810 2169 1998 2199 Maturinum
2030 2171 2135 2210 posuit
2162 2172 2193 2201 in

1282 2217 1360 2247 cista
1374 2217 1513 2247 nacionis
1531 2218 1562 2247 in
1581 2218 1717 2247 diversis
1736 2218 1802 2248 auri
1819 2219 1919 2258 peciis
1934 2225 1964 2248 et
1979 2220 2115 2259 argenti,
2133 2231 2193 2260 que

1282 2272 1430 2296 secuntur
1446 2279 1452 2296 :
1469 2267 1506 2296 14
1519 2273 1606 2296 scuta
1617 2267 1779 2303 Johannis,
1796 2278 1876 2298 unus
1892 2275 1986 2303 mum,
2001 2269 2019 2297 2
2033 2269 2142 2298 ssoreni
2155 2271 2193 2299 de

1281 2315 1442 2351 Bohemia,
1464 2317 1483 2345 6
1505 2316 1631 2356 antiqua
1658 2323 1755 2352 scuta,
1779 2327 1872 2346 unum
1895 2324 2015 2347 scutum
2040 2318 2190 2358 Philippi.

1282 2364 1357 2394 Item
1380 2365 1418 2394 24
1440 2364 1558 2404 antiqui
1581 2365 1685 2405 grossi
1706 2372 1736 2395 et
1755 2366 1772 2394 2
1795 2366 1900 2406 grossi
1920 2366 2117 2402 Flandrens„
2137 2368 2190 2407 qui

1280 2414 1385 2454 grossi
1402 2413 1692 2454 impignorabantur
1708 2425 1765 2454 per
1780 2415 1936 2444 dominum
1955 2415 2143 2445 Macharium
2162 2423 2193 2446 et

1280 2463 1437 2492 dominum
1461 2462 1586 2493 Petrum
1612 2464 1714 2493 Dacos
1738 2464 1860 2494 nacioni
1887 2475 1944 2504 pro
1971 2465 2070 2494 tribus
2094 2466 2192 2495 scutis

1278 2512 1442 2542 Johannis.
1462 2512 1537 2542 Item
1557 2512 1664 2552 posuit
1682 2514 1720 2542 ad
1739 2513 1846 2542 cistam
1868 2523 2008 2542 seorsum
2028 2515 2189 2553 pecuniam

1280 2561 1393 2591 Nostre
1410 2561 1552 2596 Domine,
1570 2561 1690 2591 scilicet
1706 2563 1724 2591 4
1739 2562 1874 2592 florenos
1890 2569 1920 2591 et
1932 2563 1950 2591 4
1966 2562 2096 2592 solidos.
2114 2564 2187 2593 ltem

1279 2610 1385 2650 posuit
1397 2611 1436 2640 ad
1449 2610 1557 2640 cistam
1570 2611 1659 2640 vadia
1671 2621 1731 2651 que
1742 2618 1906 2641 secuntur:
1918 2612 2018 2651 primo
2033 2612 2187 2642 Summam

1278 2659 1395 2689 domini
1407 2659 1586 2695 Godesredi,
1599 2670 1659 2699 que
1668 2666 1716 2690 est
1724 2660 1839 2689 domini
1853 2659 1980 2690 Henrici
1990 2661 2027 2690 de
2038 2661 2185 2697 Embeke,

1277 2718 1336 2748 pro
1356 2709 1394 2739 52
1413 2708 1538 2744 solidis,
1557 2719 1616 2749 pro
1636 2708 1723 2749 cujus
1740 2709 1869 2749 pecunie
1891 2709 2099 2740 satisfactione
2116 2711 2188 2751 quia

1279 2757 1403 2788 Summa
1422 2757 1474 2787 illa
1489 2758 1652 2788 videbatur
1666 2758 1767 2788 minus
1783 2758 1938 2788 sufficiens
1949 2782 1956 2794 ,
1973 2760 2116 2798 promisit
2137 2770 2187 2790 re-

1308 2851 1331 2874 2.
1366 2850 1423 2874 Fuit
1435 2850 1548 2875 nationis
1562 2850 1722 2874 Gallicanae.

1307 2887 1331 2910 3.
1365 2888 1392 2910 ln
1407 2886 1522 2918 margine
1536 2886 1685 2918 Trajectum
1701 2886 1832 2918 superius.

1307 2923 1331 2946 [Δ.
1365 2922 1423 2945 Fuit
1434 2922 1547 2946 nationis
1560 2924 1700 2945 Normann.
