2632 3464
304 453 357 480 485

303 529 336 558 in
350 528 507 568 theologia
524 526 661 567 ejusdem
682 526 822 567 magistri
841 525 968 555 Henrici
987 525 1067 554 idem
1088 524 1212 554 debitor

302 578 440 607 misisset
464 583 523 606 tam
553 575 714 616 pecuniam
742 575 876 605 debitam
901 574 961 604 sibi
992 583 1082 613 quam
1115 573 1209 602 eciam

301 626 476 666 pecuniam,
497 626 529 655 in
544 635 604 665 qua
623 626 785 655 tenebatur
804 623 938 658 nacioni,
956 622 1098 662 predicto
1110 621 1210 661 magi—

301 681 368 705 stro
384 675 532 709 Henrico,
551 684 628 714 quas
646 673 770 714 quidem
790 672 938 712 pecunias
961 671 1042 700 idem
1060 671 1209 710 magister

303 723 458 754 Henricus
488 722 686 763 exposuisset
706 722 737 751 in
761 722 844 750 dicto
873 730 930 750 suo
957 721 1054 755 sesto;
1079 729 1210 759 cumque

302 773 383 802 idem
402 782 483 813 mag.
501 772 655 802 Henricus
665 770 766 801 adhuc
779 770 903 800 racione
918 769 988 799 festi
1003 769 1051 799 sui
1068 769 1210 808 pluribus

302 821 416 851 debitis
436 827 520 851 esset
537 819 693 861 obligatus
713 831 719 849 :
739 819 827 849 nacio
846 818 940 848 vellet
957 818 1040 848 dicto
1060 818 1209 857 magistro

302 869 438 900 Henrico
446 870 588 910 graciose
595 868 764 909 propinare
772 867 853 897 illam
864 867 1023 907 pecuniam
1031 867 1210 896 solvendam

302 919 436 954 nacioni,
448 927 539 959 quam
554 918 655 948 dictus
667 917 791 947 debitor
803 917 864 946 sibi
877 916 1013 946 miserat.
1025 915 1121 955 Cujus
1137 925 1209 955 sup-

301 968 432 1008 plicacio
449 967 504 997 fuit
517 967 716 997 concorditer
732 967 771 995 ab
784 965 928 995 omnibus
946 974 1107 995 concessa.

342 1016 418 1046 Item
437 1023 512 1046 tunc
533 1015 792 1055 supplicaverunt
811 1015 854 1043 ibi
875 1014 1029 1044 Hem-icus
1051 1014 1089 1043 de
1110 1013 1209 1043 Ysen-

301 1065 404 1106 burgh
417 1071 448 1095 et
457 1066 518 1095 duo
525 1064 589 1100 alii,
601 1073 731 1104 quorum
746 1064 871 1093 nomina
883 1063 1006 1103 ignorat
1013 1068 1207 1103 procurator,

300 1114 373 1154 quia
395 1123 458 1144 non
479 1119 630 1144 venerunt
648 1113 686 1143 ad
706 1112 883 1153 jurandum.
905 1112 1020 1142 Postea
1042 1118 1073 1141 et
1091 1111 1208 1141 Frede-

300 1162 384 1193 ricus
402 1162 546 1203 Junghen
573 1162 760 1202 supplicavit
782 1161 944 1201 quatinus,
973 1171 1041 1190 cum
1066 1161 1104 1190 de
1129 1161 1208 1190 facto

299 1221 362 1241 non
388 1211 516 1241 baberet
541 1217 714 1251 promptam
738 1210 899 1250 pecuniam
926 1216 978 1240 aut
1001 1210 1096 1239 eciam
1118 1209 1208 1239 vadia

299 1261 338 1290 ad
367 1260 618 1290 satisfaciendum
648 1260 803 1299 receptori
834 1268 892 1299 pro
926 1259 1030 1288 bursis
1060 1258 1208 1288 determi-

299 1309 408 1339 nancie
426 1319 498 1345 sue,
519 1309 656 1349 placeret
677 1308 815 1343 nacioni,
837 1309 921 1348 quod
942 1307 1010 1347 ipse
1031 1314 1208 1347 expectaret

299 1368 398 1399 usque
417 1359 456 1388 ad
470 1358 603 1388 medium
622 1357 879 1398 Quadragesime‚
901 1363 932 1386 et
952 1362 1023 1386 tunc
1042 1357 1207 1386 subdeter-

300 1407 441 1437 minaret.
471 1407 546 1437 ltem
571 1407 738 1447 proposuit
763 1412 948 1446 procurator
975 1405 1059 1445 quod
1083 1415 1120 1435 ex
1144 1415 1206 1445 quo

298 1455 366 1486 heri
386 1456 636 1496 supplicaciones
654 1455 899 1495 supplicancium
921 1465 980 1495 pro
1000 1454 1205 1484 dilacionibus

298 1505 462 1535 bursarum
470 1515 606 1540 suarum,
618 1505 671 1544 qui
682 1505 805 1534 suerunt
814 1505 852 1533 de
861 1504 1020 1544 provincia
1030 1503 1204 1539 Almannie,

298 1563 361 1584 non
385 1554 509 1584 fuerunt
532 1553 679 1589 admisse,
708 1553 769 1583 nisi
797 1553 929 1593 quilibet
953 1562 1059 1582 eorum
1087 1553 1205 1582 debens

298 1602 397 1632 adhuc
415 1602 577 1643 provincie
597 1603 636 1632 de
657 1602 789 1642 beyanio
815 1611 873 1631 suo
900 1602 987 1641 prius
1014 1601 1205 1631 satisfaceret

298 1651 552 1691 procuratoribus
574 1650 745 1691 provincie,
768 1657 930 1690 antequam
952 1650 1172 1680 determinaret
1195 1662 1201 1680 z

298 1700 447 1740 numquid
464 1700 636 1740 expediret,
655 1700 739 1740 quod
761 1705 944 1739 procurator
963 1699 1079 1729 nullum
1098 1709 1203 1729 eorum

298 1748 358 1779 sibi
367 1747 474 1788 jurare
484 1748 688 1789 permitteret,
703 1748 764 1778 nisi
776 1748 863 1788 prius
878 1754 1035 1778 constaret
1047 1748 1107 1778 sibi
1120 1749 1204 1788 quod

297 1797 366 1838 ipse
377 1797 583 1828 satisfecisset
600 1797 780 1837 provincie?
790 1797 865 1827 Item
881 1797 1046 1837 proposuit
1057 1797 1204 1837 magister

296 1846 454 1877 Johannes
469 1847 508 1876 de
521 1846 634 1882 Berka,
649 1847 734 1886 quod
751 1856 789 1876 ex
806 1856 868 1886 quo
886 1846 954 1886 ipse
970 1846 1036 1876 heri
1050 1846 1203 1886 supplica-

297 1895 416 1925 cionem
430 1895 546 1925 domini
563 1895 671 1925 Jacobi
688 1896 726 1925 de
745 1895 846 1935 Praga
863 1905 925 1924 non
942 1895 1119 1931 admiserat,
1142 1896 1204 1925 nisi

297 1945 355 1974 sub
378 1944 561 1974 condicione
580 1944 645 1980 tali,
673 1944 791 1974 scilicet
813 1945 895 1984 quod
920 1944 988 1984 ipse
1011 1944 1205 1974 submitteret

297 2003 331 2023 se
361 2003 420 2022 una
452 2002 520 2022 cum
552 2003 588 2023 eo
614 1993 736 2023 nacioni
767 1999 820 2023 aut
849 1993 1004 2033 aliquibus
1031 1994 1204 2034 suppositis

296 2041 436 2071 nacionis
459 2042 498 2071 ad
518 2042 739 2081 pacificandum
759 2051 825 2078 eos,
849 2042 967 2072 scilicet
985 2042 1086 2072 dictos
1106 2042 1205 2082 magi-

296 2097 393 2120 strum
411 2090 583 2120 Johannem
598 2097 629 2120 et
644 2090 806 2126 Jacobum,
823 2091 948 2121 racione
965 2089 1123 2131 cujusdam
1138 2091 1205 2121 dis-

297 2139 403 2169 cordie
418 2139 494 2169 alias
508 2146 589 2169 mote
606 2139 687 2169 inter
698 2139 797 2180 ipsos,
817 2140 953 2180 placeret
967 2140 1088 2170 nacioni
1106 2141 1206 2181 impe-

296 2188 364 2218 dire
385 2188 499 2218 dictum
523 2188 671 2219 Jacobum
693 2198 710 2218 a
730 2188 982 2224 determinancia,
1005 2189 1103 2219 donec
1123 2189 1204 2219 illam

296 2237 510 2267 condicionem
522 2237 765 2277 adimplevisset.

337 2285 439 2326 Super
451 2286 565 2326 quibus
576 2285 760 2316 deliberavit
776 2286 877 2322 nacio,
891 2293 921 2316 et
934 2286 1036 2327 primo
1051 2287 1089 2316 de
1101 2287 1205 2317 volen-

295 2334 379 2364 tibus
389 2334 596 2364 determinare
604 2341 635 2364 et
645 2335 893 2375 supplicantibus
901 2345 960 2375 pro
975 2335 1126 2366 dilacione
1135 2337 1205 2366 bur-

297 2392 398 2413 sarum
411 2383 500 2413 nacio
509 2384 665 2414 concessit
671 2384 798 2414 cuilibet
805 2394 911 2414 eorum
919 2384 1102 2414 dilacionem
1113 2385 1205 2415 trium

296 2432 464 2467 mensium3
489 2432 544 2462 sed
566 2434 604 2462 de
627 2433 857 2473 supplicacione
881 2432 1039 2463 Frederici
1061 2433 1205 2474 Jungben

297 2480 376 2510 dixit
397 2481 486 2511 nacio
511 2482 594 2521 quod
617 2481 878 2521 supplicacionem
906 2491 991 2511 suam
1015 2492 1077 2512 non
1099 2489 1206 2522 posset

296 2529 469 2565 admittere,
483 2529 568 2560 salvo
583 2529 659 2560 alias
670 2537 784 2560 statuto
794 2531 826 2560 in
840 2531 1052 2570 procurator-ia
1065 2531 1205 2571 magistri

295 2577 423 2608 Jordani
443 2579 481 2608 de
501 2578 600 2609 Clivis
621 2589 701 2609 anno
727 2579 852 2609 Domini
875 2578 1174 2610 M·ccc⁰1.xx⁰1111
1193 2583 1201 2598 ⁴

296 2627 464 2657 secundum
480 2627 583 2657 stilum
602 2627 798 2668 gallicanum,
813 2628 902 2658 electi
920 2627 991 2658 Vll·
1007 2628 1057 2658 die
1071 2627 1203 2668 Aprilis,

297 2683 364 2705 cum
381 2675 424 2705 ibi
440 2675 588 2706 habeatur
605 2676 657 2707 illa
671 2676 818 2712 clausula.
835 2689 848 2704 α
867 2677 950 2707 omni
967 2677 1204 2717 dispensacione

296 2722 470 2754 interdicta.
482 2736 496 2752 n
510 2724 550 2755 Et
562 2725 632 2755 ideo
643 2725 798 2756 concessit
809 2725 869 2755 sibi
881 2726 968 2755 nacio
981 2726 1063 2766 quod
1075 2733 1206 2766 poneret

297 2771 429 2812 pignora
442 2779 496 2803 aut
510 2774 595 2814 quod
614 2780 746 2814 poneret
763 2773 963 2815 fidejussores
982 2774 1060 2805 alios
1076 2785 1093 2804 a
1110 2775 1204 2815 magi-

295 2820 371 2850 stris
397 2821 555 2859 nacionia5
587 2828 617 2853 et
646 2823 732 2853 dedit
757 2823 817 2853 sibi
849 2823 1031 2854 dilacionem
1060 2834 1115 2864 per
1139 2831 1203 2855 tres

327 2935 348 2958 1.
384 2935 432 2959 ua.
448 2934 535 2960 HCCC
550 2935 624 2960 Lxx·
642 2936 736 2969 Agitur
750 2937 783 2961 de
798 2939 896 2962 etatum
912 2945 956 2962 aa.
972 2938 1042 2967 ¹374,
1059 2937 1143 2971 April.
1163 2939 1201 2963 2⁵.

301 2969 355 2994 m.
371 2977 398 3002 p.
411 2970 466 2998 ¹152.
476 2971 520 2999 ιω
532 2971 572 2995 ss.

807 450 920 476 LIBER
940 447 1252 476 PROCURATORUM
1272 446 1452 474 NATIONIS
1470 447 1719 473 ANGLICANAE

1247 969 1280 994 10

1245 1213 1278 1240 15

1243 1459 1277 1485 20

1241 1703 1274 1731 25

1240 1949 1275 1976 30

1242 2195 1276 2222 35

1242 2439 1276 2465 40

1241 2683 1275 2711 45

2174 447 2225 473 486

1318 533 1440 552 menses
1458 523 1539 552 sicut
1552 523 1631 552 aliis.
1655 522 1695 552 Et
1709 523 1750 551 ita
1766 523 1860 551 eciam
1880 523 2034 552 concessit
2052 523 2139 552 nacio
2158 533 2225 562 pre-

1318 572 1400 601 dicto
1428 572 1564 601 Henrico
1588 573 1626 601 de
1649 571 1837 610 Ysenbfirgh
1866 572 2052 611 supplicanti
2079 578 2222 611 protunc.

1319 621 1366 650 De
1384 622 1520 650 secundo
1542 620 1661 650 scilicet
1675 621 1836 660 proposito
1857 632 1873 649 a
1893 627 2093 660 procuratore
2110 620 2223 660 placuit

1318 670 1442 699 nacioni
1458 676 1488 699 et
1506 670 1627 699 dicebat
1643 670 1731 699 nacio
1748 670 1945 699 concorditer
1963 669 2038 698 illud
2061 670 2223 708 expedire,

1318 729 1356 749 ex
1366 729 1428 758 quo
1444 719 1692 759 supplicaciones
1703 729 1809 748 eorum
1822 718 1925 748 taliter
1939 720 2061 747 fuerunt
2075 719 2222 748 admisse.

1319 767 1381 798 Sed
1401 769 1438 797 de
1459 768 1557 797 tercio
1577 768 1660 808 quod
1679 769 1875 808 proponebat
1897 767 2045 807 magister
2066 767 2222 797 Johannes

1317 817 1356 846 de
1378 817 1492 852 Berka,
1515 817 1693 856 requirebat
1716 817 1805 846 nacio
1825 817 1926 856 ipsum
1946 823 1976 846 et
1995 817 2090 846 eciam
2110 817 2223 846 dictum

1316 865 1464 894 Jacobum
1491 872 1524 895 ut
1548 875 1581 894 se
1610 865 1826 895 submitterent
1853 865 2036 905 quibusdam
2066 866 2223 905 magistris

1317 913 1395 953 ipsis
1429 915 1614 954 deputandis
1646 924 1702 953 per
1731 914 1891 944 nacionem
1913 915 1951 943 ad
1975 915 2223 943 concordandum

1317 973 1389 999 eos3
1416 964 1500 1003 quod
1531 964 1609 1003 ipsis
1632 963 1757 1003 placuit.
1787 963 1826 993 Et
1851 964 1974 993 suerunt
1997 963 2043 992 eis
2073 963 2223 1003 assignati

1326 1019 1524 1052 procurator,
1552 1012 1672 1042 scilicet
1692 1013 1840 1053 magister
1869 1013 1960 1052 Hugo
1987 1013 2025 1042 de
2053 1012 2221 1047 Hervorst,

1317 1067 1347 1091 et
1363 1062 1511 1102 magister
1524 1061 1680 1091 lohannes
1696 1061 1868 1092 Priswalch
1882 1061 1958 1091 alias
1973 1062 2011 1091 de
2027 1061 2171 1096 Saxonia,
2192 1069 2222 1091 et

1316 1111 1465 1150 magister
1482 1110 1642 1140 Mercilius
1657 1112 1696 1140 de
1712 1111 1830 1151 Inghen
1847 1111 1880 1140 in
1893 1120 1978 1145 casu,
1995 1121 2056 1150 quo
2069 1111 2143 1140 dicti
2159 1111 2219 1140 duo

1316 1160 1456 1200 magistri
1472 1159 1538 1199 ejus
1555 1159 1738 1190 assistencia
1754 1160 1939 1200 indigerent.

1389 1263 1462 1302 (Fal.
1494 1264 1542 1302 50)
1573 1263 1875 1293 Determinantes
1901 1262 2010 1302 hujus
2039 1263 2142 1292 anni.

1355 1356 1460 1386 Primo
1480 1357 1694 1386 determinavit
1708 1356 1823 1386 nobilis
1838 1356 1886 1386 vir
1905 1356 2086 1386 domicellus
2106 1356 2222 1386 Frede-

1314 1406 1398 1436 ricus
1419 1406 1457 1435 de
1478 1406 1584 1446 Ropa,
1609 1406 1753 1446 provisor
1777 1405 1937 1445 provincie
1964 1405 2138 1440 Almannie,
2163 1407 2220 1435 sub

1314 1455 1463 1495 magistro
1498 1455 1676 1484 Hermanno
1715 1455 1820 1484 Roeve
1853 1454 2001 1494 magistro
2035 1465 2102 1489 suc,
2135 1453 2221 1495 cujus

1313 1504 1408 1534 bursa
1424 1504 1496 1533 Vlll
1515 1504 1618 1533 solidi.
1634 1503 1735 1534 Solvit
1753 1503 1908 1543 receptori
1931 1509 1961 1533 et
1972 1503 2088 1543 juravit
2107 1514 2220 1543 procu-

1313 1553 1419 1583 ratori.

1354 1602 1428 1632 Item
1462 1602 1631 1632 Goswinus
1715 1601 1779 1631 Sub
1805 1602 1954 1642 magistro
1983 1601 2151 1641 Lyphardo
2182 1603 2219 1631 de

1312 1651 1350 1680 de
1379 1651 1630 1681 Bredenschede.
1675 1650 1822 1686 Dattilen,
1834 1661 1965 1691 quorum
1974 1650 2138 1691 cujuslibet
2150 1652 2220 1680 bur-

1353 1699 1427 1730 ltem
1476 1700 1631 1730 Henricus
1675 1710 1709 1730 sa
1722 1699 1793 1730 Vlll
1810 1700 1913 1730 solidi.
1932 1699 2099 1730 Solverunt
2111 1710 2221 1740 recep-

1312 1749 1406 1780 Tuve.
1675 1749 1735 1779 tori
1761 1755 1792 1779 et
1812 1749 2006 1788 procuratori
2030 1747 2217 1788 juraverunt.

1353 1799 1428 1828 Item
1446 1799 1655 1828 Hartmannus
1668 1799 1705 1828 de
1723 1798 1830 1828 Sittert
1846 1799 1903 1828 sub
1921 1798 2069 1838 magistro
2088 1798 2220 1838 Hugone

1312 1848 1350 1878 de
1370 1847 1533 1883 Hervorst‚
1553 1846 1640 1887 cujus
1658 1848 1752 1877 bursa
1770 1847 1826 1877 Vll
1843 1847 1946 1877 solidi.
1964 1847 2074 1877 Posuit
2087 1848 2218 1887 pignora

1312 1903 1342 1926 et
1349 1895 1466 1937 juravit
1482 1897 1688 1937 procuratori.

1353 1946 1427 1976 ltem
1439 1946 1597 1976 Johannes
1607 1945 1757 1975 Johannis
1768 1946 1806 1975 de
1817 1945 2029 1975 Aemsterdam
2041 1946 2098 1974 sub
2112 1946 2219 1974 eodem

1313 1995 1462 2036 magistro
1487 1995 1631 2035 Hugone,
1655 1994 1742 2034 cujus
1772 1995 1866 2024 bursa
1896 1994 1954 2024 llll
1983 1994 2085 2023 solidi.
2122 1994 2219 2024 Solvit

1312 2045 1466 2084 receptori
1482 2051 1511 2074 et
1523 2043 1635 2084 juravit
1650 2044 1856 2084 procuratori.

1354 2093 1429 2123 ltem
1452 2093 1587 2123 Jacobus
1609 2094 1647 2122 de
1669 2093 1771 2132 Praga
1797 2093 1854 2122 sub
1878 2093 2026 2132 magistro
2050 2091 2219 2122 Adalberto

1313 2143 1351 2172 de
1371 2142 1513 2178 Boemia,
1539 2141 1626 2182 cujus
1645 2143 1740 2171 bursa
1757 2141 1815 2171 llll
1833 2141 1935 2171 solidi.
1959 2141 2068 2171 Posuit
2087 2141 2218 2181 pignora

1312 2191 1467 2231 receptori
1483 2198 1512 2221 et
1522 2190 1638 2231 juravit
1651 2190 1858 2230 procuratori.

1354 2241 1428 2270 ltem
1442 2240 1595 2270 Henricus
1606 2240 1644 2269 de
1656 2238 1841 2280 Ysenbfirgh
1853 2240 1910 2269 sub
1921 2239 2069 2278 magistro
2079 2239 2094 2268 J
2099 2238 2218 2268 ohanne

1313 2290 1351 2319 de
1372 2289 1605 2330 Lutzenbfirgh‚
1629 2287 1716 2329 cujus
1737 2289 1831 2318 bursa
1851 2288 1891 2317 Vl
1921 2288 2013 2318 solidi
2034 2294 2063 2317 et
2084 2287 2141 2317 llll
2163 2288 2219 2317 de-

1313 2338 1402 2368 narii.
1420 2338 1529 2368 Posuit
1546 2338 1678 2378 pignora
1693 2344 1723 2367 et
1733 2337 1849 2378 juravit
1864 2337 2072 2377 procuratori.

1355 2387 1429 2417 ltem
1452 2387 1640 2416 Wilhelmus
1663 2386 1802 2416 Danielis
1827 2387 1884 2416 sub
1907 2386 2055 2426 magistro
2078 2385 2218 2415 Mercilio

1313 2436 1351 2466 de
1370 2435 1500 2476 lnghen,
1521 2435 1608 2476 cujus
1626 2437 1720 2465 bursa
1741 2435 1800 2465 llll
1825 2435 1928 2464 solidi.
1948 2435 2047 2464 Solvit
2064 2434 2217 2474 receptori

1313 2491 1343 2515 et
1352 2483 1469 2524 juravit
1486 2485 1691 2525 procuratori.

1354 2534 1427 2563 ltem
1441 2533 1572 2564 Michael
1582 2535 1620 2563 de
1632 2534 1700 2563 Mar
1710 2533 1983 2563 subdeterminavit
1996 2533 2053 2561 sub
2071 2532 2218 2571 magistro

1312 2582 1451 2612 Johanne
1471 2583 1631 2618 Luhberti,
1653 2581 1740 2622 cujus
1768 2583 1861 2612 bursa
1884 2581 1989 2616 nichil,
2014 2581 2085 2620 quia
2101 2580 2217 2621 juravit

1311 2641 1415 2661 coram
1433 2632 1560 2662 nacione
1577 2637 1723 2662 statutum
1744 2631 1944 2671 paupertatis,
1964 2637 1993 2660 et
2006 2629 2122 2669 juravit
2142 2639 2217 2669 pro·-

1311 2681 1458 2710 curatori.

1354 2729 1427 2759 ltem
1441 2729 1625 2759 Fredericus
1635 2729 1779 2769 Junghen
1795 2729 1852 2758 sub
1867 2728 2013 2767 magistro
2024 2727 2163 2757 Jolmnne
2178 2729 2216 2757 de

1311 2778 1468 2819 Wolgast‚
1501 2777 1587 2819 cujus
1613 2779 1707 2808 bursa
1732 2778 1791 2807 1111
1817 2777 1919 2806 solidi.
1948 2777 2057 2806 Posuit
2084 2776 2216 2816 pignora

1311 2827 1464 2867 receptori
1482 2833 1512 2857 et
1520 2826 1636 2867 juravit
1653 2826 1856 2867 procuratori.
