2632 3464
423 443 473 468 559
973 439 1195 466 AUCTARIUM
1216 437 1475 465 CHARTULARII
1495 439 1668 467 UNIVERS.
1691 440 1807 466 PARIS.
2290 442 2342 468 560

415 518 477 557 jam
496 519 555 547 duo
574 527 678 547 eorum
699 517 869 551 dedissent,
889 522 918 545 et
938 516 1036 545 solum
1054 515 1169 544 tercius
1189 515 1324 544 nondum

419 568 568 597 dedisset.

459 617 560 655 Super
574 616 676 655 primo
692 615 789 645 suerat
803 614 998 644 concorditer
1013 613 1226 647 deliberatum,
1241 613 1324 652 quod

417 672 501 695 esset
522 665 719 694 scribendum
741 663 889 703 magistro
910 662 1056 692 Heinrico
1075 662 1112 691 de
1133 660 1269 691 Thenis⁴
1294 667 1325 691 et

416 714 564 754 magistro
588 713 743 748 Marsilio,
771 718 902 752 protunc
927 711 1130 741 existentibus
1150 711 1181 740 in
1203 710 1288 740 curia
1297 709 1321 746 ²,

416 770 567 803 quatenus
577 763 635 792 hoc
647 763 755 791 sactum
768 761 864 791 velint
879 760 1045 790 sollicitare
1059 766 1088 789 et
1100 759 1220 789 meliori
1231 760 1323 789 modo

416 822 477 852 quo
501 818 629 851 possent
653 810 825 846 elaborare;
850 816 879 839 et
901 809 927 839 si
951 809 1109 838 laboribus
1132 818 1187 838 seu
1210 808 1320 847 quovis

415 861 475 891 alio
494 861 585 890 modo
606 869 758 899 expensas
779 859 923 894 facerent,
945 858 1033 887 nacio
1053 858 1242 892 refunderet,
1265 867 1323 887 nec

415 910 542 939 haberet
558 919 614 949 pro
631 909 753 949 ingrato
769 908 796 937 si
814 917 871 947 pro
889 918 924 936 ea
942 907 1137 947 contingeret
1155 916 1210 936 eos
1227 916 1321 936 occu-

414 959 494 998 pari.

456 1008 556 1047 Super
576 1007 711 1036 secundo
733 1006 863 1035 nuncius
884 1005 986 1044 primo
1003 1004 1110 1033 retulit
1133 1003 1212 1043 (cum
1244 1003 1320 1033 alias

413 1058 501 1086 nacio
527 1057 586 1085 sibi
610 1055 795 1095 promiserat
817 1054 899 1093 quod
926 1053 952 1082 si
972 1053 1168 1093 contingeret
1195 1063 1262 1082 eum
1288 1053 1320 1082 in

413 1106 571 1135 laboribus
604 1104 670 1144 ejus
701 1103 819 1143 aliquas
848 1112 1000 1142 expensas
1031 1102 1112 1131 ultra
1142 1102 1202 1132 sibi
1234 1103 1320 1132 datas

411 1154 640 1184 racionabiliter
655 1154 764 1187 facere,
785 1153 823 1181 de
839 1152 951 1191 quibus
969 1158 1042 1191 post
1061 1151 1215 1181 redditum
1233 1152 1320 1181 daret

410 1204 529 1232 fidelem
544 1209 729 1242 compotum,
747 1202 830 1241 quod
847 1201 878 1230 in
894 1200 1068 1240 hujusmodi
1085 1201 1232 1240 expensis
1251 1211 1319 1230 eum

411 1253 555 1281 redderet
573 1250 778 1290 indempnem)
795 1250 938 1290 quatinus
959 1248 1134 1289 hujusmodi
1150 1249 1319 1289 promissio

410 1302 508 1341 magis
526 1300 671 1330 memorie
687 1300 964 1334 commendaretur,
980 1298 1069 1328 nacio
1084 1298 1216 1328 litteram
1229 1299 1319 1328 testi-

411 1350 571 1379 monialem
587 1348 761 1389 hujusmodi
776 1349 845 1378 sacti
857 1348 916 1377 sibi
932 1348 1099 1377 ordinaret.
1120 1348 1160 1377 Et
1174 1358 1212 1377 ex
1227 1347 1320 1387 plena

410 1399 575 1428 concordia
596 1399 813 1438 magistrorum
836 1397 891 1426 suit
915 1397 974 1426 sibi
999 1398 1067 1426 data
1088 1397 1206 1432 littera,
1230 1396 1318 1437 cujus

409 1454 499 1477 tenor
513 1448 582 1476 talis
596 1447 737 1476 extiterat
757 1458 763 1475 ι

451 1509 464 1524 «
487 1496 650 1526 Universis
673 1495 834 1535 presencia
857 1495 973 1525 visuris
994 1505 1049 1524 seu
1073 1495 1236 1530 audituris,
1259 1505 1318 1525 nos

410 1553 592 1586 procurator
620 1552 650 1574 et
673 1555 779 1574 omnes
808 1555 841 1573 ac
871 1544 986 1584 singuli
1012 1544 1153 1584 magistri
1179 1545 1318 1574 nacionis

408 1595 579 1635 Anglicane
589 1594 682 1624 studii
694 1593 892 1629 parisiensis,
901 1593 1153 1633 recognoscimus
1160 1593 1318 1633 etpublice

408 1651 615 1684 protestamur
637 1644 667 1672 in
689 1643 749 1672 hiis
767 1643 905 1681 scriptis,
920 1643 1003 1682 quod
1019 1652 1086 1671 cum
1109 1642 1316 1672 venerabilem

408 1700 437 1723 et
461 1693 627 1722 discretum
646 1693 746 1721 virum
766 1692 947 1731 magistrum
967 1691 1138 1720 Ger-ardum
1160 1691 1264 1731 Kypot
1278 1692 1316 1721 de

409 1742 533 1776 Kalker,
550 1741 746 1770 bacallarium
762 1740 794 1769 in
806 1739 962 1780 theologia
979 1746 1009 1769 et
1024 1739 1205 1769 canonicum
1221 1740 1314 1769 Sanc-

408 1798 507 1820 torum
522 1790 731 1830 apostolorum
746 1789 876 1818 ecclesie
890 1789 1088 1819 Coloniensis
1098 1789 1137 1818 ad
1148 1789 1316 1818 Romanam

408 1840 521 1869 curiam
550 1838 806 1868 destinaverimus
834 1838 865 1867 in
895 1838 996 1867 rotulo
1025 1844 1055 1867 et
1080 1837 1150 1867 aliis
1174 1838 1316 1878 negociis

407 1889 523 1918 nostris
555 1887 756 1927 expediendis
785 1887 817 1916 in
846 1888 963 1922 eadem,
992 1887 1052 1916 sibi
1079 1888 1117 1916 ad
1149 1897 1255 1916 omnes
1285 1894 1315 1916 et

408 1938 545 1977 singulas
561 1947 713 1976 expensas
728 1936 932 1965 racionabiles
945 1942 974 1965 et
987 1946 1045 1976 pro
1061 1937 1141 1965 dicta
1154 1936 1312 1976 legacione

407 1987 611 2022 necessarias,
635 1996 712 2025 quas
733 1985 834 2014 dictus
856 1985 1005 2025 magister
1022 1984 1180 2014 Gerardus
1201 1995 1316 2015 secun-

407 2037 477 2065 dum
494 2035 717 2065 conscienciam
731 2044 814 2063 suam
827 2040 857 2063 et
870 2034 959 2063 fidele
973 2034 1180 2063 testimonium
1192 2034 1316 2064 duxerit

407 2085 554 2124 legittime
577 2084 825 2123 computandum,
847 2093 952 2112 sumus
975 2090 1004 2112 et
1027 2083 1141 2112 erimus
1162 2083 1313 2113 veraciter

407 2133 545 2173 obligati,
564 2134 641 2162 facto
652 2139 750 2161 tamen
766 2132 853 2171 prius
868 2132 951 2161 fideli
969 2138 1112 2171 computo
1125 2133 1163 2161 de
1176 2133 1310 2172 receptis

407 2193 443 2212 ex
467 2188 554 2222 parte
577 2188 682 2211 nostra
703 2181 890 2210 defalcandis
912 2191 969 2221 per
991 2182 1140 2210 eumdem.
1169 2181 1203 2210 In
1223 2181 1310 2222 cujus

407 2231 626 2265 testimonium,
645 2237 702 2259 etc.
718 2230 730 2247 ³
746 2242 759 2257 »

448 2280 548 2319 Super
563 2281 593 2309 3⁰
608 2280 809 2308 deliberatum
827 2279 882 2308 fuit
897 2280 980 2318 quod
995 2279 1227 2309 contribuerent
1239 2290 1316 2309 nun-

408 2330 454 2358 cio
471 2329 550 2358 sicut
569 2335 599 2358 et
611 2329 674 2363 alii,
691 2328 820 2357 maxime
838 2338 905 2357 cum
919 2327 981 2367 jam
1000 2329 1060 2357 duo
1076 2339 1180 2358 eorum
1197 2329 1316 2358 contri-

407 2378 558 2407 buissent.

448 2427 522 2456 Item
535 2427 586 2455 28ἐι
599 2427 648 2455 die
661 2426 777 2455 mensis
790 2426 873 2455 Junii
885 2426 940 2455 suit
955 2427 1159 2466 congregacio
1171 2427 1209 2456 ad
1221 2427 1316 2457 Sanc.

407 2482 469 2504 tum
493 2475 679 2504 Maturinum
698 2475 729 2503 in
750 2475 840 2504 nonis
857 2475 970 2504 Nostre
991 2474 1122 2504 Domine
1137 2476 1175 2504 ad
1191 2476 1317 2516 suppli-

408 2525 547 2553 candum.
592 2523 784 2563 Supplicavit
827 2523 975 2563 magister
1019 2524 1175 2554 Johannes
1220 2525 1317 2554 Bebel

408 2573 629 2612 repatriaturus
647 2573 748 2602 animo
766 2582 823 2611 pro
845 2572 948 2602 studio
966 2573 1151 2608 revertendi,
1171 2574 1315 2612 quatinus

408 2622 438 2650 in
466 2621 530 2661 ejus
556 2622 711 2657 absencia,
729 2627 761 2651 ut
787 2627 834 2651 est
858 2621 953 2650 moris
978 2621 1009 2650 in
1033 2622 1144 2651 talibus
1170 2623 1315 2662 negociis

441 2754 461 2776 l.
495 2756 542 2777 Ma.
558 2755 674 2777 Athenis.
691 2755 783 2787 Agitur
797 2755 829 2777 de
846 2755 956 2778 Henrico
973 2755 1004 2777 de
1018 2754 1108 2782 Tenis,
1125 2754 1156 2777 de
1171 2763 1221 2786 quo
1236 2763 1314 2786 supra

404 2792 462 2820 post
475 2797 501 2819 p.
513 2790 565 2816 320,
580 2791 618 2817 24,
632 2798 707 2821 saepe
720 2791 745 2813 in
757 2789 803 2812 hoc
816 2789 889 2813 libro.
909 2790 962 2812 Vid.
975 2792 999 2812 et
1012 2790 1131 2813 Chen-ml.
1145 2790 1190 2815 ΙΙΙ,
1205 2791 1311 2814 1101417.

438 2825 460 2848 2.
495 2825 565 2847 Certe
591 2827 684 2847 Romae
712 2825 750 2848 vel
774 2825 799 2848 in
822 2825 941 2856 partibus
965 2825 1066 2852 uicinis,
1092 2825 1136 2848 ubi
1158 2829 1219 2849 tunc
1242 2826 1314 2849 curia

410 2859 505 2882 Urbani
521 2861 558 2882 Vl.
573 2860 715 2883 Marcilium
726 2861 776 2883 lul.
789 2861 817 2883 27
829 2860 853 2883 in
868 2860 948 2889 cursa,
962 2863 986 2883 et
999 2861 1101 2891 quidem
1117 2861 1226 2884 Tiburne
1238 2861 1312 2884 exali-

408 2894 475 2922 tisae,
490 2894 600 2918 invenies
613 2896 638 2918 in
652 2895 770 2919 Chartul.
786 2896 830 2923 ΙΙΙ,
844 2897 880 2919 De
895 2896 1045 2919 schismate.

439 2930 461 2952 3.
497 2930 586 2953 Nuntii
593 2934 683 2961 postea
693 2931 962 2962 Avenionemprosecti
969 2934 1036 2953 sunl.
1047 2933 1081 2954 De
1093 2931 1139 2954 Ιιοι·
1146 2935 1169 2955 et
1180 2931 1211 2954 de
1220 2931 1312 2959 rotulo,

406 2971 457 2987 non
468 2964 578 2997 signato,
593 2966 641 2988 vid.
657 2966 774 2989 Chartul.
792 2966 836 2994 ΙΙΙ,
853 2971 879 2989 n·’
895 2966 963 2995 1419,
977 2968 1028 2989 not.
1046 2967 1070 2989 2.
1086 2966 1169 2997 [nsi-a,
1181 2975 1224 2990 an.
1238 2967 1311 2995 1379,

1378 713 1394 739 5

1362 958 1393 984 10

1358 1203 1391 1228 15

1356 1448 1390 1473 20

1354 1692 1388 1718 25

1353 1938 1387 1964 30

1353 2182 1387 2208 35

1355 2427 1388 2453 40

1433 514 1664 551 Universitatis‚
1684 522 1718 545 ut
1734 516 1766 545 in
1788 516 1974 546 formaeione
1990 516 2083 546 rotuli
2098 517 2187 547 etiam
2207 526 2339 557 presens

1433 570 1639 604 reputaretur.
1656 564 1752 605 Cujus
1767 565 1958 605 supplicacio
1976 571 2041 595 erat
2055 575 2214 596 concessa.

1473 612 1548 642 Item
1562 613 1619 643 XI·
1630 614 1680 643 die
1695 614 1812 643 mensis
1823 614 1839 643 J
1843 614 1897 644 ulii
1911 614 1967 644 fuit
1981 615 2187 654 congregacio
2202 615 2341 645 nacionis

1431 662 1471 691 ad
1491 661 1635 692 Sanctum
1653 663 1837 693 Maturinum
1855 673 1950 703 super
1964 664 2085 693 duobus
2102 663 2250 693 articulis.
2269 663 2341 694 Pri-

1431 720 1498 740 mus
1521 711 1577 741 fuit
1595 712 1634 741 ad
1655 712 1859 742 ordinandum
1882 712 2042 752 pecuniam
2059 722 2118 752 pro
2139 713 2340 752 reparacione

1431 759 1515 789 scole
1530 759 1770 797 Almannorum;
1791 761 1838 789 2¹¹³
1853 762 1891 790 ad
1911 761 2158 801 supplicandum.

1471 808 1546 838 Item
1568 808 1684 839 xvl11·
1704 810 1754 839 die
1775 810 1891 840 mensis
1911 810 2044 850 Augusti
2060 810 2116 839 fuit
2135 811 2340 851 congregacio

1430 858 1570 887 nacionis
1593 859 1675 898 apud
1701 858 1845 889 Sanctum
1873 859 2061 889 Maturinum
2087 860 2125 888 ad
2153 859 2338 890 audiendum

1430 913 1605 946 compotum
1620 907 1736 937 domini
1749 908 1933 948 receptoris,
1947 915 1978 938 et
1989 908 2112 938 fuerunt
2123 908 2185 938 dati
2198 909 2325 949 deputat

1430 956 1468 985 ad
1489 956 1686 992 audiendum,
1703 963 1733 986 et
1752 963 1895 997 computo
1918 958 1996 987 facto
2017 958 2074 987 fuit
2091 967 2208 987 summa
2227 958 2259 987 in
2279 966 2340 997 qua

1429 1011 1574 1044 receptor
1588 1005 1701 1035 mansit
1718 1006 1873 1046 obligatus
1887 1006 2010 1036 nacioni
2025 1007 2168 1036 omnibus
2186 1007 2337 1046 expositis

1425 1053 1587 1083 defalcatis
1604 1053 1706 1084 XVIII
1729 1054 1819 1091 libre,
1839 1054 1896 1084 VII
1917 1055 2010 1085 solidi
2031 1062 2060 1085 et
2078 1055 2122 1086 III
2144 1055 2273 1085 denarii.
2302 1056 2340 1086 Et

1430 1102 1485 1132 fuit
1501 1103 1694 1142 computacio
1710 1104 1748 1132 ab
1767 1104 1910 1134 omnibus
1925 1106 2094 1144 approbata
2106 1104 2130 1134 ⁴.

1837 1196 1934 1226 1378

1460 1267 1532 1307 (1ΐοί.
1562 1269 1598 1298 17
1611 1267 1635 1308 ¹³)
1663 1267 1930 1298 Procuratoria
1957 1269 2128 1309 magistri
2159 1269 2309 1300 Ottonis

1775 1317 1994 1357 Thunnync.

1467 1396 1558 1427 Anno
1568 1397 1692 1427 Domini
1703 1408 1764 1437 quo
1773 1407 1878 1437 supra,
1889 1398 2004 1428 mensis
2014 1397 2148 1438 Augusti
2157 1399 2206 1428 die
2214 1398 2336 1436 XXV1·,

1428 1446 1505 1476 facta
1512 1447 1759 1486 congregacione
1768 1446 1907 1476 nacionis
1916 1446 2085 1487 Anglicane
2099 1448 2181 1487 apud
2192 1447 2336 1478 Sanctum

1426 1495 1579 1525 Julianum
1601 1505 1768 1535 pauperem
1789 1495 1865 1525 hora
1883 1496 2051 1535 primarum
2069 1495 2182 1526 Nostre
2203 1497 2334 1528 Domine

1426 1545 1464 1573 ad
1485 1544 1671 1574 audiendum
1693 1551 1867 1584 computum
1891 1545 2076 1584 receptoris,
2099 1546 2139 1574 ad
2159 1546 2334 1587 eligendum

1425 1600 1657 1633 procuratorem
1671 1600 1701 1623 et
1715 1594 1754 1623 ad
1773 1594 2020 1633 supplicandum,
2037 1594 2150 1624 dilatus
2168 1601 2234 1625 erat
2249 1605 2336 1625 com-

1426 1648 1518 1682 putus
1535 1642 1707 1682 receptoris
1724 1649 1854 1682 propter
1871 1642 1936 1683 ejus
1951 1643 2125 1673 absenciam
2135 1656 2143 1680 3
2162 1644 2218 1673 fuit
2235 1650 2334 1674 autem

1426 1692 1541 1721 electus
1577 1691 1609 1720 in
1640 1698 1873 1731 procuratorem
1908 1692 2048 1722 nacionis
2081 1692 2229 1732 magister
2262 1693 2335 1723 Otto

1425 1740 1598 1780 Thunnync
1621 1740 1837 1771 sleswicensis
1861 1741 1996 1771 diocesis
2023 1742 2221 1771 concorditer
2239 1752 2257 1772 a
2273 1748 2336 1772 tota

1424 1790 1564 1820 nacione.
1595 1790 1630 1819 In
1661 1788 1747 1829 cujus
1778 1790 1991 1829 procuratoria
2019 1796 2085 1820 acta
2117 1791 2241 1820 fuerunt
2273 1801 2333 1831 que

1425 1845 1608 1879 sequuntur.

1465 1888 1570 1918 Primo
1588 1888 1619 1917 in
1641 1889 1746 1918 eadem
1763 1888 2009 1928 congregacione
2028 1888 2214 1928 supplicavit
2234 1889 2334 1929 magi-

1425 1943 1488 1967 ster
1508 1937 1684 1967 Hartwicus
1708 1938 1746 1966 de
1766 1937 1873 1967 Hamis
1890 1943 2016 1977 paratus
2033 1937 2118 1966 adire
2135 1944 2240 1978 partes
2259 1947 2332 1968 suas

1423 1997 1482 2026 pro
1506 1986 1702 2026 disponendo
1727 1987 1766 2015 de
1791 1987 1884 2016 rebus
1907 1986 1972 2016 suis
1996 1985 2100 2026 gracia
2123 1986 2234 2023 studii,
2260 1996 2329 2017 cum

1424 2035 1524 2065 animo
1547 2035 1647 2065 statim
1669 2035 1819 2065 redeundi
1841 2034 1991 2071 Parisius,
2013 2036 2106 2065 rebus
2129 2035 2194 2065 suis
2215 2036 2254 2065 ad
2274 2035 2332 2066 hoc

1424 2084 1599 2124 dispositis,
1611 2090 1644 2114 ut
1654 2084 1685 2113 in
1696 2084 1788 2124 plena
1797 2084 1925 2114 nacione
1937 2085 2177 2124 protestabatur,
2187 2084 2331 2124 quatinus

1425 2134 1452 2163 si
1464 2133 1658 2173 contingeret
1672 2139 1810 2173 tempore
1825 2133 1968 2163 absencie
1982 2143 2037 2163 sue
2052 2133 2186 2163 rotulum
2200 2133 2279 2163 mitti
2291 2134 2330 2163 ad

1425 2193 1550 2222 papam,
1579 2181 1716 2221 placeret
1745 2182 1867 2211 nacioni
1897 2181 2000 2222 ipsum
2026 2182 2059 2211 in
2094 2183 2201 2211 eodem
2228 2182 2331 2213 rotulo

1424 2231 1584 2261 admittere
1615 2237 1758 2270 tanquam
1789 2237 1974 2270 presentem.
2013 2229 2109 2271 Cujus
2141 2230 2332 2271 supplicacio

1425 2281 1621 2310 concorditer
1636 2286 1701 2309 erat
1718 2289 1875 2309 concessa.
1900 2279 2036 2319 Itemque
2062 2279 2163 2309 dictus
2184 2279 2332 2319 magister

1425 2329 1602 2359 Hartwicus
1629 2329 1660 2358 in
1686 2328 1847 2368 presencia
1871 2329 2009 2358 nacionis
2033 2328 2160 2358 tradidit
2183 2338 2332 2368 procura-

1424 2378 1485 2408 tori
1514 2378 1637 2407 nomine
1668 2378 1806 2407 nacionis
1838 2377 1866 2406 ΙΙ
1897 2383 1982 2407 scuta
2010 2376 2190 2416 Philippina
2216 2377 2331 2408 valoris

1424 2427 1582 2456 XXXVIII
1621 2426 1790 2456 solidorum
1825 2426 1920 2455 missa
1957 2426 2078 2456 nacioni
2113 2436 2170 2466 per
2205 2436 2272 2456 eum
2315 2436 2333 2456 a

1425 2476 1549 2505 domino
1572 2476 1688 2505 decano
1706 2475 1836 2504 ecclesie
1861 2474 2075 2514 Camynensis,
2095 2474 2214 2504 scilicet
2234 2475 2331 2515 magi-

1425 2531 1490 2554 stro
1505 2524 1683 2564 Wyskyno,
1704 2524 1778 2553 alias
1795 2523 1915 2564 regenti
1932 2522 2070 2552 nacionis
2093 2523 2240 2562 predicte.
2254 2523 2331 2553 Tra-

1424 2574 1503 2603 didit
1527 2574 1621 2603 eciam
1644 2583 1681 2602 ex
1700 2579 1787 2612 parte
1807 2571 1943 2612 ejusdem
1961 2571 2099 2612 magistri
2121 2572 2278 2612 Wyskyni
2301 2572 2329 2602 II

1424 2622 1558 2652 florenos
1570 2622 1717 2662 magistro
1735 2623 1844 2650 domus
1861 2620 2089 2656 Alemanorum‚
2103 2621 2221 2650 scilicet
2236 2622 2328 2661 magi-

1423 2757 1437 2779 5
1448 2754 1590 2783 Februarii,
1601 2761 1717 2785 expresse
1727 2753 1830 2781 dicitur,
1842 2752 1953 2776 rotulum
1964 2752 2045 2784 suine
2057 2752 2181 2776 directum
2196 2752 2233 2775 ad
2245 2752 2328 2776 Urba-

1422 2799 1482 2814 num
1504 2791 1543 2818 Vl,
1557 2790 1602 2821 qui
1612 2792 1696 2813 tamen
1710 2790 1804 2813 Romae
1817 2788 2031 2812 commorabatur.

1452 2826 1475 2849 4.
1507 2827 1536 2849 In
1554 2825 1668 2857 margine
1687 2823 1804 2855 inferiori
1815 2823 1936 2847 scribitur
1953 2832 1961 2847 :
1976 2824 2084 2847 Summa
2100 2824 2127 2846 in
2142 2831 2194 2854 qua
2207 2825 2327 2855 receptor

1422 2860 1520 2884 mansit
1540 2861 1673 2891 obligatus
1695 2859 1806 2888 nacioni,
1835 2859 1957 2883 omnibus
1981 2859 2107 2890 expositis
2120 2859 2265 2887 defalcatis,
2287 2858 2330 2882 xix

1422 2896 1502 2924 libre,
1519 2896 1546 2927 iij
1561 2896 1610 2919 sol.
1628 2899 1654 2919 et
1666 2895 1692 2926 iij
1710 2895 1779 2923 den.,
1793 2894 1992 2926 computacione
2012 2895 2080 2918 ructa
2095 2894 2158 2925 xviij
2173 2894 2215 2917 die
2230 2893 2327 2918 mensis

1422 2931 1541 2962 Augusti.
1553 2931 1585 2954 Et
1598 2930 1646 2954 ruit
1658 2933 1796 2962 computus
1812 2930 1845 2953 ub
1857 2929 1979 2954 omnibus
1993 2929 2165 2961 approbatus⁸
2178 2928 2228 2953 Sed
2234 2931 2327 2961 postea

1423 2966 1509 2990 omnia
1524 2966 1609 2989 deleta
1621 2968 1689 2990 eunt.
