2632 3464
434 401 485 427 247
970 395 1192 424 AUCTARIUM
1213 392 1471 421 CHARTULARH
1490 393 1664 420 UNIVERS.
1686 393 1803 421 PARIS.
2300 396 2354 424 248

432 475 636 517 Rutlingen⁴,
668 475 715 504 cui
737 484 885 504 concessa
908 473 965 503 suit
994 472 1138 502 remissio
1159 472 1334 501 bursarum.

429 526 550 557 Juravit
569 525 651 565 quod
672 534 729 554 nec
750 524 800 553 hic
821 523 948 553 haberet
967 532 1024 552 nec
1044 522 1075 551 in
1096 521 1249 561 partibus.
1269 519 1335 548 Hoc

431 576 512 611 fecit,
529 581 587 604 etc.

471 625 546 654 Item
577 623 693 662 incepit
720 622 862 651 dominus
887 620 1047 651 Walterus
1081 617 1266 658 Greynbach
1297 617 1334 646 de

430 673 645 712 Vyssenstayg
657 672 714 701 sub
729 670 877 710 magistro
891 669 1020 699 Alberto
1036 668 1073 697 de
1089 667 1232 702 saxonia,
1247 664 1334 705 cujus

429 723 525 751 bursa
539 721 614 750 utin
630 719 854 759 supplicatione
870 727 1019 747 concessa
1035 722 1092 746 est.

471 770 545 800 Item
562 769 677 808 incepit
694 768 835 797 dominus
853 766 1033 806 Borgardus
1055 766 1092 794 de
1113 763 1334 803 Ruydlinghen

429 820 487 849 sub
503 818 652 858 magistro
666 817 795 847 Alberto
809 816 845 845 de
860 815 1003 850 Saxonia,
1018 813 1104 854 cujus
1119 814 1213 842 bursa
1225 812 1331 842 nichil.

470 868 545 897 Item
555 867 728 896 licentiatus
737 865 791 894 suit
799 864 939 894 Andreas
949 863 963 892 J
968 863 1099 892 ohannis
1112 863 1150 891 de
1163 862 1333 891 Lederdam

428 916 633 946 licentiandus
662 915 719 944 sub
746 924 792 942 me
812 913 960 952 magistro
987 911 1124 941 Henrico
1143 911 1180 939 de
1205 910 1331 945 Kalker,

429 965 516 1004 cujus
531 965 624 993 bursa
637 965 655 992 5
671 962 763 992 solidi
776 971 843 991 cum
854 961 991 990 dimidio.
1010 960 1121 990 Solvit.

469 1014 543 1043 Item
564 1013 595 1041 in
624 1010 781 1041 crastino²
802 1010 953 1039 dominice
982 1019 1041 1049 qua
1062 1015 1201 1038 cantatur
1221 1008 1333 1038 Judica

427 1063 509 1103 apud
528 1062 670 1091 Sanctum
690 1060 875 1089 Maturinum
894 1065 1001 1088 vocato
1023 1059 1061 1087 ad
1078 1058 1331 1096 computandum,

430 1111 564 1150 receptis
585 1109 766 1148 computatis
785 1114 815 1137 et
833 1107 983 1147 expositis
999 1106 1157 1136 defalcatis
1172 1106 1333 1135 tenebatur

429 1160 576 1200 magister
597 1158 621 1187 T
625 1158 712 1187 hemo
734 1163 877 1196 receptor
894 1156 1015 1185 nacioni
1038 1155 1070 1184 in
1089 1155 1124 1184 12
1143 1155 1239 1184 scutis
1259 1164 1332 1194 pre-

427 1209 491 1238 cise
507 1209 537 1237 in
554 1213 658 1247 parata
674 1206 819 1245 pecunia,
844 1205 876 1234 in
895 1205 1078 1244 pigneribus
1094 1214 1169 1233 vero
1188 1203 1332 1233 undecim

426 1258 522 1287 scutis
538 1266 604 1285 cum
619 1265 679 1285 una
694 1260 812 1294 quarta,
826 1254 858 1282 in
870 1253 968 1283 literis
981 1259 1080 1282 autem
1097 1253 1133 1281 10
1149 1253 1245 1282 scutis
1263 1262 1331 1281 cum

426 1306 563 1340 denario,
582 1306 618 1334 de
637 1313 766 1344 quorum
789 1312 897 1332 novem
915 1309 1054 1332 tenemur
1070 1301 1200 1331 bedellis
1219 1302 1331 1331 bursas

426 1365 509 1390 suas,
527 1360 584 1383 etc.

833 1444 928 1474 1359

427 1518 650 1548 Procuratio
680 1516 851 1557 magistri
879 1516 1081 1555 Peregrini
1112 1515 1329 1545 Zeleschicz

521 1568 563 1596 de
590 1567 756 1601 pruscia,
790 1565 921 1594 clerici
954 1564 1072 1605 jurati
1110 1565 1237 1594 incliti

555 1614 804 1655 primogeniti
837 1614 942 1654 regis
971 1614 1196 1643 Francorum

618 1663 756 1699 Karoli,
788 1663 959 1702 regentis
985 1673 1137 1702 regnum

798 1712 963 1741 Francie.

466 1794 556 1823 Anno
578 1793 703 1822 Domini
723 1792 768 1821 M⁰
791 1791 885 1821 CCC⁰
909 1791 1030 1826 LV111⁰‚
1055 1790 1107 1830 viij
1136 1792 1185 1821 die
1214 1792 1329 1821 mensis

429 1842 581 1883 Apprilis‚
593 1852 651 1881 que
667 1847 732 1870 erat
741 1841 882 1880 proxima
896 1841 963 1869 dies
977 1840 1047 1869 lune
1062 1847 1134 1879 post
1146 1841 1329 1870 dominicam

426 1902 487 1932 qua
503 1897 641 1920 cantatur
653 1891 775 1925 Judica,
795 1896 825 1918 et
842 1890 918 1918 facta
933 1889 1177 1929 congregacione
1192 1889 1328 1929 generali

426 1940 598 1980 regentium
618 1945 647 1968 et
668 1949 729 1967 non
746 1938 917 1977 regentium
937 1938 1019 1976 apud
1037 1937 1179 1966 Sanctum
1204 1938 1329 1967 Maturi-

425 2000 496 2018 num
515 1995 545 2018 et
559 1988 696 2017 nacionis
713 1987 883 2026 Anglicane
898 1987 935 2015 ad
955 1987 1128 2026 eligendum
1147 1994 1329 2026 procurato-

425 2049 500 2073 rem,
521 2037 635 2066 electus
657 2036 714 2065 fuit
728 2036 759 2064 in
774 2042 1017 2075 procuratorem,
1032 2036 1116 2064 nullo
1132 2036 1327 2072 reclamante,

425 2085 572 2125 magister
580 2085 768 2124 Peregrinus
777 2083 952 2112 Zeleschicz
961 2085 997 2112 de
1006 2084 1144 2119 Pruseia,
1154 2084 1329 2114 Culmensis

424 2134 572 2169 diocesis,
598 2140 655 2162 etc.
680 2133 714 2162 In
739 2132 824 2172 cujus
846 2132 1068 2171 procuracione
1092 2139 1157 2162 acta
1179 2140 1249 2162 sunt
1273 2134 1329 2163 hec

426 2194 486 2223 que
500 2189 656 2212 secuntur.

466 2232 500 2261 In
522 2231 631 2270 primis
654 2230 770 2269 potavit
793 2230 880 2259 nacio
903 2229 1073 2269 Anglicana
1097 2231 1146 2259 die
1172 2220 1345 2270 predicta,⁴

425 2280 570 2310 videlicet
584 2279 675 2308 VIIla
687 2279 801 2308 mensis
817 2278 973 2317 Apprifis,
995 2285 1066 2314 etc.,
1085 2281 1170 2318 apud
1190 2291 1329 2319 magnum

429 2330 645 2358 Thuronensem
667 2333 736 2356 ante
760 2338 885 2366 parvum
910 2334 1032 2366 pontem
1054 2328 1091 2356 de
1114 2328 1185 2357 vino
1204 2329 1329 2358 diverso

426 2377 512 2413 satis,
523 2378 560 2406 de
574 2387 633 2415 qua
647 2376 804 2415 potatione
821 2376 912 2405 solvit
924 2376 1003 2404 idem
1020 2383 1202 2415 procurator
1214 2378 1328 2407 electus

425 2433 485 2455 tam
500 2436 557 2465 pro
573 2425 699 2454 introitu
717 2434 807 2464 quam
828 2425 1038 2463 procuratoria
1053 2425 1065 2454 Ι
1081 2432 1234 2455 mutonem
1250 2427 1326 2455 auri.

467 2474 540 2503 Item
566 2480 708 2513 receptor
734 2472 869 2512 ejusdem
893 2473 1026 2502 nationis
1048 2474 1170 2503 solvitl
1210 2482 1328 2504 scutum

423 2522 574 2551 Johannis
595 2532 663 2551 cum
691 2521 791 2551 XVIII
820 2522 970 2557 denariis,
1001 2529 1087 2552 scuto
1122 2523 1241 2553 valente
1274 2524 1329 2553 XX

426 2571 566 2600 sollidos.

467 2619 540 2648 Item
564 2619 745 2658 inceperunt
768 2619 858 2648 simul
882 2620 939 2648 sub
966 2620 1114 2659 magistro
1135 2620 1263 2650 Alberto
1291 2623 1327 2651 de

426 2667 559 2696 Saxonia
574 2667 754 2697 Waltherus
772 2668 809 2696 de
828 2667 1011 2697 Griembach
1027 2674 1057 2697 et
1074 2668 1272 2699 Burchardus
1291 2671 1328 2699 de

426 2716 606 2755 Rutlingen,
622 2726 752 2755 quorum
767 2717 860 2745 burse
882 2716 977 2745 nichil
994 2717 1030 2745 ad
1053 2727 1195 2756 presens,
1210 2725 1240 2747 et
1253 2729 1328 2758 sup-

425 2763 615 2802 plicaverunt
628 2771 657 2793 et
671 2765 843 2794 hssbuerunt
857 2766 989 2805 graciam
1000 2766 1031 2795 in
1044 2766 1183 2802 nacione,
1196 2774 1287 2806 prout
1298 2768 1329 2797 in

458 2873 479 2896 1.
514 2875 582 2896 Inter
597 2874 686 2898 lineas.

458 2908 481 2932 2.
515 2909 643 2940 8April1‘s.

1389 667 1406 694 5

1370 912 1405 937 10

1369 1156 1403 1182 15

1367 1401 1402 1427 20

1367 1645 1400 1671 25

1367 1890 1400 1916 30

1366 2135 1400 2160 35

1366 2380 1400 2406 40

1365 2623 1399 2649 45

1443 470 1622 509 precedenti
1635 470 1850 509 procuratoria
1864 470 2050 507 continetur,
2070 471 2102 501 111
2119 481 2180 512 qua
2194 472 2256 512 ipsi
2268 471 2353 513 jura-

1442 524 1554 548 verunt
1567 528 1625 558 pro
1643 518 1830 557 inceptione.

1484 566 1559 595 Item
1575 566 1762 606 supplicavit
1776 567 1920 597 dominus
1935 567 2146 598 Theodericus
2154 569 2193 598 de
2201 568 2352 598 Hokelem

1443 625 1501 654 pro
1517 615 1702 645 remissione
1721 616 1884 646 bursarum
1904 626 1962 656 pro
1983 616 2122 653 licentia,
2145 623 2175 647 et
2197 618 2353 648 concessit

1441 674 1541 693 nacio.

1482 712 1523 742 Et
1538 713 1713 743 licentiatus
1726 713 1783 743 fuit
1800 714 1882 743 idem
1901 714 2045 744 dominus
2065 714 2278 745 Theodericus
2293 715 2352 746 sub

1442 761 1591 801 magistro
1608 762 1745 792 Henrico
1765 763 1803 792 de
1821 763 1971 803 Kempen,
1995 770 2026 793 et
2048 762 2114 803 ejus
2129 764 2224 794 burse
2242 764 2350 794 nichil.

1482 810 1558 839 Item
1578 810 1677 840 XXVI
1700 811 1750 840 die
1766 811 1858 841 istius
1875 812 2009 848 mensis,
2029 812 2175 843 videlicet
2192 812 2351 853 Apprilis,

1441 860 1689 899 congregacione
1705 861 1783 890 facta
1801 861 1941 891 nacionis
1958 861 1997 890 ad
2017 861 2255 902 supplicandum
2271 863 2352 902 apud

1443 908 1587 938 Sanctum
1613 909 1801 938 Maturinum
1820 916 1850 939 et
1873 910 1911 939 ad
1931 910 2136 940 ordinandum
2158 911 2197 940 de
2220 911 2353 951 pecunia

1440 957 1581 987 nacionis
1601 964 1631 987 et
1646 959 1683 987 de
1703 958 1762 988 ista
1780 959 1980 988 ordinacione
1997 969 2052 989 seu
2066 959 2351 999 supplicacionibus

1440 1006 1529 1046 prius
1548 1007 1621 1036 bina
1643 1007 1711 1036 vice
1736 1008 1858 1037 fuerunt
1881 1008 2141 1048 congregationes
2166 1009 2260 1045 facte3
2296 1009 2353 1038 sed

1440 1061 1571 1095 propter
1590 1056 1773 1095 paucitatem
1801 1057 2020 1097 magistrorum
2043 1057 2234 1097 presentium
2259 1057 2352 1088 dilate

1441 1111 1528 1133 erant
1541 1105 1761 1134 concessiones
1778 1116 1878 1145 usque
1894 1107 1932 1135 ad
1947 1106 2037 1135 istam
2052 1106 2133 1136 diem
2144 1129 2151 1142 ,
2171 1113 2202 1136 et
2219 1106 2352 1136 finaliter

1440 1154 1618 1183 conclusum
1648 1161 1714 1184 erat
1739 1155 2003 1194 supplicantibus,
2032 1155 2176 1185 videlicet
2201 1156 2352 1195 magistro

1439 1202 1632 1232 Theoderico
1641 1204 1679 1232 de
1688 1203 1789 1239 Unna,
1800 1204 1925 1233 domino
1934 1203 2126 1234 Theoderico
2140 1205 2178 1234 de
2187 1204 2350 1240 Hokelem,

1439 1252 1565 1281 domino
1579 1252 1715 1282 Arnaldo
1732 1252 1840 1288 Ghier,
1859 1253 1984 1282 domino
2000 1252 2137 1282 Henrico
2155 1253 2193 1282 de
2211 1252 2353 1283 Wesalia

1439 1301 1470 1329 in
1485 1300 1566 1330 hunc
1584 1302 1708 1330 modum
1726 1300 1738 1319 ³
1754 1312 1761 1330 ε

1480 1349 1552 1390 (Fol.
1573 1349 1632 1390 42).
1647 1350 1799 1390 Magistro
1812 1350 2005 1380 Theoderico
2018 1351 2056 1380 de
2065 1350 2157 1380 Unna
2168 1360 2351 1381 concessum

1439 1399 1495 1428 suit
1517 1409 1573 1439 per
1588 1399 1669 1428 hunc
1685 1400 1820 1435 modum,
1841 1400 1926 1439 quod
1939 1399 2103 1429 rehaberet
2117 1399 2230 1429 librum
2247 1409 2348 1435 suum,

1439 1458 1529 1487 quem
1561 1448 1684 1477 nacioni
1718 1449 1911 1488 obligaverat
1945 1448 2064 1478 ratione
2099 1449 2264 1478 bursarum
2295 1458 2350 1478 sue

1439 1497 1723 1532 determinacionis‚
1741 1503 1771 1526 et
1785 1497 1929 1536 promisit
1943 1497 2074 1536 prestito
2081 1495 2256 1536 juramento
2266 1497 2350 1536 quod

1439 1545 1574 1574 solveret
1591 1545 1761 1584 predictam
1774 1545 1935 1585 pecuniam
1949 1545 2085 1581 nacioni,
2097 1546 2135 1574 de
2150 1555 2211 1584 qua
2218 1545 2351 1585 pecunia

1438 1594 1471 1623 in
1491 1594 1560 1624 aliis
1588 1594 1811 1634 procuratoriis
1839 1594 1959 1624 mencio
1986 1595 2064 1623 facta
2085 1600 2143 1629 est,
2174 1604 2264 1633 quam
2288 1594 2350 1624 cito

1439 1644 1524 1673 Deus
1548 1643 1608 1672 sibi
1633 1644 1764 1683 gratiam
1787 1644 1876 1673 daret
1902 1643 1952 1673 vel
1975 1643 2075 1682 ipsam
2101 1653 2159 1682 per
2185 1653 2219 1672 se
2242 1642 2350 1682 requi-

1438 1699 1531 1722 reret.

1479 1742 1612 1771 Domino
1621 1741 1796 1770 Theodrico
1804 1742 1842 1770 de
1851 1741 2003 1770 Hokelem
2011 1740 2131 1770 remisit
2141 1741 2229 1770 nacio
2237 1741 2349 1770 bursas

1437 1801 1496 1830 pro
1525 1790 1722 1830 incepcione;
1750 1790 1896 1829 promisit
1922 1796 2023 1819 tamen
2045 1790 2126 1819 idem
2151 1790 2234 1829 quod
2257 1789 2351 1819 vellet

1437 1840 1614 1869 memoriam
1625 1839 1738 1868 habere
1747 1840 1786 1868 ad
1793 1839 2026 1868 retributionem
2036 1838 2205 1868 faciendam
2213 1838 2347 1874 nacioni,

1438 1889 1465 1918 si
1480 1889 1566 1918 locus
1584 1899 1617 1918 se
1633 1888 1768 1924 offerret,
1783 1888 1868 1927 quod
1879 1889 1917 1917 ab
1930 1888 2037 1917 amicis
2050 1887 2115 1917 suis
2130 1887 2179 1917 vel
2189 1887 2349 1917 laboribus

1437 1938 1551 1967 lucrari
1564 1943 1681 1966 tantum
1697 1943 1817 1976 posset.

1479 1987 1612 2016 Domino
1635 1986 1775 2016 Arnoldo
1794 1985 1891 2015 Ghier
1906 1986 2063 2015 concessit
2079 1985 2167 2015 nacio
2190 1985 2349 2025 supplica-

1438 2037 1557 2065 cionem
1575 2045 1632 2074 per
1653 2035 1735 2064 hunc
1752 2036 1887 2070 modum,
1910 2035 1993 2074 quod
2012 2044 2070 2074 pro
2090 2034 2195 2063 bursis
2213 2040 2273 2063 tam
2291 2043 2349 2073 pro

1437 2085 1561 2114 licentia
1587 2094 1677 2124 quam
1700 2083 1881 2123 incepcione
1903 2084 2002 2113 solvet
2023 2083 2067 2112 ΙΙΙ
2091 2089 2178 2112 scuta
2197 2082 2348 2112 Johannis

1437 2135 1516 2163 infra
1531 2134 1609 2162 duos
1630 2143 1727 2162 annos
1745 2143 1762 2161 a
1777 2133 1826 2161 die
1845 2138 1990 2172 presente
2011 2132 2098 2171 prius
2118 2131 2289 2167 nominata,
2310 2132 2348 2160 de

1437 2194 1498 2222 quo
1512 2193 1544 2212 se
1558 2181 1708 2221 obligavit
1724 2182 1781 2211 sub
1794 2182 1891 2210 forma
1905 2180 2036 2221 perjurii
2053 2187 2083 2210 et
2097 2180 2216 2210 literam
2232 2180 2269 2209 de
2290 2180 2348 2209 hoc

1437 2231 1558 2261 nacioni
1586 2241 1640 2260 seu
1659 2230 1826 2270 receptori,
1846 2230 1991 2259 videlicet
2014 2229 2162 2269 magistro
2185 2228 2347 2263 Themoni‚

1437 2282 1510 2310 dare
1523 2280 1667 2319 promisit
1674 2291 1681 2314 ;
1700 2279 1814 2308 rectori
1834 2288 1909 2308 vero
1923 2279 1961 2308 de
1978 2278 2158 2317 incepcione
2174 2283 2204 2307 et
2217 2277 2348 2307 bedellis

1437 2331 1475 2359 de
1491 2335 1595 2368 parata
1609 2328 1740 2368 pecunia
1754 2328 1931 2357 satisfacere
1944 2327 2097 2366 promisit.

1477 2379 1592 2407 Eadem
1620 2377 1744 2417 penitus
1781 2377 1878 2405 forma
1914 2376 2071 2405 concessit
2103 2375 2190 2404 nacio
2222 2375 2348 2404 domino

1438 2427 1574 2456 Henrico
1599 2427 1636 2455 de
1658 2425 1813 2462 Wesalia,
1837 2425 1920 2464 quod
1936 2424 2081 2454 videlicet
2101 2434 2159 2463 pro
2179 2424 2302 2453 licentia
2319 2430 2349 2453 et

1437 2476 1612 2515 inceptione
1644 2474 1799 2514 obligatus
1831 2481 1879 2503 est
1916 2473 2039 2502 nacioni
2074 2472 2107 2501 in
2141 2472 2185 2501 111
2221 2472 2373 2504 florenis.

1436 2524 1510 2553 boni
1530 2524 1678 2563 ponderis
1697 2524 1735 2552 de
1749 2522 1911 2552 Florencia
1926 2521 1975 2551 vel
1996 2521 2258 2561 equipollentibus
2273 2531 2348 2560 per-

1438 2573 1596 2602 soluturus
1612 2572 1691 2601 infra
1708 2573 1786 2601 duos
1804 2581 1917 2606 annos,
1937 2577 1968 2599 et
1984 2571 2021 2599 de
2043 2570 2100 2599 hoc
2119 2570 2261 2599 similiter
2277 2569 2348 2599 lite-

1436 2632 1499 2651 ram
1513 2622 1569 2651 sub
1578 2631 1657 2660 pena
1666 2619 1794 2660 perjurii
1806 2621 1879 2649 dare
1891 2619 2012 2648 nacioni
2024 2619 2176 2658 promisit,
2192 2624 2222 2647 et
2234 2618 2348 2648 rectori

1436 2672 1474 2700 de
1493 2680 1548 2700 sua
1565 2671 1660 2699 bursa
1682 2675 1711 2698 et
1731 2668 1861 2698 bedellis
1884 2669 1921 2697 de
1943 2677 2049 2697 eorum
2068 2674 2155 2707 parte
2171 2667 2348 2696 satisfacere

1437 2720 1474 2748 de
1492 2725 1597 2758 parata
1612 2718 1740 2758 pecunia
1755 2717 1909 2756 promisit.

1478 2768 1552 2798 Item
1579 2767 1759 2796 licenciatus
1786 2766 1843 2795 fuit
1867 2765 2009 2794 dominus
2033 2764 2187 2794 Henricus
2209 2764 2288 2804 Lupi
2309 2765 2348 2793 de

1470 2878 1491 2901 3.
1526 2879 1555 2901 In
1568 2877 1683 2910 margine
1698 2876 1816 2908 inferiori
1827 2876 1915 2909 agitur
1930 2876 1962 2899 de
1975 2875 2015 2899 hie
2029 2875 2119 2904 tribus,
2133 2875 2179 2899 sed
2196 2877 2346 2899 charactere

1435 2913 1536 2946 penitus
1547 2912 1665 2936 evanida.

2621 750 2632 915 »ψ-μικᾹ-ιψ-
2624 718 2626 722 -
2625 704 2627 707 >
2620 686 2624 691 ·
