<?xml version="1.0" encoding="UTF-8"?>
<!DOCTYPE html PUBLIC "-//W3C//DTD XHTML 1.0 Transitional//EN"
    "http://www.w3.org/TR/xhtml1/DTD/xhtml1-transitional.dtd">
<html xmlns="http://www.w3.org/1999/xhtml" xml:lang="en" lang="en">
 <head>
  <title>
</title>
<meta http-equiv="Content-Type" content="text/html;charset=utf-8" />
  <meta name='ocr-system' content='tesseract 3.04.00' />
  <meta name='ocr-capabilities' content='ocr_page ocr_carea ocr_par ocr_line ocrx_word'/>
</head>
<body>
  <div class='ocr_page' id='page_1' title='image "auctariumchartul01univuoft_0431.png"; bbox 0 0 2632 3464; ppageno 0'>
   <div class='ocr_carea' id='block_1_1' title="bbox 0 0 660 442">
    <p class='ocr_par' dir='ltr' id='par_1_1' title="bbox 0 0 660 442">
     <span class='ocr_line' id='line_1_1' title="bbox 0 0 660 442; baseline 0 3022"><span class='ocrx_word' id='word_1_1' title='bbox 0 0 660 442; x_wconf 95' lang='lat' dir='ltr'> </span> 
     </span>
    </p>
   </div>
   <div class='ocr_carea' id='block_1_2' title="bbox 313 446 2242 479">
    <p class='ocr_par' dir='ltr' id='par_1_2' title="bbox 313 446 2242 479">
     <span class='ocr_line' id='line_1_2' title="bbox 313 446 2242 479; baseline 0.001 -1"><span class='ocrx_word' id='word_1_2' title='bbox 313 451 372 478; x_wconf 70' lang='lat'>685</span> <span class='ocrx_word' id='word_1_3' title='bbox 821 448 935 475; x_wconf 84' lang='lat' dir='ltr'>LIBER</span> <span class='ocrx_word' id='word_1_4' title='bbox 960 446 1273 474; x_wconf 80' lang='lat' dir='ltr'>PROCURATORUM</span> <span class='ocrx_word' id='word_1_5' title='bbox 1297 447 1477 474; x_wconf 80' lang='lat' dir='ltr'>NATIONIS</span> <span class='ocrx_word' id='word_1_6' title='bbox 1498 449 1742 475; x_wconf 82' lang='lat' dir='ltr'>ANGLICANAE</span> <span class='ocrx_word' id='word_1_7' title='bbox 2188 452 2242 479; x_wconf 79' lang='lat'>686</span> 
     </span>
    </p>
   </div>
   <div class='ocr_carea' id='block_1_3' title="bbox 314 522 1228 1254">
    <p class='ocr_par' dir='ltr' id='par_1_3' title="bbox 314 522 1228 1254">
     <span class='ocr_line' id='line_1_3' title="bbox 320 522 1226 566; baseline -0.007 -9"><span class='ocrx_word' id='word_1_8' title='bbox 320 527 506 558; x_wconf 81' lang='lat' dir='ltr'>Novembris</span> <span class='ocrx_word' id='word_1_9' title='bbox 520 525 657 566; x_wconf 89' lang='lat' dir='ltr'>ejusdem</span> <span class='ocrx_word' id='word_1_10' title='bbox 677 525 749 555; x_wconf 90' lang='lat' dir='ltr'>anni</span> <span class='ocrx_word' id='word_1_11' title='bbox 763 534 859 564; x_wconf 88' lang='lat' dir='ltr'>super</span> <span class='ocrx_word' id='word_1_12' title='bbox 872 524 973 553; x_wconf 88' lang='lat' dir='ltr'>tribus</span> <span class='ocrx_word' id='word_1_13' title='bbox 988 523 1138 553; x_wconf 76' lang='lat' dir='ltr'>articulis.</span> <span class='ocrx_word' id='word_1_14' title='bbox 1158 522 1226 552; x_wconf 85' lang='lat' dir='ltr'>Pri-</span> 
     </span>
     <span class='ocr_line' id='line_1_4' title="bbox 320 572 1226 612; baseline -0.007 -6"><span class='ocrx_word' id='word_1_15' title='bbox 320 586 389 606; x_wconf 89' lang='lat' dir='ltr'>mus</span> <span class='ocrx_word' id='word_1_16' title='bbox 407 577 447 606; x_wconf 89' lang='lat' dir='ltr'>ad</span> <span class='ocrx_word' id='word_1_17' title='bbox 471 575 676 606; x_wconf 89' lang='lat' dir='ltr'>ordinandum</span> <span class='ocrx_word' id='word_1_18' title='bbox 695 575 734 604; x_wconf 88' lang='lat' dir='ltr'>de</span> <span class='ocrx_word' id='word_1_19' title='bbox 758 573 853 603; x_wconf 87' lang='lat' dir='ltr'>scolis</span> <span class='ocrx_word' id='word_1_20' title='bbox 878 572 1093 612; x_wconf 87' lang='lat' dir='ltr'>superioribus</span> <span class='ocrx_word' id='word_1_21' title='bbox 1113 580 1226 611; x_wconf 76' lang='lat' dir='ltr'>septem</span> 
     </span>
     <span class='ocr_line' id='line_1_5' title="bbox 318 621 1227 654; baseline -0.006 1"><span class='ocrx_word' id='word_1_22' title='bbox 318 627 447 654; x_wconf 77' lang='lat' dir='ltr'>arcium.</span> <span class='ocrx_word' id='word_1_23' title='bbox 473 625 519 654; x_wconf 73' lang='lat'>2¹¹·</span> <span class='ocrx_word' id='word_1_24' title='bbox 535 624 574 654; x_wconf 83' lang='lat' dir='ltr'>ad</span> <span class='ocrx_word' id='word_1_25' title='bbox 591 623 795 653; x_wconf 87' lang='lat' dir='ltr'>ordinandum</span> <span class='ocrx_word' id='word_1_26' title='bbox 815 623 854 652; x_wconf 82' lang='lat' dir='ltr'>de</span> <span class='ocrx_word' id='word_1_27' title='bbox 875 623 954 652; x_wconf 84' lang='lat' dir='ltr'>sesto</span> <span class='ocrx_word' id='word_1_28' title='bbox 969 628 1000 651; x_wconf 91' lang='lat' dir='ltr'>et</span> <span class='ocrx_word' id='word_1_29' title='bbox 1018 622 1056 651; x_wconf 88' lang='lat' dir='ltr'>de</span> <span class='ocrx_word' id='word_1_30' title='bbox 1075 621 1227 651; x_wconf 90' lang='lat' dir='ltr'>debitori-</span> 
     </span>
     <span class='ocr_line' id='line_1_6' title="bbox 320 669 1224 712; baseline -0.003 -8"><span class='ocrx_word' id='word_1_31' title='bbox 320 675 380 704; x_wconf 87' lang='lat' dir='ltr'>bus</span> <span class='ocrx_word' id='word_1_32' title='bbox 394 673 546 704; x_wconf 74' lang='lat' dir='ltr'><strong>nacionis.</strong></span> <span class='ocrx_word' id='word_1_33' title='bbox 563 674 611 703; x_wconf 68' lang='lat'>3⁰</span> <span class='ocrx_word' id='word_1_34' title='bbox 628 681 723 712; x_wconf 88' lang='lat' dir='ltr'>super</span> <span class='ocrx_word' id='word_1_35' title='bbox 742 671 1027 711; x_wconf 82' lang='lat' dir='ltr'>supplicacionibus</span> <span class='ocrx_word' id='word_1_36' title='bbox 1042 677 1072 700; x_wconf 90' lang='lat' dir='ltr'>et</span> <span class='ocrx_word' id='word_1_37' title='bbox 1091 669 1224 710; x_wconf 89' lang='lat' dir='ltr'>injuriis.</span> 
     </span>
     <span class='ocr_line' id='line_1_7' title="bbox 321 720 1228 763; baseline -0.007 -9"><span class='ocrx_word' id='word_1_38' title='bbox 321 723 368 754; x_wconf 90' lang='lat' dir='ltr'>De</span> <span class='ocrx_word' id='word_1_39' title='bbox 389 723 491 763; x_wconf 90' lang='lat' dir='ltr'>primo</span> <span class='ocrx_word' id='word_1_40' title='bbox 512 722 642 752; x_wconf 84' lang='lat' dir='ltr'>articulo</span> <span class='ocrx_word' id='word_1_41' title='bbox 665 720 867 751; x_wconf 87' lang='lat' dir='ltr'>deliberatum</span> <span class='ocrx_word' id='word_1_42' title='bbox 885 720 942 750; x_wconf 87' lang='lat' dir='ltr'>suit</span> <span class='ocrx_word' id='word_1_43' title='bbox 963 720 1048 760; x_wconf 91' lang='lat' dir='ltr'>quod</span> <span class='ocrx_word' id='word_1_44' title='bbox 1071 720 1228 749; x_wconf 82' lang='lat' dir='ltr'>diceretur</span> 
     </span>
     <span class='ocr_line' id='line_1_8' title="bbox 320 769 1226 811; baseline -0.004 -9"><span class='ocrx_word' id='word_1_45' title='bbox 320 772 352 802; x_wconf 91' lang='lat' dir='ltr'>in</span> <span class='ocrx_word' id='word_1_46' title='bbox 378 771 519 802; x_wconf 77' lang='lat' dir='ltr'><strong>facultate</strong></span> <span class='ocrx_word' id='word_1_47' title='bbox 543 771 699 811; x_wconf 89' lang='lat' dir='ltr'>quomodo</span> <span class='ocrx_word' id='word_1_48' title='bbox 722 769 811 799; x_wconf 81' lang='lat' dir='ltr'>nscio</span> <span class='ocrx_word' id='word_1_49' title='bbox 834 769 976 799; x_wconf 88' lang='lat' dir='ltr'>Picardie</span> <span class='ocrx_word' id='word_1_50' title='bbox 993 769 1160 809; x_wconf 83' lang='lat' dir='ltr'>processit,</span> <span class='ocrx_word' id='word_1_51' title='bbox 1187 769 1226 798; x_wconf 92' lang='lat' dir='ltr'>de</span> 
     </span>
     <span class='ocr_line' id='line_1_9' title="bbox 319 818 1227 862; baseline -0.006 -11"><span class='ocrx_word' id='word_1_52' title='bbox 319 831 382 862; x_wconf 90' lang='lat' dir='ltr'>quo</span> <span class='ocrx_word' id='word_1_53' title='bbox 398 821 430 850; x_wconf 91' lang='lat' dir='ltr'>in</span> <span class='ocrx_word' id='word_1_54' title='bbox 442 819 689 860; x_wconf 74' lang='lat' dir='ltr'>congregacione</span> <span class='ocrx_word' id='word_1_55' title='bbox 702 818 882 859; x_wconf 79' lang='lat' dir='ltr'>precedenti</span> <span class='ocrx_word' id='word_1_56' title='bbox 900 818 1085 853; x_wconf 83' lang='lat' dir='ltr'>immediate,</span> <span class='ocrx_word' id='word_1_57' title='bbox 1101 824 1132 847; x_wconf 91' lang='lat' dir='ltr'>et</span> <span class='ocrx_word' id='word_1_58' title='bbox 1143 818 1227 858; x_wconf 92' lang='lat' dir='ltr'>quod</span> 
     </span>
     <span class='ocr_line' id='line_1_10' title="bbox 319 867 1228 910; baseline -0.006 -9"><span class='ocrx_word' id='word_1_59' title='bbox 319 877 496 910; x_wconf 82' lang='lat' dir='ltr'><strong>peteremus</strong></span> <span class='ocrx_word' id='word_1_60' title='bbox 507 868 671 900; x_wconf 89' lang='lat' dir='ltr'>consilium</span> <span class='ocrx_word' id='word_1_61' title='bbox 683 878 701 898; x_wconf 91' lang='lat' dir='ltr'>a</span> <span class='ocrx_word' id='word_1_62' title='bbox 716 868 866 903; x_wconf 71' lang='lat' dir='ltr'>facultate,</span> <span class='ocrx_word' id='word_1_63' title='bbox 883 869 1038 907; x_wconf 84' lang='lat' dir='ltr'>quomodo</span> <span class='ocrx_word' id='word_1_64' title='bbox 1053 867 1228 907; x_wconf 86' lang='lat' dir='ltr'>proceden-</span> 
     </span>
     <span class='ocr_line' id='line_1_11' title="bbox 319 916 1228 958; baseline -0.004 -9"><span class='ocrx_word' id='word_1_65' title='bbox 319 920 392 949; x_wconf 90' lang='lat' dir='ltr'>dum</span> <span class='ocrx_word' id='word_1_66' title='bbox 414 925 499 949; x_wconf 84' lang='lat' dir='ltr'>esset</span> <span class='ocrx_word' id='word_1_67' title='bbox 517 925 548 948; x_wconf 87' lang='lat' dir='ltr'>et</span> <span class='ocrx_word' id='word_1_68' title='bbox 569 918 653 958; x_wconf 89' lang='lat' dir='ltr'>quod</span> <span class='ocrx_word' id='word_1_69' title='bbox 672 917 879 947; x_wconf 87' lang='lat' dir='ltr'>sentenciaret</span> <span class='ocrx_word' id='word_1_70' title='bbox 899 917 931 946; x_wconf 90' lang='lat' dir='ltr'>in</span> <span class='ocrx_word' id='word_1_71' title='bbox 954 918 1042 946; x_wconf 84' lang='lat' dir='ltr'>sacto.</span> <span class='ocrx_word' id='word_1_72' title='bbox 1071 916 1172 956; x_wconf 86' lang='lat' dir='ltr'>Super</span> <span class='ocrx_word' id='word_1_73' title='bbox 1196 917 1228 946; x_wconf 84' lang='lat'>2⁰</span> 
     </span>
     <span class='ocr_line' id='line_1_12' title="bbox 314 965 1227 1006; baseline -0.004 -8"><span class='ocrx_word' id='word_1_74' title='bbox 314 968 451 998; x_wconf 71' lang='lat' dir='ltr'>articulo</span> <span class='ocrx_word' id='word_1_75' title='bbox 472 967 587 997; x_wconf 87' lang='lat' dir='ltr'>dictum</span> <span class='ocrx_word' id='word_1_76' title='bbox 608 967 665 997; x_wconf 84' lang='lat' dir='ltr'>suit</span> <span class='ocrx_word' id='word_1_77' title='bbox 679 967 763 1006; x_wconf 88' lang='lat' dir='ltr'>quod</span> <span class='ocrx_word' id='word_1_78' title='bbox 782 966 919 1006; x_wconf 89' lang='lat' dir='ltr'>placeret</span> <span class='ocrx_word' id='word_1_79' title='bbox 935 966 1048 995; x_wconf 87' lang='lat' dir='ltr'>habere</span> <span class='ocrx_word' id='word_1_80' title='bbox 1064 966 1173 995; x_wconf 82' lang='lat' dir='ltr'>festum</span> <span class='ocrx_word' id='word_1_81' title='bbox 1195 965 1227 994; x_wconf 91' lang='lat' dir='ltr'>in</span> 
     </span>
     <span class='ocr_line' id='line_1_13' title="bbox 314 1015 1228 1056; baseline -0.004 -8"><span class='ocrx_word' id='word_1_82' title='bbox 314 1018 370 1048; x_wconf 75' lang='lat' dir='ltr'>die</span> <span class='ocrx_word' id='word_1_83' title='bbox 386 1017 468 1047; x_wconf 86' lang='lat' dir='ltr'>beati</span> <span class='ocrx_word' id='word_1_84' title='bbox 483 1016 656 1046; x_wconf 88' lang='lat' dir='ltr'>Eadmundi</span> <span class='ocrx_word' id='word_1_85' title='bbox 673 1015 820 1056; x_wconf 80' lang='lat' dir='ltr'>expensis</span> <span class='ocrx_word' id='word_1_86' title='bbox 838 1015 988 1050; x_wconf 84' lang='lat' dir='ltr'>nacionis,</span> <span class='ocrx_word' id='word_1_87' title='bbox 1005 1021 1035 1045; x_wconf 87' lang='lat' dir='ltr'>et</span> <span class='ocrx_word' id='word_1_88' title='bbox 1048 1015 1132 1054; x_wconf 90' lang='lat' dir='ltr'>quod</span> <span class='ocrx_word' id='word_1_89' title='bbox 1146 1021 1228 1044; x_wconf 87' lang='lat' dir='ltr'>arta-</span> 
     </span>
     <span class='ocr_line' id='line_1_14' title="bbox 319 1063 1228 1116; baseline -0.004 -19"><span class='ocrx_word' id='word_1_90' title='bbox 319 1066 600 1116; x_wconf 51' lang='lat' dir='ltr'>rentur‘debitores</span> <span class='ocrx_word' id='word_1_91' title='bbox 615 1065 766 1100; x_wconf 82' lang='lat' dir='ltr'>nacionis,</span> <span class='ocrx_word' id='word_1_92' title='bbox 783 1064 903 1094; x_wconf 86' lang='lat' dir='ltr'>scilicet</span> <span class='ocrx_word' id='word_1_93' title='bbox 923 1064 1063 1104; x_wconf 81' lang='lat' dir='ltr'>magistri</span> <span class='ocrx_word' id='word_1_94' title='bbox 1080 1070 1111 1094; x_wconf 88' lang='lat' dir='ltr'>et</span> <span class='ocrx_word' id='word_1_95' title='bbox 1127 1063 1228 1094; x_wconf 87' lang='lat' dir='ltr'>scola-</span> 
     </span>
     <span class='ocr_line' id='line_1_15' title="bbox 318 1113 1228 1155; baseline -0.004 -9"><span class='ocrx_word' id='word_1_96' title='bbox 318 1125 372 1146; x_wconf 88' lang='lat' dir='ltr'>res</span> <span class='ocrx_word' id='word_1_97' title='bbox 385 1121 549 1155; x_wconf 84' lang='lat' dir='ltr'>presentes</span> <span class='ocrx_word' id='word_1_98' title='bbox 560 1115 738 1144; x_wconf 79' lang='lat' dir='ltr'>satisfacere</span> <span class='ocrx_word' id='word_1_99' title='bbox 752 1119 822 1143; x_wconf 89' lang='lat' dir='ltr'>ante</span> <span class='ocrx_word' id='word_1_100' title='bbox 838 1115 948 1144; x_wconf 77' lang='lat' dir='ltr'>festum</span> <span class='ocrx_word' id='word_1_101' title='bbox 960 1114 1041 1143; x_wconf 85' lang='lat' dir='ltr'>beati</span> <span class='ocrx_word' id='word_1_102' title='bbox 1055 1113 1228 1143; x_wconf 89' lang='lat' dir='ltr'>Eadmundi</span> 
     </span>
     <span class='ocr_line' id='line_1_16' title="bbox 316 1162 1228 1204; baseline -0.003 -9"><span class='ocrx_word' id='word_1_103' title='bbox 316 1165 379 1195; x_wconf 84' lang='lat' dir='ltr'>sub</span> <span class='ocrx_word' id='word_1_104' title='bbox 400 1174 481 1204; x_wconf 92' lang='lat' dir='ltr'>pena</span> <span class='ocrx_word' id='word_1_105' title='bbox 502 1163 692 1204; x_wconf 85' lang='lat' dir='ltr'>privacionis</span> <span class='ocrx_word' id='word_1_106' title='bbox 714 1163 816 1193; x_wconf 83' lang='lat' dir='ltr'>omnis</span> <span class='ocrx_word' id='word_1_107' title='bbox 844 1163 996 1193; x_wconf 90' lang='lat' dir='ltr'>commodi</span> <span class='ocrx_word' id='word_1_108' title='bbox 1026 1162 1161 1202; x_wconf 87' lang='lat' dir='ltr'>potentis</span> <span class='ocrx_word' id='word_1_109' title='bbox 1182 1162 1228 1192; x_wconf 88' lang='lat' dir='ltr'>eis</span> 
     </span>
     <span class='ocr_line' id='line_1_17' title="bbox 318 1211 1035 1254; baseline -0.003 -11"><span class='ocrx_word' id='word_1_110' title='bbox 318 1213 486 1254; x_wconf 82' lang='lat' dir='ltr'>provenire</span> <span class='ocrx_word' id='word_1_111' title='bbox 502 1223 540 1242; x_wconf 86' lang='lat' dir='ltr'>ex</span> <span class='ocrx_word' id='word_1_112' title='bbox 553 1219 639 1253; x_wconf 85' lang='lat' dir='ltr'>parte</span> <span class='ocrx_word' id='word_1_113' title='bbox 653 1212 805 1242; x_wconf 84' lang='lat' dir='ltr'>nacionis.</span> <span class='ocrx_word' id='word_1_114' title='bbox 823 1213 869 1242; x_wconf 89' lang='lat' dir='ltr'>De</span> <span class='ocrx_word' id='word_1_115' title='bbox 886 1213 918 1242; x_wconf 85' lang='lat'>3⁰</span> <span class='ocrx_word' id='word_1_116' title='bbox 930 1211 1035 1242; x_wconf 87' lang='lat' dir='ltr'>nichil.</span> 
     </span>
    </p>
   </div>
   <div class='ocr_carea' id='block_1_4' title="bbox 728 1305 825 1336">
    <p class='ocr_par' dir='ltr' id='par_1_4' title="bbox 728 1305 825 1336">
     <span class='ocr_line' id='line_1_18' title="bbox 728 1305 825 1336; baseline -0.01 0"><span class='ocrx_word' id='word_1_117' title='bbox 728 1305 825 1336; x_wconf 81' lang='grc'>1393</span> 
     </span>
    </p>
   </div>
   <div class='ocr_carea' id='block_1_5' title="bbox 312 1376 1228 1419">
    <p class='ocr_par' dir='ltr' id='par_1_5' title="bbox 312 1376 1228 1419">
     <span class='ocr_line' id='line_1_19' title="bbox 312 1376 1228 1419; baseline 0 -12"><span class='ocrx_word' id='word_1_118' title='bbox 312 1377 394 1419; x_wconf 73' lang='lat' dir='ltr'>(Fal.</span> <span class='ocrx_word' id='word_1_119' title='bbox 412 1376 475 1417; x_wconf 76' lang='lat'>11¹²)</span> <span class='ocrx_word' id='word_1_120' title='bbox 488 1377 578 1407; x_wconf 89' lang='lat' dir='ltr'>Acta</span> <span class='ocrx_word' id='word_1_121' title='bbox 594 1378 629 1407; x_wconf 91' lang='lat' dir='ltr'>in</span> <span class='ocrx_word' id='word_1_122' title='bbox 643 1377 904 1418; x_wconf 86' lang='lat' dir='ltr'>procuratoria</span> <span class='ocrx_word' id='word_1_123' title='bbox 920 1377 1104 1407; x_wconf 84' lang='lat' dir='ltr'>Johannis</span> <span class='ocrx_word' id='word_1_124' title='bbox 1120 1377 1228 1418; x_wconf 86' lang='lat' dir='ltr'>Gray.</span> 
     </span>
    </p>
   </div>
   <div class='ocr_carea' id='block_1_6' title="bbox 314 1457 1234 1940">
    <p class='ocr_par' dir='ltr' id='par_1_6' title="bbox 314 1457 1234 1940">
     <span class='ocr_line' id='line_1_20' title="bbox 360 1457 1231 1498; baseline -0.003 -8"><span class='ocrx_word' id='word_1_125' title='bbox 360 1460 452 1490; x_wconf 81' lang='lat' dir='ltr'>Anno</span> <span class='ocrx_word' id='word_1_126' title='bbox 468 1458 592 1489; x_wconf 88' lang='lat' dir='ltr'>Domini</span> <span class='ocrx_word' id='word_1_127' title='bbox 606 1464 639 1488; x_wconf 93' lang='lat' dir='ltr'>ut</span> <span class='ocrx_word' id='word_1_128' title='bbox 655 1467 762 1498; x_wconf 84' lang='lat' dir='ltr'>supra,</span> <span class='ocrx_word' id='word_1_129' title='bbox 777 1457 892 1488; x_wconf 85' lang='lat' dir='ltr'>XVlll‘¹</span> <span class='ocrx_word' id='word_1_130' title='bbox 906 1458 956 1488; x_wconf 87' lang='lat' dir='ltr'>die</span> <span class='ocrx_word' id='word_1_131' title='bbox 970 1458 1086 1488; x_wconf 89' lang='lat' dir='ltr'>mensis</span> <span class='ocrx_word' id='word_1_132' title='bbox 1100 1458 1231 1487; x_wconf 90' lang='lat' dir='ltr'>Novem-</span> 
     </span>
     <span class='ocr_line' id='line_1_21' title="bbox 320 1506 1232 1548; baseline -0.003 -9"><span class='ocrx_word' id='word_1_133' title='bbox 320 1509 400 1545; x_wconf 84' lang='lat' dir='ltr'>bris,</span> <span class='ocrx_word' id='word_1_134' title='bbox 411 1509 488 1538; x_wconf 81' lang='lat' dir='ltr'>l&#39;acta</span> <span class='ocrx_word' id='word_1_135' title='bbox 500 1507 746 1548; x_wconf 78' lang='lat' dir='ltr'>congregacione</span> <span class='ocrx_word' id='word_1_136' title='bbox 757 1507 897 1537; x_wconf 86' lang='lat' dir='ltr'>nacionis</span> <span class='ocrx_word' id='word_1_137' title='bbox 905 1506 1019 1547; x_wconf 84' lang='lat' dir='ltr'>Anglie</span> <span class='ocrx_word' id='word_1_138' title='bbox 1031 1507 1108 1536; x_wconf 84' lang='lat' dir='ltr'>hora</span> <span class='ocrx_word' id='word_1_139' title='bbox 1119 1507 1232 1547; x_wconf 86' lang='lat' dir='ltr'>prima-</span> 
     </span>
     <span class='ocr_line' id='line_1_22' title="bbox 318 1556 1232 1596; baseline -0.003 -7"><span class='ocrx_word' id='word_1_140' title='bbox 318 1568 388 1589; x_wconf 86' lang='lat' dir='ltr'>rum</span> <span class='ocrx_word' id='word_1_141' title='bbox 405 1557 455 1588; x_wconf 84' lang='lat' dir='ltr'>vel</span> <span class='ocrx_word' id='word_1_142' title='bbox 471 1557 550 1587; x_wconf 89' lang='lat' dir='ltr'>citra</span> <span class='ocrx_word' id='word_1_143' title='bbox 571 1566 667 1596; x_wconf 88' lang='lat' dir='ltr'>super</span> <span class='ocrx_word' id='word_1_144' title='bbox 680 1557 781 1586; x_wconf 90' lang='lat' dir='ltr'>tribus</span> <span class='ocrx_word' id='word_1_145' title='bbox 802 1556 952 1586; x_wconf 82' lang='lat' dir='ltr'>articulis.</span> <span class='ocrx_word' id='word_1_146' title='bbox 970 1556 1094 1586; x_wconf 88' lang='lat' dir='ltr'>Primus</span> <span class='ocrx_word' id='word_1_147' title='bbox 1112 1563 1178 1586; x_wconf 88' lang='lat' dir='ltr'>erat</span> <span class='ocrx_word' id='word_1_148' title='bbox 1194 1557 1232 1586; x_wconf 91' lang='lat' dir='ltr'>ad</span> 
     </span>
     <span class='ocr_line' id='line_1_23' title="bbox 320 1605 1232 1647; baseline -0.003 -9"><span class='ocrx_word' id='word_1_149' title='bbox 320 1607 498 1647; x_wconf 84' lang='lat' dir='ltr'>eligendum</span> <span class='ocrx_word' id='word_1_150' title='bbox 509 1615 621 1636; x_wconf 87' lang='lat' dir='ltr'>novum</span> <span class='ocrx_word' id='word_1_151' title='bbox 633 1611 864 1645; x_wconf 87' lang='lat' dir='ltr'>procuratorem</span> <span class='ocrx_word' id='word_1_152' title='bbox 878 1605 927 1636; x_wconf 88' lang='lat' dir='ltr'>vei</span> <span class='ocrx_word' id='word_1_153' title='bbox 941 1606 980 1635; x_wconf 91' lang='lat' dir='ltr'>ad</span> <span class='ocrx_word' id='word_1_154' title='bbox 993 1605 1232 1636; x_wconf 90' lang='lat' dir='ltr'>continuandum</span> 
     </span>
     <span class='ocr_line' id='line_1_24' title="bbox 314 1653 1232 1696; baseline -0.003 -9"><span class='ocrx_word' id='word_1_155' title='bbox 314 1656 490 1696; x_wconf 77' lang='lat' dir='ltr'>antiquum.</span> <span class='ocrx_word' id='word_1_156' title='bbox 507 1655 554 1684; x_wconf 76' lang='lat'>2¹·-</span> <span class='ocrx_word' id='word_1_157' title='bbox 564 1661 631 1685; x_wconf 90' lang='lat' dir='ltr'>erat</span> <span class='ocrx_word' id='word_1_158' title='bbox 645 1664 702 1694; x_wconf 90' lang='lat' dir='ltr'>pro</span> <span class='ocrx_word' id='word_1_159' title='bbox 717 1655 795 1684; x_wconf 72' lang='lat' dir='ltr'>facto</span> <span class='ocrx_word' id='word_1_160' title='bbox 806 1653 958 1685; x_wconf 90' lang='lat' dir='ltr'>scolarum</span> <span class='ocrx_word' id='word_1_161' title='bbox 971 1655 1051 1684; x_wconf 90' lang='lat' dir='ltr'>inter</span> <span class='ocrx_word' id='word_1_162' title='bbox 1061 1655 1232 1694; x_wconf 85' lang='lat' dir='ltr'>predictam</span> 
     </span>
     <span class='ocr_line' id='line_1_25' title="bbox 319 1703 1232 1744; baseline -0.001 -9"><span class='ocrx_word' id='word_1_163' title='bbox 319 1705 480 1735; x_wconf 89' lang='lat' dir='ltr'>nacionem</span> <span class='ocrx_word' id='word_1_164' title='bbox 489 1710 520 1734; x_wconf 90' lang='lat' dir='ltr'>et</span> <span class='ocrx_word' id='word_1_165' title='bbox 530 1703 691 1734; x_wconf 90' lang='lat' dir='ltr'>nacionem</span> <span class='ocrx_word' id='word_1_166' title='bbox 701 1703 874 1733; x_wconf 88' lang='lat' dir='ltr'>Piccardie.</span> <span class='ocrx_word' id='word_1_167' title='bbox 882 1704 929 1734; x_wconf 78' lang='lat'><strong>3¹²·</strong></span> <span class='ocrx_word' id='word_1_168' title='bbox 942 1703 998 1734; x_wconf 86' lang='lat' dir='ltr'>fuit</span> <span class='ocrx_word' id='word_1_169' title='bbox 1010 1714 1105 1744; x_wconf 89' lang='lat' dir='ltr'>super</span> <span class='ocrx_word' id='word_1_170' title='bbox 1115 1704 1232 1744; x_wconf 87' lang='lat' dir='ltr'>suppli-</span> 
     </span>
     <span class='ocr_line' id='line_1_26' title="bbox 316 1751 1234 1792; baseline -0.001 -8"><span class='ocrx_word' id='word_1_171' title='bbox 316 1753 499 1784; x_wconf 81' lang='lat' dir='ltr'>cacionibus</span> <span class='ocrx_word' id='word_1_172' title='bbox 523 1759 554 1783; x_wconf 89' lang='lat' dir='ltr'>et</span> <span class='ocrx_word' id='word_1_173' title='bbox 578 1751 712 1792; x_wconf 87' lang='lat' dir='ltr'>injuriis.</span> <span class='ocrx_word' id='word_1_174' title='bbox 735 1753 843 1790; x_wconf 84' lang='lat' dir='ltr'>Quoad</span> <span class='ocrx_word' id='word_1_175' title='bbox 872 1753 1004 1792; x_wconf 90' lang='lat' dir='ltr'>primum</span> <span class='ocrx_word' id='word_1_176' title='bbox 1030 1753 1146 1783; x_wconf 88' lang='lat' dir='ltr'>electus</span> <span class='ocrx_word' id='word_1_177' title='bbox 1178 1753 1234 1783; x_wconf 80' lang='lat' dir='ltr'>suit</span> 
     </span>
     <span class='ocr_line' id='line_1_27' title="bbox 315 1801 1233 1841; baseline -0.002 -8"><span class='ocrx_word' id='word_1_178' title='bbox 315 1802 517 1834; x_wconf 86' lang='lat' dir='ltr'>concorditer</span> <span class='ocrx_word' id='word_1_179' title='bbox 537 1801 696 1832; x_wconf 83' lang='lat' dir='ltr'>Johannes</span> <span class='ocrx_word' id='word_1_180' title='bbox 718 1801 813 1841; x_wconf 84' lang='lat' dir='ltr'>Gray.</span> <span class='ocrx_word' id='word_1_181' title='bbox 837 1801 884 1831; x_wconf 88' lang='lat' dir='ltr'>De</span> <span class='ocrx_word' id='word_1_182' title='bbox 907 1802 1044 1832; x_wconf 89' lang='lat' dir='ltr'>secundo</span> <span class='ocrx_word' id='word_1_183' title='bbox 1063 1802 1159 1831; x_wconf 88' lang='lat' dir='ltr'>nichil</span> <span class='ocrx_word' id='word_1_184' title='bbox 1177 1802 1233 1832; x_wconf 83' lang='lat' dir='ltr'>fuit</span> 
     </span>
     <span class='ocr_line' id='line_1_28' title="bbox 320 1850 1232 1891; baseline -0.001 -9"><span class='ocrx_word' id='word_1_185' title='bbox 320 1852 364 1882; x_wconf 88' lang='lat' dir='ltr'>ibi</span> <span class='ocrx_word' id='word_1_186' title='bbox 376 1851 566 1882; x_wconf 88' lang='lat' dir='ltr'>conclusum.</span> <span class='ocrx_word' id='word_1_187' title='bbox 583 1850 630 1881; x_wconf 87' lang='lat' dir='ltr'>De</span> <span class='ocrx_word' id='word_1_188' title='bbox 644 1851 742 1880; x_wconf 88' lang='lat' dir='ltr'>tercio</span> <span class='ocrx_word' id='word_1_189' title='bbox 754 1850 920 1891; x_wconf 85' lang='lat' dir='ltr'>suplicavit</span> <span class='ocrx_word' id='word_1_190' title='bbox 935 1851 977 1880; x_wconf 91' lang='lat' dir='ltr'>ibi</span> <span class='ocrx_word' id='word_1_191' title='bbox 991 1851 1140 1891; x_wconf 86' lang='lat' dir='ltr'>magister</span> <span class='ocrx_word' id='word_1_192' title='bbox 1151 1851 1232 1881; x_wconf 87' lang='lat' dir='ltr'>Mar-</span> 
     </span>
     <span class='ocr_line' id='line_1_29' title="bbox 320 1899 1031 1940; baseline -0.001 -9"><span class='ocrx_word' id='word_1_193' title='bbox 320 1901 416 1936; x_wconf 84' lang='lat' dir='ltr'>tinus,</span> <span class='ocrx_word' id='word_1_194' title='bbox 430 1899 519 1940; x_wconf 82' lang='lat' dir='ltr'>cujus</span> <span class='ocrx_word' id='word_1_195' title='bbox 533 1899 703 1940; x_wconf 88' lang='lat' dir='ltr'>suplicacio</span> <span class='ocrx_word' id='word_1_196' title='bbox 715 1909 778 1929; x_wconf 89' lang='lat' dir='ltr'>non</span> <span class='ocrx_word' id='word_1_197' title='bbox 796 1899 852 1930; x_wconf 82' lang='lat' dir='ltr'>fuit</span> <span class='ocrx_word' id='word_1_198' title='bbox 871 1909 1031 1930; x_wconf 88' lang='lat' dir='ltr'>concessa.</span> 
     </span>
    </p>
   </div>
   <div class='ocr_carea' id='block_1_7' title="bbox 727 1992 827 2023">
    <p class='ocr_par' dir='ltr' id='par_1_7' title="bbox 727 1992 827 2023">
     <span class='ocr_line' id='line_1_30' title="bbox 727 1992 827 2023; baseline -0.01 0"><span class='ocrx_word' id='word_1_199' title='bbox 727 1992 827 2023; x_wconf 79' lang='lat'>1393</span> 
     </span>
    </p>
   </div>
   <div class='ocr_carea' id='block_1_8' title="bbox 462 2063 1092 2153">
    <p class='ocr_par' dir='ltr' id='par_1_8' title="bbox 462 2063 1092 2153">
     <span class='ocr_line' id='line_1_31' title="bbox 462 2063 1092 2104; baseline 0 -10"><span class='ocrx_word' id='word_1_200' title='bbox 462 2063 553 2094; x_wconf 85' lang='lat' dir='ltr'>Acta</span> <span class='ocrx_word' id='word_1_201' title='bbox 572 2064 608 2094; x_wconf 86' lang='lat' dir='ltr'>in</span> <span class='ocrx_word' id='word_1_202' title='bbox 623 2063 914 2094; x_wconf 87' lang='lat' dir='ltr'>continuacione</span> <span class='ocrx_word' id='word_1_203' title='bbox 928 2064 1092 2104; x_wconf 89' lang='lat' dir='ltr'>predicti</span> 
     </span>
     <span class='ocr_line' id='line_1_32' title="bbox 555 2113 995 2153; baseline 0 -10"><span class='ocrx_word' id='word_1_204' title='bbox 555 2113 740 2143; x_wconf 69' lang='lat' dir='ltr'>«iohannis</span> <span class='ocrx_word' id='word_1_205' title='bbox 759 2113 855 2153; x_wconf 87' lang='lat' dir='ltr'>Gray</span> <span class='ocrx_word' id='word_1_206' title='bbox 877 2113 995 2144; x_wconf 91' lang='lat' dir='ltr'>Scoti.</span> 
     </span>
    </p>
   </div>
   <div class='ocr_carea' id='block_1_9' title="bbox 314 2192 1234 2868">
    <p class='ocr_par' dir='ltr' id='par_1_9' title="bbox 314 2192 1234 2713">
     <span class='ocr_line' id='line_1_33' title="bbox 362 2192 1233 2233; baseline 0.002 -11"><span class='ocrx_word' id='word_1_207' title='bbox 362 2192 455 2223; x_wconf 85' lang='lat' dir='ltr'>Facta</span> <span class='ocrx_word' id='word_1_208' title='bbox 479 2192 727 2233; x_wconf 78' lang='lat' dir='ltr'>congregacione</span> <span class='ocrx_word' id='word_1_209' title='bbox 755 2193 894 2223; x_wconf 84' lang='lat' dir='ltr'>nacionis</span> <span class='ocrx_word' id='word_1_210' title='bbox 920 2193 1033 2233; x_wconf 84' lang='lat' dir='ltr'>Anglie</span> <span class='ocrx_word' id='word_1_211' title='bbox 1059 2193 1090 2222; x_wconf 89' lang='lat' dir='ltr'>in</span> <span class='ocrx_word' id='word_1_212' title='bbox 1119 2193 1233 2224; x_wconf 88' lang='lat' dir='ltr'>Sancto</span> 
     </span>
     <span class='ocr_line' id='line_1_34' title="bbox 314 2241 1230 2282; baseline 0 -10"><span class='ocrx_word' id='word_1_213' title='bbox 314 2242 444 2272; x_wconf 75' lang='lat' dir='ltr'>Juliano</span> <span class='ocrx_word' id='word_1_214' title='bbox 467 2251 548 2271; x_wconf 88' lang='lat' dir='ltr'>anno</span> <span class='ocrx_word' id='word_1_215' title='bbox 573 2241 699 2271; x_wconf 88' lang='lat' dir='ltr'>Domini</span> <span class='ocrx_word' id='word_1_216' title='bbox 720 2241 766 2271; x_wconf 78' lang='grc' dir='ltr'>Μο</span> <span class='ocrx_word' id='word_1_217' title='bbox 794 2247 853 2271; x_wconf 88' lang='lat' dir='ltr'>etc.</span> <span class='ocrx_word' id='word_1_218' title='bbox 878 2242 1100 2282; x_wconf 71' lang='lat' dir='ltr'>nonagesimo*</span> <span class='ocrx_word' id='word_1_219' title='bbox 1127 2243 1230 2278; x_wconf 86' lang='lat' dir='ltr'>tertio,</span> 
     </span>
     <span class='ocr_line' id='line_1_35' title="bbox 321 2284 1233 2331; baseline 0.002 -11"><span class='ocrx_word' id='word_1_220' title='bbox 321 2289 414 2320; x_wconf 70' lang='lat' dir='ltr'>XVI*⁴¹</span> <span class='ocrx_word' id='word_1_221' title='bbox 430 2290 480 2320; x_wconf 88' lang='lat' dir='ltr'>die</span> <span class='ocrx_word' id='word_1_222' title='bbox 496 2284 694 2323; x_wconf 60' lang='lat' dir='ltr'>Decembris.</span> <span class='ocrx_word' id='word_1_223' title='bbox 707 2290 783 2320; x_wconf 89' lang='lat' dir='ltr'>hora</span> <span class='ocrx_word' id='word_1_224' title='bbox 798 2290 968 2331; x_wconf 90' lang='lat' dir='ltr'>primarum</span> <span class='ocrx_word' id='word_1_225' title='bbox 982 2290 1031 2320; x_wconf 88' lang='lat' dir='ltr'>vel</span> <span class='ocrx_word' id='word_1_226' title='bbox 1046 2291 1123 2321; x_wconf 87' lang='lat' dir='ltr'>citra</span> <span class='ocrx_word' id='word_1_227' title='bbox 1138 2301 1233 2331; x_wconf 88' lang='lat' dir='ltr'>super</span> 
     </span>
     <span class='ocr_line' id='line_1_36' title="bbox 321 2339 1232 2380; baseline 0 -10"><span class='ocrx_word' id='word_1_228' title='bbox 321 2339 422 2370; x_wconf 89' lang='lat' dir='ltr'>tribus</span> <span class='ocrx_word' id='word_1_229' title='bbox 445 2339 596 2369; x_wconf 85' lang='lat' dir='ltr'>articulis.</span> <span class='ocrx_word' id='word_1_230' title='bbox 624 2339 748 2369; x_wconf 85' lang='lat' dir='ltr'>Primus</span> <span class='ocrx_word' id='word_1_231' title='bbox 770 2346 836 2369; x_wconf 89' lang='lat' dir='ltr'>erat</span> <span class='ocrx_word' id='word_1_232' title='bbox 856 2340 895 2369; x_wconf 84' lang='lat' dir='ltr'>ad</span> <span class='ocrx_word' id='word_1_233' title='bbox 918 2339 1095 2380; x_wconf 87' lang='lat' dir='ltr'>eligendum</span> <span class='ocrx_word' id='word_1_234' title='bbox 1119 2350 1232 2370; x_wconf 89' lang='lat' dir='ltr'>novum</span> 
     </span>
     <span class='ocr_line' id='line_1_37' title="bbox 321 2388 1234 2430; baseline 0 -11"><span class='ocrx_word' id='word_1_235' title='bbox 321 2394 555 2430; x_wconf 87' lang='lat' dir='ltr'>procuratorem</span> <span class='ocrx_word' id='word_1_236' title='bbox 567 2388 616 2418; x_wconf 83' lang='lat' dir='ltr'>vel</span> <span class='ocrx_word' id='word_1_237' title='bbox 626 2389 665 2418; x_wconf 89' lang='lat' dir='ltr'>ad</span> <span class='ocrx_word' id='word_1_238' title='bbox 675 2388 915 2419; x_wconf 90' lang='lat' dir='ltr'>continuandum</span> <span class='ocrx_word' id='word_1_239' title='bbox 930 2389 1100 2429; x_wconf 88' lang='lat' dir='ltr'>antiquum.</span> <span class='ocrx_word' id='word_1_240' title='bbox 1113 2389 1159 2418; x_wconf 86' lang='lat'>2¹¹·</span> <span class='ocrx_word' id='word_1_241' title='bbox 1167 2396 1234 2419; x_wconf 89' lang='lat' dir='ltr'>erat</span> 
     </span>
     <span class='ocr_line' id='line_1_38' title="bbox 321 2437 1234 2478; baseline 0 -10"><span class='ocrx_word' id='word_1_242' title='bbox 321 2443 423 2468; x_wconf 85' lang='lat' dir='ltr'>utrum</span> <span class='ocrx_word' id='word_1_243' title='bbox 438 2437 527 2468; x_wconf 90' lang='lat' dir='ltr'>nacio</span> <span class='ocrx_word' id='word_1_244' title='bbox 544 2437 638 2468; x_wconf 88' lang='lat' dir='ltr'>vellet</span> <span class='ocrx_word' id='word_1_245' title='bbox 649 2447 683 2467; x_wconf 89' lang='lat' dir='ltr'>se</span> <span class='ocrx_word' id='word_1_246' title='bbox 698 2437 879 2467; x_wconf 83' lang='lat' dir='ltr'>submittere</span> <span class='ocrx_word' id='word_1_247' title='bbox 893 2437 1086 2468; x_wconf 86' lang='lat' dir='ltr'>ordinacioni</span> <span class='ocrx_word' id='word_1_248' title='bbox 1101 2445 1234 2478; x_wconf 85' lang='lat' dir='ltr'>quatuor</span> 
     </span>
     <span class='ocr_line' id='line_1_39' title="bbox 321 2486 1231 2527; baseline 0.001 -11"><span class='ocrx_word' id='word_1_249' title='bbox 321 2486 553 2527; x_wconf 85' lang='lat' dir='ltr'>magistrorum.</span> <span class='ocrx_word' id='word_1_250' title='bbox 569 2487 615 2516; x_wconf 71' lang='lat'>3⁸¹·</span> <span class='ocrx_word' id='word_1_251' title='bbox 632 2492 697 2516; x_wconf 89' lang='lat' dir='ltr'>erat</span> <span class='ocrx_word' id='word_1_252' title='bbox 713 2487 752 2516; x_wconf 91' lang='lat' dir='ltr'>de</span> <span class='ocrx_word' id='word_1_253' title='bbox 773 2486 1036 2527; x_wconf 85' lang='lat' dir='ltr'>suplicacionibus</span> <span class='ocrx_word' id='word_1_254' title='bbox 1053 2493 1083 2517; x_wconf 88' lang='lat' dir='ltr'>et</span> <span class='ocrx_word' id='word_1_255' title='bbox 1097 2486 1231 2527; x_wconf 88' lang='lat' dir='ltr'>injuriis.</span> 
     </span>
     <span class='ocr_line' id='line_1_40' title="bbox 324 2534 1234 2576; baseline 0 -10"><span class='ocrx_word' id='word_1_256' title='bbox 324 2535 371 2566; x_wconf 85' lang='lat' dir='ltr'>De</span> <span class='ocrx_word' id='word_1_257' title='bbox 384 2534 486 2575; x_wconf 88' lang='lat' dir='ltr'>primo</span> <span class='ocrx_word' id='word_1_258' title='bbox 501 2535 685 2565; x_wconf 86' lang='lat' dir='ltr'>deliberavit</span> <span class='ocrx_word' id='word_1_259' title='bbox 701 2536 789 2565; x_wconf 90' lang='lat' dir='ltr'>nacio</span> <span class='ocrx_word' id='word_1_260' title='bbox 804 2536 888 2575; x_wconf 86' lang='lat' dir='ltr'>quod</span> <span class='ocrx_word' id='word_1_261' title='bbox 903 2535 1096 2566; x_wconf 85' lang='lat' dir='ltr'>continuaret</span> <span class='ocrx_word' id='word_1_262' title='bbox 1107 2537 1234 2576; x_wconf 87' lang='lat' dir='ltr'>predic-</span> 
     </span>
     <span class='ocr_line' id='line_1_41' title="bbox 322 2583 1233 2624; baseline 0.001 -10"><span class='ocrx_word' id='word_1_263' title='bbox 322 2590 387 2614; x_wconf 86' lang='lat' dir='ltr'>tum</span> <span class='ocrx_word' id='word_1_264' title='bbox 411 2583 582 2614; x_wconf 63' lang='lat' dir='ltr'>&#39;ohannem</span> <span class='ocrx_word' id='word_1_265' title='bbox 605 2583 701 2624; x_wconf 82' lang='lat' dir='ltr'>Gray.</span> <span class='ocrx_word' id='word_1_266' title='bbox 728 2585 773 2614; x_wconf 87' lang='lat' dir='ltr'>De</span> <span class='ocrx_word' id='word_1_267' title='bbox 798 2585 829 2614; x_wconf 78' lang='lat'>2⁰</span> <span class='ocrx_word' id='word_1_268' title='bbox 853 2584 968 2624; x_wconf 84' lang='lat' dir='ltr'>placuit</span> <span class='ocrx_word' id='word_1_269' title='bbox 988 2585 1110 2615; x_wconf 90' lang='lat' dir='ltr'>nacioni</span> <span class='ocrx_word' id='word_1_270' title='bbox 1132 2585 1233 2615; x_wconf 90' lang='lat' dir='ltr'>omnis</span> 
     </span>
     <span class='ocr_line' id='line_1_42' title="bbox 323 2633 1232 2673; baseline 0.001 -10"><span class='ocrx_word' id='word_1_271' title='bbox 323 2633 374 2663; x_wconf 80' lang='lat' dir='ltr'>via</span> <span class='ocrx_word' id='word_1_272' title='bbox 395 2633 487 2668; x_wconf 84' lang='lat' dir='ltr'>bona,</span> <span class='ocrx_word' id='word_1_273' title='bbox 503 2639 534 2663; x_wconf 90' lang='lat' dir='ltr'>et</span> <span class='ocrx_word' id='word_1_274' title='bbox 556 2634 747 2673; x_wconf 88' lang='lat' dir='ltr'>dum[modo]</span> <span class='ocrx_word' id='word_1_275' title='bbox 768 2633 811 2663; x_wconf 90' lang='lat' dir='ltr'>illi</span> <span class='ocrx_word' id='word_1_276' title='bbox 829 2639 962 2673; x_wconf 87' lang='lat' dir='ltr'>quatuor</span> <span class='ocrx_word' id='word_1_277' title='bbox 984 2640 1089 2664; x_wconf 86' lang='lat' dir='ltr'>essent</span> <span class='ocrx_word' id='word_1_278' title='bbox 1105 2634 1232 2664; x_wconf 84' lang='lat' dir='ltr'>aliarum</span> 
     </span>
     <span class='ocr_line' id='line_1_43' title="bbox 323 2681 1230 2713; baseline 0.002 -2"><span class='ocrx_word' id='word_1_279' title='bbox 323 2681 487 2712; x_wconf 80' lang='lat' dir='ltr'>nacionum</span> <span class='ocrx_word' id='word_1_280' title='bbox 501 2691 519 2712; x_wconf 79' lang='lat' dir='ltr'>a</span> <span class='ocrx_word' id='word_1_281' title='bbox 535 2682 718 2713; x_wconf 85' lang='lat' dir='ltr'>nacionibus</span> <span class='ocrx_word' id='word_1_282' title='bbox 735 2683 998 2713; x_wconf 87' lang='lat' dir='ltr'>discordantibus.</span> <span class='ocrx_word' id='word_1_283' title='bbox 1017 2683 1063 2712; x_wconf 86' lang='lat' dir='ltr'>De</span> <span class='ocrx_word' id='word_1_284' title='bbox 1078 2684 1110 2713; x_wconf 88' lang='lat'>3·</span> <span class='ocrx_word' id='word_1_285' title='bbox 1124 2683 1230 2713; x_wconf 88' lang='lat' dir='ltr'>nichil.</span> 
     </span>
    </p>

    <p class='ocr_par' dir='ltr' id='par_1_10' title="bbox 318 2729 1233 2868">
     <span class='ocr_line' id='line_1_44' title="bbox 363 2729 1233 2772; baseline 0.002 -12"><span class='ocrx_word' id='word_1_286' title='bbox 363 2729 440 2760; x_wconf 79' lang='lat' dir='ltr'>Acta</span> <span class='ocrx_word' id='word_1_287' title='bbox 475 2730 506 2760; x_wconf 91' lang='lat' dir='ltr'>in</span> <span class='ocrx_word' id='word_1_288' title='bbox 539 2732 785 2772; x_wconf 82' lang='lat' dir='ltr'>congregacione</span> <span class='ocrx_word' id='word_1_289' title='bbox 821 2731 961 2762; x_wconf 82' lang='lat' dir='ltr'>nacionis</span> <span class='ocrx_word' id='word_1_290' title='bbox 988 2731 1118 2772; x_wconf 85' lang='lat' dir='ltr'>Anglie,</span> <span class='ocrx_word' id='word_1_291' title='bbox 1152 2742 1233 2762; x_wconf 86' lang='lat' dir='ltr'>anno</span> 
     </span>
     <span class='ocr_line' id='line_1_45' title="bbox 325 2778 1233 2820; baseline 0.002 -11"><span class='ocrx_word' id='word_1_292' title='bbox 325 2778 452 2810; x_wconf 85' lang='lat' dir='ltr'>Domini</span> <span class='ocrx_word' id='word_1_293' title='bbox 478 2785 514 2810; x_wconf 87' lang='lat' dir='ltr'>ut</span> <span class='ocrx_word' id='word_1_294' title='bbox 540 2789 646 2820; x_wconf 81' lang='lat' dir='ltr'>supra.</span> <span class='ocrx_word' id='word_1_295' title='bbox 674 2780 801 2811; x_wconf 79' lang='lat' dir='ltr'>xwi</span> <span class='ocrx_word' id='word_1_296' title='bbox 829 2780 878 2810; x_wconf 84' lang='lat' dir='ltr'>die</span> <span class='ocrx_word' id='word_1_297' title='bbox 908 2781 1024 2811; x_wconf 81' lang='lat' dir='ltr'>mensis</span> <span class='ocrx_word' id='word_1_298' title='bbox 1051 2780 1233 2811; x_wconf 85' lang='lat' dir='ltr'>Decembris</span> 
     </span>
     <span class='ocr_line' id='line_1_46' title="bbox 318 2828 1232 2868; baseline 0.002 -10"><span class='ocrx_word' id='word_1_299' title='bbox 318 2837 421 2868; x_wconf 69' lang='lat' dir='ltr'>super</span> <span class='ocrx_word' id='word_1_300' title='bbox 444 2828 545 2859; x_wconf 79' lang='lat' dir='ltr'>tribus</span> <span class='ocrx_word' id='word_1_301' title='bbox 570 2829 719 2860; x_wconf 82' lang='lat' dir='ltr'>articulis.</span> <span class='ocrx_word' id='word_1_302' title='bbox 746 2829 870 2860; x_wconf 87' lang='lat' dir='ltr'>Primus</span> <span class='ocrx_word' id='word_1_303' title='bbox 893 2836 960 2860; x_wconf 88' lang='lat' dir='ltr'>erat</span> <span class='ocrx_word' id='word_1_304' title='bbox 986 2830 1024 2860; x_wconf 88' lang='lat' dir='ltr'>ad</span> <span class='ocrx_word' id='word_1_305' title='bbox 1049 2830 1232 2861; x_wconf 84' lang='lat' dir='ltr'>audiendum</span> 
     </span>
    </p>
   </div>
   <div class='ocr_carea' id='block_1_10' title="bbox 357 2942 658 3012">
    <p class='ocr_par' dir='ltr' id='par_1_11' title="bbox 357 2942 658 3012">
     <span class='ocr_line' id='line_1_47' title="bbox 358 2942 622 2976; baseline 0.008 -9"><span class='ocrx_word' id='word_1_306' title='bbox 358 2942 381 2967; x_wconf 78' lang='lat'>1.</span> <span class='ocrx_word' id='word_1_307' title='bbox 415 2943 463 2967; x_wconf 68' lang='grc' dir='ltr'>Μ’.</span> <span class='ocrx_word' id='word_1_308' title='bbox 477 2943 622 2976; x_wconf 73' lang='lat' dir='ltr'>nogesimo.</span> 
     </span>
     <span class='ocr_line' id='line_1_48' title="bbox 357 2979 658 3012; baseline 0.007 -9"><span class='ocrx_word' id='word_1_309' title='bbox 357 2979 381 3003; x_wconf 74' lang='lat'>².</span> <span class='ocrx_word' id='word_1_310' title='bbox 415 2979 463 3003; x_wconf 65' lang='lat' dir='ltr'>Ha.</span> <span class='ocrx_word' id='word_1_311' title='bbox 476 2979 503 3003; x_wconf 80' lang='lat' dir='ltr'>ln</span> <span class='ocrx_word' id='word_1_312' title='bbox 516 2979 658 3012; x_wconf 73' lang='lat' dir='ltr'>deputetis.</span> 
     </span>
    </p>
   </div>
   <div class='ocr_carea' id='block_1_11' title="bbox 1265 969 1298 995">
    <p class='ocr_par' dir='ltr' id='par_1_12' title="bbox 1265 969 1298 995">
     <span class='ocr_line' id='line_1_49' title="bbox 1265 969 1298 995; baseline 0.03 -1"><span class='ocrx_word' id='word_1_313' title='bbox 1265 969 1298 995; x_wconf 86' lang='lat'>10</span> 
     </span>
    </p>
   </div>
   <div class='ocr_carea' id='block_1_12' title="bbox 1266 1214 1300 1240">
    <p class='ocr_par' dir='ltr' id='par_1_13' title="bbox 1266 1214 1300 1240">
     <span class='ocr_line' id='line_1_50' title="bbox 1266 1214 1300 1240; baseline 0 0"><span class='ocrx_word' id='word_1_314' title='bbox 1266 1214 1300 1240; x_wconf 88' lang='lat'>15</span> 
     </span>
    </p>
   </div>
   <div class='ocr_carea' id='block_1_13' title="bbox 1268 1460 1303 1486">
    <p class='ocr_par' dir='ltr' id='par_1_14' title="bbox 1268 1460 1303 1486">
     <span class='ocr_line' id='line_1_51' title="bbox 1268 1460 1303 1486; baseline 0 0"><span class='ocrx_word' id='word_1_315' title='bbox 1268 1460 1303 1486; x_wconf 85' lang='lat'>20</span> 
     </span>
    </p>
   </div>
   <div class='ocr_carea' id='block_1_14' title="bbox 1269 1706 1303 1732">
    <p class='ocr_par' dir='ltr' id='par_1_15' title="bbox 1269 1706 1303 1732">
     <span class='ocr_line' id='line_1_52' title="bbox 1269 1706 1303 1732; baseline 0 0"><span class='ocrx_word' id='word_1_316' title='bbox 1269 1706 1303 1732; x_wconf 82' lang='lat'>25</span> 
     </span>
    </p>
   </div>
   <div class='ocr_carea' id='block_1_15' title="bbox 1269 1952 1303 1979">
    <p class='ocr_par' dir='ltr' id='par_1_16' title="bbox 1269 1952 1303 1979">
     <span class='ocr_line' id='line_1_53' title="bbox 1269 1952 1303 1979; baseline 0.029 -1"><span class='ocrx_word' id='word_1_317' title='bbox 1269 1952 1303 1979; x_wconf 88' lang='grc'>30</span> 
     </span>
    </p>
   </div>
   <div class='ocr_carea' id='block_1_16' title="bbox 1268 2196 1303 2223">
    <p class='ocr_par' dir='ltr' id='par_1_17' title="bbox 1268 2196 1303 2223">
     <span class='ocr_line' id='line_1_54' title="bbox 1268 2196 1303 2223; baseline 0 0"><span class='ocrx_word' id='word_1_318' title='bbox 1268 2196 1303 2223; x_wconf 84' lang='grc'>35</span> 
     </span>
    </p>
   </div>
   <div class='ocr_carea' id='block_1_17' title="bbox 1270 2442 1304 2469">
    <p class='ocr_par' dir='ltr' id='par_1_18' title="bbox 1270 2442 1304 2469">
     <span class='ocr_line' id='line_1_55' title="bbox 1270 2442 1304 2469; baseline 0.029 -1"><span class='ocrx_word' id='word_1_319' title='bbox 1270 2442 1304 2469; x_wconf 74' lang='lat'>40</span> 
     </span>
    </p>
   </div>
   <div class='ocr_carea' id='block_1_18' title="bbox 1270 2685 1304 2712">
    <p class='ocr_par' dir='ltr' id='par_1_19' title="bbox 1270 2685 1304 2712">
     <span class='ocr_line' id='line_1_56' title="bbox 1270 2685 1304 2712; baseline 0 0"><span class='ocrx_word' id='word_1_320' title='bbox 1270 2685 1304 2712; x_wconf 70' lang='lat'>45</span> 
     </span>
    </p>
   </div>
   <div class='ocr_carea' id='block_1_19' title="bbox 1333 524 2249 2027">
    <p class='ocr_par' dir='ltr' id='par_1_20' title="bbox 1333 524 2245 1251">
     <span class='ocr_line' id='line_1_57' title="bbox 1333 524 2243 567; baseline 0.005 -15"><span class='ocrx_word' id='word_1_321' title='bbox 1333 524 1443 553; x_wconf 91' lang='lat' dir='ltr'>modos</span> <span class='ocrx_word' id='word_1_322' title='bbox 1452 530 1549 553; x_wconf 89' lang='lat' dir='ltr'>tactos</span> <span class='ocrx_word' id='word_1_323' title='bbox 1558 525 1633 564; x_wconf 78' lang='lat' dir='ltr'>per²</span> <span class='ocrx_word' id='word_1_324' title='bbox 1643 526 1806 565; x_wconf 85' lang='lat' dir='ltr'>deputatos</span> <span class='ocrx_word' id='word_1_325' title='bbox 1815 527 1966 556; x_wconf 82' lang='lat' dir='ltr'>facultatis</span> <span class='ocrx_word' id='word_1_326' title='bbox 1975 537 2069 567; x_wconf 82' lang='lat' dir='ltr'>super</span> <span class='ocrx_word' id='word_1_327' title='bbox 2075 529 2243 557; x_wconf 88' lang='lat' dir='ltr'>concordia</span> 
     </span>
     <span class='ocr_line' id='line_1_58' title="bbox 1333 572 2242 613; baseline 0.006 -12"><span class='ocrx_word' id='word_1_328' title='bbox 1333 572 1414 602; x_wconf 89' lang='lat' dir='ltr'>inter</span> <span class='ocrx_word' id='word_1_329' title='bbox 1429 573 1588 602; x_wconf 88' lang='lat' dir='ltr'>nacionem</span> <span class='ocrx_word' id='word_1_330' title='bbox 1603 575 1772 613; x_wconf 87' lang='lat' dir='ltr'>predictam</span> <span class='ocrx_word' id='word_1_331' title='bbox 1788 581 1818 604; x_wconf 88' lang='lat' dir='ltr'>et</span> <span class='ocrx_word' id='word_1_332' title='bbox 1832 576 1991 605; x_wconf 89' lang='lat' dir='ltr'>nacionem</span> <span class='ocrx_word' id='word_1_333' title='bbox 2008 577 2178 606; x_wconf 86' lang='lat' dir='ltr'>Piccardie.</span> <span class='ocrx_word' id='word_1_334' title='bbox 2197 578 2242 606; x_wconf 64' lang='lat'>2²¹·</span> 
     </span>
     <span class='ocr_line' id='line_1_59' title="bbox 1334 623 2241 665; baseline 0.006 -15"><span class='ocrx_word' id='word_1_335' title='bbox 1334 628 1400 651; x_wconf 88' lang='lat' dir='ltr'>erat</span> <span class='ocrx_word' id='word_1_336' title='bbox 1419 623 1456 651; x_wconf 90' lang='lat' dir='ltr'>de</span> <span class='ocrx_word' id='word_1_337' title='bbox 1476 629 1619 662; x_wconf 88' lang='lat' dir='ltr'>computo</span> <span class='ocrx_word' id='word_1_338' title='bbox 1636 625 1819 663; x_wconf 87' lang='lat' dir='ltr'>receptoris.</span> <span class='ocrx_word' id='word_1_339' title='bbox 1838 626 1884 653; x_wconf 79' lang='lat'><strong>3¹¹·</strong></span> <span class='ocrx_word' id='word_1_340' title='bbox 1901 625 1938 653; x_wconf 86' lang='lat' dir='ltr'>de</span> <span class='ocrx_word' id='word_1_341' title='bbox 1958 626 2241 665; x_wconf 82' lang='lat' dir='ltr'>supplicacionibus</span> 
     </span>
     <span class='ocr_line' id='line_1_60' title="bbox 1335 670 2241 712; baseline 0.004 -12"><span class='ocrx_word' id='word_1_342' title='bbox 1335 677 1365 700; x_wconf 89' lang='lat' dir='ltr'>et</span> <span class='ocrx_word' id='word_1_343' title='bbox 1381 670 1514 710; x_wconf 89' lang='lat' dir='ltr'>injuriis.</span> <span class='ocrx_word' id='word_1_344' title='bbox 1533 672 1641 709; x_wconf 85' lang='lat' dir='ltr'>Quoad</span> <span class='ocrx_word' id='word_1_345' title='bbox 1660 672 1792 712; x_wconf 90' lang='lat' dir='ltr'>primum</span> <span class='ocrx_word' id='word_1_346' title='bbox 1819 674 1981 703; x_wconf 88' lang='lat' dir='ltr'>articulum</span> <span class='ocrx_word' id='word_1_347' title='bbox 2003 674 2106 703; x_wconf 89' lang='lat' dir='ltr'>nullus</span> <span class='ocrx_word' id='word_1_348' title='bbox 2133 676 2241 704; x_wconf 84' lang='lat' dir='ltr'>modus</span> 
     </span>
     <span class='ocr_line' id='line_1_61' title="bbox 1335 721 2243 763; baseline 0.004 -14"><span class='ocrx_word' id='word_1_349' title='bbox 1335 726 1433 749; x_wconf 89' lang='lat' dir='ltr'>tactus</span> <span class='ocrx_word' id='word_1_350' title='bbox 1461 730 1519 760; x_wconf 87' lang='lat' dir='ltr'>per</span> <span class='ocrx_word' id='word_1_351' title='bbox 1545 721 1714 760; x_wconf 88' lang='lat' dir='ltr'>predictam</span> <span class='ocrx_word' id='word_1_352' title='bbox 1745 722 1904 751; x_wconf 89' lang='lat' dir='ltr'>nacionem</span> <span class='ocrx_word' id='word_1_353' title='bbox 1936 723 2095 752; x_wconf 86' lang='lat' dir='ltr'>Piccardie</span> <span class='ocrx_word' id='word_1_354' title='bbox 2130 724 2243 763; x_wconf 89' lang='lat' dir='ltr'>placuit</span> 
     </span>
     <span class='ocr_line' id='line_1_62' title="bbox 1334 769 2243 812; baseline 0.004 -14"><span class='ocrx_word' id='word_1_355' title='bbox 1334 769 1467 798; x_wconf 88' lang='lat' dir='ltr'>nacioni.</span> <span class='ocrx_word' id='word_1_356' title='bbox 1488 770 1609 799; x_wconf 89' lang='lat' dir='ltr'>Placuit</span> <span class='ocrx_word' id='word_1_357' title='bbox 1629 777 1729 800; x_wconf 84' lang='lat' dir='ltr'>tamen</span> <span class='ocrx_word' id='word_1_358' title='bbox 1751 771 1873 800; x_wconf 89' lang='lat' dir='ltr'>nacioni</span> <span class='ocrx_word' id='word_1_359' title='bbox 1894 773 1978 811; x_wconf 90' lang='lat' dir='ltr'>quod</span> <span class='ocrx_word' id='word_1_360' title='bbox 1999 772 2029 801; x_wconf 90' lang='lat' dir='ltr'>in</span> <span class='ocrx_word' id='word_1_361' title='bbox 2049 773 2147 812; x_wconf 88' lang='lat' dir='ltr'>prima</span> <span class='ocrx_word' id='word_1_362' title='bbox 2168 783 2243 802; x_wconf 88' lang='lat' dir='ltr'>con-</span> 
     </span>
     <span class='ocr_line' id='line_1_63' title="bbox 1335 819 2243 859; baseline 0.004 -12"><span class='ocrx_word' id='word_1_363' title='bbox 1335 819 1521 858; x_wconf 86' lang='lat' dir='ltr'>gregacione</span> <span class='ocrx_word' id='word_1_364' title='bbox 1539 819 1691 859; x_wconf 86' lang='lat' dir='ltr'>solempni</span> <span class='ocrx_word' id='word_1_365' title='bbox 1706 820 1846 849; x_wconf 84' lang='lat' dir='ltr'>nacionis</span> <span class='ocrx_word' id='word_1_366' title='bbox 1864 820 2024 850; x_wconf 88' lang='lat' dir='ltr'>Piccardie</span> <span class='ocrx_word' id='word_1_367' title='bbox 2039 821 2185 851; x_wconf 77' lang='lat' dir='ltr'>offeratur</span> <span class='ocrx_word' id='word_1_368' title='bbox 2198 822 2243 851; x_wconf 84' lang='lat' dir='ltr'>eis</span> 
     </span>
     <span class='ocr_line' id='line_1_64' title="bbox 1335 866 2244 910; baseline 0.004 -14"><span class='ocrx_word' id='word_1_369' title='bbox 1335 866 1386 897; x_wconf 89' lang='lat' dir='ltr'>ille</span> <span class='ocrx_word' id='word_1_370' title='bbox 1399 868 1509 897; x_wconf 90' lang='lat' dir='ltr'>modus</span> <span class='ocrx_word' id='word_1_371' title='bbox 1522 878 1560 897; x_wconf 88' lang='lat' dir='ltr'>ex</span> <span class='ocrx_word' id='word_1_372' title='bbox 1572 874 1660 908; x_wconf 85' lang='lat' dir='ltr'>parte</span> <span class='ocrx_word' id='word_1_373' title='bbox 1672 869 1823 904; x_wconf 86' lang='lat' dir='ltr'>nacionis,</span> <span class='ocrx_word' id='word_1_374' title='bbox 1833 869 1885 909; x_wconf 88' lang='lat' dir='ltr'>qui</span> <span class='ocrx_word' id='word_1_375' title='bbox 1899 870 1976 899; x_wconf 88' lang='lat' dir='ltr'>alias</span> <span class='ocrx_word' id='word_1_376' title='bbox 1989 871 2044 899; x_wconf 83' lang='lat' dir='ltr'>fuit</span> <span class='ocrx_word' id='word_1_377' title='bbox 2056 870 2177 900; x_wconf 87' lang='lat' dir='ltr'>oblatus</span> <span class='ocrx_word' id='word_1_378' title='bbox 2189 881 2244 910; x_wconf 85' lang='lat' dir='ltr'>per</span> 
     </span>
     <span class='ocr_line' id='line_1_65' title="bbox 1335 917 2244 959; baseline 0.004 -14"><span class='ocrx_word' id='word_1_379' title='bbox 1335 926 1486 956; x_wconf 85' lang='lat' dir='ltr'>personas</span> <span class='ocrx_word' id='word_1_380' title='bbox 1497 917 1645 956; x_wconf 86' lang='lat' dir='ltr'>privatas,</span> <span class='ocrx_word' id='word_1_381' title='bbox 1657 918 1802 947; x_wconf 85' lang='lat' dir='ltr'>videlicet</span> <span class='ocrx_word' id='word_1_382' title='bbox 1811 919 1849 947; x_wconf 92' lang='lat' dir='ltr'>de</span> <span class='ocrx_word' id='word_1_383' title='bbox 1859 920 2086 958; x_wconf 86' lang='lat' dir='ltr'>permutacione</span> <span class='ocrx_word' id='word_1_384' title='bbox 2097 930 2164 949; x_wconf 90' lang='lat' dir='ltr'>cum</span> <span class='ocrx_word' id='word_1_385' title='bbox 2175 930 2244 959; x_wconf 85' lang='lat' dir='ltr'>par-</span> 
     </span>
     <span class='ocr_line' id='line_1_66' title="bbox 1334 965 2244 1008; baseline 0.003 -13"><span class='ocrx_word' id='word_1_386' title='bbox 1334 965 1383 995; x_wconf 88' lang='lat' dir='ltr'>vis</span> <span class='ocrx_word' id='word_1_387' title='bbox 1394 966 1488 995; x_wconf 86' lang='lat' dir='ltr'>scolis</span> <span class='ocrx_word' id='word_1_388' title='bbox 1500 976 1596 1006; x_wconf 88' lang='lat' dir='ltr'>super</span> <span class='ocrx_word' id='word_1_389' title='bbox 1609 966 1788 996; x_wconf 88' lang='lat' dir='ltr'>Secannam.</span> <span class='ocrx_word' id='word_1_390' title='bbox 1798 967 1838 997; x_wconf 87' lang='lat' dir='ltr'>Et</span> <span class='ocrx_word' id='word_1_391' title='bbox 1849 968 1943 997; x_wconf 89' lang='lat' dir='ltr'>eciam</span> <span class='ocrx_word' id='word_1_392' title='bbox 1958 970 2058 1008; x_wconf 90' lang='lat' dir='ltr'>quoad</span> <span class='ocrx_word' id='word_1_393' title='bbox 2070 969 2161 998; x_wconf 87' lang='lat' dir='ltr'>istum</span> <span class='ocrx_word' id='word_1_394' title='bbox 2173 969 2244 998; x_wconf 88' lang='lat' dir='ltr'>arti-</span> 
     </span>
     <span class='ocr_line' id='line_1_67' title="bbox 1337 1014 2245 1057; baseline 0.003 -13"><span class='ocrx_word' id='word_1_395' title='bbox 1337 1014 1438 1044; x_wconf 92' lang='lat' dir='ltr'>culum</span> <span class='ocrx_word' id='word_1_396' title='bbox 1453 1015 1515 1044; x_wconf 92' lang='lat' dir='ltr'>dati</span> <span class='ocrx_word' id='word_1_397' title='bbox 1531 1016 1654 1045; x_wconf 87' lang='lat' dir='ltr'>suerunt</span> <span class='ocrx_word' id='word_1_398' title='bbox 1670 1017 1818 1055; x_wconf 86' lang='lat' dir='ltr'>deputati,</span> <span class='ocrx_word' id='word_1_399' title='bbox 1836 1017 1955 1046; x_wconf 87' lang='lat' dir='ltr'>scilicet</span> <span class='ocrx_word' id='word_1_400' title='bbox 1967 1018 2114 1057; x_wconf 85' lang='lat' dir='ltr'>magister</span> <span class='ocrx_word' id='word_1_401' title='bbox 2128 1018 2245 1047; x_wconf 84' lang='lat' dir='ltr'>Johan-</span> 
     </span>
     <span class='ocr_line' id='line_1_68' title="bbox 1336 1064 2245 1107; baseline 0.003 -14"><span class='ocrx_word' id='word_1_402' title='bbox 1336 1074 1392 1094; x_wconf 90' lang='lat' dir='ltr'>nes</span> <span class='ocrx_word' id='word_1_403' title='bbox 1404 1064 1584 1099; x_wconf 85' lang='lat' dir='ltr'>Forestarii,</span> <span class='ocrx_word' id='word_1_404' title='bbox 1597 1065 1745 1105; x_wconf 85' lang='lat' dir='ltr'>magister</span> <span class='ocrx_word' id='word_1_405' title='bbox 1752 1065 1909 1095; x_wconf 70' lang='lat' dir='ltr'>lohannes</span> <span class='ocrx_word' id='word_1_406' title='bbox 1922 1067 1960 1096; x_wconf 90' lang='lat' dir='ltr'>de</span> <span class='ocrx_word' id='word_1_407' title='bbox 1971 1066 2096 1096; x_wconf 86' lang='lat' dir='ltr'>Austria</span> <span class='ocrx_word' id='word_1_408' title='bbox 2110 1073 2139 1096; x_wconf 91' lang='lat' dir='ltr'>et</span> <span class='ocrx_word' id='word_1_409' title='bbox 2151 1067 2245 1107; x_wconf 90' lang='lat' dir='ltr'>magi-</span> 
     </span>
     <span class='ocr_line' id='line_1_69' title="bbox 1337 1113 2245 1154; baseline 0.003 -12"><span class='ocrx_word' id='word_1_410' title='bbox 1337 1119 1402 1143; x_wconf 89' lang='lat' dir='ltr'>ster</span> <span class='ocrx_word' id='word_1_411' title='bbox 1417 1113 1596 1152; x_wconf 85' lang='lat' dir='ltr'>H[enricus]</span> <span class='ocrx_word' id='word_1_412' title='bbox 1625 1114 1663 1143; x_wconf 90' lang='lat' dir='ltr'>de</span> <span class='ocrx_word' id='word_1_413' title='bbox 1682 1114 1813 1150; x_wconf 89' lang='lat' dir='ltr'>Harlen,</span> <span class='ocrx_word' id='word_1_414' title='bbox 1831 1115 1884 1154; x_wconf 92' lang='lat' dir='ltr'>qui</span> <span class='ocrx_word' id='word_1_415' title='bbox 1902 1115 2057 1145; x_wconf 84' lang='lat' dir='ltr'>habebunt</span> <span class='ocrx_word' id='word_1_416' title='bbox 2080 1116 2245 1145; x_wconf 80' lang='lat' dir='ltr'>informare</span> 
     </span>
     <span class='ocr_line' id='line_1_70' title="bbox 1336 1162 2245 1205; baseline 0.002 -13"><span class='ocrx_word' id='word_1_417' title='bbox 1336 1163 1492 1192; x_wconf 88' lang='lat' dir='ltr'>dominum</span> <span class='ocrx_word' id='word_1_418' title='bbox 1508 1169 1660 1192; x_wconf 89' lang='lat' dir='ltr'>rectorem</span> <span class='ocrx_word' id='word_1_419' title='bbox 1671 1162 1684 1181; x_wconf 78' lang='lat'><strong>³</strong></span> <span class='ocrx_word' id='word_1_420' title='bbox 1699 1170 1729 1193; x_wconf 89' lang='lat' dir='ltr'>et</span> <span class='ocrx_word' id='word_1_421' title='bbox 1744 1163 1888 1193; x_wconf 86' lang='lat' dir='ltr'>heredem</span> <span class='ocrx_word' id='word_1_422' title='bbox 1903 1164 2075 1194; x_wconf 88' lang='lat' dir='ltr'>venditoris</span> <span class='ocrx_word' id='word_1_423' title='bbox 2094 1165 2245 1205; x_wconf 87' lang='lat' dir='ltr'>predicta-</span> 
     </span>
     <span class='ocr_line' id='line_1_71' title="bbox 1337 1211 2243 1251; baseline 0.001 -10"><span class='ocrx_word' id='word_1_424' title='bbox 1337 1222 1405 1242; x_wconf 86' lang='lat' dir='ltr'>rum</span> <span class='ocrx_word' id='word_1_425' title='bbox 1421 1211 1573 1242; x_wconf 87' lang='lat' dir='ltr'>scolarum</span> <span class='ocrx_word' id='word_1_426' title='bbox 1588 1212 1627 1241; x_wconf 87' lang='lat' dir='ltr'>de</span> <span class='ocrx_word' id='word_1_427' title='bbox 1639 1211 1710 1251; x_wconf 88' lang='lat' dir='ltr'>jure</span> <span class='ocrx_word' id='word_1_428' title='bbox 1728 1219 1847 1242; x_wconf 88' lang='lat' dir='ltr'>nostro.</span> <span class='ocrx_word' id='word_1_429' title='bbox 1866 1214 1974 1250; x_wconf 82' lang='lat' dir='ltr'>Quoad</span> <span class='ocrx_word' id='word_1_430' title='bbox 1986 1215 2026 1243; x_wconf 89' lang='lat'>2¹¹¹</span> <span class='ocrx_word' id='word_1_431' title='bbox 2041 1220 2071 1243; x_wconf 91' lang='lat' dir='ltr'>et</span> <span class='ocrx_word' id='word_1_432' title='bbox 2085 1215 2125 1243; x_wconf 90' lang='lat'>3¹¹¹</span> <span class='ocrx_word' id='word_1_433' title='bbox 2138 1213 2243 1243; x_wconf 91' lang='lat' dir='ltr'>nichil.</span> 
     </span>
    </p>

    <p class='ocr_par' dir='ltr' id='par_1_21' title="bbox 1337 1261 2249 2027">
     <span class='ocr_line' id='line_1_72' title="bbox 1378 1261 2246 1302; baseline 0.002 -12"><span class='ocrx_word' id='word_1_434' title='bbox 1378 1261 1470 1290; x_wconf 85' lang='lat' dir='ltr'>Facta</span> <span class='ocrx_word' id='word_1_435' title='bbox 1495 1261 1742 1301; x_wconf 81' lang='lat' dir='ltr'>congregacione</span> <span class='ocrx_word' id='word_1_436' title='bbox 1769 1262 1908 1291; x_wconf 83' lang='lat' dir='ltr'>nacionis</span> <span class='ocrx_word' id='word_1_437' title='bbox 1932 1262 2045 1302; x_wconf 74' lang='lat' dir='ltr'>Anglie</span> <span class='ocrx_word' id='word_1_438' title='bbox 2072 1262 2103 1291; x_wconf 93' lang='lat' dir='ltr'>in</span> <span class='ocrx_word' id='word_1_439' title='bbox 2133 1263 2246 1292; x_wconf 88' lang='lat' dir='ltr'>Sancto</span> 
     </span>
     <span class='ocr_line' id='line_1_73' title="bbox 1337 1310 2247 1351; baseline 0.002 -12"><span class='ocrx_word' id='word_1_440' title='bbox 1337 1310 1460 1340; x_wconf 85' lang='lat' dir='ltr'>Juliano</span> <span class='ocrx_word' id='word_1_441' title='bbox 1482 1310 1600 1340; x_wconf 82' lang='lat' dir='ltr'>XXX¹¹¹⁰</span> <span class='ocrx_word' id='word_1_442' title='bbox 1623 1316 1653 1340; x_wconf 86' lang='lat' dir='ltr'>et</span> <span class='ocrx_word' id='word_1_443' title='bbox 1674 1310 1844 1350; x_wconf 86' lang='lat' dir='ltr'>penultimo</span> <span class='ocrx_word' id='word_1_444' title='bbox 1873 1311 1922 1340; x_wconf 90' lang='lat' dir='ltr'>die</span> <span class='ocrx_word' id='word_1_445' title='bbox 1947 1311 2127 1341; x_wconf 86' lang='lat' dir='ltr'>Decembris</span> <span class='ocrx_word' id='word_1_446' title='bbox 2153 1322 2247 1351; x_wconf 85' lang='lat' dir='ltr'>super</span> 
     </span>
     <span class='ocr_line' id='line_1_74' title="bbox 1339 1359 2246 1399; baseline 0 -10"><span class='ocrx_word' id='word_1_447' title='bbox 1339 1360 1460 1389; x_wconf 91' lang='lat' dir='ltr'>duobus</span> <span class='ocrx_word' id='word_1_448' title='bbox 1482 1359 1623 1389; x_wconf 84' lang='lat' dir='ltr'>articulis</span> <span class='ocrx_word' id='word_1_449' title='bbox 1649 1359 1725 1389; x_wconf 88' lang='lat' dir='ltr'>hora</span> <span class='ocrx_word' id='word_1_450' title='bbox 1749 1360 1916 1399; x_wconf 89' lang='lat' dir='ltr'>primarum</span> <span class='ocrx_word' id='word_1_451' title='bbox 1938 1361 1986 1390; x_wconf 83' lang='lat' dir='ltr'>vel</span> <span class='ocrx_word' id='word_1_452' title='bbox 2011 1361 2097 1390; x_wconf 89' lang='lat' dir='ltr'>citra.</span> <span class='ocrx_word' id='word_1_453' title='bbox 2123 1361 2246 1390; x_wconf 90' lang='lat' dir='ltr'>Primus</span> 
     </span>
     <span class='ocr_line' id='line_1_75' title="bbox 1340 1408 2246 1449; baseline 0 -11"><span class='ocrx_word' id='word_1_454' title='bbox 1340 1409 1396 1438; x_wconf 84' lang='lat' dir='ltr'>suit</span> <span class='ocrx_word' id='word_1_455' title='bbox 1410 1409 1448 1438; x_wconf 89' lang='lat' dir='ltr'>ad</span> <span class='ocrx_word' id='word_1_456' title='bbox 1466 1408 1655 1438; x_wconf 79' lang='lat' dir='ltr'>offerendum</span> <span class='ocrx_word' id='word_1_457' title='bbox 1671 1409 1793 1438; x_wconf 89' lang='lat' dir='ltr'>nacioni</span> <span class='ocrx_word' id='word_1_458' title='bbox 1807 1409 1966 1438; x_wconf 89' lang='lat' dir='ltr'>Piccardie</span> <span class='ocrx_word' id='word_1_459' title='bbox 1982 1410 2114 1449; x_wconf 88' lang='lat' dir='ltr'>aliquem</span> <span class='ocrx_word' id='word_1_460' title='bbox 2133 1410 2246 1439; x_wconf 90' lang='lat' dir='ltr'>bonum</span> 
     </span>
     <span class='ocr_line' id='line_1_76' title="bbox 1340 1458 2246 1498; baseline 0 -11"><span class='ocrx_word' id='word_1_461' title='bbox 1340 1459 1463 1487; x_wconf 90' lang='lat' dir='ltr'>modum</span> <span class='ocrx_word' id='word_1_462' title='bbox 1485 1458 1662 1493; x_wconf 89' lang='lat' dir='ltr'>concordie,</span> <span class='ocrx_word' id='word_1_463' title='bbox 1681 1464 1712 1487; x_wconf 90' lang='lat' dir='ltr'>et</span> <span class='ocrx_word' id='word_1_464' title='bbox 1728 1459 1829 1497; x_wconf 87' lang='lat' dir='ltr'>quoad</span> <span class='ocrx_word' id='word_1_465' title='bbox 1852 1458 1910 1487; x_wconf 90' lang='lat' dir='ltr'>hoc</span> <span class='ocrx_word' id='word_1_466' title='bbox 1931 1458 2065 1487; x_wconf 88' lang='lat' dir='ltr'>oblatum</span> <span class='ocrx_word' id='word_1_467' title='bbox 2089 1458 2143 1487; x_wconf 80' lang='lat' dir='ltr'>suit</span> <span class='ocrx_word' id='word_1_468' title='bbox 2164 1459 2246 1498; x_wconf 92' lang='lat' dir='ltr'>quod</span> 
     </span>
     <span class='ocr_line' id='line_1_77' title="bbox 1339 1507 2247 1547; baseline 0 -11"><span class='ocrx_word' id='word_1_469' title='bbox 1339 1513 1568 1547; x_wconf 83' lang='lat' dir='ltr'>permutaretur</span> <span class='ocrx_word' id='word_1_470' title='bbox 1583 1517 1660 1536; x_wconf 89' lang='lat' dir='ltr'>usus</span> <span class='ocrx_word' id='word_1_471' title='bbox 1678 1517 1839 1546; x_wconf 87' lang='lat' dir='ltr'>parvarum</span> <span class='ocrx_word' id='word_1_472' title='bbox 1858 1507 2009 1537; x_wconf 86' lang='lat' dir='ltr'>scolarum</span> <span class='ocrx_word' id='word_1_473' title='bbox 2027 1517 2086 1547; x_wconf 87' lang='lat' dir='ltr'>pro</span> <span class='ocrx_word' id='word_1_474' title='bbox 2104 1517 2161 1537; x_wconf 89' lang='lat' dir='ltr'>usu</span> <span class='ocrx_word' id='word_1_475' title='bbox 2179 1507 2247 1536; x_wconf 94' lang='lat' dir='ltr'>illa-</span> 
     </span>
     <span class='ocr_line' id='line_1_78' title="bbox 1340 1555 2249 1596; baseline -0.001 -10"><span class='ocrx_word' id='word_1_476' title='bbox 1340 1566 1408 1586; x_wconf 89' lang='lat' dir='ltr'>rum</span> <span class='ocrx_word' id='word_1_477' title='bbox 1427 1565 1504 1596; x_wconf 86' lang='lat' dir='ltr'>quas</span> <span class='ocrx_word' id='word_1_478' title='bbox 1524 1555 1627 1585; x_wconf 87' lang='lat' dir='ltr'>habet.</span> <span class='ocrx_word' id='word_1_479' title='bbox 1649 1555 1689 1585; x_wconf 87' lang='lat' dir='ltr'>Et</span> <span class='ocrx_word' id='word_1_480' title='bbox 1708 1556 1754 1585; x_wconf 87' lang='lat' dir='ltr'>eis</span> <span class='ocrx_word' id='word_1_481' title='bbox 1775 1566 1837 1585; x_wconf 90' lang='lat' dir='ltr'>non</span> <span class='ocrx_word' id='word_1_482' title='bbox 1854 1556 1971 1596; x_wconf 87' lang='lat' dir='ltr'>placuit</span> <span class='ocrx_word' id='word_1_483' title='bbox 1989 1557 2047 1586; x_wconf 88' lang='lat' dir='ltr'>iste</span> <span class='ocrx_word' id='word_1_484' title='bbox 2068 1557 2188 1590; x_wconf 86' lang='lat' dir='ltr'>modus.</span> <span class='ocrx_word' id='word_1_485' title='bbox 2209 1556 2249 1586; x_wconf 82' lang='lat' dir='ltr'>Et</span> 
     </span>
     <span class='ocr_line' id='line_1_79' title="bbox 1340 1605 2248 1645; baseline 0 -11"><span class='ocrx_word' id='word_1_486' title='bbox 1340 1605 1410 1635; x_wconf 89' lang='lat' dir='ltr'>ideo</span> <span class='ocrx_word' id='word_1_487' title='bbox 1429 1606 1551 1635; x_wconf 85' lang='lat' dir='ltr'>suerunt</span> <span class='ocrx_word' id='word_1_488' title='bbox 1565 1605 1627 1634; x_wconf 90' lang='lat' dir='ltr'>dati</span> <span class='ocrx_word' id='word_1_489' title='bbox 1645 1605 1793 1644; x_wconf 86' lang='lat' dir='ltr'>deputati,</span> <span class='ocrx_word' id='word_1_490' title='bbox 1811 1606 1863 1645; x_wconf 91' lang='lat' dir='ltr'>qui</span> <span class='ocrx_word' id='word_1_491' title='bbox 1878 1606 2032 1635; x_wconf 90' lang='lat' dir='ltr'>debebant</span> <span class='ocrx_word' id='word_1_492' title='bbox 2046 1605 2131 1635; x_wconf 87' lang='lat' dir='ltr'>adire</span> <span class='ocrx_word' id='word_1_493' title='bbox 2146 1611 2248 1635; x_wconf 85' lang='lat' dir='ltr'>recto-</span> 
     </span>
     <span class='ocr_line' id='line_1_80' title="bbox 1340 1654 2247 1694; baseline 0 -11"><span class='ocrx_word' id='word_1_494' title='bbox 1340 1664 1405 1684; x_wconf 88' lang='lat' dir='ltr'>rem</span> <span class='ocrx_word' id='word_1_495' title='bbox 1425 1661 1458 1684; x_wconf 89' lang='lat' dir='ltr'>ut</span> <span class='ocrx_word' id='word_1_496' title='bbox 1475 1654 1588 1684; x_wconf 82' lang='lat' dir='ltr'>faceret</span> <span class='ocrx_word' id='word_1_497' title='bbox 1604 1654 1882 1694; x_wconf 86' lang='lat' dir='ltr'>congregacionem</span> <span class='ocrx_word' id='word_1_498' title='bbox 1897 1654 2059 1689; x_wconf 82' lang='lat' dir='ltr'>facultatis,</span> <span class='ocrx_word' id='word_1_499' title='bbox 2079 1661 2109 1684; x_wconf 87' lang='lat' dir='ltr'>et</span> <span class='ocrx_word' id='word_1_500' title='bbox 2130 1655 2167 1683; x_wconf 88' lang='lat' dir='ltr'>de</span> <span class='ocrx_word' id='word_1_501' title='bbox 2187 1654 2247 1684; x_wconf 88' lang='lat' dir='ltr'>isto</span> 
     </span>
     <span class='ocr_line' id='line_1_81' title="bbox 1341 1703 2248 1742; baseline 0 -10"><span class='ocrx_word' id='word_1_502' title='bbox 1341 1704 1419 1733; x_wconf 76' lang='lat' dir='ltr'>sacto</span> <span class='ocrx_word' id='word_1_503' title='bbox 1445 1703 1558 1733; x_wconf 79' lang='lat' dir='ltr'>faceret</span> <span class='ocrx_word' id='word_1_504' title='bbox 1572 1713 1666 1733; x_wconf 90' lang='lat' dir='ltr'>unum</span> <span class='ocrx_word' id='word_1_505' title='bbox 1681 1703 1852 1733; x_wconf 85' lang='lat' dir='ltr'>articulum.</span> <span class='ocrx_word' id='word_1_506' title='bbox 1878 1703 1918 1733; x_wconf 88' lang='lat' dir='ltr'>Et</span> <span class='ocrx_word' id='word_1_507' title='bbox 1938 1703 1990 1732; x_wconf 88' lang='lat' dir='ltr'>isti</span> <span class='ocrx_word' id='word_1_508' title='bbox 2009 1704 2130 1733; x_wconf 78' lang='lat' dir='ltr'>suerunt</span> <span class='ocrx_word' id='word_1_509' title='bbox 2149 1704 2248 1742; x_wconf 88' lang='lat' dir='ltr'>depu-</span> 
     </span>
     <span class='ocr_line' id='line_1_82' title="bbox 1340 1751 2247 1792; baseline -0.001 -10"><span class='ocrx_word' id='word_1_510' title='bbox 1340 1752 1394 1782; x_wconf 86' lang='lat' dir='ltr'>tati</span> <span class='ocrx_word' id='word_1_511' title='bbox 1413 1752 1547 1792; x_wconf 87' lang='lat' dir='ltr'>predicti</span> <span class='ocrx_word' id='word_1_512' title='bbox 1565 1751 1596 1782; x_wconf 89' lang='lat' dir='ltr'>in</span> <span class='ocrx_word' id='word_1_513' title='bbox 1614 1751 1720 1781; x_wconf 89' lang='lat' dir='ltr'>ultima</span> <span class='ocrx_word' id='word_1_514' title='bbox 1739 1752 1997 1792; x_wconf 83' lang='lat' dir='ltr'>congregacione.</span> <span class='ocrx_word' id='word_1_515' title='bbox 2019 1753 2091 1792; x_wconf 71' lang='lat' dir='ltr'>(Fal.</span> <span class='ocrx_word' id='word_1_516' title='bbox 2117 1753 2162 1792; x_wconf 76' lang='lat'>12)</span> <span class='ocrx_word' id='word_1_517' title='bbox 2183 1752 2247 1792; x_wconf 88' lang='lat' dir='ltr'>lpsi</span> 
     </span>
     <span class='ocr_line' id='line_1_83' title="bbox 1341 1801 2247 1841; baseline 0 -10"><span class='ocrx_word' id='word_1_518' title='bbox 1341 1808 1441 1832; x_wconf 88' lang='lat' dir='ltr'>tamen</span> <span class='ocrx_word' id='word_1_519' title='bbox 1467 1802 1505 1831; x_wconf 89' lang='lat' dir='ltr'>de</span> <span class='ocrx_word' id='word_1_520' title='bbox 1529 1801 1658 1831; x_wconf 85' lang='lat' dir='ltr'>nacione</span> <span class='ocrx_word' id='word_1_521' title='bbox 1688 1801 1848 1831; x_wconf 87' lang='lat' dir='ltr'>Piccardie</span> <span class='ocrx_word' id='word_1_522' title='bbox 1875 1801 2053 1831; x_wconf 88' lang='lat' dir='ltr'>obtulerunt</span> <span class='ocrx_word' id='word_1_523' title='bbox 2078 1802 2161 1841; x_wconf 89' lang='lat' dir='ltr'>quod</span> <span class='ocrx_word' id='word_1_524' title='bbox 2186 1801 2247 1841; x_wconf 84' lang='lat' dir='ltr'>ipsi</span> 
     </span>
     <span class='ocr_line' id='line_1_84' title="bbox 1341 1850 2247 1886; baseline -0.001 -6"><span class='ocrx_word' id='word_1_525' title='bbox 1341 1850 1491 1880; x_wconf 86' lang='lat' dir='ltr'>haberent</span> <span class='ocrx_word' id='word_1_526' title='bbox 1516 1850 1618 1880; x_wconf 89' lang='lat' dir='ltr'>scolas</span> <span class='ocrx_word' id='word_1_527' title='bbox 1651 1851 1768 1880; x_wconf 86' lang='lat' dir='ltr'>medias</span> <span class='ocrx_word' id='word_1_528' title='bbox 1800 1850 1842 1879; x_wconf 89' lang='lat' dir='ltr'>ibi</span> <span class='ocrx_word' id='word_1_529' title='bbox 1868 1850 2079 1886; x_wconf 86' lang='lat' dir='ltr'>edifficandas,</span> <span class='ocrx_word' id='word_1_530' title='bbox 2104 1857 2134 1880; x_wconf 90' lang='lat' dir='ltr'>et</span> <span class='ocrx_word' id='word_1_531' title='bbox 2156 1851 2247 1880; x_wconf 88' lang='lat' dir='ltr'>nobis</span> 
     </span>
     <span class='ocr_line' id='line_1_85' title="bbox 1341 1899 2248 1939; baseline -0.001 -10"><span class='ocrx_word' id='word_1_532' title='bbox 1341 1900 1451 1929; x_wconf 86' lang='lat' dir='ltr'>darent</span> <span class='ocrx_word' id='word_1_533' title='bbox 1465 1899 1521 1929; x_wconf 87' lang='lat' dir='ltr'>XX</span> <span class='ocrx_word' id='word_1_534' title='bbox 1533 1900 1668 1929; x_wconf 83' lang='lat' dir='ltr'>francos.</span> <span class='ocrx_word' id='word_1_535' title='bbox 1682 1899 1721 1928; x_wconf 90' lang='lat' dir='ltr'>Et</span> <span class='ocrx_word' id='word_1_536' title='bbox 1735 1899 1793 1929; x_wconf 85' lang='lat' dir='ltr'>iste</span> <span class='ocrx_word' id='word_1_537' title='bbox 1807 1900 1916 1929; x_wconf 86' lang='lat' dir='ltr'>modus</span> <span class='ocrx_word' id='word_1_538' title='bbox 1929 1899 2014 1929; x_wconf 91' lang='lat' dir='ltr'>nullo</span> <span class='ocrx_word' id='word_1_539' title='bbox 2027 1900 2118 1929; x_wconf 93' lang='lat' dir='ltr'>modo</span> <span class='ocrx_word' id='word_1_540' title='bbox 2134 1899 2248 1939; x_wconf 88' lang='lat' dir='ltr'>placuit</span> 
     </span>
     <span class='ocr_line' id='line_1_86' title="bbox 1340 1947 2245 1988; baseline -0.001 -10"><span class='ocrx_word' id='word_1_541' title='bbox 1340 1949 1473 1978; x_wconf 88' lang='lat' dir='ltr'>nacioni.</span> <span class='ocrx_word' id='word_1_542' title='bbox 1493 1949 1539 1978; x_wconf 78' lang='lat'>2¹¹·</span> <span class='ocrx_word' id='word_1_543' title='bbox 1559 1949 1707 1978; x_wconf 81' lang='lat' dir='ltr'>articulus</span> <span class='ocrx_word' id='word_1_544' title='bbox 1732 1949 1787 1978; x_wconf 86' lang='lat' dir='ltr'>suit</span> <span class='ocrx_word' id='word_1_545' title='bbox 1805 1949 1842 1977; x_wconf 90' lang='lat' dir='ltr'>de</span> <span class='ocrx_word' id='word_1_546' title='bbox 1864 1947 2149 1988; x_wconf 82' lang='lat' dir='ltr'>supplicacionibus</span> <span class='ocrx_word' id='word_1_547' title='bbox 2174 1955 2245 1984; x_wconf 86' lang='lat' dir='ltr'>etc.,</span> 
     </span>
     <span class='ocr_line' id='line_1_87' title="bbox 1340 1997 1624 2027; baseline 0 0"><span class='ocrx_word' id='word_1_548' title='bbox 1340 2004 1371 2027; x_wconf 89' lang='lat' dir='ltr'>et</span> <span class='ocrx_word' id='word_1_549' title='bbox 1387 1999 1425 2027; x_wconf 90' lang='lat' dir='ltr'>de</span> <span class='ocrx_word' id='word_1_550' title='bbox 1442 1998 1501 2027; x_wconf 93' lang='lat' dir='ltr'>hoc</span> <span class='ocrx_word' id='word_1_551' title='bbox 1518 1997 1624 2027; x_wconf 87' lang='lat' dir='ltr'>nichil.</span> 
     </span>
    </p>
   </div>
   <div class='ocr_carea' id='block_1_20' title="bbox 1748 2050 1847 2080">
    <p class='ocr_par' dir='ltr' id='par_1_22' title="bbox 1748 2050 1847 2080">
     <span class='ocr_line' id='line_1_88' title="bbox 1748 2050 1847 2080; baseline -0.01 0"><span class='ocrx_word' id='word_1_552' title='bbox 1748 2050 1847 2080; x_wconf 82' lang='lat'>1394</span> 
     </span>
    </p>
   </div>
   <div class='ocr_carea' id='block_1_21' title="bbox 1380 2116 2205 2158">
    <p class='ocr_par' dir='ltr' id='par_1_23' title="bbox 1380 2116 2205 2158">
     <span class='ocr_line' id='line_1_89' title="bbox 1380 2116 2205 2158; baseline -0.001 -11"><span class='ocrx_word' id='word_1_553' title='bbox 1380 2116 1470 2148; x_wconf 85' lang='lat' dir='ltr'>Acta</span> <span class='ocrx_word' id='word_1_554' title='bbox 1486 2117 1522 2147; x_wconf 93' lang='lat' dir='ltr'>in</span> <span class='ocrx_word' id='word_1_555' title='bbox 1536 2117 1800 2158; x_wconf 84' lang='lat' dir='ltr'>procuratoria</span> <span class='ocrx_word' id='word_1_556' title='bbox 1817 2117 1964 2148; x_wconf 83' lang='lat' dir='ltr'>Andree</span> <span class='ocrx_word' id='word_1_557' title='bbox 1978 2118 2020 2147; x_wconf 87' lang='lat' dir='ltr'>de</span> <span class='ocrx_word' id='word_1_558' title='bbox 2037 2117 2205 2147; x_wconf 86' lang='lat' dir='ltr'>Bavaria.</span> 
     </span>
    </p>
   </div>
   <div class='ocr_carea' id='block_1_22' title="bbox 1339 2193 2249 2622">
    <p class='ocr_par' dir='ltr' id='par_1_24' title="bbox 1339 2193 2249 2622">
     <span class='ocr_line' id='line_1_90' title="bbox 1380 2193 2248 2229; baseline -0.001 -6"><span class='ocrx_word' id='word_1_559' title='bbox 1380 2193 1472 2224; x_wconf 81' lang='lat' dir='ltr'>Anno</span> <span class='ocrx_word' id='word_1_560' title='bbox 1496 2193 1622 2223; x_wconf 88' lang='lat' dir='ltr'>Domini</span> <span class='ocrx_word' id='word_1_561' title='bbox 1649 2193 1695 2223; x_wconf 71' lang='grc' dir='ltr'>Μο</span> <span class='ocrx_word' id='word_1_562' title='bbox 1718 2193 1813 2224; x_wconf 83' lang='lat' dir='ltr'>CCC⁰</span> <span class='ocrx_word' id='word_1_563' title='bbox 1834 2193 1959 2229; x_wconf 86' lang='lat' dir='ltr'>XC111⁰‚</span> <span class='ocrx_word' id='word_1_564' title='bbox 1983 2193 2039 2222; x_wconf 74' lang='grc' dir='ltr'>ΧῙο</span> <span class='ocrx_word' id='word_1_565' title='bbox 2059 2194 2108 2222; x_wconf 87' lang='lat' dir='ltr'>die</span> <span class='ocrx_word' id='word_1_566' title='bbox 2134 2194 2248 2223; x_wconf 86' lang='lat' dir='ltr'>mensis</span> 
     </span>
     <span class='ocr_line' id='line_1_91' title="bbox 1339 2242 2249 2283; baseline -0.001 -11"><span class='ocrx_word' id='word_1_567' title='bbox 1339 2243 1492 2278; x_wconf 83' lang='lat' dir='ltr'>Januarii,</span> <span class='ocrx_word' id='word_1_568' title='bbox 1516 2243 1594 2272; x_wconf 83' lang='lat' dir='ltr'>sacta</span> <span class='ocrx_word' id='word_1_569' title='bbox 1614 2243 1860 2283; x_wconf 86' lang='lat' dir='ltr'>congregacione</span> <span class='ocrx_word' id='word_1_570' title='bbox 1882 2242 2020 2272; x_wconf 85' lang='lat' dir='ltr'>nacionis</span> <span class='ocrx_word' id='word_1_571' title='bbox 2043 2242 2154 2282; x_wconf 84' lang='lat' dir='ltr'>Anglie</span> <span class='ocrx_word' id='word_1_572' title='bbox 2174 2242 2249 2271; x_wconf 87' lang='lat' dir='ltr'>hora</span> 
     </span>
     <span class='ocr_line' id='line_1_92' title="bbox 1339 2291 2249 2332; baseline -0.002 -11"><span class='ocrx_word' id='word_1_573' title='bbox 1339 2292 1509 2332; x_wconf 86' lang='lat' dir='ltr'>primarum</span> <span class='ocrx_word' id='word_1_574' title='bbox 1526 2291 1575 2321; x_wconf 83' lang='lat' dir='ltr'>vel</span> <span class='ocrx_word' id='word_1_575' title='bbox 1588 2291 1712 2321; x_wconf 89' lang='lat' dir='ltr'>circiter</span> <span class='ocrx_word' id='word_1_576' title='bbox 1726 2292 1807 2331; x_wconf 88' lang='lat' dir='ltr'>apud</span> <span class='ocrx_word' id='word_1_577' title='bbox 1824 2291 1967 2321; x_wconf 88' lang='lat' dir='ltr'>Sanctum</span> <span class='ocrx_word' id='word_1_578' title='bbox 1983 2291 2135 2320; x_wconf 77' lang='lat' dir='ltr'>sulianum</span> <span class='ocrx_word' id='word_1_579' title='bbox 2155 2301 2249 2331; x_wconf 85' lang='lat' dir='ltr'>super</span> 
     </span>
     <span class='ocr_line' id='line_1_93' title="bbox 1341 2340 2249 2379; baseline -0.002 -9"><span class='ocrx_word' id='word_1_580' title='bbox 1341 2341 1441 2371; x_wconf 86' lang='lat' dir='ltr'>tribus</span> <span class='ocrx_word' id='word_1_581' title='bbox 1456 2340 1606 2370; x_wconf 88' lang='lat' dir='ltr'>articulis.</span> <span class='ocrx_word' id='word_1_582' title='bbox 1623 2340 1748 2370; x_wconf 89' lang='lat' dir='ltr'>Primus</span> <span class='ocrx_word' id='word_1_583' title='bbox 1767 2346 1832 2370; x_wconf 87' lang='lat' dir='ltr'>erat</span> <span class='ocrx_word' id='word_1_584' title='bbox 1847 2341 1884 2369; x_wconf 88' lang='lat' dir='ltr'>ad</span> <span class='ocrx_word' id='word_1_585' title='bbox 1903 2340 2076 2379; x_wconf 87' lang='lat' dir='ltr'>eligendum</span> <span class='ocrx_word' id='word_1_586' title='bbox 2100 2350 2249 2379; x_wconf 80' lang='lat' dir='ltr'>procura-</span> 
     </span>
     <span class='ocr_line' id='line_1_94' title="bbox 1341 2389 2248 2428; baseline -0.001 -9"><span class='ocrx_word' id='word_1_587' title='bbox 1341 2395 1440 2419; x_wconf 85' lang='lat' dir='ltr'>torem</span> <span class='ocrx_word' id='word_1_588' title='bbox 1463 2389 1512 2419; x_wconf 82' lang='lat' dir='ltr'>vel</span> <span class='ocrx_word' id='word_1_589' title='bbox 1535 2390 1574 2419; x_wconf 90' lang='lat' dir='ltr'>ad</span> <span class='ocrx_word' id='word_1_590' title='bbox 1595 2389 1834 2419; x_wconf 88' lang='lat' dir='ltr'>continuandum</span> <span class='ocrx_word' id='word_1_591' title='bbox 1862 2389 2031 2428; x_wconf 85' lang='lat' dir='ltr'>antiquum.</span> <span class='ocrx_word' id='word_1_592' title='bbox 2054 2390 2099 2417; x_wconf 84' lang='lat'><strong>2···</strong></span> <span class='ocrx_word' id='word_1_593' title='bbox 2123 2395 2188 2418; x_wconf 82' lang='lat' dir='ltr'>erat</span> <span class='ocrx_word' id='word_1_594' title='bbox 2210 2390 2248 2418; x_wconf 88' lang='lat' dir='ltr'>ad</span> 
     </span>
     <span class='ocr_line' id='line_1_95' title="bbox 1341 2438 2248 2478; baseline -0.002 -10"><span class='ocrx_word' id='word_1_595' title='bbox 1341 2439 1526 2469; x_wconf 88' lang='lat' dir='ltr'>audiendum</span> <span class='ocrx_word' id='word_1_596' title='bbox 1539 2445 1713 2478; x_wconf 88' lang='lat' dir='ltr'>compotum</span> <span class='ocrx_word' id='word_1_597' title='bbox 1732 2438 1914 2477; x_wconf 77' lang='lat' dir='ltr'>receptoria.</span> <span class='ocrx_word' id='word_1_598' title='bbox 1931 2439 1977 2466; x_wconf 82' lang='lat'>3¹¹·</span> <span class='ocrx_word' id='word_1_599' title='bbox 1992 2444 2056 2467; x_wconf 88' lang='lat' dir='ltr'>erat</span> <span class='ocrx_word' id='word_1_600' title='bbox 2068 2447 2162 2477; x_wconf 85' lang='lat' dir='ltr'>supcr</span> <span class='ocrx_word' id='word_1_601' title='bbox 2177 2448 2248 2477; x_wconf 83' lang='lat' dir='ltr'>sup-</span> 
     </span>
     <span class='ocr_line' id='line_1_96' title="bbox 1340 2485 2249 2527; baseline -0.002 -10"><span class='ocrx_word' id='word_1_602' title='bbox 1340 2487 1566 2527; x_wconf 86' lang='lat' dir='ltr'>plicacionibus</span> <span class='ocrx_word' id='word_1_603' title='bbox 1581 2493 1612 2517; x_wconf 89' lang='lat' dir='ltr'>et</span> <span class='ocrx_word' id='word_1_604' title='bbox 1633 2485 1766 2527; x_wconf 83' lang='lat' dir='ltr'>injuriis.</span> <span class='ocrx_word' id='word_1_605' title='bbox 1786 2487 1831 2516; x_wconf 95' lang='lat' dir='ltr'>De</span> <span class='ocrx_word' id='word_1_606' title='bbox 1848 2487 1947 2526; x_wconf 85' lang='lat' dir='ltr'>primo</span> <span class='ocrx_word' id='word_1_607' title='bbox 1965 2486 2080 2516; x_wconf 89' lang='lat' dir='ltr'>electus</span> <span class='ocrx_word' id='word_1_608' title='bbox 2099 2486 2154 2516; x_wconf 79' lang='lat' dir='ltr'>suit</span> <span class='ocrx_word' id='word_1_609' title='bbox 2173 2497 2249 2516; x_wconf 88' lang='lat' dir='ltr'>con-</span> 
     </span>
     <span class='ocr_line' id='line_1_97' title="bbox 1341 2535 2249 2566; baseline -0.002 0"><span class='ocrx_word' id='word_1_610' title='bbox 1341 2537 1478 2566; x_wconf 90' lang='lat' dir='ltr'>corditer</span> <span class='ocrx_word' id='word_1_611' title='bbox 1492 2536 1634 2566; x_wconf 86' lang='lat' dir='ltr'>Andreas</span> <span class='ocrx_word' id='word_1_612' title='bbox 1649 2537 1687 2566; x_wconf 87' lang='lat' dir='ltr'>de</span> <span class='ocrx_word' id='word_1_613' title='bbox 1701 2535 1841 2566; x_wconf 82' lang='lat' dir='ltr'>Bavaria.</span> <span class='ocrx_word' id='word_1_614' title='bbox 1860 2535 1906 2565; x_wconf 89' lang='lat' dir='ltr'>De</span> <span class='ocrx_word' id='word_1_615' title='bbox 1921 2535 1991 2565; x_wconf 84' lang='lat' dir='ltr'>aliis</span> <span class='ocrx_word' id='word_1_616' title='bbox 2007 2535 2099 2564; x_wconf 87' lang='lat' dir='ltr'>nichil</span> <span class='ocrx_word' id='word_1_617' title='bbox 2118 2535 2173 2565; x_wconf 83' lang='lat' dir='ltr'>suit</span> <span class='ocrx_word' id='word_1_618' title='bbox 2188 2536 2249 2565; x_wconf 83' lang='lat' dir='ltr'>sac-</span> 
     </span>
     <span class='ocr_line' id='line_1_98' title="bbox 1342 2591 1491 2622; baseline 0 -7"><span class='ocrx_word' id='word_1_619' title='bbox 1342 2591 1416 2622; x_wconf 79' lang='lat' dir='ltr'>tum,</span> <span class='ocrx_word' id='word_1_620' title='bbox 1433 2591 1491 2615; x_wconf 92' lang='lat' dir='ltr'>etc.</span> 
     </span>
    </p>
   </div>
   <div class='ocr_carea' id='block_1_23' title="bbox 1749 2637 1847 2668">
    <p class='ocr_par' dir='ltr' id='par_1_25' title="bbox 1749 2637 1847 2668">
     <span class='ocr_line' id='line_1_99' title="bbox 1749 2637 1847 2668; baseline -0.01 -1"><span class='ocrx_word' id='word_1_621' title='bbox 1749 2637 1847 2668; x_wconf 81' lang='lat'>1³94</span> 
     </span>
    </p>
   </div>
   <div class='ocr_carea' id='block_1_24' title="bbox 1381 2703 2208 2783">
    <p class='ocr_par' dir='ltr' id='par_1_26' title="bbox 1381 2703 2208 2783">
     <span class='ocr_line' id='line_1_100' title="bbox 1381 2703 2208 2746; baseline -0.004 -10"><span class='ocrx_word' id='word_1_622' title='bbox 1381 2706 1471 2736; x_wconf 79' lang='lat' dir='ltr'>Acta</span> <span class='ocrx_word' id='word_1_623' title='bbox 1489 2706 1525 2736; x_wconf 90' lang='lat' dir='ltr'>in</span> <span class='ocrx_word' id='word_1_624' title='bbox 1549 2705 1810 2746; x_wconf 88' lang='lat' dir='ltr'>procuratoria</span> <span class='ocrx_word' id='word_1_625' title='bbox 1835 2703 2007 2744; x_wconf 83' lang='lat' dir='ltr'>magistri</span> <span class='ocrx_word' id='word_1_626' title='bbox 2027 2703 2208 2733; x_wconf 86' lang='lat' dir='ltr'>Johannis</span> 
     </span>
     <span class='ocr_line' id='line_1_101' title="bbox 1679 2753 1916 2783; baseline -0.008 0"><span class='ocrx_word' id='word_1_627' title='bbox 1679 2755 1721 2783; x_wconf 90' lang='lat' dir='ltr'>de</span> <span class='ocrx_word' id='word_1_628' title='bbox 1745 2753 1916 2783; x_wconf 85' lang='lat' dir='ltr'>Moravia.</span> 
     </span>
    </p>
   </div>
   <div class='ocr_carea' id='block_1_25' title="bbox 1382 2827 2253 2870">
    <p class='ocr_par' dir='ltr' id='par_1_27' title="bbox 1382 2827 2253 2870">
     <span class='ocr_line' id='line_1_102' title="bbox 1382 2827 2253 2870; baseline -0.003 -10"><span class='ocrx_word' id='word_1_629' title='bbox 1382 2830 1500 2860; x_wconf 75' lang='lat' dir='ltr'>indicta</span> <span class='ocrx_word' id='word_1_630' title='bbox 1527 2829 1773 2870; x_wconf 83' lang='lat' dir='ltr'>congregacione</span> <span class='ocrx_word' id='word_1_631' title='bbox 1804 2828 1943 2858; x_wconf 86' lang='lat' dir='ltr'>nacionis</span> <span class='ocrx_word' id='word_1_632' title='bbox 1971 2827 2143 2868; x_wconf 78' lang='lat' dir='ltr'>Anglicane</span> <span class='ocrx_word' id='word_1_633' title='bbox 2174 2827 2253 2857; x_wconf 81' lang='lat' dir='ltr'>hora</span> 
     </span>
    </p>
   </div>
   <div class='ocr_carea' id='block_1_26' title="bbox 1373 2943 1895 2978">
    <p class='ocr_par' dir='ltr' id='par_1_28' title="bbox 1373 2943 1895 2978">
     <span class='ocr_line' id='line_1_103' title="bbox 1373 2943 1895 2978; baseline -0.006 -8"><span class='ocrx_word' id='word_1_634' title='bbox 1373 2946 1396 2970; x_wconf 79' lang='grc'>8.</span> <span class='ocrx_word' id='word_1_635' title='bbox 1431 2946 1484 2978; x_wconf 73' lang='lat' dir='ltr'>Qui</span> <span class='ocrx_word' id='word_1_636' title='bbox 1493 2948 1553 2969; x_wconf 72' lang='lat' dir='ltr'>tune</span> <span class='ocrx_word' id='word_1_637' title='bbox 1564 2945 1615 2976; x_wconf 75' lang='lat' dir='ltr'>suit</span> <span class='ocrx_word' id='word_1_638' title='bbox 1624 2944 1757 2969; x_wconf 67' lang='lat' dir='ltr'>soh-nnn·</span> <span class='ocrx_word' id='word_1_639' title='bbox 1773 2943 1895 2968; x_wconf 69' lang='lat' dir='ltr'>Minonis.</span> 
     </span>
    </p>
   </div>
  </div>
 </body>
</html>
