2632 3464
459 433 510 458 595

459 510 547 542 festo,
567 507 766 536 deliberatum
788 505 843 534 suit
860 514 916 543 per
931 502 1074 542 majorem
1092 508 1207 541 partem
1224 501 1362 530 nacionis

458 565 528 587 tunc
549 557 578 585 in
597 554 841 594 congregacione
862 552 1032 586 existentis,
1053 551 1136 590 quod
1154 561 1215 579 non
1234 549 1363 589 expedi-

458 613 505 635 ret
520 606 631 634 habere
645 610 786 633 cantores
802 603 919 631 alienos
935 607 963 630 et
977 600 1127 640 speciales
1144 600 1200 628 sub
1216 599 1362 638 expensis

460 655 608 689 nacionis,
631 654 683 682 sed
704 653 785 691 quod
808 651 937 690 quilibet
953 660 1019 678 voce
1038 650 1196 677 [limanica
1214 655 1361 683 cantaret,

460 712 569 743 quanto
601 703 717 731 dulcius
738 703 836 735 sciret,
856 707 884 729 et
909 700 990 738 quod
1019 698 1159 727 bedellus
1186 697 1306 726 videret
1324 697 1362 725 de

460 752 648 783 ornamentis
682 751 707 779 si
743 750 856 789 poterit
885 748 1007 777 aliunde
1040 747 1209 775 concedere
1245 747 1362 785 absque

459 801 604 841 expensis
620 799 769 828 nacionis.
785 798 822 827 Et
838 798 931 826 eciam
947 807 1004 836 pro
1023 795 1130 835 majori
1145 802 1232 834 parte
1244 794 1362 823 delibe-

459 858 556 880 ratum
574 850 639 883 suit,
657 849 737 887 quod
757 848 938 876 haberemus
954 845 1127 884 prandium,
1147 851 1177 873 et
1192 844 1275 883 quod
1290 843 1361 883 qui-

459 901 534 929 libet
546 899 761 938 magistrorum
778 895 915 924 nacionis
929 894 1098 933 Anglicane
1112 894 1198 922 daret
1212 900 1276 922 tres
1290 892 1361 922 soli-

458 951 527 984 dos,
547 955 576 977 et
592 947 678 976 nacio
698 945 873 985 provideret
890 945 926 972 de
940 944 1076 972 residuo.
1093 942 1132 971 Et
1146 942 1204 971 hoc
1215 943 1253 970 de
1269 942 1362 981 magi-

463 998 536 1027 stris
551 997 581 1026 in
594 996 724 1035 prandio
740 994 952 1027 existentibus,
970 993 1041 1031 quia
1054 992 1142 1020 nacio
1158 1001 1220 1020 non
1236 990 1363 1020 haberet

462 1056 600 1085 magnam
617 1045 786 1084 pecuniam,
805 1049 837 1071 ut
852 1042 955 1071 retulit
970 1041 1112 1070 dominus
1126 1046 1279 1079 receptor.

502 1096 575 1124 ltem
590 1093 742 1123 sedecima
760 1093 809 1121 die
827 1091 942 1120 mensis
958 1090 1142 1120 Novembris
1158 1089 1267 1128 prefati
1286 1089 1361 1118 facta

461 1143 705 1183 congregacione
729 1140 946 1170 Universitatis
971 1149 1026 1178 per
1043 1138 1265 1178 juramentum,
1292 1145 1362 1177 post

461 1195 491 1222 in
510 1194 612 1222 eadem
634 1192 709 1220 hora
731 1191 807 1219 facta
827 1188 1071 1228 congregacione
1093 1188 1230 1216 nacionis
1251 1187 1363 1226 Angli-

460 1253 533 1271 eane
550 1242 629 1280 apud
648 1241 790 1269 Sanctum
807 1238 993 1267 Maturinum
1009 1238 1046 1266 ad
1061 1237 1232 1266 habendum
1247 1246 1363 1276 procu-

461 1298 592 1325 ratores,
613 1289 664 1329 qui
684 1289 832 1317 haberent
848 1297 949 1316 emere
967 1293 996 1316 et
1014 1286 1159 1315 ordinare
1177 1286 1214 1314 de
1231 1285 1363 1325 prandio

462 1341 529 1369 festi
559 1338 708 1372 nacionis,
739 1344 768 1366 et
791 1347 829 1365 an
860 1336 1019 1375 expediret
1048 1335 1161 1364 habere
1193 1341 1222 1363 et
1251 1344 1363 1374 rogare

460 1390 535 1418 alias
553 1397 703 1428 personas
720 1393 749 1415 et
767 1386 896 1415 invitare
911 1386 948 1414 de
964 1385 1092 1413 nacione
1108 1384 1290 1423 Anglicana,
1310 1383 1363 1423 qui

461 1449 523 1467 non
547 1443 651 1467 essent
676 1435 813 1475 magistri
837 1435 950 1463 arcium
976 1434 1127 1468 Parisins,
1151 1434 1188 1462 de
1211 1432 1364 1462 communi

460 1497 612 1517 consensu
631 1492 660 1514 et
678 1484 811 1514 unanimi
832 1483 970 1512 nacionis
989 1483 1077 1512 electi
1096 1483 1218 1511 suerunt
1240 1482 1270 1510 in
1292 1491 1363 1520 pro-

460 1543 618 1565 curatores
638 1534 784 1573 magister
800 1533 955 1562 Jordanus
975 1533 1012 1560 de
1034 1531 1142 1565 Clivis,
1164 1531 1216 1570 qui
1237 1531 1365 1560 deberet

459 1596 496 1614 ex
514 1585 611 1613 officio
625 1584 695 1623 quia
709 1589 853 1621 receptor
871 1581 1021 1616 nacionis,
1043 1580 1191 1620 magister
1207 1579 1364 1609 Johannes

461 1633 619 1667 Lubberti,
644 1632 790 1671 magister
819 1630 904 1670 Gyso
932 1631 1054 1669 Duysse
1079 1630 1117 1658 de
1142 1629 1308 1668 Rafingen,
1335 1635 1365 1658 et

460 1683 608 1722 magister
632 1681 784 1710 Henricus
803 1681 840 1709 de
860 1680 946 1708 Rane
968 1679 1088 1708 Scotus.
1114 1679 1152 1707 Et
1167 1679 1262 1707 eciam
1282 1679 1365 1717 quod

460 1743 522 1761 non
538 1731 698 1770 expediret
721 1730 841 1768 aliquos
858 1729 907 1758 vel
925 1729 1055 1767 aliquem
1074 1728 1198 1756 invitari
1215 1728 1253 1756 ad
1271 1737 1365 1766 pran-

460 1781 554 1815 dium,
570 1780 631 1809 nisi
646 1779 811 1819 magistros
824 1778 938 1807 arcium
953 1777 1091 1806 nacionis
1105 1777 1256 1806 Parisius.

864 1871 960 1900 1380

501 1946 572 1985 (Fol.
597 1945 643 1983 93)
676 1944 763 1973 Acta
795 1950 879 1973 sunt
906 1943 970 1972 hee
1000 1943 1035 1971 in
1064 1942 1327 1982 procuratoria

557 1994 734 2033 magistri·
762 1992 915 2022 Henrici
947 1993 989 2021 de
1021 1992 1119 2020 Rane
1148 1991 1266 2020 Scoti.

499 2075 589 2104 Anno
617 2074 740 2103 Domini
765 2073 927 2102 millesimo
958 2072 1174 2101 trecentesimo
1208 2071 1363 2107 Lxxxm⁰‚

460 2125 549 2153 XX¹¹¹⁰
567 2125 615 2153 die
641 2123 756 2152 mensis
779 2122 975 2156 Novembris,
999 2121 1030 2150 in
1060 2121 1165 2161 vigilia
1188 2121 1285 2150 sancti
1306 2121 1366 2149 Ed-

461 2173 565 2202 mundi
587 2173 688 2212 regis,
709 2173 785 2200 facta
804 2171 859 2200 fuit
878 2170 1083 2210 congregacio
1103 2170 1241 2199 nacionis
1259 2169 1366 2209 Angli-

461 2233 534 2251 cane
557 2222 631 2250 hora
657 2221 823 2260 primarum
845 2220 925 2259 apud
954 2220 1096 2248 Sanctum
1120 2219 1306 2248 Maturinum
1328 2219 1366 2248 ad

462 2277 692 2310 procuratorem
711 2269 899 2308 eligendum,
915 2275 945 2297 et
959 2269 996 2297 ad
1009 2274 1182 2307 compotum
1195 2268 1366 2306 receptoris

460 2320 655 2354 audiendum,
670 2319 700 2347 in
718 2329 778 2357 qua
794 2317 1039 2357 congregacione
1055 2317 1170 2345 electus
1184 2317 1239 2346 suit
1252 2316 1283 2345 in
1297 2327 1366 2356 pro-

462 2375 632 2397 curatorem
656 2368 736 2396 dicte
759 2367 897 2395 nacionis
921 2367 957 2394 ab
978 2366 1119 2394 omnibus
1138 2365 1294 2405 magistris
1314 2365 1367 2394 illo

462 2424 599 2457 tempore
622 2417 653 2445 in
676 2416 922 2455 congregacione
947 2415 1150 2444 existentibus
1173 2414 1368 2443 concorditer

462 2466 545 2495 nullo
562 2466 744 2495 reclamante
759 2465 906 2503 magister
923 2463 1076 2492 Henricus
1090 2465 1126 2492 de
1141 2464 1226 2492 Rane
1243 2463 1366 2499 Scotus,

463 2515 514 2553 qui
538 2516 643 2543 eodem
660 2515 720 2548 die,
738 2519 831 2553 prout
849 2512 1049 2541 deliberatum
1068 2519 1133 2541 erat
1152 2522 1207 2551 per
1222 2511 1367 2551 majorem

462 2570 578 2602 partem
600 2563 738 2592 nacionis
764 2562 876 2590 ibidem
897 2567 968 2590 tune
986 2561 1157 2596 existentis,
1175 2561 1266 2590 solvit
1284 2562 1367 2589 fran-

463 2623 529 2641 cum
555 2623 612 2651 pro
638 2612 735 2651 prima
762 2610 974 2650 procuratoria
997 2620 1062 2645 sua,
1089 2610 1168 2638 sicut
1188 2616 1365 2639 consuetum

464 2668 536 2690 erat.
553 2662 586 2689 In
604 2660 689 2700 cujus
703 2659 918 2699 procuratoria
934 2665 998 2688 acta
1012 2665 1082 2687 sunt
1098 2669 1156 2697 que
1170 2665 1325 2687 secuntur.

505 2710 538 2738 ln
573 2709 682 2748 primis
711 2709 742 2737 in
770 2709 874 2737 eadem
907 2707 1152 2747 congregacione
1182 2707 1369 2746 computavit

464 2759 606 2787 dominus
630 2764 773 2796 receptor
793 2757 946 2791 nacionis,
968 2756 1112 2785 videlicet
1132 2757 1279 2796 magister
1295 2756 1367 2785 Jor-

496 2846 517 2868 1.
552 2847 598 2869 Ms.
614 2846 685 2868 aditu
698 2845 763 2876 regi.

496 2882 517 2903 2.
554 2881 688 2911 Hugonem
703 2881 820 2903 Aubriot.

496 2918 517 2939 3.
556 2917 610 2939 Vid.
623 2916 750 2943 Chartu1.,
770 2916 813 2942 111,
827 2916 936 2938 n01454.

495 2952 518 2974 li.
552 2952 695 2974 Johannem
708 2951 738 2974 de
750 2951 865 2982 Angusia
882 2951 996 2974 Scotum.

999 425 1216 452 AL'CTARIUM
1236 424 1495 450 CHARTULARII
1520 425 1693 452 UNIVERS.
1715 426 1832 454 PARIS,

1400 945 1433 970 10

1401 1191 1434 1216 15

1402 1437 1435 1462 20

1403 1683 1436 1708 25

1403 1928 1437 1954 30

1405 2174 1437 2199 35

1405 2418 1438 2444 40

1406 2662 1438 2687 45

2324 427 2376 454 596

1472 502 1570 531 danus
1589 502 1626 530 de
1644 501 1760 542 Clyvys
1775 502 1806 532 in
1824 503 1987 542 presencia
2004 503 2139 532 omnium
2157 503 2375 543 magistrorum

1472 556 1602 589 protunc
1635 551 1748 581 ibidem
1777 552 1989 587 existencium‚
2014 553 2066 592 qui
2087 552 2210 592 quidem
2229 553 2377 592 magister

1471 599 1625 629 Jordanus
1649 606 1793 640 receptor
1813 601 1972 640 predictus
1995 601 2139 630 omnibus
2159 602 2374 641 computandis

1472 649 1655 688 computatis
1672 656 1804 688 protunc
1824 650 1985 679 tenebatur
2003 650 2084 679 ultra
2098 650 2239 689 exposita
2254 650 2377 680 nacioni

1472 698 1610 736 predicte
1628 698 1659 727 in
1673 698 1734 728 XII
1750 698 1851 733 libris,
1868 698 1923 727 XV
1936 699 2056 733 solidis,
2074 705 2103 728 et
2120 698 2163 728 111
2180 699 2327 729 denariis.

1512 746 1587 776 Item
1607 748 1684 776 sacta
1698 748 1944 787 congregacione
1958 747 2178 778 Universitatis
2191 749 2272 787 apud
2285 748 2377 778 Sanc-

1471 801 1533 824 tum
1556 796 1743 826 Maturinum
1766 796 1908 826 XXllll¹⁰
1931 797 1980 826 die
2002 797 2118 826 mensis
2136 797 2321 827 Novembris
2346 797 2377 826 in

1471 845 1562 874 nonis
1582 845 1695 874 Nostre
1720 846 1852 875 Domine
1874 847 1912 875 ad
1937 846 2141 875 ordinandum
2168 847 2206 875 de
2228 846 2311 875 aditu
2340 847 2378 875 ad

1472 893 1596 933 regem⁴
1618 904 1675 934 pro
1696 895 1835 924 faciendo
1856 894 1914 924 sibi
1937 895 2070 924 debitam
2088 895 2296 924 reverenciam
2322 904 2378 934 per

1472 942 1710 973 Universitatem
1730 949 1759 972 et
1778 944 1815 972 ad
1836 945 2072 983 proponendum
2093 944 2152 973 sibi
2173 943 2302 983 injurias
2319 953 2376 983 per

1472 992 1664 1031 prepositum
1693 992 1926 1021 Parisiensem²
1953 992 2155 1022 Universitati
2179 993 2274 1022 factas
2300 999 2378 1022 tem-

1471 1050 1548 1080 pore
1562 1041 1679 1070 funeris
1691 1041 1777 1080 regis
1792 1041 1896 1070 Karoli
1913 1041 2020 1071 ultimo
2038 1042 2173 1071 defuncti
2184 1041 2208 1077 ³,
2229 1041 2379 1071 delibera-

1471 1097 1533 1119 tum
1551 1090 1607 1119 fuit
1624 1090 1820 1119 concorditer
1832 1100 1889 1130 per
1903 1100 2010 1120 omnes
2025 1090 2194 1126 facultates,
2212 1091 2296 1130 quod
2312 1090 2379 1119 adi-

1473 1145 1559 1168 retur
1579 1149 1635 1168 rex
1661 1139 1692 1167 in
1715 1139 1851 1168 crastino
1875 1139 1925 1168 die
1946 1149 2003 1178 per
2023 1139 2198 1169 rectorem⁴
2221 1146 2251 1169 et
2276 1146 2379 1169 certos

1473 1189 1636 1227 deputatos
1654 1198 1714 1217 una
1730 1198 1796 1217 cum
1813 1188 1970 1228 magistris
1983 1188 2164 1228 regentibus
2181 1195 2309 1218 tantum.

1513 1237 1587 1266 Item
1602 1237 1723 1266 XXVIto
1735 1237 1785 1266 die
1801 1237 1916 1267 mensis
1931 1236 2068 1277 ejusdem
2082 1238 2159 1267 facta
2174 1237 2229 1267 fuit
2245 1247 2380 1277 congre-

1472 1286 1558 1326 gacio
1577 1285 1794 1315 Universitatis
1814 1287 1895 1325 apud
1914 1286 2146 1316 Bernartistas⁵
2167 1287 2198 1316 in
2216 1286 2292 1315 hora
2313 1286 2381 1326 pri-

1474 1345 1589 1364 marum
1601 1335 1715 1365 Nostre
1727 1335 1857 1364 Domine
1868 1345 1925 1374 per
1931 1334 2138 1375 juramentum
2149 1336 2187 1364 ad
2196 1335 2380 1365 audiendum

1474 1384 1659 1413 relacionem
1676 1384 1892 1423 responsionis
1913 1384 1998 1424 regis
2016 1391 2046 1414 et
2062 1385 2099 1413 ad
2117 1384 2323 1414 ordinandum
2341 1385 2379 1414 de

1474 1434 1565 1462 modo
1578 1433 1718 1462 ulteriori
1732 1433 1942 1472 prosequendi
1952 1443 2074 1462 causam
2087 1433 2255 1473 predictam
2268 1439 2380 1463 motam

1474 1489 1582 1512 contra
1604 1482 1808 1522 prepositum,
1829 1482 1861 1510 in
1881 1492 1941 1522 qua
1963 1482 2211 1522 congregacione
2231 1488 2297 1511 acta
2314 1482 2381 1512 fue-

1474 1538 1546 1560 runt
1561 1541 1620 1570 que
1633 1538 1791 1566 secuntur.

1516 1580 1621 1609 Primo
1650 1580 1882 1620 regraciabatur
1912 1579 1979 1620 regi
2014 1586 2044 1609 et
2070 1580 2134 1609 suis
2161 1579 2321 1609 avunculis
2347 1589 2383 1609 ac

1474 1629 1617 1658 omnibus
1635 1629 1704 1658 aliis
1727 1629 1920 1669 magnatibus
1939 1628 2054 1658 ibidem
2073 1635 2206 1669 protunc
2225 1628 2381 1658 existenti-

1474 1680 1532 1708 bus
1551 1679 1588 1707 de
1603 1685 1691 1718 grata
1708 1684 1738 1707 et
1752 1678 1894 1707 benivola
1910 1678 2116 1718 responsione
2135 1679 2204 1707 data
2221 1677 2382 1707 Universi·

1475 1727 1527 1757 tati
1544 1729 1581 1757 de
1597 1727 1735 1757 articulis
1752 1727 1914 1766 presencie
1932 1737 1987 1756 sue
2001 1727 2186 1767 propositis.
2210 1727 2284 1756 Item
2302 1726 2381 1756 deli-

1475 1778 1614 1806 beratum
1630 1782 1694 1806 erat
1711 1776 1909 1806 concorditer
1926 1786 1981 1816 per
1996 1786 2102 1805 omnes
2121 1775 2278 1805 facultates
2298 1776 2381 1815 quod

1475 1826 1646 1855 solicitator
1664 1835 1754 1855 cause
1772 1825 1925 1865 reciperet
1945 1835 1999 1864 pre
2015 1825 2155 1854 manibus
2174 1825 2230 1854 XX
2246 1825 2380 1860 francos,

1475 1881 1505 1904 et
1520 1875 1602 1914 quod
1618 1875 1655 1903 de
1668 1874 1730 1903 illis
1743 1873 1894 1913 expositis
1909 1874 2054 1902 redderet
2066 1874 2179 1902 bonum
2194 1878 2379 1912 compotum.

1477 1924 1552 1953 Item
1577 1923 1778 1952 deliberatum
1800 1929 1866 1952 erat
1891 1923 2088 1951 concorditer·
2117 1923 2200 1962 quod
2227 1923 2322 1951 duces
2351 1927 2382 1951 et

1477 1972 1657 2012 prepositus
1677 1970 1902 2001 mercatorum⁶
1925 1971 2084 2000 adirentur
2104 1970 2307 2009 solempniter
2326 1979 2382 2009 per

1477 2021 1719 2051 Universitatem
1746 2030 1805 2060 pro
1836 2019 2014 2049 reverencia
2049 2020 2095 2048 eis
2131 2019 2319 2054 adhibenda,
2349 2025 2383 2048 ut

1475 2071 1681 2099 mediantibus
1710 2079 1815 2098 eorum
1845 2069 1985 2098 conciliis
2013 2075 2044 2098 et
2074 2068 2197 2097 auxiliis
2228 2068 2324 2097 cicius
2350 2067 2382 2096 in

1480 2129 1571 2148 causa
1585 2129 1642 2158 pro
1659 2119 1789 2148 utilitate
1810 2118 2029 2148 Universitatis
2044 2117 2291 2147 concluderetur.
2307 2117 2382 2146 Item

1477 2168 1679 2198 deliberatum
1698 2174 1763 2197 erat
1780 2169 1863 2207 quod
1883 2167 1972 2206 copia
1986 2165 2233 2196 confirmacionis
2253 2165 2383 2206 privile-

1475 2218 1597 2257 giorum
1616 2223 1849 2256 presentaretur
1868 2216 2055 2245 conciliariis
2073 2215 2158 2254 regis
2178 2224 2236 2255 pro
2249 2225 2382 2244 renova-

1477 2267 1564 2296 cione
1580 2265 1826 2295 confirmacionis
1843 2266 2010 2294 eorundem
2023 2264 2199 2304 optinenda.

1877 2358 1973 2388 1380

1476 2430 1565 2460 Acta
1595 2436 1680 2459 sunt
1711 2439 1780 2468 que
1810 2435 2018 2468 sequuntur
2048 2429 2084 2457 in
2121 2427 2383 2468 procuratoria

1552 2479 1727 2519 magistri
1755 2478 1934 2507 Johannis
1953 2476 2162 2506 Forestarii
2190 2476 2306 2506 scoti.

1518 2559 1551 2588 ln
1572 2559 1681 2598 primis
1700 2559 1776 2587 facta
1792 2557 2036 2597 congregacione
2054 2556 2193 2586 nacionis
2211 2556 2382 2596 Anglicane

1476 2609 1557 2647 apud
1597 2608 1740 2637 Sanctum
1778 2607 1931 2636 Julianum
1963 2606 2038 2635 hora
2069 2606 2237 2645 primarum
2270 2605 2383 2635 Nostre

1477 2657 1609 2686 Domine
1629 2657 1678 2686 17³
1693 2656 1742 2685 die
1753 2655 1869 2685 mensis
1885 2654 2067 2684 Decembris
2083 2664 2162 2683 anno
2177 2654 2301 2683 Domini
2318 2653 2382 2683 mil-

1477 2705 1585 2734 lesimo
1609 2705 1725 2735 CCC¹¹³⁰
1751 2703 1972 2743 octuagesimo,
2003 2704 2041 2732 ad
2067 2703 2242 2743 eligendum
2268 2713 2383 2742 procu-

1477 2761 1609 2783 ratorem
1626 2764 1737 2783 novum
1754 2760 1783 2782 et
1800 2754 1837 2782 ad
1853 2753 2036 2782 audiendum
2052 2758 2228 2791 compotum
2244 2758 2383 2792 recepto-

1508 2845 1531 2866 5.
1565 2844 1583 2865 1,
1599 2850 1620 2865 e.
1635 2841 1705 2872 apud
1717 2841 1742 2864 S.
1758 2840 1930 2864 Rerum-dum.

1508 2879 1530 2901 6.
1569 2876 1742 2901 Verisimiliter
1755 2876 1812 2908 jam
1825 2876 1957 2900 Johannes
1973 2875 2004 2899 de
2018 2876 2123 2907 Fleury,
2134 2875 2180 2899 sub
2191 2883 2241 2907 quo
2254 2874 2385 2907 praeposi-

1478 2916 1536 2936 tura
1550 2916 1716 2936 mercatorum
1731 2920 1747 2935 a
1765 2911 1856 2935 Carolo
1874 2913 1905 2934 VI
1917 2919 1960 2934 an.
1978 2912 2046 2939 1383,
2056 2913 2114 2934 Ιιυι.
2129 2912 2167 2940 27,
2183 2919 2319 2942 wpprena
2336 2912 2382 2934 eat.

1483 2949 1536 2972 Via.
1552 2947 1763 2976 inzumm,nist.
1778 2947 1809 2971 de
1820 2947 1845 2970 la
1858 2947 1919 2971 ville
1930 2947 1961 2970 de
1974 2947 2058 2975 Paris,
2073 2947 2118 2975 ΙΙΙ,
2131 2955 2158 2978 p.
2171 2947 2225 2970 279.
