2632 3464
435 411 503 428 Lvm
1273 407 1312 432 ΙΝ
1315 407 1538 434 TRODUCTIO

433 478 550 514 Belna
574 480 739 525 (Beaune
760 480 798 526 ¹),
822 480 982 529 prandia
1007 480 1110 517 lauta
1133 494 1210 518 non
1233 483 1482 529 recusabant,
1510 498 1579 534 per
1604 499 1741 535 aquam
1764 488 1965 536 Sequanae
1987 500 2114 537 usque
2133 489 2181 525 ad
2210 491 2368 528 Parvam

434 549 633 585 Boloniam
656 551 694 585 in
716 549 881 599 quadam
907 551 1081 587 navicula
1106 552 1466 597 transvehebantur,
1490 561 1532 590 ut
1553 554 1698 591 ibidem
1719 556 1833 592 simul
1851 564 1890 593 et
1915 557 2115 593 stomacho
2141 548 2366 610 palatoque,

435 625 474 655 et
493 618 746 655 licentiaturis
766 619 1013 669 indulgerent
1037 621 1063 656 ².
1095 621 1274 657 Nicolaus
1297 623 1441 658 Decani
1469 622 1780 672 frequentissime
1806 624 1902 662 vidit
1918 633 2073 675 portare
2093 639 2110 661 (ι
2129 625 2176 663 de
2193 627 2297 677 vino,
2320 627 2368 664 de

432 690 562 739 pullis,
592 690 827 740 perdicibus,
857 691 1059 736 cuniculis,
1089 694 1213 728 caseis
1241 700 1280 729 et
1309 691 1484 742 pluribus
1513 691 1597 728 aliis
1621 694 1928 731 comestibilibus
1956 708 2026 744 pro
2053 703 2163 744 parte
2193 696 2370 734 bachala-

434 761 575 795 riorum
594 767 633 796 et
653 760 999 796 licentiandorum3
1021 775 1039 795 »
1070 760 1116 797 ad
1137 761 1424 805 cancellarium,
1455 763 1520 811 qui
1543 762 1764 812 frequenter
1784 777 1951 814 coquum
1979 766 2176 810 mutavit4,
2203 774 2309 804 certe
2331 775 2371 803 ut

434 842 521 865 cum
537 842 636 865 novo
653 842 778 879 coquo
796 831 916 865 series
937 830 1110 866 ciborum
1131 838 1170 866 et
1185 838 1366 867 cocturae
1381 844 1505 880 genus
1524 839 1776 869 mutarentur.

482 900 671 936 Pecuniae
701 901 739 935 in
765 901 921 936 natione
943 899 1156 948 Anglicana
1181 913 1251 949 pro
1273 900 1435 937 taberna
1461 908 1677 937 reservatae
1703 902 1941 940 vocabantur
1963 917 1981 938 α
2003 906 2167 953 pecunie
2194 912 2372 955 perpota-

434 969 532 1005 biles
567 983 584 1003 ))
598 999 606 1013 ‚
641 977 679 1005 et
713 983 773 1005 an.
814 970 924 1012 1391,
960 982 1047 1005 cum
1081 969 1379 1019 prohiberentur
1415 971 1635 1019 potationes
1671 979 1710 1008 et
1741 973 1935 1015 convivia,
1967 981 2239 1010 enumerantur
2275 975 2371 1010 istae

435 1040 638 1088 pecuniae,
672 1053 689 1073 ((
717 1038 900 1075 videlicet
930 1040 1093 1088 pecunie
1123 1038 1345 1089 recipiende
1376 1053 1396 1075 a
1428 1041 1623 1089 magistris
1656 1054 1725 1091 pro
1757 1043 1882 1091 prima
1916 1044 2197 1091 procuratoria,
2232 1050 2271 1079 et
2301 1056 2372 1093 pro
2433 1033 2437 1036 ⁷

431 1107 601 1157 jocundo
623 1109 781 1144 introitu
802 1110 1001 1154 [novorum
1018 1109 1291 1158 magistrorum
1312 1108 1360 1145 ad
1380 1111 1737 1159 congregationem]
1750 1140 1758 1154 ,
1781 1124 1851 1161 pro
1872 1111 2071 1148 mensibus
2093 1112 2372 1150 distribuendis

435 1178 475 1212 in
496 1178 669 1213 examine
688 1178 726 1213 S.
752 1177 963 1221 Genovefe,
988 1190 1058 1227 pro
1078 1179 1353 1227 procuratoriis
1380 1185 1554 1228 tempore
1581 1179 1920 1216 determinantium
1943 1188 1982 1217 et
2005 1189 2182 1230 tempore
2201 1183 2372 1218 vacatio-

435 1260 538 1291 num,
559 1248 722 1296 pecunie
739 1246 959 1296 recipiende
976 1260 996 1282 a
1017 1255 1219 1296 receptore
1249 1254 1423 1297 tempore
1447 1261 1515 1284 sue
1540 1250 1794 1286 institutionis
1811 1251 1824 1272 ⁵
1845 1264 1878 1286 >›.
1906 1251 2028 1286 Finita
2054 1252 2370 1300 congregatione,

438 1318 474 1352 in
495 1330 570 1366 qua
585 1330 737 1353 menses
752 1330 821 1366 pro
841 1318 1016 1352 examine
1033 1318 1070 1353 S.
1093 1316 1308 1353 Genovefae
1322 1317 1665 1362 distribuebantur,
1682 1321 1857 1368 magistri
1875 1321 2006 1356 statim
2026 1318 2222 1357 intrabant
2244 1320 2373 1357 taber-

438 1400 538 1429 nam,
565 1401 581 1421 «
607 1399 681 1436 que
702 1394 867 1436 protunc
889 1394 970 1423 erat
991 1386 1234 1423 consuetudo
1251 1386 1456 1423 laudabilis
1477 1389 1644 1424 nationis
1667 1402 1684 1423 1>
1709 1389 1805 1435 (915,
1833 1389 1902 1436 13).
1922 1390 2052 1426 Nuntii
2075 1391 2190 1426 etiam
2209 1403 2280 1439 pro
2303 1403 2373 1427 suo

439 1457 648 1492 benevalete
677 1456 891 1493 invitabant
923 1456 1018 1492 alios
1047 1458 1086 1492 in
1112 1456 1313 1493 tabernam
1342 1457 1439 1503 (106,
1473 1458 1535 1501 19,
1565 1458 1649 1502 277,
1682 1458 1746 1502 143
1770 1459 1854 1501 330,
1883 1459 1924 1503 73
1955 1459 2038 1502 720,
2073 1459 2143 1506 10),
2165 1472 2375 1510 rursusque

439 1527 544 1562 natio
560 1527 696 1562 nuntio
713 1527 751 1561 in
769 1526 936 1562 adventu
958 1539 1027 1562 suo
1048 1526 1281 1575 propinabat
1299 1526 1397 1573 (403,
1421 1527 1492 1573 29).

488 1595 750 1644 Quadraginta
767 1597 922 1632 circiter
937 1595 1120 1631 tabernae
1139 1595 1186 1631 ab
1205 1595 1418 1645 Anglicana
1438 1596 1594 1632 natione
1614 1596 1880 1646 frequentatae
1898 1609 1958 1633 an.
1980 1597 2207 1640 1333-1406,
2229 1597 2375 1647 aliquid

440 1663 486 1700 ad
502 1664 702 1700 historiam
719 1678 845 1701 rerum
865 1666 1137 1701 parisiensium
1157 1664 1314 1700 addunt.
1331 1665 1548 1702 Notandum
1566 1673 1706 1710 autem,
1725 1665 1900 1703 eamdem
1918 1679 2034 1716 saepe
2047 1666 2245 1703 tabernam
2261 1668 2375 1719 variis

439 1734 661 1770 nominibus
681 1733 890 1784 designari,
917 1748 1004 1771 cum
1027 1741 1254 1784 procurator
1275 1735 1428 1784 signum
1451 1742 1540 1771 ante
1562 1742 1712 1784 portam
1732 1735 1942 1772 tabernarii
1964 1749 2194 1786 suspensum
2218 1736 2376 1773 arbitrio

440 1816 509 1840 suo
530 1805 827 1853 nuncupaverit,
856 1812 894 1841 et
917 1804 1122 1853 aliquoties
1145 1803 1311 1840 obscure
1328 1803 1538 1853 designari,
1559 1804 1660 1840 sicut
1678 1818 1696 1840 «
1717 1817 1813 1841 cena
1828 1806 1867 1840 in
1885 1805 1971 1840 vico
1991 1804 2150 1854 plastrie
2167 1819 2184 1839 »
2210 1805 2307 1852 (135,
2325 1806 2373 1852 3),

444 1888 460 1908 «
478 1873 638 1909 taberna
660 1874 697 1909 in
718 1881 828 1922 parte
851 1875 1041 1923 superiori
1060 1874 1136 1910 vici
1158 1874 1197 1910 S.
1221 1873 1356 1909 Jacobi
1382 1886 1399 1908 >³
1425 1873 1521 1919 (300,
1548 1872 1631 1922 12);
1653 1875 1808 1923 saepius
1824 1874 2051 1923 praesertim
2070 1875 2109 1910 in
2129 1882 2238 1924 parte
2256 1874 2376 1911 altera

441 1943 660 1986 voluminis,
684 1958 701 1978 «
727 1942 925 1979 tabernam
946 1957 963 1978 ι)
988 1942 1230 1992 simpliciter,
1251 1941 1358 1979 nullo
1379 1942 1560 1992 adjuncto
1579 1944 1748 1987 nomine,
1772 1944 1950 1980 inveniri.

487 2048 523 2079 In
543 2047 675 2091 angelo,
690 2058 797 2091 prope
815 2047 851 2079 S.
864 2047 1094 2078 Mathurinum
1111 2045 1200 2089 (592,
1219 2046 1286 2089 23).

485 2105 538 2138 Ad
555 2105 696 2136 barbam
712 2116 854 2136 auream
874 2108 994 2148 [prope
1011 2105 1047 2136 S.
1071 2104 1287 2145 Genovesam]
1304 2105 1349 2148 (p.
1370 2104 1423 2144 19,
1443 2104 1506 2148 10).

486 2162 538 2195 Ad
557 2163 695 2194 bat-hias
710 2162 761 2194 vel
779 2163 927 2202 varbz'as,
942 2163 1037 2206 juxta
1053 2162 1189 2194 domum
1209 2162 1372 2195 elevantis
1389 2161 1621 2206 (elephantisi‘)
1638 2162 1705 2205 (19,
1724 2162 1789 2203 303
1808 2162 1864 2203 23,
1886 2162 1956 2207 30.)

488 2222 524 2253 In
542 2221 634 2253 bonis
652 2221 734 2253 ediis
752 2220 840 2263 (252,
861 2220 925 2263 10).

487 2279 587 2323 Apud
607 2279 738 2311 calvum
754 2286 855 2323 caput
873 2278 963 2322 (187,
983 2278 1047 2321 18).

488 2337 587 2381 Apud
603 2349 721 2369 cavam
736 2337 802 2380 (50,
820 2337 886 2379 34).

489 2396 642 2428 Taberna
668 2407 775 2439 prope
806 2395 1033 2434 Castelletum,
1062 2395 1096 2427 in
1122 2407 1187 2438 qua
1214 2395 1414 2438 propinatur
1436 2397 1545 2427 vinum
1573 2394 1614 2426 de
1637 2394 1840 2439 Por-tugalia
1870 2394 1959 2438 (204,
1987 2394 2054 2438 32),
2080 2393 2161 2426 alias
2184 2394 2273 2426 dicta
2294 2405 2314 2425 α
2336 2393 2377 2426 ad

533 2454 721 2493 castellum,
751 2453 836 2485 infra
859 2453 969 2497 (inter)
987 2453 1071 2485 duos
1088 2460 1208 2497 pontes
1230 2466 1246 2483 »
1273 2452 1363 2495 (328,
1387 2452 1448 2491 41;
1471 2451 1550 2492 330,
1575 2452 1615 2492 43
1645 2452 1724 2491 432,
1759 2452 1823 2495 13),
1849 2466 1867 2484 «
1887 2452 1922 2484 in
1938 2453 2075 2485 castello
2096 2465 2113 2484 2>
2137 2451 2225 2496 (336,
2244 2452 2280 2491 73
2297 2451 2375 2491 341,

534 2511 601 2553 21),
619 2525 635 2541 «
651 2511 693 2543 ad
709 2511 895 2549 castellum,
917 2510 950 2542 in
972 2510 1114 2543 Civitate
1132 2524 1148 2541 »
1172 2510 1261 2554 (348,
1287 2510 1351 2553 11);
1372 2524 1388 2541 «
1406 2510 1447 2542 ad
1465 2518 1627 2550 castrum,
1646 2509 1681 2542 in
1697 2510 1839 2543 Civitate
1857 2524 1873 2541 1)
1891 2511 1980 2554 (365,
2001 2510 2068 2553 43),
2088 2523 2105 2542 «
2125 2510 2161 2542 in
2180 2509 2375 2542 castelleto»

535 2570 602 2612 (25,
625 2569 691 2612 20).

492 2627 682 2671 Hospitium
698 2627 740 2659 de
760 2639 868 2666 cervo,
884 2625 919 2658 in
934 2627 1007 2658 vico
1025 2627 1060 2659 S.
1079 2626 1193 2658 Jacobi
1210 2626 1298 2670 (729,
1321 2626 1388 2670 20).
2284 2646 2285 2651 ,

492 2687 528 2717 111
550 2686 742 2729 clzapelletis
761 2683 850 2727 (733,
868 2684 900 2727 2)
917 2684 969 2716 vel
986 2684 1169 2728 chappletz's
1188 2684 1278 2727 (733,
1301 2684 1368 2727 45),
1391 2684 1432 2717 ad
1449 2684 1617 2729 chaplelos
1633 2684 1722 2727 (761,
1743 2683 1806 2727 14),
1829 2684 1881 2716 vel
1898 2684 2043 2729 sapletos
2061 2682 2150 2728 (760,
2167 2682 2234 2726 36),
2257 2682 2378 2728 gnl'lice

536 2746 569 2775 in
584 2744 714 2788 supplet
731 2742 818 2787 (698,
836 2743 902 2785 29).

489 2856 516 2883 1.
564 2855 712 2890 Cleartul„
732 2854 788 2889 ΙΙΙ,
803 2864 835 2893 p.
855 2854 925 2889 354,
945 2857 979 2882 n⁰
993 2853 1050 2889 26,
1067 2854 1137 2889 376,
1152 2862 1227 2882 xxx.
1509 2855 1538 2884 4.
1583 2854 1676 2890 lbid„
1694 2865 1724 2894 p.
1738 2855 1807 2885 378.

487 2903 516 2932 2.
561 2903 654 2938 ΙΙιιίἰ.,
670 2914 701 2943 p.
720 2904 791 2939 362,
806 2904 905 2937 11⁰6&
923 2903 992 2932 383.
1510 2905 1539 2932 5.
1583 2903 1676 2938 1bid.‚
1703 2907 1736 2932 11⁰
1761 2904 1850 2933 1592.
1875 2903 1924 2934 Cf.
1950 2909 2111 2943 praeterea
2136 2902 2216 2931 infra
2242 2912 2274 2941 p.
2306 2902 2378 2938 291,

487 2954 515 2981 3.
560 2953 652 2988 lbid„
671 2963 700 2991 p.
719 2953 789 2988 377,
806 2951 926 2991 xxxiiij.
1471 2953 1508 2981 18
1526 2962 1611 2992 sqq.,
1628 2953 1666 2981 ad
1682 2963 1729 2982 an.
1749 2953 1836 2982 1363.
