2632 3464
448 390 500 415 279

437 477 503 494 mus
516 466 553 494 de
568 465 734 495 Chesoline
755 464 865 494 Scotus
875 463 990 504 juravit
1005 462 1177 503 juramenta
1196 467 1342 490 consueta

436 515 664 554 incepturorum
686 514 716 543 in
738 514 867 548 artibus,
890 512 975 552 cujus
998 513 1092 541 bursa
1111 511 1165 540 VII
1185 510 1293 545 solidi,
1313 516 1343 539 et

435 564 466 592 in
492 564 540 592 die
567 563 707 602 sequenti
731 563 845 602 incepit
869 563 926 591 sub
950 561 1097 601 magistro
1119 560 1284 589 Malcolino
1304 560 1341 588 de

439 612 615 642 Drumbrek
632 612 736 641 Scoto.

846 681 943 710 1363

479 760 552 788 Item
575 760 652 787 sacta
675 758 919 797 congregacione
940 757 1019 795 apud
1042 756 1184 784 Sanctum
1206 753 1343 783 Mattuli-

439 819 510 837 num
526 807 660 836 nationis
676 806 845 846 Anglicane
858 807 907 834 14³
917 806 965 834 die
977 804 1093 833 mensis
1106 803 1254 837 Januarii,
1272 812 1342 831 con-

438 858 573 886 tinuatus
604 856 658 884 suit
689 856 719 884 in
750 860 980 894 procuratorem
1010 853 1156 892 magister
1186 851 1342 881 Johannes

439 906 551 944 Scalpy
571 904 704 933 unanimi
721 910 869 932 consentu
881 903 960 931 dicte
972 902 1122 936 nacionis,
1133 901 1184 930 ubi
1200 901 1342 929 omnibus

439 953 621 993 computatis
643 954 802 982 tenebatur
822 958 965 991 receptor
982 950 1120 980 nacionis
1133 950 1254 978 nacioni
1271 959 1343 988 pre-

440 1004 519 1032 dicte
542 1003 572 1030 in
593 1004 627 1031 17
646 1001 754 1030 solidis
773 1007 802 1030 et
822 1002 857 1029 10
873 1000 1020 1029 denariis.

479 1053 553 1081 Item
573 1050 750 1079 Cunrardus
761 1049 899 1078 bedellus
915 1048 1099 1088 supplicavit
1109 1048 1140 1076 in
1153 1048 1280 1076 nacione
1295 1047 1343 1076 die

438 1108 467 1130 et
480 1101 548 1129 loeo
565 1099 705 1138 predicto
720 1099 802 1137 quod
816 1099 886 1127 dum
905 1097 1056 1131 bedellus,
1075 1097 1218 1126 videlicet
1234 1097 1344 1126 subbe-

437 1149 536 1178 dellus
562 1149 614 1187 qui
632 1154 703 1176 tunc
728 1147 824 1175 fuerat
855 1147 885 1175 in
915 1146 998 1174 curia
1026 1146 1173 1180 Romana,
1205 1145 1344 1174 Parisius

439 1198 556 1227 veniret
584 1197 631 1226 vel
662 1196 750 1225 aliter
780 1196 952 1224 ordinatum
977 1200 1071 1229 esset,
1097 1204 1152 1223 suo
1180 1193 1344 1232 privilegio

440 1253 546 1286 posset
564 1246 710 1285 gaudere,
732 1244 875 1273 videlicet
895 1243 1074 1282 recipiendo
1091 1243 1173 1272 illam
1189 1242 1345 1271 dimidiam

439 1297 573 1330 bursam,
595 1304 684 1333 quam
710 1294 769 1322 sibi
796 1299 917 1322 tenetur
941 1293 1081 1332 predicto
1107 1291 1287 1321 subbedello
1314 1291 1345 1320 in

443 1343 680 1383 magistraturis‚
702 1342 954 1376 determinandis,
977 1348 1006 1371 et
1025 1342 1069 1371 sic
1087 1342 1124 1370 de
1140 1341 1220 1376 aliis,
1237 1347 1267 1369 et
1286 1340 1345 1369 sibi

443 1403 591 1422 concessa
618 1391 802 1431 supplicatio
828 1391 893 1426 fuit,
918 1391 1062 1420 videlicet
1088 1391 1171 1429 quod
1199 1390 1347 1429 gauderet

441 1440 626 1482 privilegio⁴
647 1441 781 1480 predicti
799 1440 912 1469 bedelli
932 1440 964 1468 in
981 1446 1056 1474 toto,
1074 1450 1111 1468 ex
1132 1449 1193 1478 quo
1209 1438 1346 1468 laborem

441 1490 587 1520 sustinuit
600 1500 616 1518 a
628 1490 759 1518 transitu
775 1489 858 1518 illius
876 1499 974 1528 usque
991 1499 1048 1528 pro
1066 1488 1165 1517 officio
1187 1498 1243 1517 suo
1262 1498 1346 1516 com-

439 1540 552 1579 plendo
579 1539 717 1568 Parisius
745 1539 868 1567 rederet
897 1537 994 1577 (sic)‚²
1018 1538 1067 1567 vel
1096 1537 1236 1577 predicta
1263 1537 1346 1566 natio

439 1589 527 1618 aliter
543 1588 732 1627 disponeret.

481 1688 555 1715 Item
584 1686 661 1714 facta
687 1685 932 1725 congregacione
961 1685 1099 1714 nacionis
1127 1684 1239 1724 Anglie
1265 1686 1346 1723 apud

442 1736 585 1765 Sanctum
599 1734 751 1763 Julianum
761 1744 926 1773 pauperem
941 1735 976 1763 10
987 1734 1035 1762 die
1050 1734 1164 1763 mensis
1174 1734 1344 1768 Februarii,

443 1785 638 1814 continuatus
655 1783 710 1812 fuit
728 1783 758 1811 in
776 1789 1008 1822 procuratorem
1028 1783 1175 1822 magister
1190 1782 1346 1811 Johannes

444 1833 556 1872 Scalpy
570 1833 746 1871 electusque
763 1832 817 1861 suit
834 1832 864 1860 in
878 1832 1113 1860 examinatorem
1131 1832 1240 1860 Sancte
1255 1832 1347 1861 Jana-

441 1883 519 1917 vefe‚
535 1880 621 1920 cujus
637 1881 667 1909 in
680 1880 891 1920 procuratoria
903 1887 969 1910 acta
981 1881 1172 1920 fueruntque
1188 1887 1344 1909 secuntur.

483 1931 517 1959 In
538 1930 646 1969 primis
670 1930 718 1958 die
740 1930 810 1959 lune
822 1929 834 1947 ³
852 1936 923 1968 post
943 1930 1118 1958 brandones
1135 1929 1291 1958 Johannes
1309 1931 1346 1958 de

444 1979 561 2008 Gellria
576 1978 723 2007 Almanus
737 1978 748 1996 ⁴
760 1977 874 2018 juravit
891 1978 1064 2017 juramenta
1081 1985 1226 2007 consueta
1243 1979 1347 2007 deter-

441 2028 631 2062 minantium,
656 2027 705 2056 et5
724 2027 938 2057 determinavit
953 2029 1009 2056 sub
1028 2028 1174 2067 magistro
1192 2027 1346 2057 Hermano

441 2076 571 2111 Consul,
590 2075 676 2115 cujus
693 2077 786 2105 burse
801 2078 820 2105 9
836 2076 939 2111 solidi,
956 2083 986 2105 et
999 2076 1146 2105 satisfecit
1159 2083 1238 2105 ante.

483 2126 556 2154 Item
576 2125 730 2154 Henricus
746 2126 783 2154 de
796 2125 908 2154 Hassia
919 2124 930 2143 ⁶
946 2126 1053 2154 eodem
1072 2125 1120 2154 die
1131 2124 1248 2164 juravit
1260 2124 1348 2165 jura-

443 2181 543 2203 menta
565 2180 711 2203 consueta
740 2174 1022 2209 determinantium,
1051 2173 1104 2203 et⁷
1135 2175 1348 2203 determinavit

443 2224 500 2252 sub
524 2223 630 2251 eodem
655 2223 814 2262 magistro,
836 2222 922 2262 cujus
940 2224 1033 2252 burse
1053 2223 1158 2258 nichil,
1181 2224 1347 2252 secundum

443 2272 524 2311 quod
536 2271 637 2300 visum
654 2278 728 2306 erat,
746 2278 776 2300 et
788 2272 1000 2310 dispensatum
1013 2282 1115 2300 secum
1129 2272 1159 2300 in
1175 2283 1348 2312 congrega-

441 2320 529 2349 cione
558 2322 634 2349 facta
661 2321 741 2359 apud
765 2320 907 2349 Sanctum
936 2321 1089 2350 Julianum
1111 2331 1276 2360 pauperem
1299 2322 1348 2351 die

443 2369 542 2398 saboti
561 2368 623 2408 (sic)
642 2369 813 2404 immediate
829 2370 1040 2408 precedenti⁸.

484 2417 558 2446 ltem
590 2417 621 2446 in
655 2417 703 2446 die
736 2417 898 2456 sequenti⁹
929 2418 1084 2447 Johannes
1109 2420 1146 2447 de
1174 2419 1350 2449 Drumbrek

445 2466 555 2495 Scotus
575 2465 690 2506 juravit
708 2465 881 2505 juramenta
904 2473 1049 2496 consueta
1068 2468 1347 2503 determinantium,

443 2514 509 2543 et⁴⁰
522 2515 637 2554 incepit
657 2516 714 2544 sub
735 2515 883 2555 magistro
905 2516 1043 2545 Johanne
1062 2516 1166 2556 Salpy‚
1186 2527 1244 2556 pro
1263 2516 1348 2557 cujus

444 2564 586 2593 omnibus
616 2564 720 2593 bursis
746 2570 776 2593 et
804 2564 898 2593 scolis
921 2571 950 2593 et
976 2565 1069 2594 eciam
1102 2566 1195 2595 bursa
1221 2567 1346 2601 bedelli,

444 2619 571 2652 excepta
601 2614 694 2642 bursa
720 2613 871 2642 communi
895 2623 984 2653 quam
1007 2614 1109 2650 solvit,
1135 2615 1346 2654 dispensatum

476 2697 497 2719 1.
529 2698 575 2719 Ms.
591 2696 746 2728 privililigo.

532 2733 578 2754 Ms.
590 2732 630 2754 vel
646 2735 732 2755 autem
747 2732 901 2763 predictam.

533 2767 562 2789 20
572 2767 712 2791 Februarii.

535 2803 581 2825 Ma.
594 2802 712 2826 Allanus.

534 2838 594 2860 Et...
608 2838 699 2860 consul
713 2838 778 2861 inter
791 2837 874 2861 lineas
889 2838 941 2861 alio
955 2838 1109 2867 charactere,

535 2873 581 2894 Seu
596 2872 627 2895 de
642 2873 823 2904 Langenstein.

537 2908 596 2931 Et...
612 2908 739 2939 magistro
754 2909 819 2932 inter
832 2909 913 2932 lineas
924 2909 977 2932 alio
989 2910 1144 2934 charactere.

475 2732 500 2930 flesse&

981 386 1202 413 AUCTARIUM
1222 384 1479 411 CHARTULARII
1501 384 1673 409 UNIVERS.
1696 383 1813 409 PARIS.

2305 384 2357 411 280

1451 466 1516 489 erat
1532 470 1635 488 secum
1655 469 1713 498 pro
1731 460 1748 487 2
1771 459 1884 488 francis
1905 459 1935 488 in
1954 460 2194 499 congregatione
2214 460 2356 500 predicta

1451 515 1481 538 et
1496 509 1685 547 acquietatus
1704 508 1759 537 suit
1773 508 1811 537 de
1829 508 1972 538 omnibus
1987 508 2115 538 multum
2134 509 2275 538 benivole
2288 509 2356 539 aliis

1451 563 1481 587 et
1498 563 1665 596 gratanter.

1493 607 1566 635 Item
1597 606 1704 634 eodem
1737 606 1787 635 die
1815 605 2033 636 Tudemannus
2062 606 2181 636 Parvus
2209 606 2357 637 Almanus

1397 661 1413 687 5
1446 655 1562 695 juravit
1589 654 1762 694 juramenta
1799 661 1946 684 consueta
1972 655 2252 691 determinantium,
2289 655 2354 685 et¹¹

1381 907 1414 932 10

1383 1152 1416 1177 15

1384 1397 1417 1422 20

1384 1642 1417 1667 25

1384 1887 1418 1913 30

1385 2133 1418 2158 35

1386 2378 1420 2404 40

1386 2624 1420 2650 45

1451 704 1666 733 determinavit
1679 704 1736 733 sub
1750 704 1898 744 magistro
1913 704 2116 743 H[ermanno]
2130 704 2260 740 Consul,
2270 703 2357 744 cujus

1452 754 1545 782 burse
1565 753 1602 782 10
1620 752 1723 788 solidi,
1744 759 1774 782 et
1787 753 1955 783 notandum
1973 754 2055 792 quod
2071 753 2284 793 dispensatum
2303 754 2359 783 fuit

1452 812 1556 831 secum
1569 802 1600 830 in
1614 802 1856 842 congregatione
1867 803 1944 831 facta
1956 803 2037 842 apud
2050 802 2194 832 Sanctum
2204 802 2220 832 J
2224 802 2358 832 ulianum

1451 861 1618 891 pauperem
1631 851 1804 880 immediate
1816 858 1885 881 ante
1901 852 2173 891 congregationem
2190 852 2358 891 predictam

1452 900 1603 935 nacionis,
1625 901 1709 939 quod
1728 910 1786 939 pro
1806 900 2046 930 determinatura
2065 911 2121 930 sua
2135 901 2168 929 in
2184 901 2253 930 vico
2271 900 2360 930 Stra-

1453 949 1544 978 minis
1564 959 1627 978 non
1652 949 1825 988 disputaret
1844 949 1904 979 nisi
1925 949 2020 979 semel
2037 950 2174 989 qualibet
2190 949 2361 989 septimana

1453 998 1643 1037 carniprivii.

1494 1047 1569 1076 Item
1588 1047 1830 1087 congregatione
1849 1048 1925 1077 facta
1941 1049 2022 1087 apud
2036 1048 2191 1078 Jacohitas
2209 1049 2241 1076 2⁰
2260 1047 2360 1077 domi-

1453 1096 1523 1125 nico
1536 1095 1888 1136 (sic)Quad1-agesime⁴²
1900 1097 2098 1126 concorditer
2108 1107 2290 1127 concessum
2305 1097 2361 1126 fuit

1454 1146 1537 1185 quod
1554 1146 1573 1174 4
1591 1145 1687 1174 franci
1706 1145 1853 1175 darentur
1867 1146 1939 1182 sibi,
1953 1156 2045 1185 quem
2059 1146 2191 1176 nuncius
2207 1152 2315 1176 noster
2327 1146 2359 1176 in

1455 1195 1539 1224 curia
1549 1195 1687 1224 Romana
1697 1195 1868 1234 assignavit
1879 1194 1951 1224 illos
1964 1201 2134 1234 acceptare,
2146 1205 2216 1225 nam
2228 1196 2360 1225 nuncius

1454 1250 1561 1273 noster
1583 1250 1648 1273 erat
1671 1243 1819 1283 magister
1841 1243 2008 1274 Gillermus
2033 1243 2145 1280 Buser,
2169 1251 2198 1274 et
2220 1244 2279 1274 hoc
2303 1254 2361 1274 nos

1455 1293 1554 1322 facere
1570 1293 1739 1322 literatorie
1757 1293 1890 1332 rogavit,
1913 1299 1971 1322 etc.
1996 1293 2154 1323 Concessa
2171 1294 2226 1323 fuit
2240 1293 2362 1334 suppli-

1455 1342 1533 1371 catio
1557 1349 1587 1371 et
1613 1342 1720 1371 eodem
1742 1342 1791 1371 die
1814 1342 1995 1371 intravimus
2018 1343 2175 1372 tabernam
2201 1343 2299 1383 magis
2323 1343 2361 1372 ad

1454 1391 1585 1420 invicem
1602 1397 1632 1420 et
1647 1391 1852 1430 expendimus
1871 1391 1914 1420 111
1932 1391 2027 1420 libras
2046 1397 2076 1421 et
2089 1397 2153 1421 tres
2170 1392 2299 1422 solidos.

1497 1440 1571 1470 Item
1598 1440 1676 1469 facta
1698 1440 1943 1480 congregacione
1963 1441 2101 1470 nacionis
2121 1441 2259 1479 predicte
2280 1441 2362 1480 apud

1456 1489 1600 1518 Sanctum
1611 1489 1625 1517 J
1630 1489 1764 1518 ulianum
1779 1498 1946 1528 pauperem
1957 1489 2006 1518 die
2018 1489 2089 1518 lune
2099 1488 2125 1507 ⁴³
2139 1489 2280 1528 proximo
2291 1495 2363 1529 post

1454 1540 1666 1572 Reminiscere,
1680 1538 1866 1567 constitutus
1878 1538 1933 1567 fuit
1942 1538 1973 1566 in
1984 1538 2197 1568 subbedellum
2205 1539 2220 1568 J
2225 1538 2362 1568 ohannes

1455 1588 1493 1616 de
1517 1587 1663 1616 Treveris
1686 1587 1825 1615 nacionis
1848 1587 1988 1626 predicte
2012 1597 2111 1626 usque
2132 1588 2170 1616 ad
2198 1588 2362 1617 adventum

1456 1636 1628 1665 subbedelli
1643 1636 1765 1675 proprii
1786 1636 1937 1672 Parisius,
1955 1642 2028 1665 tunc
2048 1636 2209 1666 existentis
2226 1637 2259 1665 in
2278 1636 2363 1666 curia

1455 1685 1604 1720 Romana,
1633 1691 1662 1714 et
1686 1685 1758 1724 quia
1783 1691 1852 1714 ante
1876 1683 1942 1724 ejus
1970 1685 2151 1714 electionem
2181 1685 2362 1715 Cunrardus

1455 1735 1594 1764 bedellus
1608 1734 1794 1773 supplicavit
1808 1735 1891 1773 quod
1909 1744 1977 1764 cum
1992 1734 2023 1763 in
2039 1727 2104 1774 ejus
2115 1734 2265 1770 absentia,
2278 1734 2363 1764 vide—

1455 1783 1527 1813 licet
1539 1783 1652 1812 bedelli
1669 1783 1700 1812 in
1717 1783 1802 1812 curia
1817 1783 1988 1818 existentis,
2005 1789 2101 1813 totum
2113 1783 2251 1812 laborem
2270 1783 2363 1814 susti-

1455 1833 1532 1867 nuit,
1550 1839 1645 1862 totum
1655 1832 1772 1861 lucrum
1781 1832 1968 1871 possideret,
1980 1839 2009 1862 et
2017 1842 2164 1862 concessa
2176 1833 2232 1862 fuit
2241 1832 2364 1872 suppli-

1456 1882 1534 1911 catio
1552 1891 1650 1920 usque
1663 1882 1701 1910 ad
1720 1882 1883 1910 adventum
1896 1881 2034 1916 alterius,
2050 1888 2080 1911 et
2093 1891 2131 1911 ex
2146 1891 2207 1921 quo
2222 1881 2363 1911 bedellus

1456 1931 1500 1960 sic
1528 1930 1704 1959 subelectus
1729 1940 1828 1970 usque
1851 1931 1890 1959 ad
1918 1931 2083 1960 adventum
2114 1930 2241 1960 alterius
2266 1936 2363 1960 totum

1456 1980 1591 2015 laborem
1613 1979 1718 2014 subiit,
1743 1978 1830 2018 cujus
1853 1979 2110 2018 supplicationem
2131 1980 2163 2008 in
2186 1980 2282 2009 forma
2303 1979 2364 2009 sibi

1457 2039 1635 2058 concessam
1650 2028 1771 2057 noviter
1789 2028 1833 2057 sic
1848 2028 1945 2057 electo
1961 2028 2140 2068 resignavit.

1496 2077 1613 2107 Eodem
1625 2084 1724 2106 autem
1740 2078 1789 2106 die
1806 2077 1988 2107 Cunrardus
2004 2077 2163 2117 predictus
2179 2077 2365 2117 supplicavit

1457 2127 1539 2166 quod
1560 2126 1738 2156 calamitatis
1755 2136 1809 2155 sue
1825 2126 1913 2155 nacio
1934 2127 2134 2156 misereretur
2149 2132 2179 2155 et
2193 2126 2253 2156 sibi
2270 2136 2364 2156 unum

1457 2175 1644 2210 mantellum,
1660 2175 1708 2204 vel
1727 2182 1888 2215 argentum
1906 2177 1944 2204 ad
1966 2176 2127 2204 emendum
2144 2175 2241 2211 illum,
2257 2185 2364 2205 conce·

1457 2225 1554 2259 deret,
1587 2224 1739 2253 mediante
1766 2234 1828 2263 quo
1857 2224 2025 2254 honorifice
2058 2224 2197 2254 nacionis
2225 2224 2364 2264 negociis

1456 2279 1565 2313 posset
1579 2283 1635 2312 pro
1647 2273 1767 2302 viribus
1787 2273 1960 2313 indulgere.
1976 2274 2134 2303 Concessa
2144 2273 2199 2303 suit
2211 2273 2364 2312 supplica-

1458 2323 1516 2352 cio.
1719 2317 1721 2319 ¹

1499 2371 1614 2401 Eodem
1631 2371 1680 2400 die
1696 2371 1882 2410 supplicavit
1901 2370 2088 2401 Adalbertus
2107 2372 2189 2410 quod
2206 2370 2288 2400 natio
2304 2370 2364 2400 sibi

1458 2427 1598 2460 parceret
1624 2430 1680 2460 pro
1703 2420 1806 2460 aliquo
1826 2426 1976 2459 tempore,
1998 2430 2060 2449 non
2077 2426 2177 2450 tamen
2197 2420 2302 2459 longo,
2326 2420 2365 2448 de

1458 2470 1587 2509 quadam
1602 2469 1734 2509 pecunia
1751 2479 1808 2508 per
1827 2479 1859 2498 se
1879 2469 2001 2498 nacioni
2021 2469 2123 2498 debita
2142 2468 2305 2498 antedicte.
2326 2468 2366 2498 Et

1458 2528 1606 2547 concessa
1621 2518 1677 2547 fuit
1694 2517 1896 2557 supplicacio.

1499 2567 1615 2596 Eodem
1631 2567 1680 2596 die
1696 2566 1944 2602 deliberavimus,
1959 2567 1977 2595 4
1996 2567 2117 2596 francos
2137 2566 2294 2605 predictos
2308 2575 2366 2604 pro

1458 2616 1570 2656 quibus
1587 2615 1772 2655 supplicavit
1787 2615 1918 2645 nuncius
1929 2622 2036 2644 noster
2050 2615 2221 2644 antedictus
2236 2614 2364 2649 homini,

1489 2701 1512 2723 8.
1547 2700 1576 2723 18
1587 2699 1730 2723 Februarii.

1488 2737 1511 2759 9.
1545 2736 1573 2758 21
1587 2734 1730 2758 Februarii.

1490 2771 1527 2794 10.
1561 2771 1621 2794 Et...
1637 2770 1719 2801 Salpy
1730 2772 1795 2793 mter
1805 2769 1888 2793 lineas
1898 2769 1951 2793 alio
1962 2769 2120 2793 charactere.

1489 2806 1528 2829 11.
1561 2806 1622 2830 Εἰ...
1635 2805 1727 2829 consul
1740 2805 1898 2829 interlineas
1908 2805 1962 2828 alio
1973 2805 2130 2830 charactere.

1489 2842 1528 2865 12.
1558 2842 1589 2865 26
1603 2841 1724 2865 Februar.

1490 2877 1527 2900 13.
1562 2877 1591 2900 27
1603 2876 1745 2900 Februarii.
