2632 3464
1609 0 1640 10 *v*
1687 0 1715 26 vj
1722 0 1770 25 w*
1778 0 1808 22 “1
1821 0 1841 19 θ’
1849 0 1853 23 i
1882 0 1990 22 v„

426 430 478 456 903
977 427 1201 453 AUCTARIUM
1226 426 1487 454 CHARTULARII
1510 428 1685 456 UMVERS.
1712 430 1831 467 Palus.
2298 432 2352 459 9⁰4

421 512 453 535 ut
469 506 609 545 sequitur
623 505 655 534 in
670 505 768 534 forma
784 515 790 532 ι
807 515 822 530 α
836 503 929 533 Facto
943 509 1086 542 compoto
1097 502 1236 532 nacionis
1249 503 1332 542 apud

422 554 566 584 Sanctum
582 554 768 583 Maturinum
785 563 866 582 anno
882 552 1007 581 Domini
1024 551 1207 587 MCCCCV,
1225 551 1333 592 xxviij¹²

421 604 470 633 die
484 604 600 632 mensis
611 602 705 637 Junii,
714 602 790 631 hora
804 608 990 637 octava‚tam
1002 601 1039 630 de
1051 601 1186 640 receptis
1197 611 1234 630 ex
1245 607 1331 640 parte

422 653 561 682 nacionis
578 662 667 692 quam
690 652 728 680 de
744 651 895 690 expositis
914 661 972 690 per
987 651 1118 680 eundem
1138 657 1331 690 receptorem

421 712 458 731 ex
470 708 556 741 parte
569 701 719 736 nacionis,
730 700 879 730 remansit
889 706 1032 739 receptor
1042 699 1198 739 obligatus
1209 699 1332 729 nacioni

421 752 453 780 in
485 761 602 780 summa
634 749 794 790 sexaginta
823 749 971 778 librarum
1003 755 1072 778 octo
1102 748 1272 778 solidorum
1302 755 1333 778 et

420 801 448 830 X
463 800 670 829 denariorum.
691 799 765 828 Item
784 805 888 838 preter
901 798 990 827 istam
1007 807 1155 827 summam
1170 798 1332 837 provincia

421 849 579 879 Alemanie
609 848 764 888 obligatur
797 847 918 876 nacioni
953 847 983 875 in
1019 846 1130 886 viginti
1167 846 1258 877 libris
1294 857 1332 876 ex

421 905 538 933 mutuo,
562 904 592 927 et
607 907 702 937 super
723 897 780 925 hoc
806 896 893 925 nacio
921 896 1012 925 habet
1034 896 1153 925 literam
1176 896 1332 936 obligato-

421 948 498 977 riam
525 958 585 976 una
613 957 679 975 cum
715 946 897 985 quibusdam
929 945 1039 974 vadiis.
1077 945 1151 974 Item
1183 945 1333 985 magister

422 997 578 1027 Johannes
597 997 633 1025 de
651 995 788 1024 Arnbem
805 995 961 1034 obligatur
976 994 1098 1023 nacioni
1118 994 1150 1023 in
1168 994 1196 1023 11
1218 995 1332 1024 francis

425 1046 477 1086 qui
507 1056 568 1074 non
601 1045 798 1074 continentur
828 1044 859 1073 in
892 1054 1009 1073 summa
1036 1043 1224 1083 supradicta.
1257 1043 1331 1072 Item

423 1102 567 1134 receptor
584 1094 679 1123 nichil
697 1093 885 1132 computavit
901 1094 939 1121 de
962 1094 1053 1122 domo
1073 1093 1117 1121 ad
1133 1104 1224 1121 cornu
1241 1094 1331 1128 cervi,

423 1145 454 1173 in
472 1144 541 1173 vico
561 1143 664 1172 Sancti
681 1142 804 1177 Hilarii,
819 1149 952 1181 protunc
968 1152 1024 1171 nec
1039 1148 1119 1171 ante.
1134 1141 1169 1170 ln
1185 1140 1272 1182 cujus
1287 1142 1332 1171 rei

421 1193 630 1223 testimonium
644 1192 702 1221 iste
716 1198 878 1230 compotus
893 1192 988 1220 factus
1005 1198 1052 1220 est
1061 1197 1201 1230 tempore
1217 1201 1333 1230 procu-

422 1243 535 1272 ratorie
552 1241 701 1271 Johannis
719 1241 886 1270 Bonroden
900 1240 952 1279 qui
967 1241 1059 1269 istum
1073 1247 1248 1280 compotum
1262 1250 1333 1280 pro-

422 1292 491 1331 pria
504 1301 593 1320 manu
610 1290 747 1329 scripsit,
764 1296 793 1318 et
811 1289 911 1328 placet
924 1295 1086 1328 compotus
1102 1289 1235 1318 nacioni.
1258 1301 1271 1316 n

464 1341 624 1370 Secundus
639 1339 786 1368 articulus
802 1345 867 1368 erat
883 1349 977 1378 super
990 1339 1212 1367 reformacione
1223 1339 1333 1368 domus

424 1391 468 1418 ad
490 1391 661 1428 ymaginem
685 1396 782 1417 nostre
809 1389 947 1423 Domine,
981 1394 1010 1417 et
1036 1387 1220 1417 deliberavit
1246 1388 1334 1417 nacio

425 1440 507 1479 quod
523 1437 737 1477 cooperiretur
750 1438 860 1466 domus
879 1438 916 1466 de
933 1436 1073 1476 pecuniis
1087 1437 1200 1466 debitis
1217 1437 1332 1472 domui,

424 1495 454 1518 et
472 1489 563 1517 dabat
577 1487 665 1516 nacio
682 1487 856 1525 deputatos,
881 1486 999 1515 scilicet
1018 1486 1175 1515 dominum
1191 1493 1335 1526 recepto-

424 1548 500 1572 rem,
526 1537 707 1576 magistrum
735 1535 890 1564 Andream
918 1537 955 1564 de
981 1536 1127 1571 Bavaria,
1153 1535 1335 1575 magistrum

425 1587 594 1616 Robertum
619 1585 754 1620 Scotum,
776 1585 956 1624 magistrum
972 1584 1143 1614 Johannem
1163 1585 1201 1614 de
1220 1584 1336 1614 Galen-

424 1646 501 1675 coep
513 1636 549 1664 ad
567 1635 731 1674 petendum
744 1634 890 1673 pecunias
902 1634 1021 1663 debitas
1037 1634 1141 1663 domui
1155 1644 1172 1662 a
1187 1634 1335 1673 magistro

425 1686 540 1714 Jacobo
565 1690 595 1713 et
613 1684 681 1712 aliis
698 1683 903 1718 debitoribus,
921 1683 947 1712 si
964 1683 1016 1722 qui
1033 1683 1150 1718 forent;
1173 1693 1230 1712 nec
1244 1683 1337 1712 vellet

425 1734 513 1764 nacio
537 1734 619 1772 quod
642 1734 679 1761 de
705 1732 857 1771 pecuniis,
884 1743 961 1772 quas
987 1732 1100 1761 dicitur
1124 1732 1212 1761 nacio
1232 1732 1336 1761 domui

424 1784 549 1818 debere,
577 1782 766 1821 inciperetur
794 1781 977 1810 reformacio
997 1781 1081 1817 tecti,
1106 1781 1166 1810 nisi
1192 1781 1336 1820 perprius

424 1833 482 1861 alie
496 1832 625 1871 pecunie
641 1831 743 1860 debite
755 1836 860 1859 essent
873 1837 1013 1869 recepte;
1028 1840 1130 1869 ymmo
1140 1831 1235 1859 voluit
1248 1830 1336 1859 nacio

427 1886 653 1920 consequenter
668 1880 750 1919 quod
777 1890 839 1908 non
861 1880 948 1908 fieret
970 1879 1071 1918 aliqua
1095 1880 1278 1909 reformacio
1299 1880 1336 1908 de

427 1930 567 1970 pecuniis
585 1929 725 1964 nacionis
737 1929 767 1957 in
784 1928 886 1968 aliqua
901 1929 992 1958 domo
1011 1928 1070 1958 nisi
1087 1929 1175 1957 nacio
1188 1929 1336 1968 pecunias

426 1980 494 2008 illas
511 1980 647 2008 deberet.

466 2028 595 2057 Tercius
617 2027 765 2056 articulus
788 2037 882 2066 super
905 2027 1192 2066 supplicacionibus
1212 2033 1241 2056 et
1256 2026 1337 2066 inju-

427 2078 494 2107 riis.
522 2079 559 2106 Et
591 2077 777 2116 supplicavit
801 2076 948 2116 magister
973 2076 1137 2106 Conradus
1166 2077 1204 2105 de
1234 2076 1337 2106 Lubec

429 2127 512 2165 quod
534 2126 663 2165 quedam
686 2125 814 2163 pecunia
838 2131 960 2164 recepta
981 2135 1038 2164 per
1053 2125 1210 2154 dominum
1228 2135 1338 2164 recep-

429 2182 524 2204 torem
544 2175 622 2203 ultra
638 2174 774 2203 debitum
795 2174 916 2203 nacioni
934 2184 989 2212 per
1003 2174 1217 2203 vendicionem
1238 2173 1337 2213 cujus-

428 2226 495 2253 dam
512 2224 583 2252 libri
604 2223 803 2262 iinpignorati
819 2223 940 2252 nacioni
959 2223 1175 2252 restitueretur
1188 2223 1338 2262 magistro

429 2272 648 2312 impignoranti
683 2272 732 2300 vel
762 2272 956 2311 procuratori
989 2271 1072 2311 ejus;
1102 2279 1132 2301 et
1157 2272 1339 2301 deliberavit

430 2322 517 2351 nacio
538 2322 621 2361 quod
644 2322 722 2350 bene
742 2321 835 2350 vellet
855 2322 936 2359 quod
963 2321 1091 2359 pecunia
1114 2327 1238 2360 recepta
1259 2321 1339 2350 ultra

429 2372 565 2400 debitum
587 2370 804 2399 restitueretur
827 2370 976 2409 magistro
1000 2370 1144 2400 Conrado
1166 2371 1215 2399 vel
1238 2370 1337 2405 alteri,

430 2420 567 2449 exhibito
583 2419 729 2459 perprius
745 2429 762 2447 a
777 2425 900 2458 petente
918 2419 1077 2458 pecuniam
1093 2420 1215 2458 ydoneo
1230 2429 1340 2458 procu—

430 2469 545 2498 ratorio
562 2469 599 2496 de
616 2474 767 2507 potestate
781 2467 914 2503 levandi,
932 2468 1084 2507 quitandi,
1102 2474 1159 2496 etc.
1181 2468 1255 2497 Item
1269 2478 1340 2507 sup—

428 2518 584 2557 plicabant
602 2517 716 2545 bedelli
734 2517 816 2556 quod
838 2517 926 2545 nacio
948 2517 1088 2556 graciose
1106 2516 1194 2556 juxta
1217 2517 1340 2546 solitum

430 2568 516 2595 daret
532 2567 577 2595 eis
593 2566 725 2605 aliquam
742 2572 864 2604 quotam
884 2566 1024 2604 pecunie,
1046 2572 1075 2594 et
1091 2566 1340 2605 supplicaciones

433 2622 519 2644 erant
530 2615 711 2654 interempte
723 2625 884 2654 quousque
897 2614 1075 2643 subedellus
1086 2614 1207 2643 fidelius
1224 2622 1253 2644 et
1269 2615 1341 2644 dili-

430 2664 558 2703 gencius
577 2663 641 2703 ejus
660 2669 818 2692 exerceret
833 2663 976 2692 officium.

472 2713 561 2741 Facta
578 2712 822 2752 congregacione
835 2712 975 2741 nacionis
991 2713 1071 2751 apud
1089 2712 1233 2741 Sanctum
1244 2713 1340 2741 Matu-

431 2762 530 2790 rinum
550 2772 629 2790 anno
646 2772 706 2800 quo
723 2771 828 2800 supra,
847 2761 947 2790 ΧΧΙΙἧι
963 2761 1012 2790 die
1031 2761 1146 2790 mensis
1162 2761 1247 2796 Julii,
1266 2761 1342 2790 hora

432 2817 537 2839 octava
559 2821 653 2849 super
668 2811 768 2839 tribus
788 2810 937 2839 articulis.
955 2810 1079 2839 Primus
1101 2820 1196 2849 super
1215 2820 1342 2849 repara-

432 2859 519 2888 cione
553 2861 662 2888 domus
692 2861 734 2887 ad
762 2861 932 2898 ymaginem
963 2867 1061 2888 nostre
1092 2861 1218 2888 Domine
1244 2865 1274 2888 et
1304 2860 1341 2888 ad

463 2961 482 2983 1.
524 2961 577 2984 Vid.
590 2969 615 2991 p.
627 2962 680 2989 893,
697 2962 732 2984 17.

1370 951 1403 977 10

1371 1197 1404 1223 15

1372 1446 1406 1472 20

1374 1693 1407 1718 25

1374 1939 1408 1964 30

1375 2185 1409 2210 35

1378 2431 1411 2456 40

1380 2675 1412 2700 45

1440 505 1625 535 audiendum
1652 513 1828 546 compotum
1857 507 1998 547 magistri
2023 505 2182 538 Guillelmi
2209 507 2285 539 Bloc
2313 509 2352 539 de

1441 553 1532 583 domo
1547 555 1591 584 ad
1603 566 1695 585 cornu
1708 557 1797 592 cervi,
1811 566 1904 596 quem
1915 556 2066 586 inhabitat
2073 566 2132 596 pro
2145 557 2296 596 presenti.
2312 557 2354 589 Et

1441 603 1496 632 tuit
1517 604 1692 634 ordinatum
1712 605 1795 644 quod
1817 605 1906 635 nacio
1930 605 2067 635 solveret
2083 606 2245 646 pecuniam
2261 617 2352 647 quam

1441 653 1533 682 debet
1557 654 1679 689 domui,
1707 660 1738 684 et
1763 654 1911 694 magister
1933 654 2069 686 Jacobus
2097 655 2194 685 eciam
2219 655 2355 687 solveret

1442 703 1610 735 secundum
1630 703 1780 733 terminos
1801 703 1862 733 sibi
1880 713 2061 740 concessos,
2078 710 2108 734 et
2124 705 2209 744 quod
2230 705 2269 734 de
2289 704 2354 735 illis

1440 751 1583 791 pecuniis
1616 752 1726 782 fierent
1762 753 1981 792 repat-aciones
2012 753 2189 783 necessarie
2223 753 2256 783 in
2285 754 2355 794 ipsa

1441 801 1544 836 domo,
1561 807 1592 830 et
1606 802 1690 840 quod
1704 801 1885 832 Bomundus
1898 802 1994 832 eciam
2010 809 2207 833 succurreret
2220 802 2354 842 aliquam

1442 859 1589 880 summam
1601 851 1778 887 mutuando,
1789 857 1823 880 ut
1832 861 1868 881 eo
1880 851 1989 881 melius
2002 852 2112 882 domus
2119 852 2353 883 reforma-retur.

1441 898 1482 929 Et
1504 900 1605 938 quoad
1626 899 1685 929 hoc
1708 900 1833 939 petebat
1847 900 1991 930 dominus
2013 907 2158 940 receptor
2176 902 2352 940 deputatos,

1441 949 1495 988 qui
1510 948 1542 978 in
1556 947 1732 988 hujusmodi
1746 949 2180 988 reparacionumexecutione
2195 950 2256 985 sibi
2269 950 2354 981 assi-

1442 1004 1570 1027 sterent.
1605 997 1645 1027 Et
1670 998 1733 1027 dati
1762 1004 1850 1027 erant
1880 999 2020 1038 magistri
2050 998 2233 1029 Guillelmus
2263 999 2352 1035 Blae,

1441 1046 1598 1076 Johannes
1615 1047 1653 1077 de
1669 1047 1866 1087 Gale[n]cop,
1879 1047 2043 1078 Conradus
2055 1048 2176 1088 Lange,
2189 1048 2354 1079 Conradus

1442 1097 1480 1126 de
1495 1096 1615 1132 Lubek,
1628 1103 1657 1126 et
1672 1096 1734 1126 illis
1748 1102 1880 1135 quatuor
1890 1096 1991 1126 adhuc
1999 1095 2192 1137 jungebatur
2206 1097 2355 1137 magister

1442 1145 1601 1175 Arnoldus
1615 1145 1728 1175 Utwic.
1745 1145 1854 1183 Quoad
1870 1147 2039 1175 secundum
2055 1153 2200 1185 punctum
2216 1146 2354 1186 ejusdem

1443 1195 1564 1224 articuli
1590 1196 1627 1224 de
1648 1195 1726 1224 sacto
1750 1194 1891 1234 magistri
1914 1194 2071 1224 Guillelmi
2089 1195 2166 1224 Bloc
2185 1196 2274 1225 nacio
2290 1201 2356 1227 erat

1443 1250 1587 1274 contenta
1604 1243 1692 1280 satis,
1709 1250 1740 1274 et
1759 1243 1786 1273 si
1803 1243 1919 1283 aliquid
1938 1250 2072 1274 restaret
2084 1245 2238 1284 agendum
2253 1245 2356 1284 quoad

1443 1295 1554 1323 factum
1570 1303 1670 1329 suum,
1691 1293 1845 1323 referebat
1860 1303 1893 1322 se
1911 1293 1999 1322 nacio
2012 1294 2050 1322 ad
2063 1300 2268 1332 receptorem,
2284 1293 2358 1334 quin

1443 1343 1482 1372 ad
1512 1343 1614 1382 ipsum
1642 1342 1803 1372 dicebatur
1829 1348 1992 1381 expectare
2019 1342 2129 1372 factum
2156 1342 2231 1378 boc,
2259 1349 2290 1372 et
2316 1343 2355 1372 de

1443 1393 1550 1421 eodem
1574 1392 1669 1422 eciam
1685 1391 1754 1431 ipse
1769 1397 1913 1430 receptor
1930 1397 2051 1421 tenetur
2073 1391 2104 1420 in
2126 1392 2255 1422 nacione
2270 1398 2356 1421 c'om-

1444 1447 1563 1481 putare.

1485 1490 1647 1520 Secundus
1667 1489 1817 1519 articulus
1833 1495 1909 1525 erat,
1928 1495 1961 1519 ut
1981 1499 2078 1529 cappa
2098 1489 2238 1520 nacionis
2254 1489 2357 1529 quoad

1445 1540 1651 1569 foderaturam
1669 1544 1878 1578 repararetur,
1897 1545 1928 1568 et
1950 1538 2049 1568 voluit
2065 1538 2153 1568 nacio
2168 1539 2254 1578 quod
2272 1538 2356 1568 fode-

1445 1595 1548 1618 ratura
1573 1589 1773 1618 innovaretur
1799 1594 1830 1617 et
1853 1597 1950 1627 cappa
1975 1594 2145 1627 poneretur
2174 1588 2212 1617 ad
2241 1588 2356 1621 bonum

1445 1644 1556 1668 statum
1579 1644 1609 1667 et
1633 1637 1808 1672 honestum,
1832 1647 1899 1666 cum
1922 1636 1980 1666 hoc
2003 1637 2127 1666 cederet
2149 1636 2182 1666 in
2207 1636 2356 1667 bonorem

1444 1687 1596 1717 nacionis.

1486 1736 1616 1766 Tercius
1638 1735 1786 1765 articulus
1806 1745 1901 1774 super
1921 1734 2206 1774 supplicacionibus
2226 1741 2256 1764 et
2274 1733 2358 1774 inju-

1446 1786 1513 1815 riis.
1542 1785 1615 1826 (Fal.
1639 1785 1687 1825 82)
1714 1784 1753 1813 Et
1778 1784 1965 1824 supplicavit
1989 1784 2137 1824 magister
2159 1783 2293 1813 Thomas
2318 1784 2357 1815 de

1447 1835 1607 1870 Cracovia,
1634 1840 1668 1864 ut
1693 1834 1732 1863 de
1759 1833 1820 1863 illis
1851 1833 1907 1863 XX
1938 1833 2053 1863 francis
2080 1833 2139 1863 sibi
2164 1833 2278 1863 debitis
2300 1842 2358 1872 per

1446 1884 1607 1914 nacionem
1618 1889 1648 1913 et
1663 1883 1822 1913 concessis
1832 1882 1840 1900 ⁴
1855 1881 1913 1912 XII
1924 1892 1983 1922 pro
1994 1892 2076 1911 nunc
2087 1882 2283 1913 solverentur
2292 1888 2358 1912 cre-

1446 1933 1618 1969 ditoribus,
1638 1939 1668 1962 et
1691 1932 1862 1967 residuum,
1881 1931 2000 1962 scilicet
2014 1931 2099 1967 Vlll,
2122 1931 2155 1960 in
2176 1931 2358 1971 Quadragev·

1447 1982 1541 2018 sima;
1583 1988 1614 2011 et
1644 1981 1828 2021 interempta
1861 1980 1917 2010 suit
1949 1979 2015 2020 ejus
2046 1980 2248 2020 supplicacio.
2282 1980 2358 2010 Item

1447 2031 1634 2071 supplicavit
1657 2030 1806 2070 magister
1827 2029 1990 2060 Conradus
2010 2030 2048 2058 de
2070 2029 2174 2060 Lubec
2194 2039 2252 2068 pro
2269 2028 2359 2059 litera

1446 2079 1645 2110 testimoniali
1660 2080 1691 2109 in
1707 2079 1861 2109 communi
1874 2079 1971 2108 forma
1983 2079 2180 2118 proquodam
2194 2078 2356 2118 magistro,

1447 2130 1566 2159 scilicet
1581 2129 1730 2169 magistro
1745 2128 1884 2158 Johanne
1898 2129 1936 2157 de
1950 2127 2152 2157 Francfordia
2160 2126 2185 2163 ²,
2197 2133 2228 2157 et
2240 2126 2358 2167 suppli-

1447 2179 1526 2209 catio
1547 2189 1601 2208 sua
1621 2178 1678 2208 suit
1694 2188 1854 2208 concessa.
1874 2178 1949 2207 Item
1973 2176 2226 2216 supplicaverunt
2243 2175 2359 2209 hedeni

1449 2229 1531 2268 quod
1550 2227 1637 2257 nacio
1655 2227 1798 2267 graciose
1810 2225 1898 2266 juxta
1915 2226 2038 2255 solitum
2054 2226 2142 2255 daret
2162 2225 2208 2254 eis
2226 2225 2358 2264 aliquam

1449 2284 1571 2317 quotam
1593 2276 1734 2316 pecunie,
1756 2282 1786 2305 et
1806 2276 1863 2305 fuit
1882 2276 2055 2304 ordinatum
2073 2275 2158 2314 quod
2177 2274 2358 2304 Bomondus

1450 2325 1577 2355 liaberet
1593 2324 1653 2354 1111
1671 2331 1769 2360 scuta,
1786 2331 1815 2354 et
1832 2323 2084 2353 subbedellus....
2100 2322 2174 2362 (sic).

1856 2417 1954 2446 1405

1449 2491 1539 2520 Acta
1576 2491 1612 2520 in
1651 2488 1916 2529 procuratoria
1950 2487 2132 2518 Johannis
2170 2485 2358 2526 Spenlini.

1491 2572 1582 2601 Facta
1597 2571 1844 2611 congregacione
1860 2568 1998 2599 nacionis
2012 2567 2184 2608 Anglieane
2202 2577 2282 2596 anno
2297 2577 2359 2607 quo

1451 2631 1544 2660 supra
1560 2621 1641 2659 apud
1658 2620 1802 2649 Sanctum
1815 2618 2014 2652 Maturinum‚
2026 2617 2076 2646 die
2085 2616 2198 2646 XXV12
2213 2615 2358 2656 Augusti,

1450 2670 1527 2699 hora
1556 2676 1663 2698 octava
1689 2678 1784 2708 super
1810 2667 1931 2697 duobus
1960 2665 2110 2696 articulis.
2142 2665 2266 2694 Primus
2295 2667 2360 2699 erat

1451 2729 1545 2757 super
1561 2718 1710 2747 electione
1732 2717 1803 2746 novi
1819 2714 2041 2756 procuratoris.
2063 2714 2189 2744 Electus
2205 2720 2270 2743 erat
2284 2723 2360 2743 con-

1451 2768 1587 2796 corditer
1609 2767 1756 2805 magister
1780 2765 1937 2795 Johannes
1967 2763 2119 2803 Spenlini.
2142 2764 2189 2792 2¹¹³
2212 2762 2359 2792 articulus

1452 2816 1507 2845 suit
1525 2826 1620 2855 super
1640 2813 1924 2854 supplicacionibus
1943 2819 1973 2842 et
1991 2811 2125 2852 injuriis.
2148 2811 2188 2841 Et
2206 2811 2359 2851 supplica-

1451 2865 1496 2894 vit
1513 2871 1696 2904 procurator
1716 2870 1749 2893 ut
1764 2863 1796 2892 in
1814 2862 1874 2892 hiis
1891 2872 1951 2902 que
1969 2863 2045 2891 sacta
2065 2867 2152 2891 erant
2168 2871 2226 2900 per
2244 2861 2358 2900 ipsum,

1483 2966 1506 2989 2.
1543 2966 1594 2997 Qut·
1599 2965 1657 2997 jam
1667 2957 1850 2996 nemean-gae
1861 2964 1920 2996 suit.
1939 2963 1994 2988 νεά.
2007 2971 2086 2995 supra
2098 2971 2125 2995 p.
2137 2963 2192 2991 819,
2203 2964 2256 2986 noc.
2265 2962 2289 2986 2.
