2632 3464
459 430 509 454 583

500 506 573 534 Item
596 505 670 533 sacta
694 502 940 541 congregacione
961 500 1098 529 nacionis
1116 500 1197 538 apud
1221 499 1364 528 Sanctum

458 554 643 584 Maturinum
663 552 735 581 111Ιὲι
748 552 796 580 die
813 551 928 579 mensis
942 549 1111 582 Februarii,
1123 549 1197 577 hora
1213 559 1365 578 nonarum

458 604 569 633 Nostre
599 602 740 635 Domine,
769 601 805 629 ad
827 599 1002 639 eligendum
1033 598 1208 632 officiarios,
1245 598 1365 627 scilicet

458 652 679 681 examinatores
702 649 974 679 determinancium
998 654 1027 676 et
1049 647 1309 676 licenciandorum
1333 647 1363 675 in

457 701 594 730 examine
613 700 723 728 Sancte
740 699 906 731 Genovefe,
924 697 1011 725 electi
1031 697 1153 725 fuerunt
1163 696 1194 724 in
1204 696 1363 725 examina-

456 757 539 779 tores
555 748 826 778 dcterminancium
841 746 978 786 magistri
993 745 1150 774 Johannes
1166 745 1203 774 de
1216 745 1361 779 Hoklem,

455 799 610 828 Johannes
627 797 752 827 Luberti
767 803 796 825 et
813 796 999 834 Meynardus
1019 795 1056 823 de
1073 794 1184 833 Tyele3
1203 794 1278 823 etin
1295 804 1363 823 exa-

458 848 623 876 minatores
642 846 900 875 licenciandorum
920 845 949 872 in
966 844 1077 872 Sancta
1092 843 1247 872 Genovefa
1264 843 1363 883 magi-

456 903 520 925 ster
530 897 641 925 Petrus
658 896 694 924 de
708 894 832 924 Austria
852 904 908 932 pro
926 893 1026 932 primo
1042 902 1158 927 mense,
1172 898 1201 921 et
1216 892 1363 932 magister

457 946 649 975 Hermannus
668 945 705 973 de
721 944 938 981 VVarendorpe
954 952 1012 981 pro
1031 942 1166 970 secundo
1184 951 1300 971 mense.

861 1036 956 1065 1380

517 1110 765 1140 Continuacio
810 1109 979 1148 magistri
1018 1109 1216 1137 Hermanni
1259 1109 1300 1137 (le

594 1160 846 1198 WVarendorpe
878 1159 912 1187 in
942 1158 1219 1197 procuratoria.

493 1240 582 1268 Anno
600 1239 723 1268 Domini
739 1239 784 1268 M⁰
799 1239 915 1268 CCC¹¹¹⁰
924 1239 1071 1273 LXX1X⁰‚
1087 1249 1167 1267 nona
1180 1239 1229 1267 die
1245 1239 1361 1268 mensis

455 1289 613 1318 Februarii
632 1289 706 1317 hora
724 1288 891 1328 primarum
909 1288 1022 1317 Nostre
1041 1288 1172 1317 Domine
1187 1288 1264 1317 sacta
1286 1298 1361 1317 con-

453 1339 637 1377 gregacione
656 1337 794 1366 nacionis
804 1337 975 1376 Anglicane
992 1338 1028 1366 ad
1048 1337 1192 1366 Sanctum
1207 1337 1359 1367 Julianum

454 1398 616 1426 pauperem
644 1388 681 1415 ad
708 1386 892 1416 audiendum
916 1393 1090 1425 computum
1115 1387 1298 1425 receptoris‚
1322 1388 1360 1415 ad

453 1437 628 1476 eligendum
645 1443 874 1475 procuratorem
885 1442 914 1464 et
927 1436 963 1464 ad
976 1436 1224 1475 supplicandum,
1243 1436 1360 1476 suppli-

452 1486 531 1515 cavit
547 1492 618 1515 tunc
641 1486 789 1524 magister
811 1485 1001 1514 Stranislaus
1020 1485 1081 1524 (sic)
1100 1486 1137 1514 de
1157 1485 1287 1514 Polonia
1302 1496 1360 1525 pro

454 1535 539 1564 litera
563 1534 857 1564 recommendatoria
880 1535 916 1562 ad
940 1534 1078 1573 reginam
1100 1534 1249 1574 Ungarie,
1273 1534 1359 1574 cujus

455 1584 643 1624 supplicacio
675 1590 739 1612 erat
768 1593 925 1612 concessa.
956 1583 1076 1612 Dilatus
1103 1590 1168 1613 erat
1197 1591 1359 1623 computus

453 1633 624 1672 receptoris
640 1639 768 1672 propter
787 1631 851 1671 ejus
870 1633 1056 1667 absenciam,
1069 1639 1098 1661 et
1116 1632 1233 1662 electus
1249 1640 1314 1663 erat
1330 1640 1360 1663 et

454 1683 647 1711 continuatus
670 1683 706 1710 ab
729 1682 872 1710 omnibus
894 1681 979 1710 nullo
1003 1681 1186 1711 reclamante
1213 1683 1360 1722 magister

453 1732 646 1760 Hermannus
667 1732 705 1760 de
726 1730 943 1770 NVarendorpe
969 1731 998 1759 in
1025 1737 1255 1770 procuratorem
1278 1732 1358 1761 dicte

451 1781 599 1809 nacionis.

491 1829 564 1858 Item
577 1836 647 1868 post
657 1829 759 1858 X1111³
770 1829 818 1858 die
830 1829 944 1858 mensis
954 1828 1089 1868 ejusdem
1104 1829 1179 1859 hora
1190 1830 1357 1869 primarum

451 1879 562 1908 Nostre
573 1879 702 1907 Domine
714 1879 789 1907 facta
798 1879 1044 1918 congregacione
1055 1879 1194 1918 predicte
1205 1879 1355 1914 nacionis,

451 1927 636 1967 supplicavit
661 1927 808 1966 magister
829 1928 1024 1956 Hermannus
1050 1927 1261 1968 Warendorp,
1279 1939 1355 1968 pro-

450 1984 520 2006 tunc
545 1983 726 2016 procurator
742 1976 896 2011 nacionis,
922 1987 978 2015 pro
999 1977 1086 2006 litera
1108 1977 1305 2006 testimoniali
1328 1985 1358 2007 et

450 2026 741 2054 recommendatoria
762 2027 798 2054 ad
820 2026 1011 2064 episcopum,
1036 2026 1240 2066 prepositum,
1265 2027 1356 2056 deca-

450 2086 519 2104 num
541 2081 570 2103 et
587 2075 751 2113 capitulum
770 2075 899 2103 ecclesie
919 2075 1198 2113 Mon[asteriens.],
1216 2082 1245 2105 et
1260 2075 1355 2105 eciam

449 2134 505 2162 pro
523 2123 610 2152 litera
629 2124 923 2153 recommendatoria
942 2125 979 2153 ad
996 2134 1146 2153 summum
1166 2125 1353 2164 pontificem,

450 2172 535 2211 cujus
552 2172 799 2211 supplicaciones
815 2179 902 2202 erant
919 2183 1077 2202 concesse.

490 2222 562 2250 Item
577 2222 660 2250 XVll
673 2222 721 2250 die
738 2221 812 2251 hora
827 2222 994 2261 primarum
1007 2223 1119 2251 Nostre
1136 2223 1267 2252 Domine
1280 2224 1356 2252 facta

448 2271 693 2309 congregacione
705 2271 843 2299 nacionis
857 2272 894 2299 ad
906 2271 1153 2310 supplicandum,
1169 2272 1356 2311 supplicavit

448 2320 589 2348 dominus
603 2319 756 2358 Nycolaus
773 2320 936 2359 Freynstat
953 2330 1010 2359 pro
1028 2321 1179 2350 dilacione
1193 2323 1354 2350 bursarum

448 2369 686 2397 determinancie
705 2368 781 2407 ejus,
799 2368 885 2407 cujus
906 2369 1095 2408 supplicacio
1114 2377 1178 2399 erat
1193 2380 1353 2405 concessa,

448 2418 611 2446 dummodo
640 2418 732 2446 vellet
749 2417 853 2455 jurare
882 2418 912 2446 in
939 2419 1035 2447 forma
1057 2419 1144 2448 litere
1167 2420 1326 2458 sequentis
1347 2432 1352 2448 ε

450 2479 462 2493 «
483 2467 544 2495 Vos
556 2466 711 2505 jurabitis,
729 2468 810 2505 quod
831 2477 970 2505 pronunc
987 2478 1047 2496 non
1062 2468 1192 2504 habetis,
1210 2475 1238 2497 et
1253 2469 1355 2498 debita

448 2515 611 2554 diligencia
635 2518 709 2544 facta
735 2516 801 2544 sine
828 2517 932 2544 fraude
963 2517 1052 2545 vobis
1081 2527 1248 2556 procurare
1274 2519 1356 2547 bono

449 2566 537 2592 modo
560 2575 619 2592 non
645 2565 786 2603 poteritis
806 2566 886 2593 unde
905 2566 1121 2595 satisfaceretis
1146 2567 1266 2595 nacioni
1289 2568 1356 2596 sine

448 2620 551 2641 vestro
576 2613 702 2642 notabili
726 2614 869 2652 dampno.
893 2614 955 2642 Pro
979 2614 1100 2643 bedello
1125 2622 1238 2644 tantum
1263 2617 1355 2645 satis-

450 2662 564 2690 facietis
588 2668 749 2701 antequam
770 2663 925 2701 incipiatis
946 2664 1161 2693 determinare.
1182 2664 1255 2693 Item
1272 2666 1354 2704 quod

450 2710 474 2738 si
485 2717 552 2738 ante
565 2711 726 2740 terminum
739 2712 907 2740 solucionis
917 2712 1005 2741 vobis
1018 2713 1160 2751 graciose
1174 2724 1354 2743 concessum

449 2760 536 2787 vobis
559 2760 656 2788 aderit
675 2760 800 2789 facultas
824 2761 975 2795 solvendi,
997 2772 1052 2790 vos
1082 2769 1211 2800 protunc
1232 2763 1354 2792 satisfa-

450 2808 535 2835 cietis
563 2809 681 2837 nacioni
710 2810 775 2837 sine
798 2810 935 2838 ulteriori
963 2810 1147 2839 dilacione⁴.
1170 2811 1244 2840 Item
1272 2813 1353 2851 quod

481 2918 503 2940 1.
537 2919 583 2940 Ma.
600 2918 742 2942 dalacione.
756 2919 797 2942 Sic
810 2922 833 2941 el
840 2922 929 2950 postea
939 2928 965 2950 p.
979 2922 1032 2948 584,
1045 2921 1074 2944 19
1086 2924 1111 2944 et
1123 2922 1160 2945 23.

1003 423 1225 449 AUCTARIUM
1247 423 1506 449 CHARTULARII
1527 424 1700 451 UNIVERS.
1722 425 1839 451 PAtuS.

1400 949 1434 975 10

1398 1442 1432 1467 20

1397 1689 1430 1714 25

1394 1935 1428 1961 30

1393 2180 1426 2206 35

1394 2425 1427 2451 40

1393 2670 1426 2696 45

2331 429 2383 455 584

1475 501 1597 539 ponetis
1626 501 1767 540 pignera,
1796 512 1854 542 que
1884 503 2052 532 secundum
2081 503 2271 533 taxacionem
2294 503 2384 544 jura-

1474 555 1574 578 torum
1595 550 1716 580 valeant
1737 551 1863 590 duplum
1890 551 1939 580 vel
1962 551 2199 591 sesquialterum
2221 553 2330 588 debiti,
2352 560 2383 583 et

1474 599 1557 638 quod
1580 598 1667 638 lapso
1694 600 1825 629 termino
1849 600 2018 630 solucionis
2039 601 2140 630 statim
2163 601 2288 641 possint
2310 601 2383 632 libri

1475 647 1673 687 impignerati
1688 649 1791 683 vendi,
1808 650 1898 679 vobis
1916 650 2108 689 irrequisito,
2125 656 2156 679 et
2171 650 2238 679 sine
2253 650 2382 690 alicujus

1469 695 1584 735 judicis
1609 697 1736 727 licencia
1767 698 1815 727 vel
1841 699 2054 728 notificacione
2084 711 2111 728 n.
2145 699 2184 728 Et
2207 699 2248 728 ita
2279 700 2380 729 dictus

1473 746 1615 775 dominus
1636 747 1791 786 Nycolaus
1808 754 1880 777 tunc
1897 747 2014 788 juravit
2033 748 2064 777 in
2086 747 2214 777 nacione
2234 759 2383 788 procura-

1473 801 1543 824 tori.

1514 844 1588 873 Item
1610 846 1715 874 eadem
1738 845 1787 875 die
1810 853 1840 875 et
1854 846 1930 875 hora
1951 853 1983 875 ut
2003 856 2108 885 supra,
2130 846 2384 886 supplicaverunt

1471 893 1627 932 Nycolaus
1653 895 1691 924 de
1718 894 1845 934 Stetync
1871 895 1945 935 (sic),
1970 895 2124 935 Nycolaus
2150 895 2380 936 Nellenbfirgh,

1471 942 1627 972 Johannes
1650 944 1688 972 de
1709 943 1836 973 Austria
1857 950 1887 973 et
1910 944 2088 974 Cristianus
2107 945 2145 973 de
2167 944 2306 984 Ungaria
2322 955 2381 984 pro

1471 991 1655 1021 remissione
1686 993 1848 1022 bursarum
1878 993 2131 1029 determinancie‚
2161 994 2260 1023 donec
2291 994 2382 1023 veni-

1471 1047 1540 1069 rent
1560 1041 1598 1069 ad
1622 1041 1818 1081 pinguiorem
1842 1043 2008 1078 fortunam;
2030 1049 2060 1072 et
2076 1042 2287 1083 allegaverunt
2304 1053 2382 1082 pau-

1470 1096 1630 1130 pertatem.
1651 1090 1788 1127 Quorum
1806 1091 2053 1130 supplicaciones
2076 1092 2200 1121 suerunt
2218 1102 2378 1128 concesse,

1471 1140 1636 1168 dummodo
1655 1139 1798 1178 primitus
1816 1139 1954 1180 jurarent
1976 1147 2123 1170 statutum
2143 1141 2332 1181 paupertatis
2351 1147 2382 1170 et

1470 1188 1686 1228 promitterent
1704 1189 1761 1217 sub
1779 1190 1887 1218 eodem
1901 1189 2088 1229 juramento,
2108 1200 2198 1229 quam
2214 1190 2275 1219 cito
2291 1190 2380 1219 veni-

1471 1244 1540 1267 rent
1547 1238 1585 1266 ad
1595 1238 1786 1276 pi[n]guiora
1793 1245 1823 1268 et
1832 1245 1960 1278 possent
1969 1239 2145 1268 satisfacere
2155 1238 2287 1274 nacioni,
2296 1240 2380 1278 quod

1469 1295 1542 1317 tunc
1557 1299 1613 1328 per
1626 1299 1670 1324 se,
1686 1289 1712 1319 si
1729 1295 1834 1318 essent
1848 1288 2000 1323 Parisius,
2010 1288 2059 1317 vel
2073 1298 2130 1327 per
2144 1288 2221 1317 alios
2235 1288 2261 1317 si
2277 1294 2379 1318 certos

1469 1338 1600 1367 nuncios
1623 1345 1752 1378 possent
1776 1337 1901 1372 habere,
1926 1337 2138 1367 satisfacerent
2164 1337 2286 1366 nacioni
2311 1337 2379 1367 sine

1470 1387 1610 1416 ulteriori
1630 1387 1793 1416 dilacione.
1817 1386 1856 1416 Et
1870 1386 1916 1415 sic
1937 1386 2142 1426 prenominati
2158 1393 2290 1425 quatuor
2303 1385 2379 1415 alle-

1469 1443 1578 1476 gantes
1601 1442 1810 1476 paupertatem
1830 1435 1862 1464 in
1881 1435 2009 1464 nacione
2027 1434 2210 1474 juraverunt
2229 1445 2378 1474 procura-

1469 1485 1529 1514 tori
1543 1492 1573 1514 et
1587 1485 1719 1515 nacioni.

1469 1536 1527 1563 Hic
1552 1534 1678 1563 habetur
1693 1536 1899 1571 juramentum
1923 1534 2187 1562 determinandum
2208 1535 2377 1572 petent-ium

1747 1584 1925 1612 dilacionem
1946 1583 2114 1611 bursarum.

1563 1687 1634 1725 (Fal.
1675 1689 1712 1716 24
1727 1686 1751 1726 l³)
1782 1687 1849 1716 lsti
1879 1693 1963 1716 sunt
1991 1687 2282 1716 determinantes

1788 1736 1899 1765 istius
1933 1734 2053 1764 anni2.

1510 1829 1616 1858 Primo
1639 1829 1855 1859 determinavit
1876 1829 2018 1858 dominus
2041 1828 2199 1858 Gerardus
2221 1830 2258 1858 de
2281 1828 2377 1858 Stella

1468 1879 1525 1908 sub
1540 1879 1690 1918 magistro
1706 1878 1854 1918 Philippo
1865 1878 1985 1918 Pynck,
1998 1877 2085 1918 cujus
2095 1879 2190 1907 bursa
2199 1878 2256 1907 V11
2270 1878 2372 1907 solidi.

1467 1927 1577 1957 Solvit.

1508 1978 1582 2006 Item
1601 1977 1743 2006 dominus
1772 1976 1930 2006 Arnoldus
1964 1976 2062 2016 Tygel
2091 1977 2128 2006 de
2161 1976 2288 2006 Xanctis
2317 1977 2374 2006 sub

1466 2027 1615 2066 magistro
1636 2026 1806 2065 Meynardo
1825 2027 1864 2055 de
1884 2025 1995 2065 Tyde,
2015 2025 2102 2065 cujus
2123 2026 2218 2055 bursa
2232 2026 2259 2055 11
2281 2026 2374 2055 solidi

1465 2082 1495 2105 et
1509 2075 1568 2104 1111
1583 2075 1710 2104 denarii.
1730 2075 1838 2104 Solvit.

1507 2125 1581 2153 ltem
1604 2124 1747 2153 dominus
1773 2124 1968 2153 Hermannus
1993 2123 2163 2153 Everhardi
2186 2125 2224 2153 de
2253 2124 2374 2154 Swecia

1465 2175 1523 2203 sub
1553 2174 1701 2213 magistro
1737 2173 1833 2202 Paulo
1862 2174 1900 2202 de
1928 2173 2053 2212 Gelrya,
2079 2172 2165 2213 cujus
2197 2174 2291 2203 bursa
2315 2173 2372 2202 Vll

1465 2222 1569 2251 solidi.
1589 2222 1698 2251 Solvit.

1506 2272 1579 2301 Item
1600 2271 1743 2300 dominus
1762 2271 1895 2300 Thomas
1915 2272 1953 2300 de
1974 2271 2163 2310 Stramyglot
2187 2271 2298 2300 Scotus
2314 2272 2372 2300 sub

1466 2321 1615 2360 magistro
1630 2320 1770 2349 Johanne
1788 2320 1967 2355 Forestarii,
1985 2319 2072 2360 cujus
2093 2321 2188 2349 bursa
2203 2320 2260 2349 Vll
2279 2320 2371 2350 solidi

1466 2376 1495 2398 et
1511 2369 1550 2398 VI
1567 2369 1696 2398 denarii.
1717 2369 1826 2398 Posuit
1838 2369 1979 2409 pignera.

1507 2419 1580 2447 Item
1607 2418 1749 2447 dominus
1777 2418 1911 2447 ,lacobus
1940 2417 2090 2447 Willelmi
2115 2417 2281 2447 Boterman
2313 2419 2370 2447 sub

1465 2468 1614 2506 magistro
1644 2467 1739 2496 Paulo
1767 2468 1804 2496 de
1834 2466 1949 2502 Gelria,
1971 2465 2058 2506 cujus
2082 2467 2176 2495 bursa
2198 2467 2239 2496 Vl
2264 2467 2368 2496 solidi.

1467 2516 1575 2545 Solvit.

1507 2565 1580 2594 Item
1595 2565 1738 2594 dominus
1750 2564 1907 2604 Nycolaus
1925 2565 1962 2594 de
1978 2564 2142 2604 Freynstat
2153 2565 2210 2594 sub
2222 2564 2371 2604 magistro

1466 2614 1620 2643 Stenislao
1641 2615 1678 2643 de
1696 2613 1837 2649 Polonia,
1856 2612 1942 2653 cujus
1958 2614 2052 2642 bursa
2065 2613 2121 2642 V11
2140 2614 2244 2642 solidi.
2262 2613 2371 2643 Posuit

1464 2664 1606 2703 pignera.

1508 2713 1582 2741 ltern
1602 2712 1746 2741 dominus
1772 2711 1905 2740 Thomas
1926 2712 1964 2740 de
1988 2711 2115 2740 Foresta
2140 2713 2197 2740 sub
2220 2712 2369 2751 magistro

1464 2761 1603 2790 Joha'nne
1623 2760 1803 2796 Forestarii‚
1816 2759 1902 2800 cujus
1914 2761 2008 2789 bursa
2016 2760 2072 2789 Vll
2082 2760 2173 2789 solidi
2183 2767 2213 2789 et
2223 2760 2263 2789 Vl
2274 2761 2370 2790 dena-

1466 2810 1514 2838 rii.
1533 2810 1642 2839 Solvit.

1494 2922 1517 2944 2.
1553 2923 1579 2944 In.
1603 2921 1717 2953 margine
1735 2920 1861 2952 mperiori
1882 2920 2003 2952 repetitur
2020 2927 2026 2945 :
2047 2920 2230 2944 Procurutoria
2247 2919 2368 2952 magistri

1466 2957 1607 2981 llermunni
1620 2957 1806 2988 Warendorpe.
1821 2956 1863 2980 Sic
1874 2956 1952 2980 etiam
1960 2956 2007 2987 sol.
2021 2956 2064 2980 25¹>
2076 2959 2100 2980 et
2110 2956 2156 2988 sol.
2171 2957 2209 2980 26.
